{"host":"ow66nzv2xecjoor3","time":1613719937,"event":{"mods":["BaseMod","Bestiary","Block Reminder","Colored Powertips","Curses Come First","Highlight Path","Keyboard Shortcuts","Minty Spire (QoL Compilation)","Permanent Neow","Relic Stats","StSLib","UnlockEverythingMod"],"gold_per_floor":[111,36,54,73,148,148,163,195,277,277,301,325,4,20,20,111,111,124,147,160,176,176,210,210,243,243,243,2,2,2],"floor_reached":29,"language":"ENG","playtime":842,"items_purged":["Strike_P","Defend_P"],"score":684,"play_id":"3ba12698-36e9-422d-9291-d52ed5568bc7","local_time":"20210219013217","is_ascension_mode":true,"campfire_choices":[{"data":"Consecrate","floor":6.0,"key":"SMITH"},{"data":"Meditate","floor":15.0,"key":"SMITH"},{"floor":24.0,"key":"REST"},{"data":"Strike_P","floor":27,"key":"PURGE"}],"circlet_count":0,"master_deck":["AscendersBane","Defend_P","Defend_P","Defend_P","Eruption","Vigilance","Consecrate+1","TalkToTheHand","EmptyFist","Meditate","CutThroughFate","Establishment","Tantrum","ReachHeaven","CarveReality","Meditate+1","Vault","Wallop","Wireheading","Scrawl","MentalFortress","ReachHeaven","FlurryOfBlows","FearNoEvil"],"relics":["HolyWater","Peace Pipe","Sundial","Golden Idol","TeardropLocket","Akabeko","Lantern","WingedGreaves"],"acts_visited":["Exordium","TheCity"],"potions_floor_usage":[],"damage_taken":[{"damage":6.0,"enemies":"Jaw Worm","floor":1.0,"turns":5.0},{"damage":0.0,"enemies":"Small Slimes","floor":3.0,"turns":1.0},{"damage":12.0,"enemies":"2 Louse","floor":4.0,"turns":3.0},{"damage":1.0,"enemies":"Blue Slaver","floor":7.0,"turns":2.0},{"damage":14.0,"enemies":"Lagavulin","floor":8.0,"turns":5.0},{"damage":3.0,"enemies":"Large Slime","floor":11.0,"turns":4.0},{"damage":0.0,"enemies":"2 Fungi Beasts","floor":12.0,"turns":3.0},{"damage":3.0,"enemies":"Blue Slaver","floor":14.0,"turns":2.0},{"damage":0.0,"enemies":"Slime Boss","floor":16.0,"turns":5.0},{"damage":5.0,"enemies":"3 Byrds","floor":18.0,"turns":4.0},{"damage":0.0,"enemies":"Chosen","floor":19.0,"turns":2.0},{"damage":9.0,"enemies":"3 Cultists","floor":20.0,"turns":7.0},{"damage":31.0,"enemies":"Snecko","floor":21.0,"turns":4.0},{"damage":0.0,"enemies":"Gremlin Leader","floor":23.0,"turns":7.0},{"damage":18,"enemies":"Book of Stabbing","floor":25,"turns":4},{"damage":15,"enemies":"Slavers","floor":29,"turns":1}],"seed_played":"-840704557928434617","potions_obtained":[{"floor":1.0,"key":"SteroidPotion"},{"floor":4.0,"key":"EssenceOfSteel"},{"floor":12.0,"key":"FearPotion"},{"floor":18.0,"key":"Ancient Potion"},{"floor":21.0,"key":"Fruit Juice"},{"floor":23.0,"key":"Ancient Potion"}],"is_trial":false,"path_per_floor":["M","$","M","M","?","R","M","E","T","?","M","M","$","M","R","B",null,"M","M","M","M","?","E","R","E","T","R","$","E"],"character_chosen":"WATCHER","items_purchased":["CarveReality","TeardropLocket","FlurryOfBlows","FearNoEvil"],"campfire_rested":1,"item_purchase_floors":[13,13,28,28],"current_hp_per_floor":[55,55,55,43,32,32,31,17,17,17,14,14,14,11,11,11,49,44,44,35,9,9,9,29,11,11,11,11,0,0],"gold":2,"neow_bonus":"THREE_CARDS","is_daily":false,"chose_seed":false,"campfire_upgraded":2,"win_rate":0.0,"timestamp":1613719937,"path_taken":["M","$","M","M","?","R","M","E","T","?","M","M","$","M","R","BOSS","M","M","M","M","?","E","R","E","T","R","$","E"],"items_purchased_type":["Card","Relic","Card","Card"],"build_version":"2020-12-22","purchased_purges":2,"victory":false,"max_hp_per_floor":[68,68,68,68,68,68,68,68,68,62,62,62,62,62,62,62,62,62,62,62,67,67,67,67,67,67,67,67,67,67],"relic_stats":{"Peace Pipe":1,"counters":[16,59],"Sundial":[4],"Golden Idol":59,"obtain_stats":[{"Peace Pipe":8,"Lantern":25,"Sundial":9,"Golden Idol":10,"HolyWater":17,"WingedGreaves":26,"TeardropLocket":13,"PureWater":0,"Akabeko":23},{"Peace Pipe":5,"Lantern":15,"Sundial":5,"Golden Idol":5,"HolyWater":9,"WingedGreaves":15,"TeardropLocket":7,"PureWater":0,"Akabeko":14},{"Peace Pipe":16,"Lantern":58,"Sundial":16,"Golden Idol":16,"HolyWater":30,"WingedGreaves":58,"TeardropLocket":23,"PureWater":0,"Akabeko":54}]},"card_choices":[{"not_picked":["ThirdEye","FlurryOfBlows"],"picked":"Consecrate","floor":0.0},{"not_picked":["Crescendo","PathToVictory"],"picked":"TalkToTheHand","floor":1.0},{"not_picked":["BowlingBash","ThirdEye"],"picked":"EmptyFist","floor":3.0},{"not_picked":["Halt","MentalFortress"],"picked":"Meditate","floor":4.0},{"not_picked":["PathToVictory","EmptyFist"],"picked":"CutThroughFate","floor":7.0},{"not_picked":["BowlingBash","Consecrate"],"picked":"Establishment","floor":8.0},{"not_picked":["Wireheading","Halt"],"picked":"Tantrum","floor":11.0},{"not_picked":["Nirvana","SashWhip"],"picked":"ReachHeaven","floor":12.0},{"not_picked":["LikeWater","Protect"],"picked":"Meditate","floor":14.0},{"not_picked":["MasterReality","Judgement"],"picked":"Vault","floor":16.0},{"not_picked":["ForeignInfluence","Evaluate"],"picked":"Wallop","floor":18.0},{"not_picked":["SignatureMove","EmptyBody","PathToVictory"],"picked":"SKIP","floor":19.0},{"not_picked":["Evaluate","Pray"],"picked":"Wireheading","floor":20.0},{"not_picked":["BowlingBash","Pray"],"picked":"Scrawl","floor":21.0},{"not_picked":["Prostrate","Evaluate","CrushJoints"],"picked":"SKIP","floor":23.0},{"not_picked":["Protect","EmptyBody","Evaluate"],"picked":"SKIP","floor":25}],"player_experience":2892272,"relics_obtained":[{"floor":8.0,"key":"Peace Pipe"},{"floor":9.0,"key":"Sundial"},{"floor":23.0,"key":"Akabeko"},{"floor":25,"key":"Lantern"},{"floor":26,"key":"WingedGreaves"}],"event_choices":[{"damage_healed":0.0,"max_hp_gain":0.0,"max_hp_loss":0.0,"gold_gain":75.0,"event_name":"World of Goop","player_choice":"Gather Gold","floor":5.0,"gold_loss":0.0,"damage_taken":11.0},{"damage_healed":0.0,"max_hp_gain":0.0,"max_hp_loss":6.0,"gold_gain":0.0,"event_name":"Golden Idol","player_choice":"Lose Max HP","floor":10.0,"gold_loss":0.0,"damage_taken":0.0,"relics_obtained":["Golden Idol"]},{"damage_healed":0.0,"max_hp_gain":0.0,"max_hp_loss":0.0,"gold_gain":0.0,"cards_transformed":["Strike_P","Strike_P"],"event_name":"Drug Dealer","player_choice":"Became Test Subject","floor":22.0,"gold_loss":0.0,"damage_taken":0.0,"cards_obtained":["MentalFortress","ReachHeaven"]}],"is_beta":false,"boss_relics":[{"not_picked":["Tiny House","Busted Crown"],"picked":"HolyWater"}],"items_purged_floors":[2,28],"is_endless":false,"potions_floor_spawned":[1,4,12,18,21,23],"killed_by":"Slavers","ascension_level":20}}