{"host":"htqwg582tjjtn9p7","time":1613755102,"event":{"mods":["2.2 Compatiblity","AchievementEnabler","Act Like it!","Aspiration","BaseMod","Better Third Choice","Colored Map","Conspire","Curses Come First","Displayed Cursed Tome","Energized Spire","Force Act Four","Fox Events","GifTheSpireLib","Hermit","Highlight Path","JesterMod","Mad Scientist","Minty Spire (QoL Compilation)","Pale of the Ancients","Permanent Neow","Random Character Button","Relic Stats","Reliquary","Replay The Spire","Robot Space Explorer","Somnambulant","Spicy Shops","Spikes Relics","StSLib","Stuff the Spire","The Blue Laboratory","The Bug Knight","The Forsaken","The Gatherer","The Judge","The Jungle","The Marked","The Runesmith","The Servant 0.9.4","Uncapped"],"gold_per_floor":[110,36,3,20,34,69,69,96,119,146,146,174,174,186,186,282,282,294,215,155,65,65,65,77,77,100,116,134,62,72,72,72,171,171,191,44,60,60,75,75,87,87,140,140,155,155,155],"floor_reached":46,"language":"ENG","playtime":3122,"items_purged":[],"score":760,"play_id":"cc8b83a1-b9ac-474e-a193-72d80705eeff","local_time":"20210219181822","is_ascension_mode":true,"campfire_choices":[{"floor":7,"key":"REST"},{"floor":15,"key":"REST"},{"data":"RobotSpaceExplorer:ChargingLaser","floor":23,"key":"SMITH"},{"floor":25,"key":"REST"},{"floor":40,"key":"REST"},{"data":"RobotSpaceExplorer:Jetpack","floor":42,"key":"SMITH"}],"circlet_count":0,"master_deck":["AscendersBane","RobotSpaceExplorer:Strike","RobotSpaceExplorer:Strike","RobotSpaceExplorer:Defend","RobotSpaceExplorer:Defend","RobotSpaceExplorer:Defend","RobotSpaceExplorer:Defend","RobotSpaceExplorer:Scan","RobotSpaceExplorer:MiniLasers","RobotSpaceExplorer:ScrapToss","RobotSpaceExplorer:PlasmaMissile","RobotSpaceExplorer:FrostMissile","RobotSpaceExplorer:FrostMissile","RobotSpaceExplorer:Probe","RobotSpaceExplorer:FrostMissile","RobotSpaceExplorer:Blitz","Clumsy","RobotSpaceExplorer:MiniDrones","RobotSpaceExplorer:FrostMissile","RobotSpaceExplorer:ChargingLaser+1","RobotSpaceExplorer:Jetpack+1","RobotSpaceExplorer:MetalStrike","RobotSpaceExplorer:Probe","RobotSpaceExplorer:GlueShot+1","RobotSpaceExplorer:GlueShot+1","RobotSpaceExplorer:JunkDive","RobotSpaceExplorer:MiniDrones","RobotSpaceExplorer:Autoloader","RobotSpaceExplorer:IronShell","RobotSpaceExplorer:GearShield","RobotSpaceExplorer:GearShield"],"relics":["StuffTheSpire:ModemDavis","betterThird:SlimedRelic","Pantograph","StuffTheSpire:OldFever","Anchor","RobotSpaceExplorer:ClockworkSextant","Odd Mushroom","ReplayTheSpireMod:Ring of Addiction","SacredBark","Chameleon Ring","aspiration:RunicSpoon","Replay:Wax Seal","StuffTheSpire:Experiment12","HandDrill","Replay:Bronze Core","conspire:TreasureMap","SpikesRelics:DaevaFist"],"acts_visited":["Exordium","TheCity","TheBeyond"],"potions_floor_usage":[6,6,14,16,21,24,27,33,35,45],"damage_taken":[{"damage":8,"enemies":"Jaw Worm","floor":1,"turns":7},{"damage":2,"enemies":"Small Slimes","floor":4,"turns":4},{"damage":6,"enemies":"2 Louse","floor":5,"turns":3},{"damage":10,"enemies":"Lagavulin","floor":6,"turns":7},{"damage":23,"enemies":"3 Sentries","floor":8,"turns":11},{"damage":8,"enemies":"Gremlin Nob","floor":10,"turns":3},{"damage":0,"enemies":"The Mushroom Lair","floor":12,"turns":4},{"damage":0,"enemies":"Looter","floor":14,"turns":4},{"damage":39,"enemies":"The Guardian","floor":16,"turns":15},{"damage":21,"enemies":"2 Thieves","floor":18,"turns":4},{"damage":0,"enemies":"Snake Plant","floor":21,"turns":7},{"damage":18,"enemies":"Sentry and Sphere","floor":24,"turns":6},{"damage":4,"enemies":"Shelled Parasite and Fungi","floor":27,"turns":7},{"damage":0,"enemies":"Centurion and Healer","floor":28,"turns":7},{"damage":0,"enemies":"Chosen and Byrds","floor":30,"turns":7},{"damage":0,"enemies":"Champ","floor":33,"turns":12},{"damage":6,"enemies":"3 Shapes","floor":35,"turns":14},{"damage":2,"enemies":"3 Darklings","floor":37,"turns":13},{"damage":40,"enemies":"Maw","floor":39,"turns":15},{"damage":0,"enemies":"Spire Growth","floor":41,"turns":6},{"damage":11,"enemies":"3 Darklings","floor":45,"turns":10},{"damage":7,"enemies":"Transient","floor":46,"turns":2}],"seed_played":"-6304597155046730030","potions_obtained":[{"floor":1,"key":"blueLaboratory:BottleOfVodka"},{"floor":5,"key":"AttackPotion"},{"floor":8,"key":"Ancient Potion"},{"floor":13,"key":"AttackPotion"},{"floor":13,"key":"Ancient Potion"},{"floor":13,"key":"SteroidPotion"},{"floor":16,"key":"LiquidBronze"},{"floor":18,"key":"Venom Potion"},{"floor":21,"key":"blueLaboratory:AbyssPotion"},{"floor":33,"key":"SkillPotion"},{"floor":35,"key":"SpeedPotion"},{"floor":39,"key":"PowerPotion"}],"is_trial":false,"path_per_floor":["M","$","?","M","M","E","R","E","T","E","?","?","?","M","R","B",null,"M","$","?","M","?","R","M","R","T","M","M","$","M","?","R_BF","B",null,"M","$","M","$","M","R","M","R","T","?","M","M"],"character_chosen":"RobotSpaceExplorer","items_purchased":["RobotSpaceExplorer:PlasmaMissile","Replay:Wax Seal","blueLaboratory:FrostheartPotion","Swift Potion","HandDrill","conspire:TreasureMap"],"campfire_rested":4,"item_purchase_floors":[2,19,19,19,29,36],"current_hp_per_floor":[60,60,49,47,41,31,53,30,30,22,29,29,29,29,53,39,71,50,50,50,50,50,50,32,56,56,52,52,52,52,52,75,78,78,72,72,70,70,30,52,52,52,52,52,41,34,34],"gold":155,"neow_bonus":"BOSS_RELIC","is_daily":false,"chose_seed":false,"campfire_upgraded":2,"win_rate":0.0,"timestamp":1613755102,"path_taken":["M","$","?","M","M","E","R","E","T","E","?","?","?","M","R","BOSS","M","$","?","M","?","R","M","R","T","M","M","$","M","?","R_BF","BOSS","M","?","M","$","?","R","M","R","T","?","M","M"],"items_purchased_type":["Card","Relic","Potion","Potion","Relic","Relic"],"build_version":"2020-12-22","purchased_purges":0,"victory":false,"max_hp_per_floor":[75,75,75,75,75,75,75,75,75,75,82,82,82,82,82,82,82,82,82,80,80,80,80,80,80,80,80,80,80,80,78,78,78,78,78,78,78,78,76,76,76,74,74,74,72,72,72],"relic_stats":{"counters":[22,168],"Pantograph":28,"aspiration:RunicSpoon":[165],"HandDrill":[50],"obtain_stats":[{"StuffTheSpire:ModemDavis":0,"RobotSpaceExplorer:ClockworkSextant":10,"conspire:TreasureMap":36,"ReplayTheSpireMod:Ring of Addiction":13,"SacredBark":13,"aspiration:RunicSpoon":17,"RobotSpaceExplorer:RoboCore":0,"Odd Mushroom":12,"StuffTheSpire:Experiment12":26,"Anchor":9,"Chameleon Ring":13,"betterThird:SlimedRelic":3,"Pantograph":6,"Replay:Bronze Core":34,"HandDrill":29,"SpikesRelics:DaevaFist":43,"Replay:Wax Seal":19,"StuffTheSpire:OldFever":8},{"StuffTheSpire:ModemDavis":0,"RobotSpaceExplorer:ClockworkSextant":6,"conspire:TreasureMap":17,"ReplayTheSpireMod:Ring of Addiction":7,"SacredBark":7,"aspiration:RunicSpoon":9,"RobotSpaceExplorer:RoboCore":0,"Odd Mushroom":7,"StuffTheSpire:Experiment12":12,"Anchor":5,"Chameleon Ring":7,"betterThird:SlimedRelic":1,"Pantograph":4,"Replay:Bronze Core":16,"HandDrill":14,"SpikesRelics:DaevaFist":20,"Replay:Wax Seal":10,"StuffTheSpire:OldFever":5},{"StuffTheSpire:ModemDavis":0,"RobotSpaceExplorer:ClockworkSextant":35,"conspire:TreasureMap":122,"ReplayTheSpireMod:Ring of Addiction":39,"SacredBark":39,"aspiration:RunicSpoon":58,"RobotSpaceExplorer:RoboCore":0,"Odd Mushroom":39,"StuffTheSpire:Experiment12":75,"Anchor":32,"Chameleon Ring":39,"betterThird:SlimedRelic":7,"Pantograph":21,"Replay:Bronze Core":108,"HandDrill":89,"SpikesRelics:DaevaFist":156,"Replay:Wax Seal":62,"StuffTheSpire:OldFever":32}]},"card_choices":[{"not_picked":["RobotSpaceExplorer:Discharger","RobotSpaceExplorer:Electropulse"],"picked":"RobotSpaceExplorer:ScrapToss","floor":1},{"not_picked":["RobotSpaceExplorer:FranticSearch","RobotSpaceExplorer:ExhaustFan"],"picked":"RobotSpaceExplorer:FrostMissile","floor":4},{"not_picked":["RobotSpaceExplorer:SurgingShield","RobotSpaceExplorer:MetalStrike"],"picked":"RobotSpaceExplorer:FrostMissile","floor":5},{"not_picked":["RobotSpaceExplorer:SelfCleaning","RobotSpaceExplorer:ImprovisedAttack"],"picked":"RobotSpaceExplorer:Probe","floor":6},{"not_picked":["RobotSpaceExplorer:SurgingShield","RobotSpaceExplorer:PowerGlove"],"picked":"RobotSpaceExplorer:FrostMissile","floor":8},{"not_picked":["RobotSpaceExplorer:GlueShot","RobotSpaceExplorer:SurgingStrike"],"picked":"RobotSpaceExplorer:Blitz","floor":10},{"not_picked":["RobotSpaceExplorer:SurgingStrike","RobotSpaceExplorer:Reload"],"picked":"RobotSpaceExplorer:MiniDrones","floor":12},{"not_picked":["RobotSpaceExplorer:FranticSearch","RobotSpaceExplorer:ImprovisedAttack"],"picked":"RobotSpaceExplorer:FrostMissile","floor":14},{"not_picked":["RobotSpaceExplorer:BlastShield","RobotSpaceExplorer:Explosion"],"picked":"RobotSpaceExplorer:ChargingLaser","floor":16},{"not_picked":["RobotSpaceExplorer:Pulsar+1","RobotSpaceExplorer:Counterblock","RobotSpaceExplorer:SurgingStrike"],"picked":"SKIP","floor":18},{"not_picked":["RobotSpaceExplorer:Pulsar","RobotSpaceExplorer:PowerCollector"],"picked":"RobotSpaceExplorer:Jetpack","floor":21},{"not_picked":["RobotSpaceExplorer:SurgingShield+1","RobotSpaceExplorer:Probe"],"picked":"RobotSpaceExplorer:GlueShot","floor":24},{"not_picked":["RobotSpaceExplorer:Ammunition","RobotSpaceExplorer:ScrapMissile"],"picked":"RobotSpaceExplorer:GlueShot+1","floor":27},{"not_picked":["RobotSpaceExplorer:LaserBurst","RobotSpaceExplorer:FrostMissile"],"picked":"RobotSpaceExplorer:JunkDive","floor":28},{"not_picked":["RobotSpaceExplorer:Accelerator","RobotSpaceExplorer:Ammunition"],"picked":"RobotSpaceExplorer:MiniDrones","floor":30},{"not_picked":["RobotSpaceExplorer:Explosion","RobotSpaceExplorer:Blaster"],"picked":"RobotSpaceExplorer:Autoloader","floor":33},{"not_picked":["RobotSpaceExplorer:MetalStrike+1","RobotSpaceExplorer:SurgingShield"],"picked":"RobotSpaceExplorer:IronShell","floor":35},{"not_picked":["RobotSpaceExplorer:Discharger+1","RobotSpaceExplorer:Probe","RobotSpaceExplorer:GlueShot"],"picked":"SKIP","floor":37},{"not_picked":["RobotSpaceExplorer:FrostMissile+1","RobotSpaceExplorer:Electropulse"],"picked":"RobotSpaceExplorer:GearShield","floor":39},{"not_picked":["RobotSpaceExplorer:StunGrenade+1","RobotSpaceExplorer:Pulsar+1"],"picked":"RobotSpaceExplorer:GearShield","floor":41},{"not_picked":["RobotSpaceExplorer:IronShell+1","RobotSpaceExplorer:StunGrenade+1","RobotSpaceExplorer:GlueShot"],"picked":"SKIP","floor":45}],"player_experience":2042368,"relics_obtained":[{"floor":6,"key":"Pantograph"},{"floor":8,"key":"StuffTheSpire:OldFever"},{"floor":9,"key":"Anchor"},{"floor":10,"key":"RobotSpaceExplorer:ClockworkSextant"},{"floor":12,"key":"Odd Mushroom"},{"floor":13,"key":"ReplayTheSpireMod:Ring of Addiction"},{"floor":13,"key":"SacredBark"},{"floor":13,"key":"Chameleon Ring"},{"floor":26,"key":"StuffTheSpire:Experiment12"},{"floor":43,"key":"SpikesRelics:DaevaFist"}],"event_choices":[{"damage_healed":0,"gold_gain":0,"player_choice":"Slimed","damage_taken":11,"max_hp_gain":0,"max_hp_loss":0,"event_name":"betterThird:BetterGoop","floor":3,"gold_loss":33},{"damage_healed":0,"gold_gain":0,"player_choice":"Fought Mushrooms","damage_taken":0,"max_hp_gain":0,"max_hp_loss":0,"event_name":"Mushrooms","floor":12,"gold_loss":0},{"damage_healed":0,"gold_gain":0,"cards_transformed":["RobotSpaceExplorer:Strike","RobotSpaceExplorer:Strike"],"player_choice":"Became Test Subject","damage_taken":0,"max_hp_gain":0,"max_hp_loss":0,"event_name":"Drug Dealer","floor":22,"gold_loss":0,"cards_obtained":["RobotSpaceExplorer:MetalStrike","RobotSpaceExplorer:Probe"]},{"cards_removed":["Amnesia"],"damage_healed":0,"gold_gain":0,"player_choice":"Purged","damage_taken":0,"max_hp_gain":0,"max_hp_loss":0,"event_name":"Purifier","floor":31,"gold_loss":0},{"damage_healed":0,"gold_gain":0,"player_choice":"Ignored","damage_taken":0,"max_hp_gain":0,"max_hp_loss":0,"event_name":"Mysterious Sphere","floor":44,"gold_loss":0}],"is_beta":false,"boss_relics":[{"not_picked":["Busted Crown","conspire:RoyalGoblet"],"picked":"aspiration:RunicSpoon"},{"not_picked":["energizedSpire:RedRose","Ring of Chaos"],"picked":"Replay:Bronze Core"}],"items_purged_floors":[],"is_endless":false,"potions_floor_spawned":[1,5,8,16,18,21,33,35,39],"killed_by":"Transient","ascension_level":10}}