{"host":"mwb0clku6crgv6yl","time":1613735643,"event":{"mods":["AchievementEnabler","BaseMod","Highlight Path","Minty Spire (QoL Compilation)","StSLib","The Cursed"],"gold_per_floor":[116,127,127,127,137,137,167,167,167,185,196,196,196,44,44,140,140,156,156,169,94,104,129,129,129,155,155,168,182,182,195,195,294,294,314,112,112,11,27,41,70,82,94,106,168,33,33,45,45,45,45,45,45,74,74,74],"floor_reached":55,"language":"ZHS","playtime":3249,"items_purged":["Strike_G","Strike_G","Strike_G"],"score":690,"play_id":"5d0541e4-734f-40c3-b8b1-b646f13f352e","local_time":"20210219195403","is_ascension_mode":false,"campfire_choices":[{"data":"Neutralize","floor":6.0,"key":"SMITH"},{"data":"Footwork","floor":8.0,"key":"SMITH"},{"data":"Cloak And Dagger","floor":15.0,"key":"SMITH"},{"floor":24.0,"key":"REST"},{"data":"Cloak And Dagger","floor":27.0,"key":"SMITH"},{"floor":30.0,"key":"REST"},{"data":"After Image","floor":32.0,"key":"SMITH"},{"data":"Accuracy","floor":42.0,"key":"SMITH"},{"data":"Acrobatics","floor":44.0,"key":"SMITH"},{"floor":47.0,"key":"REST"},{"floor":49.0,"key":"RECALL"},{"data":"Footwork","floor":52,"key":"SMITH"}],"circlet_count":0,"master_deck":["Defend_G","Defend_G","Defend_G","Survivor","Neutralize+1","Heel Hook","Footwork+1","Cloak And Dagger+1","Dash","Backflip","Infinite Blades","Finisher","Cloak And Dagger+1","Storm of Steel","Infinite Blades","Tools of the Trade","Eviscerate","Acrobatics+1","After Image+1","Madness","Madness","Accuracy+1","Footwork+1","Choke+1","Blade Dance+1","PiercingWail"],"relics":["Ring of the Snake","Ice Cream","Vajra","Ornamental Fan","Toy Ornithopter","Orrery","Empty Cage","Nloth\u0027s Gift","Nunchaku","Sozu","Membership Card","MawBank","Shovel","Bird Faced Urn","StoneCalendar"],"acts_visited":["Exordium","TheCity","TheBeyond","TheEnding"],"potions_floor_usage":[],"damage_taken":[{"damage":6.0,"enemies":"2 Louse","floor":1.0,"turns":4.0},{"damage":1.0,"enemies":"Cultist","floor":2.0,"turns":4.0},{"damage":0.0,"enemies":"Small Slimes","floor":5.0,"turns":4.0},{"damage":12.0,"enemies":"3 Sentries","floor":7.0,"turns":14.0},{"damage":0.0,"enemies":"Exordium Thugs","floor":10.0,"turns":5.0},{"damage":16.0,"enemies":"Gremlin Gang","floor":11.0,"turns":6.0},{"damage":4.0,"enemies":"Hexaghost","floor":16.0,"turns":10.0},{"damage":17.0,"enemies":"2 Thieves","floor":18.0,"turns":4.0},{"damage":0.0,"enemies":"Shell Parasite","floor":20.0,"turns":6.0},{"damage":20.0,"enemies":"Chosen and Byrds","floor":22.0,"turns":7.0},{"damage":21.0,"enemies":"Gremlin Leader","floor":23.0,"turns":6.0},{"damage":0.0,"enemies":"Snecko","floor":28.0,"turns":3.0},{"damage":6.0,"enemies":"Snake Plant","floor":29.0,"turns":7.0},{"damage":7.0,"enemies":"Chosen and Byrds","floor":31.0,"turns":5.0},{"damage":2.0,"enemies":"Champ","floor":33.0,"turns":11.0},{"damage":2.0,"enemies":"3 Darklings","floor":35.0,"turns":5.0},{"damage":21.0,"enemies":"3 Shapes","floor":39.0,"turns":3.0},{"damage":0.0,"enemies":"3 Darklings","floor":40.0,"turns":6.0},{"damage":0.0,"enemies":"Giant Head","floor":41.0,"turns":6.0},{"damage":14.0,"enemies":"2 Orb Walkers","floor":45.0,"turns":5.0},{"damage":6.0,"enemies":"Spire Growth","floor":48.0,"turns":4.0},{"damage":50.0,"enemies":"Awakened One","floor":50.0,"turns":9.0},{"damage":14,"enemies":"Shield and Spear","floor":54,"turns":5},{"damage":95,"enemies":"The Heart","floor":55,"turns":6}],"seed_played":"-3122235335196452886","potions_obtained":[{"floor":4.0,"key":"Poison Potion"},{"floor":4.0,"key":"Energy Potion"},{"floor":4.0,"key":"Poison Potion"},{"floor":10.0,"key":"PowerPotion"},{"floor":20.0,"key":"SteroidPotion"},{"floor":23.0,"key":"FairyPotion"}],"is_trial":false,"path_per_floor":["M","M","?","?","M","R","E","R","T","M","M","?","?","$","R","B",null,"M","?","M","$","M","E","R","?","T","R","M","M","R","M","R","B",null,"M","$","?","$","M","M","E","R","T","R","?","$","R","M","R","B",null,"R","$","E","B"],"character_chosen":"THE_SILENT","items_purchased":["Orrery","Membership Card","Accuracy","Bird Faced Urn"],"campfire_rested":3,"item_purchase_floors":[14,36,38,46],"current_hp_per_floor":[57,56,61,61,61,61,49,49,49,49,33,33,30,30,30,31,68,51,51,51,51,31,15,35,35,35,35,35,29,49,42,42,45,68,66,66,57,57,36,41,41,41,41,41,27,27,47,55,55,19,68,68,68,60,0,0],"gold":74,"neow_bonus":"ONE_RARE_RELIC","is_daily":false,"chose_seed":false,"campfire_upgraded":8,"win_rate":0.0,"timestamp":1613735643,"path_taken":["M","M","?","?","?","R","E","R","T","M","M","?","?","$","R","BOSS","M","?","?","$","M","E","R","?","T","R","?","M","R","?","R","BOSS","M","?","?","$","M","M","E","R","T","R","?","$","R","M","R","BOSS","R","$","E","BOSS"],"items_purchased_type":["Relic","Relic","Card","Relic"],"build_version":"2020-12-22","purchased_purges":3,"victory":false,"max_hp_per_floor":[63,63,68,68,68,68,68,68,68,68,68,68,68,68,68,68,68,68,68,68,68,68,68,68,68,68,68,68,68,68,68,68,68,68,68,68,68,68,68,68,68,68,68,68,68,68,68,68,68,68,68,68,68,68,68,68],"card_choices":[{"not_picked":["Dagger Throw","Acrobatics"],"picked":"Heel Hook","floor":1.0},{"not_picked":["Deadly Poison","Poisoned Stab"],"picked":"Footwork","floor":2.0},{"not_picked":["Underhanded Strike","Deflect"],"picked":"Cloak And Dagger","floor":5.0},{"not_picked":["Choke","Dagger Spray"],"picked":"Dash","floor":7.0},{"not_picked":["Flechettes","Dagger Throw"],"picked":"Backflip","floor":10.0},{"not_picked":["Catalyst","Caltrops"],"picked":"Infinite Blades","floor":11.0},{"not_picked":["Deadly Poison","Heel Hook"],"picked":"Cloak And Dagger","floor":14.0},{"not_picked":["Dash","Well Laid Plans"],"picked":"Storm of Steel","floor":14.0},{"not_picked":["Poisoned Stab","Prepared"],"picked":"Infinite Blades","floor":14.0},{"not_picked":["Wraith Form v2","Unload"],"picked":"Tools of the Trade","floor":16.0},{"not_picked":["Infinite Blades","Terror","Poisoned Stab"],"picked":"SKIP","floor":18.0},{"not_picked":["All Out Attack+1","Quick Slash","Backstab+1"],"picked":"SKIP","floor":20.0},{"not_picked":["Poisoned Stab","Flying Knee","Underhanded Strike+1"],"picked":"SKIP","floor":22.0},{"not_picked":["Deflect","Prepared"],"picked":"Acrobatics","floor":23.0},{"not_picked":["Underhanded Strike+1","Predator"],"picked":"After Image","floor":28.0},{"not_picked":["Acrobatics","Skewer","Eviscerate"],"picked":"SKIP","floor":29.0},{"not_picked":["Dagger Throw","Concentrate","Calculated Gamble"],"picked":"SKIP","floor":31.0},{"not_picked":["Underhanded Strike+1","Dagger Throw+1","PiercingWail"],"picked":"SKIP","floor":35.0},{"not_picked":["PiercingWail+1","Noxious Fumes"],"picked":"Footwork","floor":39.0},{"not_picked":["Dash+1","Flying Knee"],"picked":"Choke+1","floor":40.0},{"not_picked":["Quick Slash+1","Dagger Spray"],"picked":"Blade Dance+1","floor":41.0},{"not_picked":["Glass Knife","Outmaneuver+1","Poisoned Stab+1"],"picked":"SKIP","floor":48.0},{"not_picked":["Backflip+1","Phantasmal Killer"],"picked":"PiercingWail","floor":54}],"player_experience":357854,"relics_obtained":[{"floor":7.0,"key":"Vajra"},{"floor":9.0,"key":"Ornamental Fan"},{"floor":23.0,"key":"Centennial Puzzle"},{"floor":26.0,"key":"Nunchaku"},{"floor":41.0,"key":"MawBank"},{"floor":45.0,"key":"Shovel"},{"floor":54,"key":"StoneCalendar"}],"event_choices":[{"damage_healed":0.0,"max_hp_gain":5.0,"max_hp_loss":0.0,"gold_gain":0.0,"event_name":"Big Fish","player_choice":"Donut","floor":3.0,"gold_loss":0.0,"damage_taken":0.0},{"damage_healed":0.0,"max_hp_gain":0.0,"max_hp_loss":0.0,"gold_gain":0.0,"event_name":"Lab","player_choice":"Got Potions","floor":4.0,"gold_loss":0.0,"damage_taken":0.0},{"damage_healed":0.0,"max_hp_gain":0.0,"max_hp_loss":0.0,"gold_gain":0.0,"cards_transformed":["Defend_G"],"event_name":"Living Wall","player_choice":"Change","floor":12.0,"gold_loss":0.0,"damage_taken":0.0,"cards_obtained":["Finisher"]},{"damage_healed":0.0,"max_hp_gain":0.0,"max_hp_loss":0.0,"gold_gain":0.0,"event_name":"Scrap Ooze","player_choice":"Success","floor":13.0,"gold_loss":0.0,"damage_taken":3.0,"relics_obtained":["Toy Ornithopter"]},{"damage_healed":0.0,"max_hp_gain":0.0,"max_hp_loss":0.0,"gold_gain":0.0,"cards_transformed":["Defend_G"],"event_name":"Transmorgrifier","player_choice":"Transformed","floor":19.0,"gold_loss":0.0,"damage_taken":0.0,"cards_obtained":["Eviscerate"]},{"damage_healed":0.0,"max_hp_gain":0.0,"max_hp_loss":0.0,"gold_gain":0.0,"event_name":"N\u0027loth","player_choice":"Traded Relic","floor":25.0,"relics_lost":["Centennial Puzzle"],"gold_loss":0.0,"damage_taken":0.0,"relics_obtained":["Nloth\u0027s Gift"]},{"damage_healed":0.0,"max_hp_gain":0.0,"max_hp_loss":0.0,"gold_gain":0.0,"event_name":"Winding Halls","player_choice":"Embrace Madness","floor":37.0,"gold_loss":0.0,"damage_taken":9.0,"cards_obtained":["Madness","Madness"]},{"damage_healed":0.0,"max_hp_gain":0.0,"max_hp_loss":0.0,"gold_gain":0.0,"event_name":"Mysterious Sphere","player_choice":"Fight","floor":45.0,"gold_loss":0.0,"damage_taken":0.0}],"is_beta":false,"boss_relics":[{"not_picked":["Coffee Dripper","Fusion Hammer"],"picked":"Empty Cage"},{"not_picked":["Snecko Eye","Calling Bell"],"picked":"Sozu"}],"items_purged_floors":[21,36,38],"is_endless":false,"potions_floor_spawned":[5,10,11,20,23,35,40,41,45],"killed_by":"The Heart","ascension_level":0}}