{"host":"ju1b3c4x8n2jtjm7","time":1613728106,"event":{"mods":["AchievementEnabler","BaseMod","Colored Map","Colored Powertips","Highlight Path","Minty Spire (QoL Compilation)","Quick Restart","Rare Cards Sparkle","Relic Stats"],"gold_per_floor":[117,137,149,166,220,258,270,282,294,350,383,395,441,467,479,611,623,654,36,111,134,59,97,97,140,164,188,231,254,164,183,183,304,304,317,331,271,295,42,75,25,60,112,143,143,187,187,187,187,187,187,187,0,40,40,40],"floor_reached":55,"language":"ENG","playtime":4239,"items_purged":["Accuracy","Dagger Spray"],"score":1265,"play_id":"d093c8e9-67ff-4514-a120-65955e70a7c7","local_time":"20210219104826","is_ascension_mode":true,"campfire_choices":[{"data":"Catalyst","floor":8.0,"key":"SMITH"},{"data":"Bullet Time","floor":15.0,"key":"SMITH"},{"data":"Night Terror","floor":24.0,"key":"SMITH"},{"data":"Metamorphosis","floor":32.0,"key":"SMITH"},{"data":"Wraith Form v2","floor":45,"key":"SMITH"},{"data":"Backstab","floor":47,"key":"PURGE"},{"floor":49,"key":"RECALL"},{"data":"After Image","floor":52,"key":"SMITH"}],"circlet_count":0,"master_deck":["Survivor","Neutralize","Deadly Poison","Deadly Poison","Catalyst+1","Bullet Time+1","Prepared","Night Terror+1","Glass Knife","Deadly Poison","Crippling Poison","After Image+1","Malaise","Dash","Noxious Fumes+1","Metamorphosis+1","Crippling Poison","Noxious Fumes","Deadly Poison+1","PiercingWail","Wraith Form v2+1","Dagger Spray+1","Leg Sweep","Expertise","Deflect"],"relics":["Ring of the Snake","MawBank","Juzu Bracelet","Golden Idol","Meat on the Bone","Bottled Flame","Eternal Feather","Pandora\u0027s Box","Pen Nib","Nunchaku","Torii","Lantern","Potion Belt","Busted Crown","Bag of Marbles","Chemical X","Bronze Scales","Bag of Preparation","Oddly Smooth Stone","Peace Pipe","White Beast Statue"],"acts_visited":["Exordium","TheCity","TheBeyond","TheEnding"],"potions_floor_usage":[38,44,50,50,50,55,55],"damage_taken":[{"damage":0.0,"enemies":"Cultist","floor":1.0,"turns":4.0},{"damage":5.0,"enemies":"2 Louse","floor":2.0,"turns":3.0},{"damage":0.0,"enemies":"Small Slimes","floor":3.0,"turns":2.0},{"damage":10.0,"enemies":"Gremlin Gang","floor":4.0,"turns":4.0},{"damage":12.0,"enemies":"Lagavulin","floor":6.0,"turns":7.0},{"damage":10.0,"enemies":"Gremlin Nob","floor":10.0,"turns":3.0},{"damage":6.0,"enemies":"3 Louse","floor":11.0,"turns":9.0},{"damage":25.0,"enemies":"3 Sentries","floor":13.0,"turns":8.0},{"damage":6.0,"enemies":"Lots of Slimes","floor":14.0,"turns":4.0},{"damage":25.0,"enemies":"Hexaghost","floor":16.0,"turns":6.0},{"damage":0.0,"enemies":"3 Byrds","floor":18.0,"turns":3.0},{"damage":3.0,"enemies":"Spheric Guardian","floor":21.0,"turns":3.0},{"damage":17.0,"enemies":"Book of Stabbing","floor":23.0,"turns":4.0},{"damage":45.0,"enemies":"Slavers","floor":25.0,"turns":7.0},{"damage":16.0,"enemies":"Shelled Parasite and Fungi","floor":27.0,"turns":4.0},{"damage":6.0,"enemies":"Book of Stabbing","floor":28.0,"turns":4.0},{"damage":3.0,"enemies":"Snake Plant","floor":29.0,"turns":3.0},{"damage":24.0,"enemies":"Sentry and Sphere","floor":31.0,"turns":5.0},{"damage":24.0,"enemies":"Champ","floor":33.0,"turns":6.0},{"damage":4.0,"enemies":"3 Darklings","floor":35.0,"turns":4.0},{"damage":8.0,"enemies":"Orb Walker","floor":36.0,"turns":2.0},{"damage":2,"enemies":"Transient","floor":38,"turns":5},{"damage":24,"enemies":"Reptomancer","floor":40,"turns":4},{"damage":17,"enemies":"Nemesis","floor":42,"turns":5},{"damage":15,"enemies":"Giant Head","floor":44,"turns":7},{"damage":29,"enemies":"Reptomancer","floor":46,"turns":5},{"damage":45,"enemies":"Awakened One","floor":50,"turns":13},{"damage":30,"enemies":"Shield and Spear","floor":54,"turns":7},{"damage":58,"enemies":"The Heart","floor":55,"turns":5}],"seed_played":"8332972262579651371","potions_obtained":[{"floor":1.0,"key":"SkillPotion"},{"floor":4.0,"key":"EssenceOfSteel"},{"floor":6.0,"key":"GhostInAJar"},{"floor":10.0,"key":"Strength Potion"},{"floor":14.0,"key":"SteroidPotion"},{"floor":23.0,"key":"Fruit Juice"},{"floor":25.0,"key":"DistilledChaos"},{"floor":27.0,"key":"PowerPotion"},{"floor":28.0,"key":"PowerPotion"},{"floor":33.0,"key":"ColorlessPotion"},{"floor":36.0,"key":"DistilledChaos"},{"floor":42,"key":"EssenceOfSteel"},{"floor":46,"key":"FearPotion"}],"is_trial":false,"path_per_floor":["M","M","M","M","T","E","?","R","T","E","M","?","E","M","R","B",null,"M","$","?","M","?","E","R","E","T","M","E","M","?","M","R","B",null,"M","M","?","M","$","E","$","E","T","E","R","E","R","?","R","B",null,"R","$","E","B"],"character_chosen":"THE_SILENT","items_purchased":["Pen Nib","GhostInAJar","Metamorphosis","Crippling Poison","Noxious Fumes","Chemical X","Explosive Potion","Expertise","Deflect","Block Potion","Strength Potion"],"campfire_rested":0,"item_purchase_floors":[19,19,19,19,19,39,41,53,53,53,53],"current_hp_per_floor":[63,58,58,48,48,36,36,36,36,38,44,49,36,42,51,38,62,62,62,55,52,52,47,59,31,31,27,33,42,42,30,42,30,64,60,52,52,50,50,38,38,33,33,30,45,28,43,43,55,22,62,74,74,44,0,0],"gold":40,"neow_bonus":"REMOVE_CARD","is_daily":false,"chose_seed":false,"campfire_upgraded":6,"win_rate":0.0,"timestamp":1613728106,"path_taken":["M","?","M","M","?","E","?","R","T","E","M","?","E","M","R","BOSS","M","$","?","M","?","E","R","E","T","M","E","M","?","M","R","BOSS","M","M","?","M","?","E","$","E","T","E","R","E","R","?","R","BOSS","R","$","E","BOSS"],"items_purchased_type":["Relic","Potion","Card","Card","Card","Relic","Potion","Card","Card","Potion","Potion"],"build_version":"2020-12-22","purchased_purges":2,"victory":false,"max_hp_per_floor":[70,70,70,70,70,70,65,65,65,65,65,70,70,70,70,70,70,70,70,70,70,70,70,70,75,75,75,75,75,75,75,75,75,75,75,75,75,75,75,75,75,75,75,75,75,75,75,75,75,75,75,75,75,75,75,75],"relic_stats":{"Torii":61,"counters":[29,146],"Golden Idol":193,"Eternal Feather":87,"Pen Nib":[17],"Juzu Bracelet":2,"Bag of Preparation":[10],"MawBank":168,"Peace Pipe":1,"Nunchaku":[16],"Busted Crown":16,"Bronze Scales":[172],"Pandora\u0027s Box":["Dagger Spray","Deadly Poison","Crippling Poison","Accuracy","After Image","Malaise","Dash","Masterful Stab","Backstab"],"Chemical X":[11],"obtain_stats":[{"Potion Belt":28,"Lantern":26,"Torii":25,"Golden Idol":7,"Oddly Smooth Stone":44,"Eternal Feather":13,"Pen Nib":19,"Juzu Bracelet":6,"Bag of Preparation":42,"MawBank":5,"White Beast Statue":54,"Peace Pipe":46,"Bottled Flame":10,"Nunchaku":23,"Busted Crown":34,"Bronze Scales":40,"Pandora\u0027s Box":17,"Bag of Marbles":37,"Chemical X":39,"Ring of the Snake":0,"Meat on the Bone":9},{"Potion Belt":16,"Lantern":14,"Torii":14,"Golden Idol":5,"Oddly Smooth Stone":25,"Eternal Feather":8,"Pen Nib":11,"Juzu Bracelet":5,"Bag of Preparation":24,"MawBank":4,"White Beast Statue":28,"Peace Pipe":26,"Bottled Flame":6,"Nunchaku":13,"Busted Crown":19,"Bronze Scales":23,"Pandora\u0027s Box":10,"Bag of Marbles":21,"Chemical X":22,"Ring of the Snake":0,"Meat on the Bone":5},{"Potion Belt":75,"Lantern":67,"Torii":67,"Golden Idol":20,"Oddly Smooth Stone":116,"Eternal Feather":40,"Pen Nib":53,"Juzu Bracelet":20,"Bag of Preparation":109,"MawBank":13,"White Beast Statue":141,"Peace Pipe":121,"Bottled Flame":23,"Nunchaku":60,"Busted Crown":89,"Bronze Scales":104,"Pandora\u0027s Box":50,"Bag of Marbles":95,"Chemical X":100,"Ring of the Snake":0,"Meat on the Bone":20}],"Ring of the Snake":[58],"Meat on the Bone":204},"card_choices":[{"not_picked":["Riddle With Holes","Dagger Throw"],"picked":"Dagger Spray","floor":1.0},{"not_picked":["Catalyst","Choke"],"picked":"Deadly Poison","floor":2.0},{"not_picked":["Cloak And Dagger","Distraction"],"picked":"Deadly Poison","floor":3.0},{"not_picked":["Backflip","Predator"],"picked":"Backstab","floor":4.0},{"not_picked":["Flechettes","Backflip"],"picked":"Catalyst","floor":6.0},{"not_picked":["Expertise","Concentrate"],"picked":"Bullet Time","floor":10.0},{"not_picked":["Backflip","PiercingWail"],"picked":"Prepared","floor":11.0},{"not_picked":["Deflect","Flying Knee"],"picked":"Night Terror","floor":13.0},{"not_picked":["Quick Slash","Masterful Stab","Escape Plan"],"picked":"SKIP","floor":14.0},{"not_picked":["Storm of Steel","Bullet Time"],"picked":"Glass Knife","floor":16.0},{"not_picked":["Flying Knee","Underhanded Strike"],"picked":"Noxious Fumes","floor":18.0},{"not_picked":["Choke","Sucker Punch","Calculated Gamble"],"picked":"SKIP","floor":21.0},{"not_picked":["Backstab","Flying Knee+1","Bane+1"],"picked":"SKIP","floor":23.0},{"not_picked":["Flying Knee","Bane","Poisoned Stab+1"],"picked":"SKIP","floor":25.0},{"not_picked":["Endless Agony","Dagger Throw","Expertise"],"picked":"SKIP","floor":27.0},{"not_picked":["Slice","Skewer","Envenom"],"picked":"SKIP","floor":28.0},{"not_picked":["Riddle With Holes","Slice+1"],"picked":"Deadly Poison+1","floor":29.0},{"not_picked":["Choke","Well Laid Plans"],"picked":"PiercingWail","floor":31.0},{"not_picked":["Glass Knife","A Thousand Cuts"],"picked":"Wraith Form v2","floor":33.0},{"not_picked":["PiercingWail"],"picked":"SKIP","floor":35.0},{"not_picked":[],"picked":"Dagger Spray+1","floor":36.0},{"not_picked":["PiercingWail"],"picked":"SKIP","floor":38},{"not_picked":["Accuracy+1"],"picked":"SKIP","floor":40},{"not_picked":[],"picked":"Leg Sweep","floor":42},{"not_picked":["Reflex+1"],"picked":"SKIP","floor":44},{"not_picked":["Flechettes+1"],"picked":"SKIP","floor":46},{"not_picked":["Tactician"],"picked":"SKIP","floor":54}],"player_experience":387564,"relics_obtained":[{"floor":5.0,"key":"MawBank"},{"floor":6.0,"key":"Juzu Bracelet"},{"floor":9.0,"key":"Meat on the Bone"},{"floor":10.0,"key":"Bottled Flame"},{"floor":13.0,"key":"Eternal Feather"},{"floor":23.0,"key":"Nunchaku"},{"floor":25.0,"key":"Torii"},{"floor":26.0,"key":"Lantern"},{"floor":28.0,"key":"Potion Belt"},{"floor":40,"key":"Bronze Scales"},{"floor":42,"key":"Bag of Preparation"},{"floor":44,"key":"Oddly Smooth Stone"},{"floor":46,"key":"Peace Pipe"},{"floor":54,"key":"White Beast Statue"}],"event_choices":[{"damage_healed":0.0,"max_hp_gain":0.0,"max_hp_loss":5.0,"gold_gain":0.0,"event_name":"Golden Idol","player_choice":"Lose Max HP","floor":7.0,"gold_loss":0.0,"damage_taken":0.0,"relics_obtained":["Golden Idol"]},{"damage_healed":0.0,"max_hp_gain":5.0,"max_hp_loss":0.0,"gold_gain":0.0,"event_name":"Big Fish","player_choice":"Donut","floor":12.0,"gold_loss":0.0,"damage_taken":0.0},{"damage_healed":0.0,"max_hp_gain":0.0,"max_hp_loss":0.0,"gold_gain":75.0,"event_name":"FaceTrader","player_choice":"Touch","floor":20.0,"gold_loss":0.0,"damage_taken":7.0},{"cards_removed":["Dagger Spray"],"damage_healed":0.0,"max_hp_gain":0.0,"max_hp_loss":0.0,"gold_gain":0.0,"event_name":"Beggar","player_choice":"Gave Gold","floor":22.0,"gold_loss":75.0,"damage_taken":0.0},{"cards_removed":["Backstab"],"damage_healed":0.0,"max_hp_gain":0.0,"max_hp_loss":0.0,"gold_gain":0.0,"event_name":"Designer","player_choice":"Upgrade and Remove","floor":30.0,"gold_loss":90.0,"damage_taken":0.0,"cards_upgraded":["Noxious Fumes"]},{"damage_healed":0.0,"max_hp_gain":0.0,"max_hp_loss":0.0,"gold_gain":0.0,"event_name":"WeMeetAgain","player_choice":"Paid Gold","floor":37.0,"gold_loss":60.0,"damage_taken":0.0,"relics_obtained":["Bag of Marbles"]},{"cards_removed":["Masterful Stab"],"damage_healed":0,"gold_gain":0,"player_choice":"Card Removal","damage_taken":0,"max_hp_gain":0,"max_hp_loss":0,"event_name":"Wheel of Change","floor":48,"gold_loss":0}],"is_beta":false,"boss_relics":[{"not_picked":["SlaversCollar","Calling Bell"],"picked":"Pandora\u0027s Box"},{"not_picked":["HoveringKite","Black Star"],"picked":"Busted Crown"}],"items_purged_floors":[19,39],"is_endless":false,"potions_floor_spawned":[1,4,6,10,13,14,23,25,27,28,33,36,42,46],"killed_by":"The Heart","ascension_level":9}}