{"host":"snampf0t8p8psf53","time":1613708673,"event":{"mods":["AchievementEnabler","BaseMod","Bestiary","DeckTracker","Minty Spire (QoL Compilation)","Permanent Neow","SuperFastMode"],"gold_per_floor":[112,132,61,61,61,61,71,2,2,2,15,35,35,47,47,144,144,156,140,65,76,76,111,111,111,193,205,205,127,146,146,146,146,146],"floor_reached":33,"language":"ENG","playtime":2372,"items_purged":["Regret"],"score":257,"play_id":"f97342bc-41cc-4d00-b7af-a8276946feb6","local_time":"20210218202433","is_ascension_mode":false,"campfire_choices":[{"data":"Footwork","floor":6,"key":"SMITH"},{"data":"Caltrops","floor":13,"key":"SMITH"},{"data":"Caltrops","floor":15,"key":"SMITH"},{"floor":24,"key":"REST"},{"floor":25,"key":"REST"},{"floor":28,"key":"REST"},{"floor":32,"key":"REST"}],"circlet_count":0,"master_deck":["Strike_G","Strike_G","Strike_G","Strike_G","Strike_G","Defend_G","Defend_G","Defend_G","Defend_G","Defend_G","Survivor","Neutralize","PiercingWail","Footwork+1","Infinite Blades","Caltrops+1","Cloak And Dagger+1","Caltrops+1","Bullet Time+1","Cloak And Dagger+1","Necronomicurse","Wraith Form v2","Backstab","Caltrops","Cloak And Dagger+1"],"relics":["Ring of the Snake","Toxic Egg 2","WingedGreaves","HornCleat","HoveringKite","Necronomicon","Nunchaku","Sundial","Tingsha"],"acts_visited":["Exordium","TheCity"],"potions_floor_usage":[16,23,33,33,33],"damage_taken":[{"damage":0,"enemies":"Jaw Worm","floor":1,"turns":6},{"damage":0,"enemies":"2 Louse","floor":2,"turns":4},{"damage":1,"enemies":"Small Slimes","floor":7,"turns":4},{"damage":12,"enemies":"Exordium Wildlife","floor":11,"turns":8},{"damage":3,"enemies":"Lots of Slimes","floor":12,"turns":5},{"damage":3,"enemies":"2 Fungi Beasts","floor":14,"turns":5},{"damage":23,"enemies":"The Guardian","floor":16,"turns":10},{"damage":23,"enemies":"Chosen","floor":18,"turns":8},{"damage":14,"enemies":"2 Thieves","floor":19,"turns":5},{"damage":12,"enemies":"Snecko","floor":21,"turns":7},{"damage":39,"enemies":"Book of Stabbing","floor":23,"turns":6},{"damage":26,"enemies":"Centurion and Healer","floor":27,"turns":10},{"damage":25,"enemies":"Sentry and Sphere","floor":30,"turns":5},{"damage":48,"enemies":"Champ","floor":33,"turns":17}],"seed_played":"6367367275069369633","potions_obtained":[{"floor":1,"key":"Poison Potion"},{"floor":7,"key":"FairyPotion"},{"floor":12,"key":"DistilledChaos"},{"floor":23,"key":"Dexterity Potion"},{"floor":27,"key":"Dexterity Potion"},{"floor":30,"key":"SneckoOil"}],"is_trial":false,"path_per_floor":["M","M","$","?","?","R","M","$","T","$","M","M","R","M","R","B",null,"M","M","$","M","?","E","R","R","T","M","R","$","M","T","R","B"],"character_chosen":"THE_SILENT","items_purchased":["Footwork","Caltrops","Caltrops"],"campfire_rested":4,"item_purchase_floors":[3,8,29],"current_hp_per_floor":[77,77,77,77,74,74,73,73,73,73,61,58,58,55,55,32,77,54,40,40,28,12,1,24,47,47,21,44,44,19,19,42,0,0],"gold":146,"neow_bonus":"TEN_PERCENT_HP_BONUS","is_daily":false,"chose_seed":false,"campfire_upgraded":3,"win_rate":0.0,"timestamp":1613708673,"path_taken":["M","M","$","?","?","R","M","?","T","$","M","M","R","M","R","BOSS","M","M","$","M","?","E","R","R","T","M","R","$","M","?","R","BOSS"],"items_purchased_type":["Card","Card","Card"],"build_version":"2020-12-22","purchased_purges":1,"victory":false,"max_hp_per_floor":[77,77,77,77,77,77,77,77,77,77,77,77,77,77,77,77,77,77,77,77,77,77,77,77,77,77,77,77,77,77,77,77,77,77],"card_choices":[{"not_picked":["Deadly Poison","Dodge and Roll"],"picked":"PiercingWail","floor":1},{"not_picked":["Blade Dance","Tactician","Calculated Gamble"],"picked":"SKIP","floor":2},{"not_picked":["Sucker Punch","Dodge and Roll+1"],"picked":"Infinite Blades","floor":7},{"not_picked":["Masterful Stab","Blade Dance+1"],"picked":"Cloak And Dagger+1","floor":11},{"not_picked":["PiercingWail+1","Sucker Punch"],"picked":"Caltrops","floor":12},{"not_picked":["Concentrate+1","Outmaneuver+1","Burst+1"],"picked":"SKIP","floor":14},{"not_picked":["Night Terror+1","A Thousand Cuts"],"picked":"Bullet Time+1","floor":16},{"not_picked":["Heel Hook","Dagger Throw","Blade Dance+1"],"picked":"SKIP","floor":18},{"not_picked":["Dodge and Roll+1","Finisher"],"picked":"Cloak And Dagger+1","floor":19},{"not_picked":["Accuracy","Calculated Gamble+1","Blade Dance+1"],"picked":"SKIP","floor":21},{"not_picked":["Bouncing Flask+1","Endless Agony"],"picked":"Wraith Form v2","floor":23},{"not_picked":["Eviscerate+1","Flying Knee"],"picked":"Backstab","floor":27},{"not_picked":["Dagger Throw","Riddle With Holes"],"picked":"Cloak And Dagger+1","floor":30}],"player_experience":106812,"relics_obtained":[{"floor":9,"key":"HornCleat"},{"floor":22,"key":"Necronomicon"},{"floor":23,"key":"Nunchaku"},{"floor":26,"key":"Sundial"},{"floor":31,"key":"Tingsha"}],"event_choices":[{"damage_healed":0,"gold_gain":0,"player_choice":"Box","damage_taken":0,"relics_obtained":["Toxic Egg 2"],"max_hp_gain":0,"max_hp_loss":0,"event_name":"Big Fish","floor":4,"gold_loss":0,"cards_obtained":["Regret"]},{"damage_healed":0,"gold_gain":0,"player_choice":"Success","damage_taken":3,"relics_obtained":["WingedGreaves"],"max_hp_gain":0,"max_hp_loss":0,"event_name":"Scrap Ooze","floor":5,"gold_loss":0},{"damage_healed":0,"gold_gain":0,"player_choice":"Obtained Book","damage_taken":16,"max_hp_gain":0,"max_hp_loss":0,"event_name":"Cursed Tome","floor":22,"gold_loss":0}],"is_beta":false,"boss_relics":[{"not_picked":["SlaversCollar","Astrolabe"],"picked":"HoveringKite"}],"items_purged_floors":[20],"is_endless":false,"potions_floor_spawned":[1,7,12,14,23,27,30],"killed_by":"Champ","ascension_level":0}}