{"host":"lnfs5t5iydkm2lft","time":1613715362,"event":{"mods":["AchievementEnabler","Aspiration","BaseMod","Better Third Choice","BetterRewards","Colored Powertips","Downfall","Hermit","Hubris","Infinite Spire","Marisa????????","Minty Spire (QoL Compilation)","Quick Restart","Replay The Spire","StSLib","The Runesmith","The Senshi","TheBandit","everything is the same but u backflip on backflip"],"gold_per_floor":[115,135,210,55,55,94,94,18,41,80,80,115,115,128,128,128,128],"floor_reached":16,"language":"ENG","playtime":436,"items_purged":["hubris:Disease"],"score":169,"play_id":"06a3a928-0a01-43da-a1ad-b9ba313c036c","local_time":"20210219001602","is_ascension_mode":true,"campfire_choices":[{"floor":7,"key":"REST"},{"floor":11,"key":"REST"},{"floor":15,"key":"REST"},{"data":"ReplayTheSpireMod:Omega Cannon","floor":15,"key":"SMITH"}],"circlet_count":0,"master_deck":["Strike_B","Strike_B","Strike_B","Strike_B","Defend_B","Defend_B","Defend_B","Defend_B","Zap","Dualcast","ReplayTheSpireMod:Omega Cannon+1","Panic Button","Melter","Seek","hubris:PowerSurge","Loop","Burn","Auto Shields"],"relics":["Cracked Core","hubris:SlimyHat","Golden Idol","Du-Vu Doll","Blood Vial","Anchor","infinitespire:Magic Flask"],"acts_visited":["Exordium"],"potions_floor_usage":[6,16,16,16],"damage_taken":[{"damage":7,"enemies":"Jaw Worm","floor":1,"turns":2},{"damage":1,"enemies":"2 Louse","floor":2,"turns":2},{"damage":12,"enemies":"3 Sentries","floor":6,"turns":2},{"damage":44,"enemies":"Lagavulin","floor":10,"turns":4},{"damage":8,"enemies":"Gremlin Nob","floor":12,"turns":3},{"damage":0,"enemies":"Small Slimes","floor":14,"turns":2},{"damage":50,"enemies":"Fading Forest","floor":16,"turns":8}],"seed_played":"-4872057211341093611","potions_obtained":[{"floor":3,"key":"Death Potion"},{"floor":3,"key":"Weak Potion"},{"floor":10,"key":"Block Potion"},{"floor":12,"key":"hexamod:SoulburnPotion"},{"floor":14,"key":"BlessingOfTheForge"}],"is_trial":false,"path_per_floor":["M","M","?","$","?","E","R","$","T","E","R","E","?","M","R","B"],"character_chosen":"DEFECT","items_purchased":["Melter","hubris:PowerSurge"],"campfire_rested":3,"item_purchase_floors":[4,8],"current_hp_per_floor":[68,67,67,67,49,37,59,59,59,17,39,33,33,35,57,9,9],"gold":128,"neow_bonus":"THREE_RARE_CARDS","is_daily":false,"chose_seed":false,"campfire_upgraded":1,"win_rate":0.0,"timestamp":1613715362,"path_taken":["M","M","?","$","?","E","R","$","T","E","R","E","?","M","R","BOSS"],"items_purchased_type":["Card","Card"],"build_version":"2020-12-22","purchased_purges":1,"victory":false,"max_hp_per_floor":[75,75,75,75,75,75,75,75,75,75,75,75,75,75,75,75,75],"card_choices":[{"not_picked":["Multi-Cast","Echo Form"],"picked":"ReplayTheSpireMod:Omega Cannon","floor":0},{"not_picked":["Tempest","Go for the Eyes","FIFO Queue"],"picked":"SKIP","floor":1},{"not_picked":["Steam","Rebound","Ball Lightning"],"picked":"SKIP","floor":2},{"not_picked":["Sweeping Beam","ReplayTheSpireMod:Reroute Power"],"picked":"Panic Button","floor":3},{"not_picked":["Sweeping Beam","Rip and Tear"],"picked":"Seek","floor":6},{"not_picked":["Go for the Eyes","BasicCrystalCard","Panic Button"],"picked":"SKIP","floor":10},{"not_picked":["Sunder","Ball Lightning"],"picked":"Loop","floor":12},{"not_picked":["ReplayTheSpireMod:Reroute Power","Rebound"],"picked":"Auto Shields","floor":14}],"player_experience":396301,"relics_obtained":[{"floor":3,"key":"hubris:SlimyHat"},{"floor":6,"key":"Du-Vu Doll"},{"floor":9,"key":"Blood Vial"},{"floor":10,"key":"Anchor"},{"floor":12,"key":"infinitespire:Magic Flask"}],"event_choices":[{"damage_healed":0,"gold_gain":0,"player_choice":"Take Damage","damage_taken":18,"relics_obtained":["Golden Idol"],"max_hp_gain":0,"max_hp_loss":0,"event_name":"Golden Idol","floor":5,"gold_loss":0},{"damage_healed":33,"gold_gain":0,"player_choice":"Embrace Burn","damage_taken":0,"max_hp_gain":0,"max_hp_loss":75,"event_name":"betterThird:BetterShining","floor":13,"gold_loss":0}],"is_beta":false,"boss_relics":[],"items_purged_floors":[4],"is_endless":false,"potions_floor_spawned":[10,12,14],"killed_by":"Fading Forest","ascension_level":4}}