{"host":"ds28d883r3sz42zs","time":1613717650,"event":{"mods":["2.2 Compatiblity","A Penny For Your Troubles","AchievementEnabler","Act Like it!","Aspiration","BaseMod","Bestiary","Better Match","Better Sensory Stone","Better Third Choice","Better-Laid Plans","BetterRewards","Block Reminder","Card Forge","Challenge The Spire","Colored Map","Colored Powertips","Conspire","DeckTracker","Defuse TimeMaze Blight","Disable Question Mark Monsters","Displayed Cursed Tome","Emptier Cage","GifTheSpireLib","Gold Saver","Hallownest","Hubris","Infinite Spire","Ironclad Rager","Minty Spire (QoL Compilation)","Permanent Neow","Practice Mode","Quick Restart","Random Character Button","Rare Cards Sparkle","Relic Filter","Relic Sorter","Relic Stats","Reliquary","SacredBarkPlus","Shop Mod","Spire Arcade","StSLib","SuperFastMode","The Bug Knight","Uncapped","Unknown Chances","Wide Potions"],"gold_per_floor":[231,231,250,228,245,273,273,273,273,273,273],"floor_reached":10,"language":"ENG","playtime":275,"items_purged":[],"score":96,"play_id":"a766cfeb-96f9-48c2-927a-63e4f8c464fe","local_time":"20210219015410","is_ascension_mode":true,"campfire_choices":[{"data":"Neutralize","floor":7,"key":"SMITH"}],"circlet_count":0,"master_deck":["Strike_G","Strike_G","Strike_G","Strike_G","Strike_G","Defend_G+1","Defend_G+1","Defend_G+1","Defend_G+1","Defend_G+1","Survivor+1","Neutralize+1","Poisoned Stab","Quick Slash","Core Surge+1","Leg Sweep+1","Bane","Slice"],"relics":["Ring of the Snake","Hammer of Thor","Seething Fire","Anvil of the Gods","betterThird:SlimedRelic","The Specimen","infinitespire:Lychee Nut"],"acts_visited":["Exordium"],"potions_floor_usage":[10],"damage_taken":[{"damage":6,"enemies":"Jaw Worm","floor":1,"turns":5},{"damage":0,"enemies":"Small Slimes","floor":3,"turns":2},{"damage":0,"enemies":"Cultist","floor":5,"turns":3},{"damage":25,"enemies":"Gremlin Nob","floor":6,"turns":7},{"damage":7,"enemies":"Lagavulin","floor":10,"turns":4}],"seed_played":"3520186619970814879","potions_obtained":[{"floor":1,"key":"AttackPotion"},{"floor":6,"key":"DuplicationPotion"}],"is_trial":false,"path_per_floor":["M","?","M","?","M","E","R","?","T","E"],"character_chosen":"THE_SILENT","items_purchased":[],"campfire_rested":0,"item_purchase_floors":[],"current_hp_per_floor":[57,37,37,26,26,1,1,1,1,0,0],"gold":273,"neow_bonus":"THREE_CARDS","is_daily":false,"chose_seed":false,"campfire_upgraded":1,"win_rate":0.0,"timestamp":1613717650,"path_taken":["M","?","M","?","M","E","R","?","T","E"],"items_purchased_type":[],"build_version":"2020-12-22","purchased_purges":0,"victory":false,"max_hp_per_floor":[70,70,70,70,70,70,70,70,52,52,52],"relic_stats":{"counters":[5,21],"obtain_stats":[{"The Specimen":6,"Anvil of the Gods":0,"infinitespire:Lychee Nut":9,"betterThird:SlimedRelic":4,"Hammer of Thor":0,"hubris:SlimyHat":2,"Seething Fire":0,"Ring of the Snake":0},{"The Specimen":4,"Anvil of the Gods":0,"infinitespire:Lychee Nut":4,"betterThird:SlimedRelic":2,"Hammer of Thor":0,"hubris:SlimyHat":1,"Seething Fire":0,"Ring of the Snake":0},{"The Specimen":17,"Anvil of the Gods":0,"infinitespire:Lychee Nut":17,"betterThird:SlimedRelic":7,"Hammer of Thor":0,"hubris:SlimyHat":5,"Seething Fire":0,"Ring of the Snake":0}],"Ring of the Snake":[10]},"card_choices":[{"not_picked":["Terror","All Out Attack"],"picked":"Poisoned Stab","floor":0},{"not_picked":["hubris:SlightOfHand","Flying Knee"],"picked":"Quick Slash","floor":1},{"not_picked":["Finisher","hubris:Counter"],"picked":"Leg Sweep","floor":3},{"not_picked":["Accuracy","Flying Knee"],"picked":"Bane","floor":5},{"not_picked":["Catalyst","Quick Slash"],"picked":"Slice","floor":6}],"player_experience":784948,"relics_obtained":[{"floor":6,"key":"The Specimen"},{"floor":9,"key":"infinitespire:Lychee Nut"}],"event_choices":[{"damage_healed":0,"gold_gain":0,"player_choice":"Slimed","damage_taken":11,"max_hp_gain":0,"max_hp_loss":0,"event_name":"betterThird:BetterGoop","floor":4,"gold_loss":22}],"is_beta":false,"boss_relics":[],"items_purged_floors":[],"is_endless":false,"potions_floor_spawned":[1,6],"killed_by":"Lagavulin","ascension_level":9}}