{"host":"ifd7sfhtlbe34qll","time":1613693663,"event":{"mods":["2.2 Compatiblity","Act Like it!","Ascension Unlocker","BaseMod","Block Reminder","Colored Map","Curses Come First","Downfall","Highlight Path","Minty Spire (QoL Compilation)","Potion Indicator Mod","Quick Restart","Random Character Button","Relic Stats","StSLib","SuperFastMode"],"gold_per_floor":[99,119,119,119,135,135,135,153,164,16,16,49,49,76,92,166,166,166,176,176,233,75,105,131,126,126,26,80,106,106,118,131,206,206,206,223,235,249,249,305,305,131,171,171,171],"floor_reached":43,"language":"ENG","playtime":3073,"items_purged":["hexamod:Strike","hexamod:Strike","hexamod:Defend"],"score":1031,"play_id":"88b53886-6860-4710-9282-7cd195fab3bc","local_time":"20210218181423","is_ascension_mode":true,"campfire_choices":[{"data":"hexamod:Sear","floor":1.0,"key":"SMITH"},{"data":"hexamod:ForkedFlame","floor":11.0,"key":"SMITH"},{"data":"hexamod:CatchUp","floor":13.0,"key":"SMITH"},{"data":"hexamod:Float","floor":18.0,"key":"SMITH"},{"data":"hexamod:GhostOfSpirePast","floor":27.0,"key":"SMITH"},{"data":"hexamod:Rewind","floor":30.0,"key":"SMITH"},{"floor":35.0,"key":"RECALL"}],"circlet_count":0,"master_deck":["AscendersBane","hexamod:Strike","hexamod:Defend","hexamod:Defend","hexamod:Sear+1","hexamod:Float+1","hexamod:GhostOfSpirePast+1","hexamod:SkipABeat","hexamod:CatchUp+1","hexamod:FirstSeal","hexamod:ForkedFlame+1","hexamod:SuperheatedStrike","hexamod:ExtraCrispy+1","hexamod:BacktrackSmack","hexamod:SearingWound","hexamod:Hexaguard","hexamod:GhostflameBarrier","hexamod:StepThrough","hexamod:Rewind+1","hexamod:GhostOfSpireFuture+1","Pain","hexamod:GhostOfSpirePast+1","hexamod:VolcanoVisage+1","hexamod:ThermalTransfer+1","hexamod:VolcanoVisage+1","hexamod:GhostShield+1","hexamod:GhostShield","hexamod:ThermalTransfer+1","hexamod:PhantomCloak+1"],"relics":["hexamod:UnbrokenSoul","Toy Ornithopter","downfall:ShatteredFragment","Frozen Egg 2","Eternal Feather","MealTicket","downfall:KnowingSkull","Regal Pillow","TheAbacus","WarpedTongs","downfall:HeartBlessingBlue","Molten Egg 2","SacredBark","InkBottle"],"acts_visited":["Exordium","TheCity","TheBeyond"],"potions_floor_usage":[43],"damage_taken":[{"damage":0.0,"enemies":"Jaw Worm","floor":2.0,"turns":3.0},{"damage":0.0,"enemies":"2 Louse","floor":5.0,"turns":2.0},{"damage":0.0,"enemies":"Cultist","floor":8.0,"turns":3.0},{"damage":1.0,"enemies":"2 Fungi Beasts","floor":9.0,"turns":3.0},{"damage":0.0,"enemies":"downfall:FleeingMerchant","floor":10.0,"turns":4.0},{"damage":0.0,"enemies":"Gremlin Nob","floor":12.0,"turns":3.0},{"damage":15.0,"enemies":"3 Sentries","floor":14.0,"turns":6.0},{"damage":2.0,"enemies":"Exordium Thugs","floor":15.0,"turns":3.0},{"damage":33.0,"enemies":"WA_ARCHETYPE_RETAIN","floor":16.0,"turns":5.0},{"damage":0.0,"enemies":"Chosen","floor":19.0,"turns":3.0},{"damage":19.0,"enemies":"3 Byrds","floor":21.0,"turns":5.0},{"damage":3.0,"enemies":"downfall:FleeingMerchant","floor":22.0,"turns":4.0},{"damage":41.0,"enemies":"Slavers","floor":23.0,"turns":4.0},{"damage":4.0,"enemies":"downfall:FleeingMerchant","floor":25.0,"turns":3.0},{"damage":15.0,"enemies":"3 Cultists","floor":28.0,"turns":4.0},{"damage":25.0,"enemies":"Book of Stabbing","floor":29.0,"turns":4.0},{"damage":27.0,"enemies":"Shelled Parasite and Fungi","floor":31.0,"turns":4.0},{"damage":13.0,"enemies":"Snake Plant","floor":32.0,"turns":3.0},{"damage":22.0,"enemies":"SI_MIRROR_ARCHETYPE","floor":33.0,"turns":11.0},{"damage":24.0,"enemies":"3 Darklings","floor":36.0,"turns":5.0},{"damage":22.0,"enemies":"Orb Walker","floor":37.0,"turns":3.0},{"damage":29.0,"enemies":"Writhing Mass","floor":38.0,"turns":7.0},{"damage":27.0,"enemies":"Maw","floor":40.0,"turns":6.0},{"damage":77,"enemies":"Transient","floor":43,"turns":6}],"seed_played":"4739744406170298282","potions_obtained":[{"floor":2.0,"key":"champ:CounterPotion"},{"floor":5.0,"key":"bronze:BurnAndBuffPotion"},{"floor":14.0,"key":"SteroidPotion"},{"floor":15.0,"key":"PowerPotion"},{"floor":23.0,"key":"Regen Potion"},{"floor":28.0,"key":"PowerPotion"},{"floor":32.0,"key":"Dexterity Potion"},{"floor":33.0,"key":"FearPotion"},{"floor":36.0,"key":"SteroidPotion"}],"is_trial":false,"path_per_floor":["R","M","?","?","M","?","T","M","M","$","R","E","R","E","M","B",null,"R","M","?","M","$","E","T","$","?","R","M","E","R","M","M","B",null,"R","M","M","M","?","M","T","$","M"],"character_chosen":"THE_SPIRIT","items_purchased":["hexamod:SuperheatedStrike","hexamod:StepThrough","hexamod:GhostOfSpireFuture+1","TheAbacus","hexamod:PhantomCloak+1","Regen Potion"],"campfire_rested":0,"item_purchase_floors":[10,22,25,25,42,42],"current_hp_per_floor":[57,57,57,36,36,36,36,36,40,47,47,54,63,55,63,30,55,63,63,49,42,61,32,32,43,43,65,70,50,62,42,36,24,61,73,57,47,25,60,40,40,55,0,0,0],"gold":171,"neow_bonus":"RANDOM_COMMON_RELIC","is_daily":false,"chose_seed":false,"campfire_upgraded":6,"win_rate":0.0,"timestamp":1613693663,"path_taken":["R","M","?","?","M","?","T","M","M","$","R","E","R","E","M","BOSS","R","M","?","M","$","E","T","?","?","R","M","E","R","M","M","BOSS","R","M","M","M","?","M","T","$","M"],"items_purchased_type":["Card","Card","Card","Relic","Card","Potion"],"build_version":"2020-12-22","purchased_purges":3,"victory":false,"max_hp_per_floor":[63,63,63,63,63,63,63,63,63,63,63,63,63,63,63,63,63,63,63,63,63,63,63,63,63,63,73,73,73,73,73,73,73,73,73,73,73,73,60,60,60,60,60,60,60],"relic_stats":{"Regal Pillow":0,"TheAbacus":[72],"counters":[24,104],"Eternal Feather":53,"MealTicket":45,"obtain_stats":[{"Regal Pillow":23,"downfall:ShatteredFragment":4,"SacredBark":34,"Eternal Feather":12,"Frozen Egg 2":7,"WarpedTongs":26,"TheAbacus":25,"hexamod:UnbrokenSoul":17,"downfall:HeartBlessingBlue":27,"MealTicket":14,"downfall:KnowingSkull":20,"Molten Egg 2":29,"hexamod:SpiritBrand":0,"Toy Ornithopter":0,"InkBottle":41},{"Regal Pillow":13,"downfall:ShatteredFragment":1,"SacredBark":19,"Eternal Feather":6,"Frozen Egg 2":2,"WarpedTongs":14,"TheAbacus":14,"hexamod:UnbrokenSoul":9,"downfall:HeartBlessingBlue":14,"MealTicket":7,"downfall:KnowingSkull":10,"Molten Egg 2":16,"hexamod:SpiritBrand":0,"Toy Ornithopter":0,"InkBottle":23},{"Regal Pillow":48,"downfall:ShatteredFragment":3,"SacredBark":77,"Eternal Feather":18,"Frozen Egg 2":5,"WarpedTongs":51,"TheAbacus":51,"hexamod:UnbrokenSoul":32,"downfall:HeartBlessingBlue":51,"MealTicket":24,"downfall:KnowingSkull":35,"Molten Egg 2":59,"hexamod:SpiritBrand":0,"Toy Ornithopter":0,"InkBottle":98}],"Toy Ornithopter":51,"InkBottle":[3],"WarpedTongs":[53]},"card_choices":[{"not_picked":["hexamod:HeatShield","hexamod:RainOfEmbers"],"picked":"hexamod:GhostOfSpirePast","floor":2.0},{"not_picked":["hexamod:Again","hexamod:FourthSeal"],"picked":"hexamod:SkipABeat","floor":5.0},{"not_picked":["hexamod:BurningTouch","hexamod:Firestarter"],"picked":"hexamod:CatchUp","floor":8.0},{"not_picked":["hexamod:SpectersWail","hexamod:Again"],"picked":"hexamod:FirstSeal","floor":9.0},{"not_picked":["hexamod:HeatShield","hexamod:ShieldOfDarkness"],"picked":"hexamod:ForkedFlame","floor":10.0},{"not_picked":["hexamod:GhostflameBarrier","hexamod:SwordOfDarkness"],"picked":"hexamod:ExtraCrispy+1","floor":12.0},{"not_picked":["hexamod:GhostflameBarrier","hexamod:HeatShield"],"picked":"hexamod:BacktrackSmack","floor":14.0},{"not_picked":["hexamod:Firestarter","hexamod:RecurringNightmare","hexamod:SkipABeat"],"picked":"SKIP","floor":15.0},{"not_picked":["hexamod:UnlimitedPower","hexamod:UnleashSpirits"],"picked":"hexamod:SearingWound","floor":16.0},{"not_picked":["hexamod:RainOfEmbers","hexamod:Firestarter+1"],"picked":"hexamod:Hexaguard","floor":19.0},{"not_picked":["hexamod:PowerFromBeyond","hexamod:FlamesFromBeyond"],"picked":"hexamod:GhostflameBarrier","floor":21.0},{"not_picked":["hexamod:FastForward","hexamod:BacktrackSmack+1","hexamod:InspiringFlames"],"picked":"SKIP","floor":22.0},{"not_picked":["hexamod:RecurringNightmare","hexamod:HauntingEcho+1","hexamod:NightmareStrike"],"picked":"SKIP","floor":23.0},{"not_picked":["hexamod:Hexaguard","hexamod:InspiringFlames"],"picked":"hexamod:Rewind","floor":25.0},{"not_picked":["hexamod:FourthSeal","hexamod:HauntingEcho","hexamod:SwordOfDarkness"],"picked":"SKIP","floor":28.0},{"not_picked":["hexamod:BurningTouch","hexamod:GhostflameBarrier"],"picked":"hexamod:GhostOfSpirePast+1","floor":29.0},{"not_picked":["hexamod:GhostOfSpireFuture+1","hexamod:PhantomCloak+1"],"picked":"hexamod:VolcanoVisage+1","floor":31.0},{"not_picked":["hexamod:HeatMetal+1","hexamod:NightmareStrike+1"],"picked":"hexamod:ThermalTransfer+1","floor":32.0},{"not_picked":["hexamod:WildfireWeapon+1","hexamod:TimeOfNeed"],"picked":"hexamod:VolcanoVisage+1","floor":33.0},{"not_picked":["hexamod:BacktrackSmack+1","hexamod:FlamesFromBeyond"],"picked":"hexamod:GhostShield+1","floor":36.0},{"not_picked":["hexamod:HeatMetal+1","hexamod:FifthSeal"],"picked":"hexamod:GhostShield","floor":37.0},{"not_picked":["hexamod:FastForward","hexamod:SwordOfDarkness+1","hexamod:SecondSeal"],"picked":"SKIP","floor":38.0},{"not_picked":["hexamod:FastForward+1","hexamod:Incineration+1"],"picked":"hexamod:ThermalTransfer+1","floor":40.0}],"player_experience":1752013,"relics_obtained":[{"floor":7.0,"key":"Frozen Egg 2"},{"floor":12.0,"key":"Eternal Feather"},{"floor":14.0,"key":"MealTicket"},{"floor":23.0,"key":"Regal Pillow"},{"floor":29.0,"key":"Molten Egg 2"},{"floor":41.0,"key":"InkBottle"}],"event_choices":[{"cards_removed":["hexamod:Defend"],"damage_healed":0.0,"max_hp_gain":0.0,"max_hp_loss":0.0,"gold_gain":0.0,"event_name":"The Cleric","player_choice":"Card Removal","floor":6.0,"gold_loss":0.0,"damage_taken":0.0},{"damage_healed":0.0,"max_hp_gain":0.0,"max_hp_loss":0.0,"gold_gain":0.0,"event_name":"Accursed Blacksmith","player_choice":"Rummage","floor":26.0,"gold_loss":0.0,"damage_taken":0.0,"relics_obtained":["WarpedTongs"],"cards_obtained":["Pain"]}],"is_beta":false,"boss_relics":[{"not_picked":["bronze:MakeshiftBattery","Snecko Eye"],"picked":"hexamod:UnbrokenSoul"},{"not_picked":["Tiny House","Busted Crown"],"picked":"SacredBark"}],"items_purged_floors":[10,22,25],"is_endless":false,"potions_floor_spawned":[2,5,14,15,19,23,28,32,33,36],"killed_by":"Transient","ascension_level":20}}