{"host":"i2s4iw62z1dejrqn","time":1613747598,"event":{"mods":["AchievementEnabler","BaseMod","Minty Spire (QoL Compilation)","Random Character Button","SuperFastMode"],"gold_per_floor":[114,114,40,54,74,74,93,93,93],"floor_reached":8,"language":"KOR","playtime":217,"items_purged":[],"score":70,"play_id":"85423a99-243d-45a9-83c8-0ceae31543c6","local_time":"20210220001318","is_ascension_mode":true,"campfire_choices":[{"data":"Noxious Fumes","floor":6,"key":"SMITH"}],"circlet_count":0,"master_deck":["Strike_G","Strike_G","Strike_G","Strike_G","Defend_G","Defend_G","Defend_G","Defend_G","Defend_G","Survivor","Neutralize","Blur","Reflex","Noxious Fumes+1","Deadly Poison","Well Laid Plans"],"relics":["Ring of the Snake","NeowsBlessing"],"acts_visited":["Exordium"],"potions_floor_usage":[8],"damage_taken":[{"damage":0,"enemies":"Cultist","floor":1,"turns":1},{"damage":0,"enemies":"Jaw Worm","floor":4,"turns":1},{"damage":0,"enemies":"Small Slimes","floor":5,"turns":1},{"damage":25,"enemies":"Exordium Thugs","floor":7,"turns":5},{"damage":61,"enemies":"Gremlin Nob","floor":8,"turns":6}],"seed_played":"-4905956274911510507","potions_obtained":[{"floor":5,"key":"Explosive Potion"},{"floor":7,"key":"Ancient Potion"}],"is_trial":false,"path_per_floor":["M","?","$","M","M","R","M","E"],"character_chosen":"THE_SILENT","items_purchased":["Reflex"],"campfire_rested":0,"item_purchase_floors":[3],"current_hp_per_floor":[63,63,63,63,63,63,38,0,0],"gold":93,"neow_bonus":"THREE_ENEMY_KILL","is_daily":false,"chose_seed":false,"campfire_upgraded":1,"win_rate":0.0,"timestamp":1613747598,"path_taken":["M","?","$","M","M","R","M","E"],"items_purchased_type":["Card"],"build_version":"2020-12-22","purchased_purges":0,"victory":false,"max_hp_per_floor":[70,70,70,70,70,70,70,70,70],"card_choices":[{"not_picked":["Slice","Sucker Punch"],"picked":"Blur","floor":1},{"not_picked":["Deflect","Reflex"],"picked":"Noxious Fumes","floor":4},{"not_picked":["Escape Plan","Die Die Die"],"picked":"Deadly Poison","floor":5},{"not_picked":["Concentrate","Poisoned Stab"],"picked":"Well Laid Plans","floor":7}],"player_experience":476990,"relics_obtained":[],"event_choices":[{"cards_removed":["Strike_G"],"damage_healed":0,"gold_gain":0,"player_choice":"Purged","damage_taken":0,"max_hp_gain":0,"max_hp_loss":0,"event_name":"Purifier","floor":2,"gold_loss":0}],"is_beta":false,"boss_relics":[],"items_purged_floors":[],"is_endless":false,"potions_floor_spawned":[5,7],"killed_by":"Gremlin Nob","ascension_level":9}}