{"host":"blnmo1e2jbqugfxh","time":1613750780,"event":{"mods":["2.2 Compatiblity","AchievementEnabler","Astrologer","Bard","BaseMod","Beaked The Cultist","Colored Map","Colored Powertips","Conspire","Downfall","Friendly Minions","Googly Eyes","Hermit","Highlight Path","Hubris","Infinite Spire","Lobotomy","Marisa????????","Mimic Mod","Minty Spire (QoL Compilation)","Prisma Mod","Quick Restart","Rare Cards Sparkle","Replay The Spire","Shop Mod","StSLib","The Bug Knight","The Construct","The Cursed","The Disciple","The Exalted","The Hierophant","The Mystic","The Servant 0.9.4"],"gold_per_floor":[112,36,55,55,5,36,36,65,90,90,109,33,66,99,99,200,200,219,219,219,231,245,280,291,308,308,308],"floor_reached":26,"language":"ENG","playtime":1409,"items_purged":[],"score":333,"play_id":"3fce478c-74b8-488b-b54b-ac8efd70e4f6","local_time":"20210219110620","is_ascension_mode":true,"campfire_choices":[{"data":"Neutralize","floor":7,"key":"SMITH"},{"data":"Defend_G","floor":10,"key":"SMITH"},{"floor":15,"key":"REST"}],"circlet_count":0,"master_deck":["Strike_G","Strike_G","Strike_G","Strike_G","Strike_G","Defend_G","Defend_G","Defend_G+1","Defend_G","Defend_G","Survivor","Neutralize+1","Flying Knee","Poisoned Stab","Acrobatics","Quick Slash","Dagger Spray","Predator","Dagger Throw","conspire:DoublingDagger","Finisher","Outmaneuver","Dodge and Roll","Pot Of Greed","Pot Of Greed","Adrenaline","Pot Of Greed","Outmaneuver","Adrenaline","Leg Sweep","infinitespire:Punishment","Skewer+1","Sneak Up+1","infinitespire:Neurotoxin","Deflect","Fluid Movement"],"relics":["hubris:TerracottaHorce","Mercury Hourglass","Pear","Pen Nib","Grinning Jar","conspire:BottledYoYo","Runic Pyramid","Bottled Flame","Honey Jar","Shuriken"],"acts_visited":["Exordium","TheCity"],"potions_floor_usage":[14,21],"damage_taken":[{"damage":4,"enemies":"Small Slimes","floor":1,"turns":5},{"damage":0,"enemies":"Cultist","floor":3,"turns":3},{"damage":24,"enemies":"Lagavulin","floor":6,"turns":7},{"damage":19,"enemies":"Gremlin Nob","floor":8,"turns":4},{"damage":7,"enemies":"Jaw Worm","floor":11,"turns":2},{"damage":2,"enemies":"Lagavulin","floor":13,"turns":3},{"damage":14,"enemies":"conspire:MimicChest","floor":14,"turns":6},{"damage":16,"enemies":"Hexaghost","floor":16,"turns":9},{"damage":7,"enemies":"3 Byrds","floor":18,"turns":4},{"damage":0,"enemies":"conspire:HollyBat","floor":21,"turns":5},{"damage":0,"enemies":"Sentry and Sphere","floor":22,"turns":3},{"damage":13,"enemies":"Replay:Snechameleon","floor":23,"turns":6},{"damage":12,"enemies":"Snake Plant","floor":24,"turns":5},{"damage":3,"enemies":"Centurion and Healer","floor":25,"turns":4},{"damage":0,"enemies":"conspire:HollyBat","floor":26,"turns":1}],"seed_played":"-5834428124346208650","potions_obtained":[{"floor":8,"key":"LiquidMemories"},{"floor":11,"key":"Venom Potion"},{"floor":14,"key":"Dexterity Potion"},{"floor":16,"key":"Adrenaline Potion"},{"floor":23,"key":"PowerPotion"}],"is_trial":false,"path_per_floor":["M","$","M","?","$","E","R","E","T","R","M","$","E","?","R","B",null,"M","?","AVR","M","M","E","M","M","MIM"],"character_chosen":"THE_SILENT","items_purchased":["Poisoned Stab","Acrobatics","Dagger Throw","SpeedPotion","Dodge and Roll"],"campfire_rested":1,"item_purchase_floors":[2,2,5,12,12],"current_hp_per_floor":[66,66,66,66,66,42,42,33,33,33,26,26,24,10,34,18,65,58,43,43,43,43,30,18,15,15,15],"gold":308,"neow_bonus":"BOSS_RELIC","is_daily":false,"chose_seed":false,"campfire_upgraded":2,"win_rate":0.0,"timestamp":1613750780,"path_taken":["M","$","M","?","?","E","R","E","T","R","M","$","E","?","R","BOSS","M","?","AVR","M","M","E","M","M","MIM"],"items_purchased_type":["Card","Card","Card","Potion","Card"],"build_version":"2020-12-22","purchased_purges":0,"victory":false,"max_hp_per_floor":[70,70,70,70,70,70,70,80,80,80,80,80,80,80,80,80,80,80,85,85,85,85,85,85,85,85,85],"card_choices":[{"not_picked":["Prepared","Acrobatics"],"picked":"Flying Knee","floor":1},{"not_picked":["Bane","Slice"],"picked":"Quick Slash","floor":3},{"not_picked":["Dagger Spray","Doppelganger"],"picked":"conspire:DoublingDagger","floor":6},{"not_picked":["Flechettes","hubris:SlightOfHand"],"picked":"Finisher","floor":8},{"not_picked":["Skewer","Predator"],"picked":"Outmaneuver","floor":11},{"not_picked":["Underhanded Strike","Poisoned Stab"],"picked":"Adrenaline","floor":13},{"not_picked":["Quick Slash","Deflect"],"picked":"Outmaneuver","floor":14},{"not_picked":["Unload","Venomology"],"picked":"Adrenaline","floor":16},{"not_picked":["Choke","Outmaneuver"],"picked":"Leg Sweep","floor":18},{"not_picked":["PiercingWail","Flying Knee","Slice+1"],"picked":"Skewer+1","floor":21},{"not_picked":["Acrobatics","Deadly Poison","conspire:PoisonWeapons"],"picked":"Sneak Up+1","floor":22},{"not_picked":["Quick Slash+1","Sneak Up","Poisoned Stab"],"picked":"infinitespire:Neurotoxin","floor":23},{"not_picked":["Catalyst","Dash","Flying Knee+1"],"picked":"Deflect","floor":24},{"not_picked":["Hidden Blade","ReplayTheSpireMod:Speed Training","Poisoned Stab"],"picked":"Fluid Movement","floor":25}],"player_experience":66396,"relics_obtained":[{"floor":6,"key":"Mercury Hourglass"},{"floor":8,"key":"Pear"},{"floor":9,"key":"Pen Nib"},{"floor":13,"key":"Grinning Jar"},{"floor":14,"key":"conspire:BottledYoYo"},{"floor":23,"key":"Shuriken"}],"event_choices":[{"damage_healed":0,"gold_gain":0,"player_choice":"2 cards matched","damage_taken":0,"max_hp_gain":0,"max_hp_loss":0,"event_name":"Match and Keep!","floor":4,"gold_loss":0,"cards_obtained":["Dagger Spray","Predator"]},{"damage_healed":0,"gold_gain":0,"player_choice":"Shed Blood","damage_taken":20,"max_hp_gain":5,"max_hp_loss":0,"event_name":"Forgotten Altar","floor":19,"gold_loss":0}],"is_beta":false,"boss_relics":[{"not_picked":["Tiny House","Coffee Dripper"],"picked":"Runic Pyramid"}],"items_purged_floors":[],"is_endless":false,"potions_floor_spawned":[8,11,14,16,18,23],"killed_by":"conspire:HollyBat","ascension_level":3}}