{"host":"fbdlh90rovbiajun","time":1613757549,"event":{"mods":["AchievementEnabler","BaseMod","Colored Map","Keyboard Shortcuts","Minty Spire (QoL Compilation)","SuperFastMode"],"gold_per_floor":[110,35,35,35,46,46,146,46,73,89,164,164,194,194,194,292,292,306,321,321,421,437,437,447,447,447],"floor_reached":25,"language":"KOR","playtime":467,"items_purged":["Defend_P","Strike_P"],"score":246,"play_id":"b30e7833-0ad6-4a06-9192-fea0037cbba0","local_time":"20210220025909","is_ascension_mode":true,"campfire_choices":[{"data":"SandsOfTime","floor":6,"key":"SMITH"},{"data":"Vigilance","floor":12,"key":"SMITH"},{"data":"FlurryOfBlows","floor":15,"key":"SMITH"},{"floor":23,"key":"REST"}],"circlet_count":0,"master_deck":["Strike_P","Strike_P","Defend_P","Defend_P","Eruption+1","Vigilance+1","SandsOfTime+1","FlurryOfBlows+1"],"relics":["PureWater","NeowsBlessing","Ancient Tea Set","Dead Branch","Fusion Hammer"],"acts_visited":["Exordium","TheCity"],"potions_floor_usage":[],"damage_taken":[{"damage":0,"enemies":"Small Slimes","floor":1,"turns":1},{"damage":0,"enemies":"Cultist","floor":5,"turns":1},{"damage":0,"enemies":"Jaw Worm","floor":10,"turns":1},{"damage":0,"enemies":"Gremlin Nob","floor":13,"turns":2},{"damage":35,"enemies":"Slime Boss","floor":16,"turns":5},{"damage":14,"enemies":"Chosen","floor":18,"turns":2},{"damage":0,"enemies":"Spheric Guardian","floor":19,"turns":2},{"damage":25,"enemies":"Shelled Parasite and Fungi","floor":22,"turns":3},{"damage":14,"enemies":"Snake Plant","floor":24,"turns":2},{"damage":50,"enemies":"Book of Stabbing","floor":25,"turns":3}],"seed_played":"6658818474224016622","potions_obtained":[{"floor":1,"key":"LiquidBronze"},{"floor":5,"key":"Block Potion"},{"floor":16,"key":"SneckoOil"},{"floor":19,"key":"Weak Potion"}],"is_trial":false,"path_per_floor":["M","$","?","$","M","R","?","$","T","M","?","R","E","?","R","B",null,"M","M","?","?","M","R","M","E"],"character_chosen":"WATCHER","items_purchased":[],"campfire_rested":1,"item_purchase_floors":[],"current_hp_per_floor":[72,72,72,72,72,72,72,72,72,72,61,61,61,61,61,26,72,58,58,58,58,33,54,40,0,0],"gold":447,"neow_bonus":"THREE_ENEMY_KILL","is_daily":false,"chose_seed":false,"campfire_upgraded":3,"win_rate":0.0,"timestamp":1613757549,"path_taken":["M","$","?","$","?","R","?","?","T","M","?","R","E","?","R","BOSS","M","?","?","?","M","R","M","E"],"items_purchased_type":[],"build_version":"2020-12-22","purchased_purges":2,"victory":false,"max_hp_per_floor":[72,72,72,72,72,72,72,72,72,72,72,72,72,72,72,72,72,72,72,72,72,72,72,72,72,72],"card_choices":[{"not_picked":["Halt","PathToVictory"],"picked":"SandsOfTime","floor":1},{"not_picked":["Sanctity","EmptyMind","ReachHeaven"],"picked":"SKIP","floor":5},{"not_picked":["Prostrate","EmptyMind","SignatureMove"],"picked":"SKIP","floor":10},{"not_picked":["Crescendo","Indignation"],"picked":"FlurryOfBlows","floor":13},{"not_picked":["BowlingBash","CrushJoints","LikeWater+1"],"picked":"SKIP","floor":18},{"not_picked":["LikeWater","Study","Meditate"],"picked":"SKIP","floor":19},{"not_picked":["EmptyFist+1","PathToVictory","Swivel"],"picked":"SKIP","floor":22},{"not_picked":["Prostrate+1","DeceiveReality","Consecrate"],"picked":"SKIP","floor":24}],"player_experience":96826,"relics_obtained":[{"floor":9,"key":"Ancient Tea Set"},{"floor":13,"key":"Dead Branch"}],"event_choices":[{"damage_healed":0,"gold_gain":0,"player_choice":"Forge","damage_taken":0,"max_hp_gain":0,"max_hp_loss":0,"event_name":"Accursed Blacksmith","floor":3,"gold_loss":0,"cards_upgraded":["Eruption"]},{"damage_healed":0,"gold_gain":100,"player_choice":"Pray","damage_taken":0,"max_hp_gain":0,"max_hp_loss":0,"event_name":"Golden Shrine","floor":7,"gold_loss":0},{"damage_healed":0,"gold_gain":75,"player_choice":"Gather Gold","damage_taken":11,"max_hp_gain":0,"max_hp_loss":0,"event_name":"World of Goop","floor":11,"gold_loss":0},{"cards_removed":["Strike_P"],"damage_healed":0,"gold_gain":0,"player_choice":"Offered Basic","damage_taken":0,"max_hp_gain":0,"max_hp_loss":0,"event_name":"Bonfire Elementals","floor":14,"gold_loss":0},{"cards_removed":["Defend_P"],"damage_healed":0,"gold_gain":0,"player_choice":"Elegance","damage_taken":0,"max_hp_gain":0,"max_hp_loss":0,"event_name":"Back to Basics","floor":20,"gold_loss":0},{"damage_healed":0,"gold_gain":100,"player_choice":"Pray","damage_taken":0,"max_hp_gain":0,"max_hp_loss":0,"event_name":"Golden Shrine","floor":21,"gold_loss":0}],"is_beta":false,"boss_relics":[{"not_picked":["Ectoplasm","Sozu"],"picked":"Fusion Hammer"}],"items_purged_floors":[2,8],"is_endless":false,"potions_floor_spawned":[1,5,16,19],"killed_by":"Book of Stabbing","ascension_level":2}}