{"host":"eglukmwb6rueyn6u","time":1613761433,"event":{"mods":["AchievementEnabler","BaseMod","Colored Powertips","Highlight Path","Minty Spire (QoL Compilation)"],"gold_per_floor":[210,227,118,135,56,56,76,95,118,153,168,168,168,182,182,286,286,300,215,137,151,162,162,9,28,28,28,46,46,46,46,46,141,141,152,171,18,18,31,31,45,45,45,45,74,84,98,98,98,98],"floor_reached":51,"language":"ENG","playtime":4784,"items_purged":["Defend_B"],"score":731,"play_id":"537ed3a1-fd1f-4f4c-ae84-4efcc3b883b9","local_time":"20210219210353","is_ascension_mode":false,"campfire_choices":[{"data":"Buffer","floor":6.0,"key":"SMITH"},{"data":"Darkness","floor":12.0,"key":"SMITH"},{"data":"Loop","floor":15.0,"key":"SMITH"},{"data":"Capacitor","floor":23.0,"key":"SMITH"},{"floor":27.0,"key":"REST"},{"data":"Fusion","floor":30.0,"key":"SMITH"},{"data":"Creative AI","floor":32.0,"key":"SMITH"},{"data":"Zap","floor":40.0,"key":"SMITH"},{"data":"Glacier","floor":42.0,"key":"SMITH"},{"data":"Fusion","floor":44.0,"key":"SMITH"},{"data":"Conserve Battery","floor":49,"key":"SMITH"}],"circlet_count":0,"master_deck":["Zap+1","Dualcast","Darkness+1","Conserve Battery+1","Melter","Loop+1","Buffer+1","Glacier+1","Double Energy+1","Thunder Strike","Leap","Creative AI+1","Cold Snap","Fusion+1","Thunder Strike","Sunder","Skim","Fusion+1","Capacitor+1","Consume+1","Leap+1","Leap+1","Undo+1","Double Energy+1"],"relics":["Cracked Core","Oddly Smooth Stone","Pandora\u0027s Box","Vajra","Art of War","Bronze Scales","SlaversCollar","Runic Capacitor","Gremlin Horn","Eternal Feather"],"acts_visited":["Exordium","TheCity","TheBeyond"],"potions_floor_usage":[50],"damage_taken":[{"damage":1.0,"enemies":"Cultist","floor":1.0,"turns":4.0},{"damage":5.0,"enemies":"Small Slimes","floor":2.0,"turns":3.0},{"damage":0.0,"enemies":"2 Louse","floor":4.0,"turns":2.0},{"damage":5.0,"enemies":"Looter","floor":7.0,"turns":3.0},{"damage":0.0,"enemies":"3 Louse","floor":8.0,"turns":4.0},{"damage":0.0,"enemies":"Gremlin Nob","floor":10.0,"turns":4.0},{"damage":0.0,"enemies":"Large Slime","floor":11.0,"turns":7.0},{"damage":0.0,"enemies":"Lots of Slimes","floor":14.0,"turns":7.0},{"damage":3.0,"enemies":"The Guardian","floor":16.0,"turns":14.0},{"damage":0.0,"enemies":"Spheric Guardian","floor":18.0,"turns":4.0},{"damage":16.0,"enemies":"Shell Parasite","floor":21.0,"turns":6.0},{"damage":20.0,"enemies":"Centurion and Healer","floor":22.0,"turns":7.0},{"damage":3.0,"enemies":"Shelled Parasite and Fungi","floor":25.0,"turns":9.0},{"damage":0.0,"enemies":"Cultist and Chosen","floor":28.0,"turns":8.0},{"damage":1.0,"enemies":"Collector","floor":33.0,"turns":11.0},{"damage":4.0,"enemies":"3 Shapes","floor":35.0,"turns":11.0},{"damage":0.0,"enemies":"Orb Walker","floor":36.0,"turns":5.0},{"damage":2.0,"enemies":"Writhing Mass","floor":39.0,"turns":7.0},{"damage":0.0,"enemies":"4 Shapes","floor":41.0,"turns":6.0},{"damage":11.0,"enemies":"Reptomancer","floor":45.0,"turns":7.0},{"damage":3.0,"enemies":"Jaw Worm Horde","floor":46.0,"turns":5.0},{"damage":0.0,"enemies":"Sphere and 2 Shapes","floor":47.0,"turns":5.0},{"damage":24,"enemies":"Time Eater","floor":50,"turns":13}],"seed_played":"3281539281652607377","potions_obtained":[{"floor":1.0,"key":"BlessingOfTheForge"},{"floor":4.0,"key":"Weak Potion"},{"floor":8.0,"key":"EntropicBrew"},{"floor":10.0,"key":"Block Potion"},{"floor":21.0,"key":"AttackPotion"},{"floor":25.0,"key":"DistilledChaos"},{"floor":33.0,"key":"ColorlessPotion"},{"floor":41.0,"key":"BlessingOfTheForge"},{"floor":45.0,"key":"Explosive Potion"},{"floor":46.0,"key":"EntropicBrew"},{"floor":47.0,"key":"LiquidMemories"}],"is_trial":false,"path_per_floor":["M","M","$","M","$","R","M","M","T","E","M","R","?","M","R","B",null,"M","?","$","M","M","R","$","M","T","R","M","?","R","?","R","B",null,"M","M","$","?","M","R","M","R","T","R","E","M","M","?","R","B",null],"character_chosen":"DEFECT","items_purchased":["Melter","Buffer","Capacitor","Art of War","Runic Capacitor"],"campfire_rested":1,"item_purchase_floors":[3,5,20,24,37],"current_hp_per_floor":[74,69,69,69,69,69,64,64,64,64,64,64,49,49,49,46,75,75,75,75,59,39,39,39,36,36,58,58,58,58,58,58,57,75,71,71,71,71,69,69,69,69,69,69,58,55,55,55,67,43],"gold":98,"neow_bonus":"HUNDRED_GOLD","is_daily":false,"chose_seed":false,"campfire_upgraded":10,"win_rate":0.0,"timestamp":1613761433,"path_taken":["M","M","$","M","?","R","M","M","T","E","M","R","?","M","R","BOSS","M","?","$","M","M","R","$","M","T","R","M","?","R","?","R","BOSS","M","M","$","?","M","R","M","R","T","R","E","?","?","?","R","BOSS"],"items_purchased_type":["Card","Card","Card","Relic","Relic"],"build_version":"2020-12-22","purchased_purges":1,"victory":true,"max_hp_per_floor":[75,75,75,75,75,75,75,75,75,75,75,75,75,75,75,75,75,75,75,75,75,75,75,75,75,75,75,75,75,75,75,75,75,75,75,75,75,75,75,75,75,75,75,75,75,75,75,75,75,75],"card_choices":[{"not_picked":["Reinforced Body","Conserve Battery"],"picked":"Darkness","floor":1.0},{"not_picked":["Gash","Sunder"],"picked":"Conserve Battery","floor":2.0},{"not_picked":["Ball Lightning","Scrape"],"picked":"Loop","floor":4.0},{"not_picked":["Self Repair","Gash"],"picked":"Glacier","floor":7.0},{"not_picked":["Rip and Tear","Steam"],"picked":"Double Energy","floor":8.0},{"not_picked":["Tempest","Turbo"],"picked":"Thunder Strike","floor":10.0},{"not_picked":["Recycle","Reprogram"],"picked":"Leap","floor":11.0},{"not_picked":["Compile Driver","Blizzard","Rebound"],"picked":"SKIP","floor":14.0},{"not_picked":["Fission","Hyperbeam"],"picked":"Creative AI","floor":16.0},{"not_picked":["Stack","Glacier","Cold Snap"],"picked":"SKIP","floor":18.0},{"not_picked":["Rebound","Leap"],"picked":"Consume+1","floor":21.0},{"not_picked":["Conserve Battery","Barrage"],"picked":"Leap+1","floor":22.0},{"not_picked":["Hello World","Reinforced Body+1"],"picked":"Leap+1","floor":25.0},{"not_picked":["Lockon","Gash","Sweeping Beam+1"],"picked":"SKIP","floor":28.0},{"not_picked":["Barrage","Stack+1","Leap+1"],"picked":"SKIP","floor":35.0},{"not_picked":["Go for the Eyes+1","Stack","Sweeping Beam"],"picked":"SKIP","floor":36.0},{"not_picked":["Steam","Hologram","Fusion+1"],"picked":"SKIP","floor":39.0},{"not_picked":["Ball Lightning+1","Steam"],"picked":"Undo+1","floor":41.0},{"not_picked":["Sweeping Beam+1","Rebound+1"],"picked":"Double Energy+1","floor":45.0},{"not_picked":["Thunder Strike","Turbo","Barrage+1"],"picked":"SKIP","floor":46.0},{"not_picked":["Scrape+1","Steam","Sweeping Beam+1"],"picked":"SKIP","floor":47.0}],"player_experience":120206,"relics_obtained":[{"floor":10.0,"key":"Oddly Smooth Stone"},{"floor":26.0,"key":"Bronze Scales"},{"floor":43.0,"key":"Gremlin Horn"},{"floor":45.0,"key":"Eternal Feather"}],"event_choices":[{"damage_healed":0.0,"max_hp_gain":0.0,"max_hp_loss":0.0,"gold_gain":0.0,"event_name":"Shining Light","player_choice":"Entered Light","floor":13.0,"gold_loss":0.0,"damage_taken":15.0,"cards_upgraded":["Double Energy","Strike_B"]},{"damage_healed":0.0,"max_hp_gain":0.0,"max_hp_loss":0.0,"gold_gain":0.0,"event_name":"Addict","player_choice":"Obtained Relic","floor":19.0,"gold_loss":85.0,"damage_taken":0.0,"relics_obtained":["Vajra"]},{"damage_healed":0.0,"max_hp_gain":0.0,"max_hp_loss":0.0,"gold_gain":0.0,"event_name":"Ghosts","player_choice":"Ignored","floor":29.0,"gold_loss":0.0,"damage_taken":0.0},{"cards_removed":["Biased Cognition"],"damage_healed":0.0,"max_hp_gain":0.0,"max_hp_loss":0.0,"gold_gain":0.0,"event_name":"Back to Basics","player_choice":"Elegance","floor":31.0,"gold_loss":0.0,"damage_taken":0.0},{"damage_healed":0.0,"max_hp_gain":0.0,"max_hp_loss":0.0,"gold_gain":0.0,"event_name":"Purifier","player_choice":"Ignored","floor":38.0,"gold_loss":0.0,"damage_taken":0.0},{"damage_healed":0,"gold_gain":0,"player_choice":"Ignored","damage_taken":0,"max_hp_gain":0,"max_hp_loss":0,"event_name":"Mysterious Sphere","floor":48,"gold_loss":0}],"is_beta":false,"boss_relics":[{"not_picked":["Empty Cage","Philosopher\u0027s Stone"],"picked":"Pandora\u0027s Box"},{"not_picked":["Coffee Dripper","Fusion Hammer"],"picked":"SlaversCollar"}],"items_purged_floors":[3],"is_endless":false,"potions_floor_spawned":[1,4,8,10,21,22,25,33,41,45,46,47],"ascension_level":0}}