{"host":"zdahj580pq9zy75i","time":1613759342,"event":{"mods":["BaseMod","Colored Map","Minty Spire (QoL Compilation)","StSLib"],"gold_per_floor":[362,377,342,392,403,403,421,450,500,526,545,545,545,391,391,391,391],"floor_reached":16,"language":"ENG","playtime":637,"items_purged":["Strike_B"],"score":220,"play_id":"cd2a72ab-78a6-4b80-8ebd-9dbf453b4fca","local_time":"20210219132902","is_ascension_mode":true,"campfire_choices":[{"data":"Streamline","floor":6,"key":"SMITH"},{"data":"Reinforced Body","floor":12,"key":"SMITH"},{"floor":15,"key":"REST"}],"circlet_count":0,"master_deck":["AscendersBane","Strike_B","Strike_B","Strike_B","Defend_B","Defend_B","Defend_B","Defend_B","Zap","Dualcast","Streamline+1","Ball Lightning","Reinforced Body+1","Leap","Steam","Static Discharge"],"relics":["Cracked Core","Mummified Hand","Strawberry","Orichalcum","Golden Idol"],"acts_visited":["Exordium"],"potions_floor_usage":[8,16,16],"damage_taken":[{"damage":0,"enemies":"Cultist","floor":1,"turns":3},{"damage":7,"enemies":"Jaw Worm","floor":2,"turns":3},{"damage":0,"enemies":"2 Louse","floor":5,"turns":2},{"damage":11,"enemies":"Exordium Wildlife","floor":7,"turns":3},{"damage":33,"enemies":"3 Sentries","floor":8,"turns":10},{"damage":20,"enemies":"Lagavulin","floor":10,"turns":5},{"damage":11,"enemies":"Large Slime","floor":11,"turns":5},{"damage":24,"enemies":"The Guardian","floor":16,"turns":9}],"seed_played":"-5860281099982796327","potions_obtained":[{"floor":2,"key":"Regen Potion"},{"floor":5,"key":"GamblersBrew"},{"floor":8,"key":"PotionOfCapacity"}],"is_trial":false,"path_per_floor":["M","M","?","?","M","R","M","E","T","E","M","R","?","$","R","B"],"character_chosen":"DEFECT","items_purchased":["Static Discharge"],"campfire_rested":1,"item_purchase_floors":[14],"current_hp_per_floor":[46,39,56,56,56,56,45,27,34,14,3,3,3,3,24,0,0],"gold":391,"neow_bonus":"TWO_FIFTY_GOLD","is_daily":false,"chose_seed":false,"campfire_upgraded":2,"win_rate":0.0,"timestamp":1613759342,"path_taken":["M","M","?","?","M","R","M","E","T","E","?","R","?","$","R","BOSS"],"items_purchased_type":["Card"],"build_version":"2020-12-22","purchased_purges":1,"victory":false,"max_hp_per_floor":[71,71,71,71,71,71,71,71,78,78,78,78,71,71,71,71,71],"card_choices":[{"not_picked":["Rebound","Tempest"],"picked":"Streamline","floor":1},{"not_picked":["Consume","Hologram"],"picked":"Ball Lightning","floor":2},{"not_picked":["Coolheaded","Lockon","Rebound"],"picked":"SKIP","floor":5},{"not_picked":["Beam Cell","Gash"],"picked":"Reinforced Body","floor":7},{"not_picked":["Amplify","Capacitor","Undo"],"picked":"SKIP","floor":8},{"not_picked":["Skim","White Noise"],"picked":"Leap","floor":10},{"not_picked":["Lockon","Scrape"],"picked":"Steam","floor":11}],"player_experience":784765,"relics_obtained":[{"floor":8,"key":"Mummified Hand"},{"floor":9,"key":"Strawberry"},{"floor":10,"key":"Orichalcum"}],"event_choices":[{"damage_healed":17,"gold_gain":0,"player_choice":"Healed","damage_taken":0,"max_hp_gain":0,"max_hp_loss":0,"event_name":"The Cleric","floor":3,"gold_loss":35},{"damage_healed":0,"gold_gain":50,"player_choice":"Pray","damage_taken":0,"max_hp_gain":0,"max_hp_loss":0,"event_name":"Golden Shrine","floor":4,"gold_loss":0},{"damage_healed":0,"gold_gain":0,"player_choice":"Lose Max HP","damage_taken":0,"relics_obtained":["Golden Idol"],"max_hp_gain":0,"max_hp_loss":7,"event_name":"Golden Idol","floor":13,"gold_loss":0}],"is_beta":false,"boss_relics":[],"items_purged_floors":[14],"is_endless":false,"potions_floor_spawned":[2,5,8],"killed_by":"The Guardian","ascension_level":20}}