{"host":"rs956zbefct9hzhl","time":1613774650,"event":{"mods":["BaseMod","BetterRewards","Downfall","Minty Spire (QoL Compilation)","Replay The Spire","Shop Mod","Spicy Shops","Spikes Relics","StSLib"],"gold_per_floor":[99,118,568,568,578,596,668,696,380,180,280,280,21,54,73,73,73,73],"floor_reached":16,"language":"ENG","playtime":735,"items_purged":["downfall:Icky"],"score":113,"play_id":"f66ebcf7-4e72-4eda-890a-5bb563212f07","local_time":"20210219234410","is_ascension_mode":true,"campfire_choices":[{"floor":1,"key":"RECALL"},{"data":"bronze:BuggyMess","floor":10,"key":"SMITH"},{"data":"bronze:ItsAFeature","floor":12,"key":"SMITH"}],"circlet_count":0,"master_deck":["bronze:Strike","bronze:Strike","bronze:Strike","bronze:Strike","bronze:Defend","bronze:Defend","bronze:Defend","bronze:Defend","bronze:Replicate","bronze:Goto","bronze:OilSpill","downfall:Icky","downfall:Icky","bronze:Replicate","bronze:Boost","bronze:ForLoop","bronze:BuggyMess+1","bronze:DelayedGuard+1","bronze:ItsAFeature+1","bronze:ItsAFeature","bronze:Invalidate+1","bronze:DelayedSlice+1","bronze:Shell","bronze:Separator","bronze:FineTuning+1","bronze:FineTuning+1"],"relics":["Black Star","bronze:CableSpool","RetroEgg","Lantern","downfall:HeartBlessingRed","downfall:HeartBlessingGreen","MerchantsRug","Akabeko","Happy Flower"],"acts_visited":["Exordium"],"potions_floor_usage":[8,8],"damage_taken":[{"damage":0,"enemies":"Small Slimes","floor":2,"turns":3},{"damage":1,"enemies":"Cultist","floor":5,"turns":4},{"damage":0,"enemies":"2 Louse","floor":6,"turns":3},{"damage":31,"enemies":"Lagavulin","floor":8,"turns":6},{"damage":2,"enemies":"downfall:FleeingMerchant","floor":9,"turns":4},{"damage":0,"enemies":"downfall:FleeingMerchant","floor":13,"turns":4},{"damage":9,"enemies":"3 Sentries","floor":14,"turns":4},{"damage":0,"enemies":"Exordium Wildlife","floor":15,"turns":2},{"damage":50,"enemies":"WA_ARCHETYPE_RETAIN","floor":16,"turns":4}],"seed_played":"5561538661928495645","potions_obtained":[{"floor":5,"key":"LifebloodPotion"},{"floor":6,"key":"Fire Potion"},{"floor":14,"key":"Reflective Coating"},{"floor":15,"key":"Explosive Potion"}],"is_trial":false,"path_per_floor":["R","M","?","?","M","M","T","E","$","R","?","R","$","E","M","B"],"character_chosen":"THE_AUTOMATON","items_purchased":["bronze:ItsAFeature","PrismaticShard","bronze:Invalidate","bronze:DelayedSlice","MerchantsRug","bronze:Shell","bronze:Separator"],"campfire_rested":0,"item_purchase_floors":[9,9,9,9,13,13,13],"current_hp_per_floor":[70,70,70,70,69,69,69,38,36,36,36,36,36,27,27,0,0,0],"gold":73,"neow_bonus":"BOSS_RELIC","is_daily":false,"chose_seed":false,"campfire_upgraded":2,"win_rate":0.0,"timestamp":1613774650,"path_taken":["R","M","?","?","?","M","T","E","$","R","?","R","$","E","M","BOSS"],"items_purchased_type":["Card","Relic","Card","Card","Relic","Card","Card"],"build_version":"2020-12-22","purchased_purges":1,"victory":false,"max_hp_per_floor":[70,70,70,70,70,70,70,70,70,70,70,70,70,70,70,70,70,70],"card_choices":[{"not_picked":["bronze:Constructor","bronze:InfiniteBeams"],"picked":"bronze:OilSpill","floor":2},{"not_picked":["bronze:NullPointer","bronze:Constructor"],"picked":"bronze:Boost","floor":5},{"not_picked":["bronze:FineTuning","bronze:BitShift"],"picked":"bronze:ForLoop","floor":6},{"not_picked":["bronze:RecursiveStrike","bronze:BugBarrage"],"picked":"bronze:BuggyMess","floor":8},{"not_picked":["bronze:BitShift","bronze:WhirlingStrike"],"picked":"bronze:DelayedGuard","floor":9},{"not_picked":["Headbutt","Dagger Spray","hexamod:HeatCrush"],"picked":"SKIP","floor":13},{"not_picked":["bronze:HardenedForm","bronze:DelayedGuard"],"picked":"bronze:FineTuning","floor":14},{"not_picked":["bronze:InfiniteBeams","bronze:Deprecate"],"picked":"bronze:FineTuning","floor":15}],"player_experience":558603,"relics_obtained":[{"floor":7,"key":"bronze:CableSpool"},{"floor":8,"key":"RetroEgg"},{"floor":8,"key":"Lantern"},{"floor":14,"key":"Akabeko"},{"floor":14,"key":"Happy Flower"}],"event_choices":[],"is_beta":false,"boss_relics":[],"items_purged_floors":[9],"is_endless":false,"potions_floor_spawned":[5,6,14,15],"killed_by":"WA_ARCHETYPE_RETAIN","ascension_level":1}}