{"host":"yfi73559mxreacvo","time":1613743382,"event":{"mods":["AchievementEnabler","Act Like it!","Arknights","Aspiration","BaseMod","Better Third Choice","BetterRewards","Colored Map","Conspire","Evolution","GifTheSpireLib","Halation","HexUI Lib","Highlight Path","Hubris","Minty Spire (QoL Compilation)","Railgun Mod","Reliquary","Replay The Spire","StSLib","Stuff the Spire","The Dragonkin","The Florist","The Gatherer","Wandering Minibosses"],"gold_per_floor":[109,120,132,144,156,156,199,58,58,97,97,124,143,164,164,277,336,358,358,385,385,385,428,428,437,437,462,462,496,496,512,512,618,618,631,681,709,729,191,218,218,238,238,238,258,258,268,294,294,294,294,294,18,54,54],"floor_reached":56,"language":"ENG","playtime":3920,"items_purged":["Gatherer:Strike_Gatherer","Gatherer:LuckyClover","Gatherer:Strike_Gatherer"],"score":1412,"play_id":"4672dc8d-8100-403c-8362-5c0b29de1b45","local_time":"20210219090302","is_ascension_mode":false,"metric_token":1617,"campfire_choices":[{"data":"Gatherer:FlowerPower","floor":6,"key":"SMITH"},{"data":"Gatherer:FlowerPower+1","floor":11,"key":"SMITH"},{"data":"Gatherer:AlchemyTrial","floor":15,"key":"SMITH"},{"data":"Gatherer:FlowerPower+2","floor":24,"key":"SMITH"},{"floor":28,"key":"REST"},{"floor":32,"key":"RECALL"},{"data":"Gatherer:Liquidism","floor":41,"key":"SMITH"},{"data":"Gatherer:Liquidism","floor":44,"key":"SMITH"},{"data":"Gatherer:BalancedGrowth","floor":46,"key":"SMITH"},{"data":"Gatherer:Overflowing","floor":49,"key":"SMITH"},{"data":"Gatherer:MindSearch","floor":52,"key":"SMITH"}],"circlet_count":0,"master_deck":["Gatherer:Strike_Gatherer","Gatherer:Strike_Gatherer","Gatherer:Strike_Gatherer","Gatherer:Defend_Gatherer","Gatherer:Defend_Gatherer","Gatherer:Defend_Gatherer","Gatherer:Defend_Gatherer","Gatherer:Defend_Gatherer","Gatherer:Centralize","Gatherer:FlowerWhip","Gatherer:BambuSword","Gatherer:FlowerPower+3","Gatherer:MindSearch","Gatherer:FlowerShield","Gatherer:Liquidism+1","Gatherer:WitheringStrike","Gatherer:Overflowing+1","Gatherer:AlchemyTrial+1","Gatherer:SmartManeuver","Gatherer:MindSearch+1","Gatherer:WitheringStrike","Gatherer:BalancedGrowth+1","StuffTheSpire:Rapture","Gatherer:WitheringStrike+1","Gatherer:PoisonMastery","Gatherer:Liquidism+1","Gatherer:TacticalStrike+1","Gatherer:AlchemyTrial"],"relics":["Gatherer:AlchemyBag","EVO:Axolotl","Replay:Rubber Ducky","CeramicFish","Bottled Tornado","StuffTheSpire:Experiment12","Anchor","Tiny House","halation:EternalFortune","Simple Rune","reliquary:BallBearing","Oddly Smooth Stone","Busted Crown","Torii","StuffTheSpire:Expresso","Cauldron","reliquary:SharkskinSheath","reliquary:BoilingFlask","wanderingMiniBosses:OtherGremlinHorn","Du-Vu Doll","Bag of Preparation","Blood Vial"],"acts_visited":["Exordium","TheCity","TheBeyond","TheEnding"],"potions_floor_usage":[7,7,16,16,16,18,27,38,38,38,40,40,55,55,55],"damage_taken":[{"damage":1,"enemies":"Jaw Worm","floor":1,"turns":5},{"damage":0,"enemies":"2 Louse","floor":2,"turns":3},{"damage":0,"enemies":"Small Slimes","floor":3,"turns":3},{"damage":8,"enemies":"2 Fungi Beasts","floor":4,"turns":4},{"damage":6,"enemies":"3 Louse","floor":5,"turns":5},{"damage":31,"enemies":"Gremlin Nob","floor":7,"turns":5},{"damage":4,"enemies":"3 Sentries","floor":10,"turns":7},{"damage":0,"enemies":"Lagavulin","floor":12,"turns":6},{"damage":0,"enemies":"Large Slime","floor":13,"turns":6},{"damage":0,"enemies":"Gremlin Gang","floor":14,"turns":3},{"damage":8,"enemies":"Fading Forest","floor":16,"turns":11},{"damage":16,"enemies":"Shell Parasite","floor":18,"turns":7},{"damage":0,"enemies":"Chosen","floor":20,"turns":4},{"damage":6,"enemies":"conspire:SneckoGhost","floor":23,"turns":10},{"damage":0,"enemies":"Gremlin Leader","floor":27,"turns":10},{"damage":0,"enemies":"Replay:Snechameleon","floor":29,"turns":8},{"damage":6,"enemies":"Snake Plant","floor":31,"turns":5},{"damage":32,"enemies":"Collector","floor":33,"turns":10},{"damage":0,"enemies":"3 Shapes","floor":35,"turns":3},{"damage":0,"enemies":"Mind Bloom Boss Battle","floor":36,"turns":6},{"damage":0,"enemies":"Orb Walker","floor":37,"turns":4},{"damage":73,"enemies":"Jaw Worm Horde","floor":38,"turns":6},{"damage":0,"enemies":"Reptomancer","floor":40,"turns":6},{"damage":0,"enemies":"Writhing Mass","floor":42,"turns":7},{"damage":1,"enemies":"4 Shapes","floor":45,"turns":5},{"damage":0,"enemies":"Sphere and 2 Shapes","floor":47,"turns":7},{"damage":0,"enemies":"R_Hoarder","floor":48,"turns":5},{"damage":0,"enemies":"Donu and Deca","floor":50,"turns":7},{"damage":9,"enemies":"Shield and Spear","floor":54,"turns":5},{"damage":37,"enemies":"The Heart","floor":55,"turns":7}],"seed_played":"3218997706204649283","potions_obtained":[{"floor":2,"key":"ColorlessPotion"},{"floor":5,"key":"DistilledChaos"},{"floor":7,"key":"SpeedPotion"},{"floor":10,"key":"Explosive Potion"},{"floor":13,"key":"SkillPotion"},{"floor":14,"key":"BottledMiracle"},{"floor":17,"key":"Fire Potion"},{"floor":23,"key":"Swift Potion"},{"floor":31,"key":"BloodPotion"},{"floor":33,"key":"Fire Potion"},{"floor":37,"key":"ColorlessPotion"},{"floor":38,"key":"Languid Potion"},{"floor":39,"key":"Flashbang"},{"floor":39,"key":"Strength Potion"},{"floor":40,"key":"LiquidBronze"},{"floor":42,"key":"DuplicationPotion"}],"is_trial":false,"path_per_floor":["M","M","M","M","M","R","E","$","T","E","R","E","M","M","R","B",null,"M","?","M","?","?","E","R","?","T","E","R","E","?","M","R","B",null,"M","?","M","M","$","E","R","M","T","R","M","R","M","E","R","B",null,"R","$","E","B",null],"character_chosen":"THE_GATHERER","items_purchased":["Gatherer:WitheringStrike","StuffTheSpire:Expresso","Cauldron","Bag of Preparation"],"campfire_rested":1,"item_purchase_floors":[8,39,39,53],"current_hp_per_floor":[71,71,71,63,57,57,26,26,26,22,22,22,22,22,22,14,77,61,61,61,64,49,46,46,31,31,31,57,57,86,80,80,48,88,88,88,88,32,32,35,35,35,35,35,34,34,34,37,37,37,94,94,94,85,50],"gold":54,"neow_bonus":"RANDOM_COMMON_RELIC","is_daily":false,"chose_seed":false,"campfire_upgraded":9,"win_rate":0.0,"timestamp":1613743382,"path_taken":["M","M","M","M","M","R","E","$","T","E","R","E","M","M","R","BOSS","M","?","M","?","?","E","R","?","T","E","R","E","?","?","R","BOSS","M","?","M","M","$","E","R","M","T","R","M","R","M","E","R","BOSS","R","$","E","BOSS"],"items_purchased_type":["Card","Relic","Relic","Relic"],"build_version":"2020-12-22","purchased_purges":3,"victory":true,"max_hp_per_floor":[72,72,72,72,72,72,72,72,72,72,72,72,72,72,72,72,77,77,77,77,80,85,88,88,88,88,88,88,88,88,88,88,88,88,88,88,88,88,88,91,91,91,91,91,91,91,91,94,94,94,94,94,94,94,94],"card_choices":[{"not_picked":["Gatherer:TreeGrowth","Gatherer:AromaProtection"],"picked":"Gatherer:BambuSword","floor":1},{"not_picked":["Gatherer:EnergyBasket","Gatherer:SaveValuables"],"picked":"Gatherer:FlowerPower","floor":2},{"not_picked":["Gatherer:SaveValuables","Gatherer:AcidicSpray"],"picked":"Gatherer:MindSearch","floor":3},{"not_picked":["Gatherer:CarefulStrike","Gatherer:Uplift"],"picked":"Gatherer:FlowerShield","floor":4},{"not_picked":["Gatherer:EnergyBasket","Gatherer:FlowerBeam","Gatherer:CarefulStrike"],"picked":"SKIP","floor":5},{"not_picked":["Gatherer:Duplicator","Gatherer:FlowerShield"],"picked":"Gatherer:Liquidism","floor":7},{"not_picked":["Gatherer:VenomBarrier","Gatherer:WoolGloves"],"picked":"Gatherer:Overflowing","floor":10},{"not_picked":["Gatherer:OddSpoils","Gatherer:FlowerBeam","Gatherer:EchoOfNature"],"picked":"SKIP","floor":12},{"not_picked":["Gatherer:OddSpoils","Gatherer:GatherMaterial","Gatherer:BambuSword"],"picked":"SKIP","floor":13},{"not_picked":["Gatherer:TreeGrowth","Gatherer:CarefulStrike"],"picked":"Gatherer:AlchemyTrial","floor":14},{"not_picked":["Gatherer:Bulldoze","Gatherer:BlackTea"],"picked":"Gatherer:LuckyClover","floor":16},{"not_picked":["Gatherer:Frenzy","Gatherer:Snatch"],"picked":"Gatherer:SmartManeuver","floor":17},{"not_picked":["Gatherer:FragileHammer+1","Gatherer:TacticalStrike"],"picked":"Gatherer:MindSearch","floor":18},{"not_picked":["Gatherer:TreeGrowth","Gatherer:FlowerShield+1"],"picked":"Gatherer:WitheringStrike","floor":20},{"not_picked":["Gatherer:SaveValuables","Gatherer:Frenzy"],"picked":"Gatherer:BalancedGrowth","floor":23},{"not_picked":["Gatherer:TacticalStrike","Gatherer:Herbalism","Gatherer:Enchant+1"],"picked":"SKIP","floor":27},{"not_picked":["Gatherer:PotentialSlash","Gatherer:RottenStipe"],"picked":"Gatherer:WitheringStrike+1","floor":29},{"not_picked":["Gatherer:QuickSynthesis","Gatherer:BambuSword","Gatherer:FragileHammer"],"picked":"SKIP","floor":31},{"not_picked":["Gatherer:StoneFence","Gatherer:Photoscythe"],"picked":"Gatherer:PoisonMastery","floor":33},{"not_picked":["Gatherer:QuickSynthesis"],"picked":"SKIP","floor":35},{"not_picked":[],"picked":"Gatherer:Liquidism","floor":37},{"not_picked":[],"picked":"Gatherer:TacticalStrike+1","floor":38},{"not_picked":["Gatherer:TreeGrowth+1"],"picked":"SKIP","floor":40},{"not_picked":["Gatherer:PotentialSlash"],"picked":"SKIP","floor":42},{"not_picked":["Gatherer:GatherMaterial"],"picked":"SKIP","floor":45},{"not_picked":["Gatherer:DrugPower+1"],"picked":"SKIP","floor":47},{"not_picked":["Gatherer:AlchemyTrial"],"picked":"SKIP","floor":48},{"not_picked":[],"picked":"Gatherer:AlchemyTrial","floor":54}],"player_experience":474545,"relics_obtained":[{"floor":7,"key":"CeramicFish"},{"floor":9,"key":"Bottled Tornado"},{"floor":10,"key":"StuffTheSpire:Experiment12"},{"floor":12,"key":"Anchor"},{"floor":23,"key":"halation:EternalFortune"},{"floor":23,"key":"Simple Rune"},{"floor":27,"key":"reliquary:BallBearing"},{"floor":29,"key":"Oddly Smooth Stone"},{"floor":36,"key":"Torii"},{"floor":40,"key":"halation:EternalFortune"},{"floor":40,"key":"reliquary:SharkskinSheath"},{"floor":43,"key":"reliquary:BoilingFlask"},{"floor":47,"key":"wanderingMiniBosses:OtherGremlinHorn"},{"floor":48,"key":"halation:EternalFortune"},{"floor":48,"key":"Du-Vu Doll"},{"floor":54,"key":"Blood Vial"}],"event_choices":[{"damage_healed":0,"gold_gain":0,"player_choice":"Ignored","damage_taken":0,"max_hp_gain":0,"max_hp_loss":0,"event_name":"Ghosts","floor":19,"gold_loss":0},{"damage_healed":0,"gold_gain":0,"player_choice":"Shed Blood","damage_taken":20,"max_hp_gain":5,"max_hp_loss":0,"event_name":"Forgotten Altar","floor":22,"gold_loss":0},{"damage_healed":29,"gold_gain":0,"player_choice":"Heal","damage_taken":0,"max_hp_gain":0,"max_hp_loss":0,"event_name":"The Library","floor":30,"gold_loss":0},{"damage_healed":0,"gold_gain":0,"player_choice":"Fight","damage_taken":0,"max_hp_gain":0,"max_hp_loss":0,"event_name":"MindBloom","floor":36,"gold_loss":0}],"is_beta":false,"boss_relics":[{"not_picked":["Runic Pyramid","halation:LoveArrow"],"picked":"Tiny House"},{"not_picked":["halation:CatFaceCupcake","halation:MonkeysPaw"],"picked":"Busted Crown"}],"items_purged_floors":[8,39,53],"is_endless":false,"potions_floor_spawned":[2,5,7,10,13,14,23,31,33,37,38,40,42,45],"ascension_level":0}}