{"host":"3d7yvplr5ovcyppx","time":1613719648,"event":{"mods":["AchievementEnabler","BaseMod","Hermit","Jorbs\u0027s Wanderer Trilogy","Minty Spire (QoL Compilation)","Quick Restart","Somnambulant","StSLib","The Cursed","The Disciple","The Servant 0.9.4"],"gold_per_floor":[113,129,129,147,147,147,190,215,215,215,250,268,268,268],"floor_reached":13,"language":"ENG","playtime":539,"items_purged":[],"score":109,"play_id":"92350dae-ccee-41d3-a5c0-69dc81e54627","local_time":"20210219125728","is_ascension_mode":true,"campfire_choices":[{"data":"Zap","floor":6,"key":"SMITH"},{"floor":10,"key":"REST"}],"circlet_count":0,"master_deck":["Strike_B","Strike_B","Strike_B","Strike_B","Defend_B","Defend_B","Defend_B","Defend_B","Zap+1","Dualcast","Gash","Gash","Aggregate","White Noise","Turbo","Heatsinks","Storm"],"relics":["Cracked Core","Golden Idol","Pocketwatch","Bottled Lightning","Shuriken"],"acts_visited":["Exordium"],"potions_floor_usage":[8,12,13],"damage_taken":[{"damage":0,"enemies":"2 Louse","floor":1,"turns":2},{"damage":5,"enemies":"Small Slimes","floor":2,"turns":3},{"damage":7,"enemies":"Jaw Worm","floor":4,"turns":2},{"damage":40,"enemies":"Gremlin Nob","floor":7,"turns":5},{"damage":24,"enemies":"Lots of Slimes","floor":8,"turns":4},{"damage":30,"enemies":"Lagavulin","floor":11,"turns":5},{"damage":0,"enemies":"3 Louse","floor":12,"turns":2},{"damage":10,"enemies":"3 Sentries","floor":13,"turns":1}],"seed_played":"-5677057820256781838","potions_obtained":[{"floor":7,"key":"Regen Potion"},{"floor":8,"key":"ColorlessPotion"},{"floor":11,"key":"SmokeBomb"},{"floor":12,"key":"Strength Potion"}],"is_trial":false,"path_per_floor":["M","M","?","M","?","R","E","M","T","R","E","M","E"],"character_chosen":"DEFECT","items_purchased":[],"campfire_rested":1,"item_purchase_floors":[],"current_hp_per_floor":[82,77,76,69,69,69,29,17,17,39,9,9,0,0],"gold":268,"neow_bonus":"TEN_PERCENT_HP_BONUS","is_daily":false,"chose_seed":false,"campfire_upgraded":1,"win_rate":0.0,"timestamp":1613719648,"path_taken":["M","M","?","M","?","R","E","M","T","R","E","M","E"],"items_purchased_type":[],"build_version":"2020-12-22","purchased_purges":0,"victory":false,"max_hp_per_floor":[82,82,76,76,76,76,76,76,76,76,76,76,76,76],"card_choices":[{"not_picked":["Stack","Rebound"],"picked":"Gash","floor":1},{"not_picked":["Static Discharge","Conserve Battery"],"picked":"Gash","floor":2},{"not_picked":["Hello World","Loop"],"picked":"Aggregate","floor":4},{"not_picked":["Fission","Beam Cell"],"picked":"White Noise","floor":7},{"not_picked":["Hologram","Coolheaded"],"picked":"Turbo","floor":8},{"not_picked":["Steam","Leap"],"picked":"Heatsinks","floor":11},{"not_picked":["Rebound","Sweeping Beam"],"picked":"Storm","floor":12}],"player_experience":78976,"relics_obtained":[{"floor":7,"key":"Pocketwatch"},{"floor":9,"key":"Bottled Lightning"},{"floor":11,"key":"Shuriken"}],"event_choices":[{"damage_healed":0,"gold_gain":0,"player_choice":"Lose Max HP","damage_taken":0,"relics_obtained":["Golden Idol"],"max_hp_gain":0,"max_hp_loss":6,"event_name":"Golden Idol","floor":3,"gold_loss":0},{"damage_healed":0,"gold_gain":0,"player_choice":"Ignored","damage_taken":0,"max_hp_gain":0,"max_hp_loss":0,"event_name":"Golden Wing","floor":5,"gold_loss":0}],"is_beta":false,"boss_relics":[],"items_purged_floors":[],"is_endless":false,"potions_floor_spawned":[7,8,11,12],"killed_by":"3 Sentries","ascension_level":3}}