{"host":"ljaiy5ygc2blx6r2","time":1613743209,"event":{"mods":["Act Like it!","Arknights","BaseMod","Better Vampires","Challenge The Spire","Colored Powertips","Conspire","HornydragonMod","Marisa（F雨　魔理沙）","Minty Spire (QoL Compilation)","Pale of the Ancients","Reimu（博丽灵梦）","Reliquary","Remilia（蕾米莉亚）","Replay The Spire","RumiaBox-露米娅的神秘盒子","SOS（斯巴达之子）","StSLib","TestMod","The Administrix","The Animator","The Bug Knight","The Cursed","The Gatherer","The IronCluck","The Runesmith","The Servant 0.9.4","UnlockEverythingMod","[IsaacMod]以撒尖塔","【功能Mod】聪明的最终Boss","【遗物卡牌】REMEMod","篝火指南"],"gold_per_floor":[112,124,135,235,635,667,667,695,695,770,770,334,334,186,186,186,186],"floor_reached":16,"language":"ZHS","playtime":484,"items_purged":["Strike_P"],"score":117,"play_id":"f5f18584-64da-464c-9b9a-6c4fbbe71fdb","local_time":"20210219220009","is_ascension_mode":true,"campfire_choices":[{"floor":7,"key":"REST"},{"floor":11,"key":"REST"}],"circlet_count":0,"master_deck":["Strike_P","Strike_P+1","Strike_P","Defend_P","Defend_P","Defend_P","Defend_P","Eruption","Vigilance","DoctorFetus","Burst","SashWhip","CutThroughFate","CutThroughFate+1","Wallop","Halt","LessonLearned","Alpha","Tantrum","Protect","BowlingBash+1","Scrawl","Study","EmptyMind"],"relics":["PureWater","testmod-TestBox","REME_ComplimentaryCards","testmod-RainbowHikingShoes","DoctorsRemote","NeowsBlessing","Baka","MagicDraw2","TeardropLocket","testmod-Déjàvu","testmod-RealStoneCalender","Orrery"],"acts_visited":["Exordium"],"potions_floor_usage":[6],"damage_taken":[{"damage":0,"enemies":"2 Louse","floor":1,"turns":1},{"damage":0,"enemies":"Cultist","floor":2,"turns":1},{"damage":0,"enemies":"Jaw Worm","floor":3,"turns":1},{"damage":42,"enemies":"Gremlin Nob","floor":6,"turns":3},{"damage":37,"enemies":"Lagavulin","floor":8,"turns":7},{"damage":51,"enemies":"Slime Boss","floor":16,"turns":3}],"seed_played":"-5883916892721448500","potions_obtained":[{"floor":2,"key":"Adrenaline Potion"}],"is_trial":false,"path_per_floor":["M","M","M","?","?","E","R","E","T","?","R","$","?","$","R","B"],"character_chosen":"WATCHER","items_purchased":["testmod-RealStoneCalender","Tantrum","Orrery"],"campfire_rested":2,"item_purchase_floors":[12,12,14],"current_hp_per_floor":[72,72,72,72,72,30,51,14,14,3,24,24,24,24,45,0,0],"gold":186,"neow_bonus":"THREE_ENEMY_KILL","is_daily":false,"chose_seed":false,"campfire_upgraded":0,"win_rate":0.0,"timestamp":1613743209,"path_taken":["M","M","M","?","?","E","R","E","T","?","R","?","?","$","R","BOSS"],"items_purchased_type":["Relic","Card","Relic"],"build_version":"2020-12-22","purchased_purges":1,"victory":false,"max_hp_per_floor":[72,72,72,72,72,72,72,72,72,72,72,72,72,72,72,72,72],"card_choices":[{"not_picked":[],"picked":"DoctorFetus","floor":0},{"not_picked":["Protect","Weave"],"picked":"SashWhip","floor":1},{"not_picked":["REME_Repentance","SashWhip"],"picked":"CutThroughFate","floor":2},{"not_picked":["Replay:ManipulateFuture","Worship"],"picked":"Wallop","floor":3},{"not_picked":["SashWhip","JustLucky"],"picked":"Halt","floor":4},{"not_picked":["EmptyFist","PathToVictory"],"picked":"LessonLearned","floor":6},{"not_picked":["REME_MusicOfDeath","ClearTheMind"],"picked":"Alpha","floor":8},{"not_picked":["WindmillStrike","Sanctity"],"picked":"Protect","floor":14},{"not_picked":["EmptyFist","Adaptation"],"picked":"BowlingBash","floor":14},{"not_picked":["Prostrate","Consecrate"],"picked":"Scrawl","floor":14},{"not_picked":["Sanctity","Worship"],"picked":"Study","floor":14},{"not_picked":["Crescendo","Worship"],"picked":"EmptyMind","floor":14}],"player_experience":226877,"relics_obtained":[{"floor":1,"key":"Baka"},{"floor":6,"key":"MagicDraw2"},{"floor":8,"key":"TeardropLocket"},{"floor":9,"key":"testmod-Déjàvu"}],"event_choices":[{"damage_healed":0,"gold_gain":400,"player_choice":"Sell","damage_taken":0,"max_hp_gain":0,"max_hp_loss":0,"event_name":"恩洛斯的盘子","floor":5,"relics_lost":["HushsDoor"],"gold_loss":0},{"damage_healed":0,"gold_gain":75,"player_choice":"Gather Gold","damage_taken":11,"max_hp_gain":0,"max_hp_loss":0,"event_name":"World of Goop","floor":10,"gold_loss":0},{"damage_healed":0,"gold_gain":0,"player_choice":"Ignored","damage_taken":0,"max_hp_gain":0,"max_hp_loss":0,"event_name":"给自己的盒子","floor":13,"gold_loss":0}],"is_beta":false,"boss_relics":[],"items_purged_floors":[12],"is_endless":false,"potions_floor_spawned":[2],"killed_by":"Slime Boss","ascension_level":2}}