{"host":"gpg7bsnoz2xmnozb","time":1613757428,"event":{"mods":["2.2 Compatiblity","AchievementEnabler","Act Like it!","Aspiration","BaseMod","Better Note","Better Third Choice","BetterRewards","Card Forge","Challenge The Spire","Colored Map","Colored Powertips","Conspire","DeckTracker","Downfall","Duelist Mod","Energized Spire","Friendly Minions","Gensokyo","GifTheSpireLib","Halation","Highlight Path","Hubris","Infinite Spire","Jorbs\u0027s Wanderer Trilogy","Marisa????????","Minty Spire (QoL Compilation)","Pale of the Ancients","Quick Restart","Rare Cards Sparkle","Relic Sorter","Relic Stats","Replay The Spire","Ruina","Shop Mod","Spicy Shops","Spikes Relics","StSLib","Stuff the Spire","SuperFastMode","Synergy Search","The Wild Card"],"gold_per_floor":[144,144,144,144,144,144,155,281,326,326,326],"floor_reached":10,"language":"ENG","playtime":736,"items_purged":[],"score":64,"play_id":"ab847de4-c2aa-48a4-ad3d-1760c67d70b1","local_time":"20210219155708","is_ascension_mode":false,"campfire_choices":[],"circlet_count":0,"master_deck":["theDuelist:BeaverWarrior","theDuelist:BeaverWarrior","theDuelist:CastleWalls","theDuelist:CastleWalls","theDuelist:FinalFlame","theDuelist:GiantSoldier","theDuelist:GiantSoldier","theDuelist:ScrapFactory","theDuelist:Sparks","theDuelist:Sparks","theDuelist:MythicalBeast","Clumsy","theDuelist:DeltaMagnet","theDuelist:WormKing","theDuelist:RainbowNeos"],"relics":["theDuelist:MillenniumPuzzle","hubris:Icosahedron","Gensokyo:NagashiBinaDoll","theDuelist:CardPoolRelic","theDuelist:CardPoolBasicRelic","theDuelist:BoosterPackPoolRelic","theDuelist:CardPoolAddRelic","theDuelist:CardPoolMinusRelic","theDuelist:CardPoolSaveRelic","theDuelist:CardPoolOptionsRelic","Hammer of Thor","Seething Fire","Anvil of the Gods","Matryoshka","Dream Catcher","hubris:ToyBattleship"],"acts_visited":["Gensokyo:Gensokyo"],"potions_floor_usage":[],"damage_taken":[{"damage":4,"enemies":"Gensokyo:3_Fairies","floor":1,"turns":5},{"damage":10,"enemies":"Gensokyo:2_Kodama","floor":7,"turns":4},{"damage":7,"enemies":"Gensokyo:Mamizou","floor":8,"turns":9},{"damage":33,"enemies":"Gensokyo:Cirno","floor":10,"turns":7}],"seed_played":"-4880535309050224717","potions_obtained":[{"floor":8,"key":"Languid Potion"}],"is_trial":false,"path_per_floor":["M","?","?","PTL","PTL","?","M","E","T","E"],"character_chosen":"THE_DUELIST","items_purchased":[],"campfire_rested":0,"item_purchase_floors":[],"current_hp_per_floor":[84,84,84,84,84,84,74,67,67,34,34],"gold":326,"neow_bonus":"TEN_PERCENT_HP_BONUS","is_daily":false,"chose_seed":false,"campfire_upgraded":0,"win_rate":0.0,"timestamp":1613757428,"path_taken":["M","?","?","PTL","PTL","?","?","E","?","E"],"items_purchased_type":[],"build_version":"2020-12-22","purchased_purges":0,"victory":false,"max_hp_per_floor":[88,88,88,88,88,88,88,88,88,88,88],"relic_stats":{"Dream Catcher":0,"counters":[4,25],"obtain_stats":[{"Hammer of Thor":0,"Gensokyo:NagashiBinaDoll":2,"theDuelist:MillenniumPuzzle":0,"theDuelist:CardPoolSaveRelic":0,"Seething Fire":0,"theDuelist:BoosterPackPoolRelic":0,"theDuelist:CardPoolMinusRelic":0,"Dream Catcher":9,"hubris:Icosahedron":6,"Matryoshka":8,"Anvil of the Gods":0,"theDuelist:CardPoolBasicRelic":0,"theDuelist:CardPoolAddRelic":0,"theDuelist:CardPoolOptionsRelic":0,"hubris:ToyBattleship":9,"theDuelist:CardPoolRelic":0},{"Hammer of Thor":0,"Gensokyo:NagashiBinaDoll":1,"theDuelist:MillenniumPuzzle":0,"theDuelist:CardPoolSaveRelic":0,"Seething Fire":0,"theDuelist:BoosterPackPoolRelic":0,"theDuelist:CardPoolMinusRelic":0,"Dream Catcher":3,"hubris:Icosahedron":1,"Matryoshka":3,"Anvil of the Gods":0,"theDuelist:CardPoolBasicRelic":0,"theDuelist:CardPoolAddRelic":0,"theDuelist:CardPoolOptionsRelic":0,"hubris:ToyBattleship":3,"theDuelist:CardPoolRelic":0},{"Hammer of Thor":0,"Gensokyo:NagashiBinaDoll":5,"theDuelist:MillenniumPuzzle":0,"theDuelist:CardPoolSaveRelic":0,"Seething Fire":0,"theDuelist:BoosterPackPoolRelic":0,"theDuelist:CardPoolMinusRelic":0,"Dream Catcher":18,"hubris:Icosahedron":5,"Matryoshka":18,"Anvil of the Gods":0,"theDuelist:CardPoolBasicRelic":0,"theDuelist:CardPoolAddRelic":0,"theDuelist:CardPoolOptionsRelic":0,"hubris:ToyBattleship":18,"theDuelist:CardPoolRelic":0}]},"card_choices":[{"not_picked":["theDuelist:SpellShatteringArrow","theDuelist:CoreBlaster","theDuelist:BigFire","theDuelist:RainbowNeos"],"picked":"theDuelist:MythicalBeast","floor":1},{"not_picked":["theDuelist:BattleOx","theDuelist:EarthquakeGiant","theDuelist:GaiaMidNightSun","theDuelist:LightningRodLord"],"picked":"theDuelist:WormKing","floor":7},{"not_picked":["theDuelist:WormApocalypse","theDuelist:SpiritHarp","theDuelist:Tuningware","theDuelist:Reinforcements"],"picked":"theDuelist:RainbowNeos","floor":8}],"player_experience":14981,"relics_obtained":[{"floor":8,"key":"Matryoshka"},{"floor":9,"key":"Dream Catcher"},{"floor":9,"key":"hubris:ToyBattleship"}],"event_choices":[{"damage_healed":0,"gold_gain":0,"player_choice":"Delta Electro","duelist":true,"damage_taken":0,"max_hp_gain":0,"max_hp_loss":0,"event_name":"Egyptian Village","floor":3,"gold_loss":0,"cards_obtained":["Delta Electromagnet Warrior"]}],"is_beta":false,"boss_relics":[],"items_purged_floors":[],"is_endless":false,"potions_floor_spawned":[8],"killed_by":"Gensokyo:Cirno","ascension_level":0}}