{"host":"neeznpvpgo0qgfkd","time":1613748480,"event":{"mods":["AchievementEnabler","BaseMod","BetterRewards","Colored Map","Colored Powertips","Exacting","Minty Spire (QoL Compilation)","Permanent Neow","Quick Restart","Shop Mod"],"gold_per_floor":[114,189,207,217,245,293,307,332,332,360,360,360,360],"floor_reached":12,"language":"ENG","playtime":622,"items_purged":[],"score":140,"play_id":"5c11bcb5-494d-4837-8130-549c1dfa4ad9","local_time":"20210219102800","is_ascension_mode":true,"campfire_choices":[],"circlet_count":0,"master_deck":["Strike_R","Strike_R","Strike_R","Strike_R","Strike_R","Defend_R","Defend_R","Defend_R","Defend_R","Bash","Reckless Charge+1","Whirlwind+1","Clash+1","Blood for Blood+1","Rampage+1","Cleave+1","Shrug It Off","Armaments","Twin Strike+1","Injury"],"relics":["Burning Blood","Molten Egg 2","Kunai","Ginger","TheAbacus","Smiling Mask","Akabeko","Regal Pillow","Golden Idol"],"acts_visited":["Exordium"],"potions_floor_usage":[10,10,12],"damage_taken":[{"damage":1,"enemies":"Cultist","floor":1,"turns":3},{"damage":9,"enemies":"2 Louse","floor":3,"turns":2},{"damage":12,"enemies":"Jaw Worm","floor":4,"turns":2},{"damage":0,"enemies":"Exordium Thugs","floor":5,"turns":2},{"damage":15,"enemies":"3 Sentries","floor":6,"turns":6},{"damage":24,"enemies":"Exordium Wildlife","floor":7,"turns":2},{"damage":19,"enemies":"Lagavulin","floor":8,"turns":5},{"damage":16,"enemies":"Gremlin Nob","floor":10,"turns":3},{"damage":24,"enemies":"Lagavulin","floor":12,"turns":3}],"seed_played":"1468498669540184775","potions_obtained":[{"floor":1,"key":"ElixirPotion"},{"floor":6,"key":"Swift Potion"},{"floor":7,"key":"DuplicationPotion"},{"floor":8,"key":"BlessingOfTheForge"}],"is_trial":false,"path_per_floor":["M","?","M","M","M","E","M","E","T","E","?","E"],"character_chosen":"IRONCLAD","items_purchased":["Molten Egg 2","Kunai","TheAbacus"],"campfire_rested":0,"item_purchase_floors":[0,0,0],"current_hp_per_floor":[77,66,63,57,63,54,36,23,23,13,13,0,0],"gold":360,"neow_bonus":"","is_daily":false,"chose_seed":false,"campfire_upgraded":0,"win_rate":0.0,"timestamp":1613748480,"path_taken":["M","?","M","M","M","E","M","E","T","E","?","E"],"items_purchased_type":["Relic","Relic","Relic"],"build_version":"2020-12-22","purchased_purges":0,"victory":false,"max_hp_per_floor":[80,80,80,80,80,80,80,80,80,80,80,80,80],"card_choices":[{"not_picked":["Wild Strike+1","Seeing Red"],"picked":"Reckless Charge+1","floor":1},{"not_picked":["Clothesline+1","Power Through"],"picked":"Whirlwind+1","floor":3},{"not_picked":["Headbutt+1","Sever Soul+1"],"picked":"Clash+1","floor":4},{"not_picked":["Pummel+1","Uppercut+1"],"picked":"Blood for Blood+1","floor":5},{"not_picked":["Brutality","Impervious"],"picked":"Rampage+1","floor":6},{"not_picked":["Clothesline+1","Heavy Blade+1"],"picked":"Cleave+1","floor":7},{"not_picked":["Heavy Blade+1","Perfected Strike+1"],"picked":"Shrug It Off","floor":7},{"not_picked":["Clothesline+1","Barricade"],"picked":"Armaments","floor":8},{"not_picked":["Shrug It Off","Sentinel"],"picked":"Twin Strike+1","floor":10}],"player_experience":1428866,"relics_obtained":[{"floor":6,"key":"Smiling Mask"},{"floor":8,"key":"Akabeko"},{"floor":10,"key":"Regal Pillow"}],"event_choices":[{"damage_healed":0,"gold_gain":75,"player_choice":"Gather Gold","damage_taken":11,"max_hp_gain":0,"max_hp_loss":0,"event_name":"World of Goop","floor":2,"gold_loss":0},{"damage_healed":0,"gold_gain":0,"player_choice":"Take Wound","damage_taken":0,"relics_obtained":["Golden Idol"],"max_hp_gain":0,"max_hp_loss":0,"event_name":"Golden Idol","floor":11,"gold_loss":0,"cards_obtained":["Injury"]}],"is_beta":false,"boss_relics":[],"items_purged_floors":[],"is_endless":false,"potions_floor_spawned":[1,6,7,8],"killed_by":"Lagavulin","ascension_level":8}}