{"host":"wshey5htrz8rni6u","time":1613745912,"event":{"mods":["2.2 Compatiblity","BaseMod","Block Reminder","Colored Map","Colored Powertips","Current Relic Mod","Curses Come First","Dark Map","Key Reminder","Keyboard Shortcuts","Minty Spire (QoL Compilation)","Potion Indicator Mod","Quick Restart","Random Character Button","Relic Sorter","Relic Stats","StSLib","SuperFastMode","Unceasing Turn Reminder","UnlockEverythingMod","Weighted Paths"],"gold_per_floor":[114,289,303,315,2,2,27,27,27,45,45,76,90,16,16,115,415,428,256,272,93,93,124,124,159,185,200,217,217,217,217],"floor_reached":30,"language":"ENG","playtime":1522,"items_purged":["Doubt","Strike_G"],"score":389,"play_id":"c5ce4ad9-e6ab-438c-ac37-7450072fc216","local_time":"20210219064512","is_ascension_mode":true,"campfire_choices":[{"data":"Infinite Blades","floor":6,"key":"SMITH"},{"data":"Footwork","floor":8,"key":"SMITH"},{"data":"A Thousand Cuts","floor":15,"key":"SMITH"}],"circlet_count":0,"master_deck":["Strike_G","Strike_G","Strike_G","Strike_G","Defend_G","Defend_G","Defend_G","Defend_G","Defend_G","Survivor","Neutralize+1","Skewer","Footwork+1","Blade Dance","Infinite Blades+1","Infinite Blades","Terror","Well Laid Plans","Concentrate","A Thousand Cuts+1","Dodge and Roll","Deflect","Leg Sweep","Backflip","Envenom","CurseOfTheBell","Noxious Fumes+1","Well Laid Plans","Burst","Decay","All Out Attack","Footwork","Quick Slash+1","Finisher"],"relics":["Membership Card","Mummified Hand","Ice Cream","Pocketwatch","CultistMask","Pear","Orrery","Calling Bell","Happy Flower","Shuriken","Old Coin","ClockworkSouvenir","Eternal Feather","Orichalcum","Mercury Hourglass","keyreminder:keyreminder","Nloth\u0027s Gift"],"acts_visited":["Exordium","TheCity"],"potions_floor_usage":[10,10,16,23,25,30],"damage_taken":[{"damage":1,"enemies":"Small Slimes","floor":1,"turns":4},{"damage":3,"enemies":"Jaw Worm","floor":3,"turns":4},{"damage":5,"enemies":"Cultist","floor":4,"turns":4},{"damage":19,"enemies":"3 Sentries","floor":7,"turns":10},{"damage":0,"enemies":"Exordium Thugs","floor":10,"turns":4},{"damage":7,"enemies":"Lagavulin","floor":12,"turns":5},{"damage":2,"enemies":"2 Fungi Beasts","floor":13,"turns":4},{"damage":5,"enemies":"Slime Boss","floor":16,"turns":5},{"damage":7,"enemies":"3 Byrds","floor":18,"turns":4},{"damage":22,"enemies":"Spheric Guardian","floor":20,"turns":4},{"damage":6,"enemies":"Gremlin Leader","floor":23,"turns":4},{"damage":28,"enemies":"Book of Stabbing","floor":25,"turns":4},{"damage":12,"enemies":"Snecko","floor":27,"turns":4},{"damage":0,"enemies":"Chosen and Byrds","floor":28,"turns":4},{"damage":20,"enemies":"Gremlin Leader","floor":30,"turns":2}],"seed_played":"4282735076118279874","potions_obtained":[{"floor":1,"key":"FearPotion"},{"floor":7,"key":"SteroidPotion"},{"floor":12,"key":"SteroidPotion"},{"floor":13,"key":"DuplicationPotion"},{"floor":23,"key":"LiquidBronze"},{"floor":27,"key":"SteroidPotion"}],"is_trial":false,"path_per_floor":["M","?","M","M","$","R","E","R","T","M","?","E","M","$","R","B",null,"M","$","M","$","?","E","?","E","T","M","M","?","E"],"character_chosen":"THE_SILENT","items_purchased":["Membership Card","Infinite Blades","Mummified Hand","Orrery","ClockworkSouvenir","SteroidPotion","Well Laid Plans","Eternal Feather"],"campfire_rested":0,"item_purchase_floors":[5,5,5,14,19,19,19,21],"current_hp_per_floor":[62,62,59,54,54,54,35,35,35,35,35,38,36,36,36,31,68,61,61,39,39,39,33,59,31,31,19,19,19,0,0],"gold":217,"neow_bonus":"UPGRADE_CARD","is_daily":false,"chose_seed":false,"campfire_upgraded":3,"win_rate":0.0,"timestamp":1613745912,"path_taken":["M","?","M","M","$","R","E","R","T","M","?","E","M","$","R","BOSS","M","$","?","$","?","E","?","E","T","M","M","?","E"],"items_purchased_type":["Relic","Card","Relic","Relic","Relic","Potion","Card","Relic"],"build_version":"2020-12-13","purchased_purges":2,"victory":false,"max_hp_per_floor":[70,70,70,70,70,70,70,70,70,70,70,80,80,80,80,80,80,80,80,80,80,80,80,80,80,80,80,80,80,80,80],"relic_stats":{"Happy Flower":[8],"counters":[15,66],"Mummified Hand":[58],"Shuriken":[14],"Eternal Feather":0,"Nloth\u0027s Gift":0,"Orichalcum":[12],"obtain_stats":[{"Ice Cream":7,"Pear":12,"Happy Flower":17,"Eternal Feather":21,"Orichalcum":23,"Old Coin":17,"ClockworkSouvenir":19,"Mercury Hourglass":25,"Calling Bell":17,"keyreminder:keyreminder":26,"Mummified Hand":5,"Shuriken":17,"Orrery":14,"CultistMask":11,"Nloth\u0027s Gift":29,"Membership Card":5,"Ring of the Snake":0,"Pocketwatch":9},{"Ice Cream":4,"Pear":6,"Happy Flower":8,"Eternal Feather":10,"Orichalcum":11,"Old Coin":8,"ClockworkSouvenir":9,"Mercury Hourglass":12,"Calling Bell":8,"keyreminder:keyreminder":12,"Mummified Hand":3,"Shuriken":8,"Orrery":7,"CultistMask":5,"Nloth\u0027s Gift":14,"Membership Card":3,"Ring of the Snake":0,"Pocketwatch":4},{"Ice Cream":22,"Pear":31,"Happy Flower":40,"Eternal Feather":48,"Orichalcum":52,"Old Coin":40,"ClockworkSouvenir":44,"Mercury Hourglass":56,"Calling Bell":40,"keyreminder:keyreminder":56,"Mummified Hand":12,"Shuriken":40,"Orrery":35,"CultistMask":26,"Nloth\u0027s Gift":64,"Membership Card":12,"Ring of the Snake":0,"Pocketwatch":22}],"Pocketwatch":[9],"Mercury Hourglass":[45]},"card_choices":[{"not_picked":["Flechettes","Dagger Spray"],"picked":"Skewer","floor":1},{"not_picked":["Poisoned Stab","Sucker Punch"],"picked":"Footwork","floor":3},{"not_picked":["Deadly Poison","Prepared"],"picked":"Blade Dance","floor":4},{"not_picked":["Quick Slash","Leg Sweep"],"picked":"Infinite Blades","floor":7},{"not_picked":["Outmaneuver","All Out Attack"],"picked":"Terror","floor":10},{"not_picked":["Riddle With Holes","Eviscerate"],"picked":"Well Laid Plans","floor":12},{"not_picked":["Sucker Punch","Cloak And Dagger"],"picked":"Concentrate","floor":13},{"not_picked":["Flechettes","Outmaneuver"],"picked":"A Thousand Cuts","floor":14},{"not_picked":["Flying Knee","Catalyst"],"picked":"Dodge and Roll","floor":14},{"not_picked":["Flechettes","Acrobatics"],"picked":"Deflect","floor":14},{"not_picked":["Crippling Poison","Predator"],"picked":"Leg Sweep","floor":14},{"not_picked":["Reflex","Expertise"],"picked":"Backflip","floor":14},{"not_picked":["Glass Knife","Tools of the Trade"],"picked":"Envenom","floor":16},{"not_picked":["All Out Attack","Endless Agony"],"picked":"Noxious Fumes+1","floor":18},{"not_picked":["PiercingWail+1","Flechettes"],"picked":"Burst","floor":20},{"not_picked":["Sucker Punch+1","Deadly Poison"],"picked":"All Out Attack","floor":23},{"not_picked":["Dodge and Roll","Prepared+1"],"picked":"Footwork","floor":25},{"not_picked":["Cloak And Dagger","Eviscerate"],"picked":"Quick Slash+1","floor":27},{"not_picked":["Slice","Blur"],"picked":"Finisher","floor":28}],"player_experience":141053,"relics_obtained":[{"floor":7,"key":"Ice Cream"},{"floor":9,"key":"Pocketwatch"},{"floor":12,"key":"Pear"},{"floor":17,"key":"Happy Flower"},{"floor":17,"key":"Shuriken"},{"floor":17,"key":"Old Coin"},{"floor":23,"key":"Orichalcum"},{"floor":25,"key":"Mercury Hourglass"}],"event_choices":[{"damage_healed":0,"gold_gain":175,"player_choice":"AGREE","damage_taken":0,"max_hp_gain":0,"max_hp_loss":0,"event_name":"Liars Game","floor":2,"gold_loss":0,"cards_obtained":["Doubt"]},{"damage_healed":0,"gold_gain":0,"player_choice":"Trade","damage_taken":0,"relics_obtained":["CultistMask"],"max_hp_gain":0,"max_hp_loss":0,"event_name":"FaceTrader","floor":11,"gold_loss":0},{"damage_healed":0,"gold_gain":0,"player_choice":"Smashed Altar","damage_taken":0,"max_hp_gain":0,"max_hp_loss":0,"event_name":"Forgotten Altar","floor":22,"gold_loss":0,"cards_obtained":["Decay"]},{"damage_healed":26,"gold_gain":0,"player_choice":"Heal","damage_taken":0,"max_hp_gain":0,"max_hp_loss":0,"event_name":"The Library","floor":24,"gold_loss":0},{"damage_healed":0,"gold_gain":0,"player_choice":"Traded Relic","damage_taken":0,"relics_obtained":["Nloth\u0027s Gift"],"max_hp_gain":0,"max_hp_loss":0,"event_name":"N\u0027loth","floor":29,"relics_lost":["Ring of the Snake"],"gold_loss":0}],"is_beta":false,"boss_relics":[{"not_picked":["Philosopher\u0027s Stone","SlaversCollar"],"picked":"Calling Bell"}],"items_purged_floors":[19,21],"is_endless":false,"potions_floor_spawned":[1,7,12,13,23,27],"killed_by":"Gremlin Leader","ascension_level":8}}