{"host":"kp5m5tbwfn2imaek","time":1613704440,"event":{"mods":["AchievementEnabler","BaseMod","Bestiary","Minty Spire (QoL Compilation)","Relic Stats"],"gold_per_floor":[118,133,146,146,162,162,179,179,203,235,235,235,235,268,268,343,343,363,363,378,180,194,194,205,239,239,239,259,259,259,300,300,381,381,401,410,429,129,146,184,204,235,535,577,597,507,507,525,525,525],"floor_reached":51,"language":"ENG","playtime":2720,"items_purged":["Strike_G","Reflex"],"score":1596,"play_id":"8731f433-294c-45e3-85a5-21694dcda66c","local_time":"20210218221400","is_ascension_mode":true,"campfire_choices":[{"data":"Blade Dance","floor":6,"key":"SMITH"},{"data":"Blade Dance","floor":8,"key":"SMITH"},{"data":"Neutralize","floor":11,"key":"SMITH"},{"data":"Quick Slash","floor":13,"key":"SMITH"},{"data":"Phantasmal Killer","floor":15,"key":"SMITH"},{"data":"Accuracy","floor":23,"key":"SMITH"},{"data":"Adrenaline","floor":27,"key":"SMITH"},{"data":"Footwork","floor":32,"key":"SMITH"},{"data":"Wraith Form v2","floor":47,"key":"SMITH"},{"data":"After Image","floor":49,"key":"SMITH"}],"circlet_count":0,"master_deck":["AscendersBane","Strike_G+1","Strike_G+1","Defend_G+1","Defend_G+1","Defend_G+1","Defend_G+1","Defend_G+1","Survivor","Neutralize+1","After Image+1","Blade Dance+1","Dagger Spray","Quick Slash+1","Blade Dance+1","Escape Plan","Deflect","Phantasmal Killer+1","Adrenaline+1","Acrobatics","Accuracy+1","Escape Plan","Blade Dance+1","Noxious Fumes","Footwork+1","Wraith Form v2+1","Backflip","Footwork","Trip","Outmaneuver+1","Cloak And Dagger+1","PiercingWail","PiercingWail"],"relics":["Ring of the Snake","Happy Flower","Lantern","SacredBark","Toy Ornithopter","CeramicFish","Shovel","Mummified Hand","Runic Pyramid","Tingsha","Vajra","Old Coin","Torii"],"acts_visited":["Exordium","TheCity","TheBeyond"],"potions_floor_usage":[16,24,38,50,50],"damage_taken":[{"damage":1,"enemies":"2 Louse","floor":1,"turns":3},{"damage":0,"enemies":"Jaw Worm","floor":2,"turns":4},{"damage":0,"enemies":"Cultist","floor":3,"turns":3},{"damage":0,"enemies":"2 Fungi Beasts","floor":5,"turns":3},{"damage":1,"enemies":"Blue Slaver","floor":7,"turns":4},{"damage":18,"enemies":"Gremlin Nob","floor":10,"turns":5},{"damage":5,"enemies":"3 Sentries","floor":14,"turns":9},{"damage":25,"enemies":"Hexaghost","floor":16,"turns":10},{"damage":2,"enemies":"Spheric Guardian","floor":18,"turns":3},{"damage":0,"enemies":"Chosen","floor":20,"turns":4},{"damage":28,"enemies":"Snecko","floor":22,"turns":7},{"damage":0,"enemies":"Centurion and Healer","floor":24,"turns":2},{"damage":0,"enemies":"Gremlin Leader","floor":25,"turns":5},{"damage":0,"enemies":"Sentry and Sphere","floor":28,"turns":2},{"damage":8,"enemies":"Slavers","floor":31,"turns":3},{"damage":0,"enemies":"Collector","floor":33,"turns":6},{"damage":2,"enemies":"Orb Walker","floor":35,"turns":4},{"damage":0,"enemies":"3 Darklings","floor":37,"turns":3},{"damage":0,"enemies":"Maw","floor":39,"turns":6},{"damage":0,"enemies":"Giant Head","floor":40,"turns":7},{"damage":1,"enemies":"Sphere and 2 Shapes","floor":41,"turns":5},{"damage":6,"enemies":"Nemesis","floor":42,"turns":5},{"damage":0,"enemies":"Giant Head","floor":44,"turns":6},{"damage":4,"enemies":"Writhing Mass","floor":45,"turns":7},{"damage":15,"enemies":"Jaw Worm Horde","floor":48,"turns":4},{"damage":0,"enemies":"Donu and Deca","floor":50,"turns":8}],"seed_played":"-1659336272843079686","potions_obtained":[{"floor":3,"key":"LiquidMemories"},{"floor":10,"key":"LiquidMemories"},{"floor":24,"key":"SkillPotion"},{"floor":31,"key":"Weak Potion"},{"floor":35,"key":"Fruit Juice"},{"floor":42,"key":"PowerPotion"}],"is_trial":false,"path_per_floor":["M","M","M","?","M","R","M","R","T","E","R","?","R","E","R","B",null,"M","?","M","$","M","R","M","E","T","R","M","?","T","E","R","B",null,"M","?","M","$","M","E","M","E","T","E","M","?","R","M","R","B",null],"character_chosen":"THE_SILENT","items_purchased":["Accuracy","Fire Potion","Footwork","Trip","ColorlessPotion"],"campfire_rested":0,"item_purchase_floors":[21,21,38,38,38],"current_hp_per_floor":[62,62,62,62,62,62,61,61,61,43,43,70,70,65,65,40,63,61,61,61,61,33,33,33,33,33,33,33,33,33,25,25,25,59,57,57,57,72,72,72,71,65,65,65,61,61,61,46,46,56],"gold":525,"neow_bonus":"ONE_RANDOM_RARE_CARD","is_daily":false,"chose_seed":false,"campfire_upgraded":10,"win_rate":0.0,"timestamp":1613704440,"path_taken":["M","M","M","?","M","R","M","R","T","E","R","?","R","E","R","BOSS","M","?","M","$","M","R","M","E","T","R","M","?","?","E","R","BOSS","M","?","M","$","M","E","M","E","T","E","?","?","R","M","R","BOSS"],"items_purchased_type":["Card","Potion","Card","Card","Potion"],"build_version":"2020-12-22","purchased_purges":2,"victory":true,"max_hp_per_floor":[70,70,70,70,70,70,70,70,70,70,70,70,70,70,70,70,70,70,70,70,70,70,70,70,70,70,70,70,70,70,70,70,70,70,70,70,70,80,80,80,80,80,80,80,80,80,80,80,80,80],"relic_stats":{"Shovel":0,"Happy Flower":[35],"Torii":9,"counters":[26,128],"Mummified Hand":[68],"CeramicFish":99,"Tingsha":[18],"obtain_stats":[{"Lantern":14,"Happy Flower":10,"Torii":44,"SacredBark":17,"CeramicFish":26,"Vajra":42,"Tingsha":40,"Old Coin":43,"Shovel":30,"Mummified Hand":31,"Toy Ornithopter":25,"Ring of the Snake":0,"Runic Pyramid":34},{"Lantern":7,"Happy Flower":6,"Torii":23,"SacredBark":8,"CeramicFish":13,"Vajra":22,"Tingsha":20,"Old Coin":22,"Shovel":14,"Mummified Hand":15,"Toy Ornithopter":13,"Ring of the Snake":0,"Runic Pyramid":16},{"Lantern":31,"Happy Flower":22,"Torii":109,"SacredBark":41,"CeramicFish":62,"Vajra":103,"Tingsha":93,"Old Coin":103,"Shovel":64,"Mummified Hand":67,"Toy Ornithopter":62,"Ring of the Snake":0,"Runic Pyramid":73}],"Toy Ornithopter":15,"Ring of the Snake":[52]},"card_choices":[{"not_picked":["Deadly Poison","Heel Hook"],"picked":"Blade Dance","floor":1},{"not_picked":["Poisoned Stab","Bane"],"picked":"Dagger Spray","floor":2},{"not_picked":["Deflect","Blur"],"picked":"Quick Slash","floor":3},{"not_picked":["Outmaneuver","Backstab"],"picked":"Blade Dance","floor":5},{"not_picked":["Acrobatics","Prepared"],"picked":"Escape Plan","floor":7},{"not_picked":["Expertise","Riddle With Holes"],"picked":"Deflect","floor":10},{"not_picked":["Bane","Quick Slash"],"picked":"Phantasmal Killer","floor":14},{"not_picked":["Venomology","Grand Finale"],"picked":"Adrenaline","floor":16},{"not_picked":["Outmaneuver","Tactician"],"picked":"Acrobatics","floor":18},{"not_picked":["Quick Slash","Flying Knee","Deflect"],"picked":"SKIP","floor":20},{"not_picked":["Deadly Poison+1","Cloak And Dagger","Sucker Punch"],"picked":"SKIP","floor":22},{"not_picked":["Dagger Spray+1","Endless Agony"],"picked":"Escape Plan","floor":24},{"not_picked":["Bullet Time","Bane"],"picked":"Blade Dance","floor":25},{"not_picked":["Dagger Spray+1","Noxious Fumes","Masterful Stab"],"picked":"SKIP","floor":28},{"not_picked":["Dagger Spray+1","Masterful Stab"],"picked":"Noxious Fumes","floor":28},{"not_picked":["Choke","Acrobatics"],"picked":"Footwork","floor":31},{"not_picked":["Tools of the Trade","Night Terror"],"picked":"Wraith Form v2","floor":33},{"not_picked":["Poisoned Stab+1","Underhanded Strike"],"picked":"Backflip","floor":35},{"not_picked":["Prepared","Dodge and Roll","Blade Dance"],"picked":"SKIP","floor":37},{"not_picked":["Poisoned Stab+1","Eviscerate","Deflect"],"picked":"SKIP","floor":39},{"not_picked":["Poisoned Stab+1","Eviscerate","Deflect"],"picked":"SKIP","floor":39},{"not_picked":["Dodge and Roll","Glass Knife"],"picked":"Outmaneuver+1","floor":40},{"not_picked":["Dagger Spray","Acrobatics"],"picked":"Cloak And Dagger+1","floor":41},{"not_picked":["Storm of Steel","Tactician","Underhanded Strike"],"picked":"SKIP","floor":42},{"not_picked":["Acrobatics","Backflip"],"picked":"PiercingWail","floor":44},{"not_picked":["Dodge and Roll","Underhanded Strike"],"picked":"PiercingWail","floor":45},{"not_picked":["Endless Agony","PiercingWail+1","Prepared"],"picked":"SKIP","floor":48}],"player_experience":745466,"relics_obtained":[{"floor":10,"key":"Happy Flower"},{"floor":14,"key":"Lantern"},{"floor":25,"key":"Toy Ornithopter"},{"floor":26,"key":"CeramicFish"},{"floor":30,"key":"Shovel"},{"floor":31,"key":"Mummified Hand"},{"floor":40,"key":"Tingsha"},{"floor":42,"key":"Vajra"},{"floor":43,"key":"Old Coin"},{"floor":44,"key":"Torii"}],"event_choices":[{"damage_healed":0,"gold_gain":0,"player_choice":"Ignored","damage_taken":0,"max_hp_gain":0,"max_hp_loss":0,"event_name":"Liars Game","floor":4,"gold_loss":0},{"damage_healed":27,"gold_gain":0,"player_choice":"Full Heal","damage_taken":0,"max_hp_gain":0,"max_hp_loss":0,"event_name":"Wheel of Change","floor":12,"gold_loss":0},{"damage_healed":0,"gold_gain":0,"player_choice":"Ignored","damage_taken":0,"max_hp_gain":0,"max_hp_loss":0,"event_name":"Ghosts","floor":19,"gold_loss":0},{"damage_healed":0,"gold_gain":0,"player_choice":"Simplicity","damage_taken":0,"max_hp_gain":0,"max_hp_loss":0,"event_name":"Back to Basics","floor":29,"gold_loss":0,"cards_upgraded":["Strike_G","Strike_G","Strike_G","Strike_G","Defend_G","Defend_G","Defend_G","Defend_G","Defend_G"]},{"damage_healed":0,"gold_gain":0,"cards_transformed":["Strike_G"],"player_choice":"Transformed","damage_taken":0,"max_hp_gain":0,"max_hp_loss":0,"event_name":"Transmorgrifier","floor":36,"gold_loss":0,"cards_obtained":["Reflex"]},{"cards_removed":["Strike_G"],"damage_healed":0,"gold_gain":0,"player_choice":"Upgrade and Remove","damage_taken":0,"max_hp_gain":0,"max_hp_loss":0,"event_name":"Designer","floor":46,"gold_loss":90,"cards_upgraded":["Blade Dance"]}],"is_beta":false,"boss_relics":[{"not_picked":["HoveringKite","Sozu"],"picked":"SacredBark"},{"not_picked":["Black Star","Astrolabe"],"picked":"Runic Pyramid"}],"items_purged_floors":[21,38],"is_endless":false,"potions_floor_spawned":[3,10,22,24,28,31,35,39,42],"ascension_level":13}}