{"host":"6qo42zgaknezulyg","time":1613745052,"event":{"mods":["2.2 Compatiblity","BaseMod","Better Altar","Colored Map","Faster Ascension Climbing","Highlight Path","Keyboard Shortcuts","Minty Spire (QoL Compilation)","Permanent Neow","Quick Restart","Shapeshifter Mod","StSLib","SuperFastMode"],"gold_per_floor":[118,193,118,130,130,130,159,159,184,215,115,115,115,135,135,229,229,244,244,244,267,267,267,290,290,313,313,326,344,59,74,74,74,74],"floor_reached":33,"language":"ENG","playtime":1649,"items_purged":["StSShapeShifter:ShapeShifter_Strike","StSShapeShifter:ShapeShifter_Strike","StSShapeShifter:ShapeShifter_Strike"],"score":502,"play_id":"190b8fef-0a85-4d70-ae16-db27798e56f8","local_time":"20210219233052","is_ascension_mode":true,"campfire_choices":[{"data":"StSShapeShifter:ReplenishingNectar","floor":6.0,"key":"SMITH"},{"floor":8.0,"key":"REST"},{"data":"StSShapeShifter:Ensconce","floor":12.0,"key":"SMITH"},{"data":"StSShapeShifter:Sap_Burst","floor":15.0,"key":"SMITH"},{"data":"StSShapeShifter:Pounce","floor":23.0,"key":"SMITH"},{"floor":27.0,"key":"REST"},{"data":"StSShapeShifter:PorcupineForm","floor":32.0,"key":"SMITH"}],"circlet_count":0,"master_deck":["AscendersBane","StSShapeShifter:ShapeShifter_Strike","StSShapeShifter:ShapeShifter_Defend","StSShapeShifter:ShapeShifter_Defend","StSShapeShifter:ShapeShifter_Defend","StSShapeShifter:ShapeShifter_Defend","StSShapeShifter:ShapeShifter_Defend","StSShapeShifter:Tortoise_Form+1","StSShapeShifter:Sap_Burst+1","StSShapeShifter:Wildfire2","StSShapeShifter:ReplenishingNectar+1","StSShapeShifter:PorcupineForm+1","StSShapeShifter:Ensconce+1","StSShapeShifter:Pounce+1"],"relics":["StSShapeShifter:AnimalHeart","StSShapeShifter:TheShapeShiftersMagnolia","Bag of Marbles","Pen Nib","CaptainsWheel","Golden Idol","Sozu","Centennial Puzzle","Bag of Preparation","Boot","HandDrill"],"acts_visited":["Exordium","TheCity"],"potions_floor_usage":[33],"damage_taken":[{"damage":3.0,"enemies":"Small Slimes","floor":1.0,"turns":3.0},{"damage":0.0,"enemies":"2 Louse","floor":4.0,"turns":3.0},{"damage":30.0,"enemies":"3 Sentries","floor":7.0,"turns":10.0},{"damage":7.0,"enemies":"Lagavulin","floor":10.0,"turns":17.0},{"damage":2.0,"enemies":"Jaw Worm","floor":14.0,"turns":6.0},{"damage":24.0,"enemies":"The Guardian","floor":16.0,"turns":12.0},{"damage":16.0,"enemies":"3 Byrds","floor":18.0,"turns":4.0},{"damage":10.0,"enemies":"Shell Parasite","floor":24.0,"turns":6.0},{"damage":34.0,"enemies":"3 Cultists","floor":28.0,"turns":7.0},{"damage":12.0,"enemies":"Centurion and Healer","floor":29.0,"turns":15.0},{"damage":6.0,"enemies":"Snecko","floor":31.0,"turns":5.0},{"damage":87,"enemies":"Collector","floor":33,"turns":6}],"seed_played":"-4069884020785062229","potions_obtained":[{"floor":1.0,"key":"FearPotion"},{"floor":4.0,"key":"AttackPotion"},{"floor":16.0,"key":"BlessingOfTheForge"}],"is_trial":false,"path_per_floor":["M","?","$","M","?","R","E","R","T","E","$","R","?","M","R","B",null,"M","?","?","T","?","R","M","?","T","R","M","M","$","M","R","B"],"character_chosen":"SHAPESHIFTER","items_purchased":["HandDrill"],"campfire_rested":2,"item_purchase_floors":[30],"current_hp_per_floor":[63,52,52,52,52,52,23,44,44,40,40,40,40,43,43,26,56,49,49,49,49,49,49,50,50,50,66,32,35,35,46,46,0,0],"gold":74,"neow_bonus":"ONE_RANDOM_RARE_CARD","is_daily":false,"chose_seed":false,"campfire_upgraded":5,"win_rate":0.0,"timestamp":1613745052,"path_taken":["M","?","$","M","?","R","E","R","T","E","$","R","?","M","R","BOSS","M","?","?","?","?","R","M","?","T","R","M","M","?","M","R","BOSS"],"items_purchased_type":["Relic"],"build_version":"2020-12-22","purchased_purges":3,"victory":false,"max_hp_per_floor":[73,73,73,73,73,73,73,73,73,73,73,73,66,66,66,66,66,66,66,66,66,66,66,66,66,66,66,66,66,66,66,66,66,66],"card_choices":[{"not_picked":["StSShapeShifter:Flourish","StSShapeShifter:OwlForm"],"picked":"StSShapeShifter:Wildfire2","floor":1.0},{"not_picked":["StSShapeShifter:SpiritOfTheEarth","StSShapeShifter:DeerForm"],"picked":"StSShapeShifter:ReplenishingNectar","floor":4.0},{"not_picked":["StSShapeShifter:MagicMushrooms","StSShapeShifter:FesteringBite"],"picked":"StSShapeShifter:PorcupineForm","floor":7.0},{"not_picked":["StSShapeShifter:FoxForm","StSShapeShifter:Bonk"],"picked":"StSShapeShifter:Ensconce","floor":10.0},{"not_picked":["StSShapeShifter:Sapling","StSShapeShifter:SquirrelForm","StSShapeShifter:BulwarkOfDiscovery"],"picked":"SKIP","floor":14.0},{"not_picked":["StSShapeShifter:Blossom2","StSShapeShifter:Flood"],"picked":"StSShapeShifter:Pounce","floor":16.0},{"not_picked":["StSShapeShifter:EntForm","StSShapeShifter:ShiftingStrike","StSShapeShifter:DeerForm"],"picked":"SKIP","floor":18.0},{"not_picked":["StSShapeShifter:HippoForm","StSShapeShifter:SquirrelForm","StSShapeShifter:FruitBasket"],"picked":"SKIP","floor":24.0},{"not_picked":["StSShapeShifter:AdaptiveStrikes+1","StSShapeShifter:BarkSkin","StSShapeShifter:BaskInBloom"],"picked":"SKIP","floor":28.0},{"not_picked":["StSShapeShifter:WaspSwarmForm","StSShapeShifter:OakBlade","StSShapeShifter:ThornToss"],"picked":"SKIP","floor":29.0},{"not_picked":["StSShapeShifter:EntForm","StSShapeShifter:RockSlide","StSShapeShifter:OakBlade+1"],"picked":"SKIP","floor":31.0}],"player_experience":729306,"relics_obtained":[{"floor":7.0,"key":"Bag of Marbles"},{"floor":9.0,"key":"Pen Nib"},{"floor":10.0,"key":"CaptainsWheel"},{"floor":21.0,"key":"Bag of Preparation"},{"floor":26.0,"key":"Boot"}],"event_choices":[{"damage_healed":0.0,"max_hp_gain":0.0,"max_hp_loss":0.0,"gold_gain":75.0,"event_name":"World of Goop","player_choice":"Gather Gold","floor":2.0,"gold_loss":0.0,"damage_taken":11.0},{"cards_removed":["StSShapeShifter:ShapeShifter_Strike"],"damage_healed":0.0,"max_hp_gain":0.0,"max_hp_loss":0.0,"gold_gain":0.0,"event_name":"Living Wall","player_choice":"Forget","floor":5.0,"gold_loss":0.0,"damage_taken":0.0},{"damage_healed":0.0,"max_hp_gain":0.0,"max_hp_loss":7.0,"gold_gain":0.0,"event_name":"Golden Idol","player_choice":"Lose Max HP","floor":13.0,"gold_loss":0.0,"damage_taken":0.0,"relics_obtained":["Golden Idol"]},{"damage_healed":0.0,"max_hp_gain":0.0,"max_hp_loss":0.0,"gold_gain":0.0,"event_name":"The Mausoleum","player_choice":"Opened","floor":20.0,"gold_loss":0.0,"damage_taken":0.0,"relics_obtained":["Centennial Puzzle"],"cards_obtained":["Writhe"]},{"cards_removed":["Writhe"],"damage_healed":0.0,"max_hp_gain":0.0,"max_hp_loss":0.0,"gold_gain":0.0,"event_name":"Back to Basics","player_choice":"Elegance","floor":22.0,"gold_loss":0.0,"damage_taken":0.0},{"damage_healed":0.0,"max_hp_gain":0.0,"max_hp_loss":0.0,"gold_gain":0.0,"event_name":"Ghosts","player_choice":"Ignored","floor":25.0,"gold_loss":0.0,"damage_taken":0.0}],"is_beta":false,"boss_relics":[{"not_picked":["Cursed Key","Calling Bell"],"picked":"Sozu"}],"items_purged_floors":[3,11,30],"is_endless":false,"potions_floor_spawned":[1,4,16,18,29],"killed_by":"Collector","ascension_level":20}}