{"host":"bg0cyinkrjnqf173","time":1613714729,"event":{"mods":["BaseMod","Colored Map","Minty Spire (QoL Compilation)","Replay The Spire","StSLib","Together in Spire"],"gold_per_floor":[118,118,71,71,83,108,126,160,236,255,255,255,255,271,271,367,367,384,409,429,528,545,545,558,558,558,483,483,500,513,526,526,630,630,641,657,485,707,722,722,748,512,591,591,618,618,166,185,185,185,185],"floor_reached":50,"language":"ENG","playtime":1956,"items_purged":["Strike_R","Strike_R","Strike_R","Clumsy"],"score":511,"play_id":"bd98362e-5d66-49a8-b8f5-4ba9b3462877","local_time":"20210219010529","is_ascension_mode":false,"campfire_choices":[{"data":"Heavy Blade","floor":11,"key":"SMITH"},{"data":"Flex","floor":13,"key":"SMITH"},{"data":"Inflame","floor":15,"key":"SMITH"},{"data":"1","floor":23,"key":"LIFT"},{"data":"2","floor":25,"key":"LIFT"},{"data":"3","floor":28,"key":"LIFT"},{"data":"Strike_R","floor":32,"key":"PURGE"},{"floor":40,"key":"REST"},{"data":"Massacre","floor":49,"key":"SMITH"}],"circlet_count":0,"master_deck":["Strike_R","Defend_R","Defend_R","Defend_R","Defend_R","Bash","Heavy Blade+1","Decay","Flex+1","Reaper","Massacre","Pommel Strike","Shrug It Off","Inflame+1","Demonic Infusion","CommonCold","Sword Boomerang","Warcry","Flame Barrier","Pot Of Greed+1","Pot Of Greed","Pot Of Greed+1","Cleave+1","Massacre+1","Shrug It Off+1","Heavy Blade+1","Heavy Blade+1","Flex","Heavy Blade","Twin Strike+1","Searing Blow","Pummel","Massacre+1","Bloodletting","Pot Of Greed","Battle Trance","True Grit","Flame Barrier"],"relics":["Burning Blood","NeowsBlessing","Replay:Multitool","MealTicket","ReplayTheSpireMod:Ninjato","Replay:Ancient Bell","Vajra","ReplayTheSpireMod:Shallot","Girya","Red Mask","Grinning Jar","Black Star","Blood Vial","ReplayTheSpireMod:TigerMarble","BargainBundle","Paper Frog","War Paint","Spirit Poop","Red Skull","Strange Spoon"],"acts_visited":["Exordium","TheCity","TheBeyond"],"potions_floor_usage":[15,19,19,50],"damage_taken":[{"damage":0,"enemies":"2 Louse","floor":1,"turns":1},{"damage":0,"enemies":"Cultist","floor":5,"turns":1},{"damage":0,"enemies":"Lagavulin","floor":6,"turns":1},{"damage":1,"enemies":"Jaw Worm","floor":7,"turns":2},{"damage":8,"enemies":"3 Sentries","floor":8,"turns":3},{"damage":2,"enemies":"Large Slime","floor":10,"turns":3},{"damage":18,"enemies":"Lots of Slimes","floor":14,"turns":2},{"damage":10,"enemies":"The Guardian","floor":16,"turns":6},{"damage":7,"enemies":"Chosen","floor":18,"turns":2},{"damage":11,"enemies":"Masked Bandits","floor":19,"turns":3},{"damage":0,"enemies":"Spheric Guardian","floor":20,"turns":1},{"damage":0,"enemies":"Centurion and Healer","floor":22,"turns":1},{"damage":0,"enemies":"Snake Plant","floor":24,"turns":2},{"damage":8,"enemies":"Sentry and Sphere","floor":29,"turns":3},{"damage":0,"enemies":"Centurion and Healer","floor":30,"turns":3},{"damage":0,"enemies":"3 Cultists","floor":31,"turns":4},{"damage":22,"enemies":"Automaton","floor":33,"turns":5},{"damage":0,"enemies":"Orb Walker","floor":35,"turns":2},{"damage":6,"enemies":"3 Shapes","floor":36,"turns":2},{"damage":80,"enemies":"Writhing Mass","floor":39,"turns":5},{"damage":22,"enemies":"Reptomancer","floor":41,"turns":4},{"damage":51,"enemies":"Nemesis","floor":45,"turns":6},{"damage":0,"enemies":"Transient","floor":48,"turns":1},{"damage":109,"enemies":"Donu and Deca","floor":50,"turns":5}],"seed_played":"-4634255227381935669","potions_obtained":[{"floor":1,"key":"Fruit Juice"},{"floor":6,"key":"Weak Potion"},{"floor":16,"key":"Weak Potion"},{"floor":18,"key":"LifebloodPotion"},{"floor":22,"key":"SteroidPotion"},{"floor":35,"key":"Swift Potion"},{"floor":45,"key":"PowerPotion"}],"is_trial":false,"path_per_floor":["M","?","$","$","M","E","M","E","T","M","R","$","R","M","R_BF","B",null,"M","?","M","?","M","R","M","R","T","$","R","M","M","M","R","B",null,"M","M","$","?","M","R","E","$","T","R","E","?","$","M","R","B"],"character_chosen":"IRONCLAD","items_purchased":["Flex","Flex","Heavy Blade","BargainBundle","Adrenaline Potion","EntropicBrew","Pummel","Massacre","Bloodletting","Battle Trance","Red Skull","Strange Spoon"],"campfire_rested":1,"item_purchase_floors":[3,37,37,42,42,42,42,42,42,42,47,47],"current_hp_per_floor":[80,80,80,80,80,80,80,78,78,80,80,80,80,68,73,69,85,84,79,85,85,85,85,85,85,85,85,85,83,85,85,85,69,85,85,85,85,85,11,36,20,35,35,60,38,38,53,61,61,0,0],"gold":185,"neow_bonus":"THREE_ENEMY_KILL","is_daily":false,"chose_seed":false,"campfire_upgraded":4,"win_rate":0.0,"timestamp":1613714729,"path_taken":["M","?","?","$","M","E","M","E","T","M","R","$","R","M","R_BF","BOSS","M","?","M","?","M","R","M","R","T","$","R","M","M","M","R","BOSS","M","M","$","?","M","R","E","$","T","R","E","?","$","M","R","BOSS"],"items_purchased_type":["Card","Card","Card","Relic","Potion","Potion","Card","Card","Card","Card","Relic","Relic"],"build_version":"2020-12-22","purchased_purges":4,"victory":false,"max_hp_per_floor":[80,80,80,80,80,80,80,80,80,80,80,80,80,80,85,85,85,85,85,85,85,85,85,85,85,85,85,85,85,85,85,85,85,85,85,85,85,85,85,85,85,85,85,85,85,85,85,85,85,85,85],"card_choices":[{"not_picked":["ReplayTheSpireMod:Stacked","Shrug It Off"],"picked":"Heavy Blade","floor":1},{"not_picked":["Dark Embrace","Blood for Blood","Havoc"],"picked":"SKIP","floor":5},{"not_picked":["Dropkick","Defy Death"],"picked":"Reaper","floor":6},{"not_picked":["Seeing Red","Warcry"],"picked":"Massacre","floor":7},{"not_picked":["ReplayTheSpireMod:Corrosion Curse","Rupture"],"picked":"Pommel Strike","floor":8},{"not_picked":["Dropkick","Metallicize"],"picked":"Shrug It Off","floor":10},{"not_picked":["Entrench","Anger"],"picked":"Inflame","floor":14},{"not_picked":["Immolate","Fiend Fire"],"picked":"Demonic Infusion","floor":16},{"not_picked":["Looming Evil","Clumsy"],"picked":"CommonCold","floor":17},{"not_picked":["Shame","ReplayTheSpireMod:Restless Dread"],"picked":"Languid","floor":17},{"not_picked":["Amnesia","CommonCold"],"picked":"Clumsy","floor":17},{"not_picked":["Combust","Headbutt"],"picked":"Sword Boomerang","floor":18},{"not_picked":["Barricade","Anger"],"picked":"Warcry","floor":19},{"not_picked":["Evolve+1","Replay:Undeath\u0027s Touch","Body Slam"],"picked":"SKIP","floor":20},{"not_picked":["ReplayTheSpireMod:Corrosion Curse","Evolve"],"picked":"Flame Barrier","floor":22},{"not_picked":["Armaments","Shockwave","Shrug It Off+1"],"picked":"SKIP","floor":24},{"not_picked":["Clothesline+1","Fire Breathing"],"picked":"Cleave+1","floor":29},{"not_picked":["Barricade","ReplayTheSpireMod:Stacked"],"picked":"Massacre+1","floor":30},{"not_picked":["Run Through+1","Havoc"],"picked":"Shrug It Off","floor":31},{"not_picked":["ReplayTheSpireMod:Strike From Hell","Sever Soul+1"],"picked":"Heavy Blade+1","floor":35},{"not_picked":["ReplayTheSpireMod:Strike From Hell+1","Intimidate+1"],"picked":"Heavy Blade+1","floor":36},{"not_picked":["Iron Wave","Bloodletting+1"],"picked":"Twin Strike+1","floor":39},{"not_picked":["ReplayTheSpireMod:Stacked+1","Armaments+1"],"picked":"Searing Blow","floor":41},{"not_picked":["Flex","Anger"],"picked":"True Grit","floor":45},{"not_picked":["Sword Boomerang","Anger+1"],"picked":"Flame Barrier","floor":48}],"player_experience":600336,"relics_obtained":[{"floor":6,"key":"Replay:Multitool"},{"floor":8,"key":"MealTicket"},{"floor":9,"key":"ReplayTheSpireMod:Ninjato"},{"floor":19,"key":"Red Mask"},{"floor":26,"key":"Grinning Jar"},{"floor":41,"key":"Blood Vial"},{"floor":41,"key":"ReplayTheSpireMod:TigerMarble"},{"floor":43,"key":"Paper Frog"},{"floor":45,"key":"War Paint"}],"event_choices":[{"damage_healed":0,"gold_gain":0,"player_choice":"Cursed","damage_taken":0,"max_hp_gain":0,"max_hp_loss":0,"event_name":"Wheel of Change","floor":2,"gold_loss":0,"cards_obtained":["Decay"]},{"damage_healed":0,"gold_gain":0,"player_choice":"Fought Bandits","damage_taken":0,"max_hp_gain":0,"max_hp_loss":0,"event_name":"Masked Bandits","floor":19,"gold_loss":0},{"damage_healed":0,"gold_gain":99,"player_choice":"Stole From Cult","damage_taken":0,"max_hp_gain":0,"max_hp_loss":0,"event_name":"Nest","floor":21,"gold_loss":0},{"damage_healed":0,"gold_gain":222,"player_choice":"Wore Mask","damage_taken":0,"max_hp_gain":0,"max_hp_loss":0,"event_name":"Tomb of Lord Red Mask","floor":38,"gold_loss":0},{"cards_removed":["Languid"],"damage_healed":0,"gold_gain":0,"player_choice":"Offered Curse","damage_taken":0,"relics_obtained":["Spirit Poop"],"max_hp_gain":0,"max_hp_loss":0,"event_name":"Bonfire Elementals","floor":46,"gold_loss":0}],"is_beta":false,"boss_relics":[{"not_picked":["Electric Blood","Astrolabe"],"picked":"Replay:Ancient Bell"},{"not_picked":["Centennial Puzzle","Pet Ghost"],"picked":"Vajra"},{"not_picked":["InkBottle","White Beast Statue"],"picked":"ReplayTheSpireMod:Shallot"},{"not_picked":["Magic Flower","Lizard Tail"],"picked":"Girya"},{"not_picked":["Velvet Choker","Fusion Hammer"],"picked":"Black Star"}],"items_purged_floors":[27,37,42,47],"is_endless":false,"potions_floor_spawned":[1,6,16,18,22,35,36,45],"killed_by":"Donu and Deca","ascension_level":0}}