{"host":"fbdlh90rovbiajun","time":1613720964,"event":{"mods":["AchievementEnabler","BaseMod","Colored Map","Keyboard Shortcuts","Minty Spire (QoL Compilation)","SuperFastMode"],"gold_per_floor":[111,111,36,54,70,70,95,95,95,106,106,56,81,98,98,198,198,217,117,216,91,91,91,120,120,175,185,196,216,249,262,262,262,262],"floor_reached":33,"language":"KOR","playtime":963,"items_purged":["Defend_P","Strike_P","Strike_P"],"score":362,"play_id":"a701befd-e072-4be7-b294-1d71695d5ab1","local_time":"20210219164924","is_ascension_mode":true,"campfire_choices":[{"data":"MentalFortress","floor":6,"key":"SMITH"},{"data":"Vigilance","floor":8,"key":"SMITH"},{"floor":11,"key":"DIG"},{"floor":15,"key":"REST"},{"floor":23,"key":"DIG"},{"floor":25,"key":"REST"},{"data":"Halt","floor":32,"key":"SMITH"}],"circlet_count":0,"master_deck":["Strike_P","Strike_P","Defend_P","Defend_P","Eruption+1","Vigilance+1","MentalFortress+1","WheelKick+1","FearNoEvil+1","Halt+1"],"relics":["VioletLotus","Pocketwatch","Shovel","Letter Opener","Blood Vial","SacredBark","Orichalcum","Potion Belt","Anchor","CeramicFish"],"acts_visited":["Exordium","TheCity"],"potions_floor_usage":[7,16,24,27,33,33,33],"damage_taken":[{"damage":0,"enemies":"Jaw Worm","floor":1,"turns":2},{"damage":12,"enemies":"Cultist","floor":4,"turns":3},{"damage":0,"enemies":"Small Slimes","floor":5,"turns":2},{"damage":29,"enemies":"3 Sentries","floor":7,"turns":7},{"damage":0,"enemies":"3 Louse","floor":10,"turns":3},{"damage":40,"enemies":"Lagavulin","floor":13,"turns":5},{"damage":22,"enemies":"Lots of Slimes","floor":14,"turns":3},{"damage":0,"enemies":"Slime Boss","floor":16,"turns":7},{"damage":20,"enemies":"Spheric Guardian","floor":18,"turns":3},{"damage":22,"enemies":"Gremlin Leader","floor":24,"turns":9},{"damage":0,"enemies":"Shell Parasite","floor":27,"turns":3},{"damage":4,"enemies":"Centurion and Healer","floor":28,"turns":5},{"damage":10,"enemies":"Cultist and Chosen","floor":29,"turns":3},{"damage":4,"enemies":"Book of Stabbing","floor":30,"turns":4},{"damage":7,"enemies":"Shelled Parasite and Fungi","floor":31,"turns":5},{"damage":53,"enemies":"Champ","floor":33,"turns":7}],"seed_played":"-8770715778859215702","potions_obtained":[{"floor":1,"key":"Explosive Potion"},{"floor":10,"key":"FairyPotion"},{"floor":14,"key":"AttackPotion"},{"floor":22,"key":"Weak Potion"},{"floor":22,"key":"EssenceOfSteel"},{"floor":22,"key":"FearPotion"},{"floor":24,"key":"SpeedPotion"},{"floor":28,"key":"Dexterity Potion"},{"floor":29,"key":"BottledMiracle"},{"floor":30,"key":"BottledMiracle"}],"is_trial":false,"path_per_floor":["M","?","$","M","M","R","E","R","T","M","R","?","E","M","R","B",null,"M","$","?","$","?","R","E","R","T","M","M","M","E","M","R","B"],"character_chosen":"WATCHER","items_purchased":[],"campfire_rested":2,"item_purchase_floors":[],"current_hp_per_floor":[72,72,72,60,60,60,31,31,31,31,31,31,21,1,22,24,72,52,52,52,52,52,52,32,53,53,55,53,45,43,38,38,0,0],"gold":262,"neow_bonus":"BOSS_RELIC","is_daily":false,"chose_seed":false,"campfire_upgraded":3,"win_rate":0.0,"timestamp":1613720964,"path_taken":["M","?","$","?","?","R","E","R","T","M","R","?","E","M","R","BOSS","M","$","?","$","?","R","E","R","T","M","?","M","E","M","R","BOSS"],"items_purchased_type":[],"build_version":"2020-12-22","purchased_purges":3,"victory":false,"max_hp_per_floor":[72,72,72,72,72,72,72,72,72,72,72,72,72,72,72,72,72,72,72,72,72,72,72,72,72,72,72,72,72,72,72,72,72,72],"card_choices":[{"not_picked":["WaveOfTheHand","PathToVictory","Consecrate"],"picked":"SKIP","floor":1},{"not_picked":["Vengeance","BowlingBash","CutThroughFate"],"picked":"SKIP","floor":4},{"not_picked":["FlurryOfBlows","DevaForm"],"picked":"MentalFortress","floor":5},{"not_picked":["EmptyBody","SashWhip","EmptyFist"],"picked":"SKIP","floor":7},{"not_picked":["Wireheading","ClearTheMind","Evaluate"],"picked":"SKIP","floor":10},{"not_picked":["EmptyFist","Crescendo","Meditate"],"picked":"SKIP","floor":13},{"not_picked":["MentalFortress","ReachHeaven","Sanctity"],"picked":"SKIP","floor":14},{"not_picked":["EmptyFist","Prostrate","PathToVictory+1"],"picked":"SKIP","floor":18},{"not_picked":["Pray","WindmillStrike"],"picked":"WheelKick+1","floor":24},{"not_picked":["PathToVictory","Wallop"],"picked":"FearNoEvil+1","floor":27},{"not_picked":["Evaluate+1","Vengeance","CarveReality+1"],"picked":"SKIP","floor":28},{"not_picked":["CrushJoints","Indignation"],"picked":"Halt","floor":29},{"not_picked":["Ragnarok","Nirvana","Wallop"],"picked":"SKIP","floor":30},{"not_picked":["Protect","JustLucky","ThirdEye+1"],"picked":"SKIP","floor":31}],"player_experience":91938,"relics_obtained":[{"floor":7,"key":"Pocketwatch"},{"floor":9,"key":"Shovel"},{"floor":11,"key":"Letter Opener"},{"floor":13,"key":"Blood Vial"},{"floor":23,"key":"Orichalcum"},{"floor":24,"key":"Potion Belt"},{"floor":26,"key":"Anchor"},{"floor":30,"key":"CeramicFish"}],"event_choices":[{"damage_healed":0,"gold_gain":0,"player_choice":"Forge","damage_taken":0,"max_hp_gain":0,"max_hp_loss":0,"event_name":"Accursed Blacksmith","floor":2,"gold_loss":0,"cards_upgraded":["Eruption"]},{"cards_removed":["Defend_P"],"damage_healed":0,"gold_gain":0,"player_choice":"Card Removal","damage_taken":0,"max_hp_gain":0,"max_hp_loss":0,"event_name":"The Cleric","floor":12,"gold_loss":50},{"damage_healed":0,"gold_gain":99,"player_choice":"Stole From Cult","damage_taken":0,"max_hp_gain":0,"max_hp_loss":0,"event_name":"Nest","floor":20,"gold_loss":0},{"damage_healed":0,"gold_gain":0,"player_choice":"Got Potions","damage_taken":0,"max_hp_gain":0,"max_hp_loss":0,"event_name":"Lab","floor":22,"gold_loss":0}],"is_beta":false,"boss_relics":[{"not_picked":["Velvet Choker","Tiny House"],"picked":"SacredBark"}],"items_purged_floors":[3,19,21],"is_endless":false,"potions_floor_spawned":[1,10,14,24,28,29,30],"killed_by":"Champ","ascension_level":1}}