{"host":"rs956zbefct9hzhl","time":1613695261,"event":{"mods":["BaseMod","BetterRewards","Downfall","Minty Spire (QoL Compilation)","Replay The Spire","Shop Mod","Spicy Shops","Spikes Relics","StSLib"],"gold_per_floor":[99,111,124,224,33,33,33,133,146,161,161,61,159,130,143,242,242,142,160,160,178,193,212,293,293,293,293],"floor_reached":25,"language":"ENG","playtime":1300,"items_purged":[],"score":243,"play_id":"e86cf843-2e08-4960-a755-741337e743f5","local_time":"20210219014101","is_ascension_mode":false,"campfire_choices":[{"floor":1,"key":"DIG"},{"data":"champ:FanOfKnives","floor":6,"key":"SMITH"},{"floor":12,"key":"RECALL"},{"floor":18,"key":"DIG"}],"circlet_count":0,"master_deck":["champ:Strike","champ:Strike","champ:Strike","champ:Defend","champ:Defend","champ:Defend","champ:Defend","champ:Execute","champ:Taunt","champ:FanOfKnives+1","champ:FanOfKnives","champ:DefensiveShout","champ:BerserkersShout","champ:Haymaker","champ:FlashCut","champ:CrownThrow","champ:CrookedStrike","champ:CrookedStrike","champ:RecklessLeap","champ:StanceDance","Parasite","expansioncontent:QuickStudy","champ:FocusedDefense","champ:MurderStrike","BlessedFruit","BlessedFruit","champ:BerserkerStyle+1","champ:StanceDance","champ:FanOfKnives+1","champ:Encircle","champ:FlashCut"],"relics":["Ring of Chaos","Art of War","SpikesRelics:DaevaFist","CloakClasp","ReplayTheSpireMod:Shallot","downfall:HeartBlessingBlue","ReplayTheSpireMod:CursedCoin","Philosopher\u0027s Stone","downfall:HeartBlessingRed","HeavenlyBonsai","Mirror"],"acts_visited":["Exordium","TheCity"],"potions_floor_usage":[21,23,23,23],"damage_taken":[{"damage":21,"enemies":"Jaw Worm","floor":2,"turns":4},{"damage":14,"enemies":"2 Louse","floor":3,"turns":4},{"damage":30,"enemies":"downfall:FleeingMerchant","floor":5,"turns":4},{"damage":31,"enemies":"downfall:FleeingMerchant","floor":8,"turns":5},{"damage":0,"enemies":"Cultist","floor":9,"turns":3},{"damage":0,"enemies":"Gremlin Gang","floor":10,"turns":2},{"damage":15,"enemies":"downfall:FleeingMerchant","floor":14,"turns":4},{"damage":5,"enemies":"3 Louse","floor":15,"turns":3},{"damage":33,"enemies":"SI_SHIV_ARCHETYPE","floor":16,"turns":5},{"damage":35,"enemies":"3 Byrds","floor":19,"turns":3},{"damage":33,"enemies":"Shell Parasite","floor":21,"turns":4},{"damage":18,"enemies":"Cultist and Chosen","floor":22,"turns":3},{"damage":54,"enemies":"Snake Plant","floor":23,"turns":3},{"damage":47,"enemies":"Book of Stabbing","floor":25,"turns":4}],"seed_played":"653154987764730177","potions_obtained":[{"floor":2,"key":"Strength Potion"},{"floor":8,"key":"Weak Potion"},{"floor":9,"key":"sneckomod:MuddlingPotion"},{"floor":22,"key":"Dexterity Potion"}],"is_trial":false,"path_per_floor":["R","M","M","?","$","R","T","?","M","M","T","R","?","$","M","B",null,"R","M","?","M","M","M","T","E"],"character_chosen":"THE_CHAMP","items_purchased":["SpikesRelics:DaevaFist","champ:BerserkersShout","champ:Haymaker","ReplayTheSpireMod:CursedCoin","expansioncontent:QuickStudy"],"campfire_rested":0,"item_purchase_floors":[5,5,5,14,14],"current_hp_per_floor":[90,89,85,85,75,75,75,54,54,54,54,64,39,39,34,34,100,100,81,81,71,65,36,36,0,0,0],"gold":293,"neow_bonus":"BOSS_RELIC","is_daily":false,"chose_seed":false,"campfire_upgraded":1,"win_rate":0.0,"timestamp":1613695261,"path_taken":["R","M","M","?","$","R","T","?","M","M","?","R","?","$","M","BOSS","R","M","?","?","M","?","T","E"],"items_purchased_type":["Relic","Card","Card","Relic","Card"],"build_version":"2020-12-22","purchased_purges":0,"victory":false,"max_hp_per_floor":[90,90,90,90,90,90,90,90,90,90,90,100,100,100,100,100,100,100,101,101,102,102,102,102,103,103,103],"card_choices":[{"not_picked":["champ:BringItOn","champ:Backstep"],"picked":"champ:FanOfKnives","floor":2},{"not_picked":["champ:Circumvent","champ:GutPunch"],"picked":"champ:FanOfKnives","floor":3},{"not_picked":["champ:CrownThrow","champ:RecklessLeap"],"picked":"champ:DefensiveShout","floor":5},{"not_picked":["champ:Encircle","champ:StanceDance"],"picked":"champ:FlashCut","floor":8},{"not_picked":["champ:StanceDance","champ:Haymaker"],"picked":"champ:CrownThrow","floor":9},{"not_picked":["champ:EndlessRage","champ:SkillfulDodge"],"picked":"champ:CrookedStrike","floor":10},{"not_picked":["champ:BringItOn","champ:HeartStrike"],"picked":"champ:CrookedStrike","floor":13},{"not_picked":["champ:AdrenalArmor","champ:BladeFlurry"],"picked":"champ:RecklessLeap","floor":13},{"not_picked":["champ:BerserkersShout","champ:CrownThrow"],"picked":"champ:StanceDance","floor":14},{"not_picked":["champ:CrownThrow","champ:StanceDance"],"picked":"champ:FocusedDefense","floor":15},{"not_picked":["champ:IgnorePain","champ:HoldFirm"],"picked":"champ:MurderStrike","floor":16},{"not_picked":["champ:BringItOn","champ:EnGarde"],"picked":"champ:BerserkerStyle+1","floor":19},{"not_picked":["champ:AdrenalArmor","champ:PreciseThrust"],"picked":"champ:FanOfKnives+1","floor":21},{"not_picked":["champ:TornadoPunch+1","champ:PerfectedStrike"],"picked":"champ:Encircle","floor":22},{"not_picked":["champ:Circumvent","champ:Shatter"],"picked":"champ:FlashCut","floor":23}],"player_experience":545821,"relics_obtained":[{"floor":1,"key":"Art of War"},{"floor":8,"key":"CloakClasp"},{"floor":11,"key":"ReplayTheSpireMod:Shallot"},{"floor":18,"key":"HeavenlyBonsai"},{"floor":24,"key":"Mirror"}],"event_choices":[],"is_beta":false,"boss_relics":[{"not_picked":["Black Star","ChewingGum"],"picked":"Philosopher\u0027s Stone"}],"items_purged_floors":[],"is_endless":false,"potions_floor_spawned":[2,8,9,16,19,22],"killed_by":"Book of Stabbing","ascension_level":0}}