{"host":"jlz4is0nf6zo9oab","time":1613762679,"event":{"mods":["AchievementEnabler","BaseMod","Colored Map","Colored Powertips","Highlight Path","Minty Spire (QoL Compilation)","StSLib"],"gold_per_floor":[119,119,119,134,94,120,138,169,169,219,219,219,219,1,1,76,76,87,100,100,100],"floor_reached":20,"language":"SPA","playtime":631,"items_purged":["Parasite"],"score":297,"play_id":"ade3aada-9ca0-48a5-9d72-1da55c407435","local_time":"20210219202439","is_ascension_mode":true,"campfire_choices":[{"floor":12,"key":"REST"},{"floor":13,"key":"REST"},{"data":"Defragment","floor":15,"key":"SMITH"}],"circlet_count":0,"master_deck":["AscendersBane","Strike_B","Strike_B","Strike_B","Strike_B","Defend_B","Defend_B","Defend_B","Defend_B","Zap","Dualcast","Chaos","Doom and Gloom","Defragment+1","Coolheaded","Conserve Battery","Ball Lightning","Streamline"],"relics":["Cracked Core","Incense Burner","Bottled Flame","WingedGreaves","Singing Bowl","Runic Capacitor","SacredBark"],"acts_visited":["Exordium","TheCity"],"potions_floor_usage":[20],"damage_taken":[{"damage":5,"enemies":"Small Slimes","floor":1,"turns":4},{"damage":9,"enemies":"Jaw Worm","floor":4,"turns":5},{"damage":39,"enemies":"3 Sentries","floor":6,"turns":7},{"damage":1,"enemies":"Cultist","floor":7,"turns":3},{"damage":15,"enemies":"Lagavulin","floor":8,"turns":12},{"damage":7,"enemies":"The Guardian","floor":16,"turns":11},{"damage":19,"enemies":"Spheric Guardian","floor":18,"turns":4},{"damage":27,"enemies":"Shell Parasite","floor":19,"turns":6},{"damage":47,"enemies":"Snake Plant","floor":20,"turns":4}],"seed_played":"3615854282427279025","potions_obtained":[{"floor":1,"key":"AttackPotion"},{"floor":8,"key":"DuplicationPotion"},{"floor":16,"key":"Ancient Potion"}],"is_trial":false,"path_per_floor":["M","?","?","M","$","E","M","E","T","?","?","R","R","$","R","B",null,"M","M","M"],"character_chosen":"DEFECT","items_purchased":["Defragment","Runic Capacitor"],"campfire_rested":2,"item_purchase_floors":[5,14],"current_hp_per_floor":[70,75,75,66,66,27,26,11,11,11,32,58,84,84,84,79,84,65,40,0,0],"gold":100,"neow_bonus":"TEN_PERCENT_HP_BONUS","is_daily":false,"chose_seed":false,"campfire_upgraded":1,"win_rate":0.0,"timestamp":1613762679,"path_taken":["M","?","?","?","$","E","M","E","T","?","?","R","R","$","R","BOSS","M","M","M"],"items_purchased_type":["Card","Relic"],"build_version":"2020-12-22","purchased_purges":1,"victory":false,"max_hp_per_floor":[82,87,87,87,87,87,87,87,87,87,87,87,87,84,84,86,86,86,88,88,88],"card_choices":[{"not_picked":["Genetic Algorithm","Steam"],"picked":"Chaos","floor":1},{"not_picked":["Gash","Barrage"],"picked":"Doom and Gloom","floor":4},{"not_picked":["Barrage","Steam"],"picked":"Coolheaded","floor":6},{"not_picked":["Aggregate","Sunder"],"picked":"Conserve Battery","floor":7},{"not_picked":["Beam Cell","All For One"],"picked":"Ball Lightning","floor":8},{"not_picked":["Hyperbeam","Meteor Strike","All For One"],"picked":"Singing Bowl","floor":16},{"not_picked":["Leap","Beam Cell"],"picked":"Streamline","floor":18},{"not_picked":["Cold Snap","Genetic Algorithm","Sweeping Beam"],"picked":"Singing Bowl","floor":19}],"player_experience":979708,"relics_obtained":[{"floor":6,"key":"Bottled Flame"},{"floor":8,"key":"WingedGreaves"},{"floor":9,"key":"Singing Bowl"}],"event_choices":[{"damage_healed":0,"gold_gain":0,"player_choice":"Donut","damage_taken":0,"max_hp_gain":5,"max_hp_loss":0,"event_name":"Big Fish","floor":2,"gold_loss":0},{"damage_healed":0,"gold_gain":0,"player_choice":"Gave Potion","damage_taken":0,"relics_obtained":["Incense Burner"],"max_hp_gain":0,"max_hp_loss":0,"event_name":"WeMeetAgain","floor":3,"gold_loss":0},{"damage_healed":0,"gold_gain":50,"player_choice":"Gained Gold","damage_taken":0,"max_hp_gain":0,"max_hp_loss":0,"event_name":"Golden Wing","floor":10,"gold_loss":0},{"damage_healed":21,"gold_gain":0,"player_choice":"Healed and dodged fight","damage_taken":0,"max_hp_gain":0,"max_hp_loss":0,"event_name":"Mushrooms","floor":11,"gold_loss":0,"cards_obtained":["Parasite"]}],"is_beta":false,"boss_relics":[{"not_picked":["Cursed Key","Philosopher\u0027s Stone"],"picked":"SacredBark"}],"items_purged_floors":[14],"is_endless":false,"potions_floor_spawned":[1,8,16,18,19],"killed_by":"Snake Plant","ascension_level":13}}