{"host":"x4954lblgztusody","time":1613707637,"event":{"mods":["BaseMod","Clockwork Mod","Colored Map","Curses Come First","Minty Spire (QoL Compilation)","Rare Cards Sparkle","Shop Mod","StSLib","The Animator","WarShipGirlsR/战舰少女R mod"],"gold_per_floor":[119,131,163,177,193,193,222,222,222,96,114,114,39,55,55,150,150,166,179,194,209,209,209,224,238,238,238,238,238],"floor_reached":28,"language":"ENG","playtime":2087,"items_purged":["animator:Defend"],"score":249,"play_id":"a35c10e2-6437-407f-a05f-9d28504d131e","local_time":"20210218200717","is_ascension_mode":true,"campfire_choices":[{"data":"animator:Entoma","floor":6,"key":"SMITH"},{"floor":8,"key":"REST"},{"data":"animator:Entoma+1","floor":12,"key":"SMITH"},{"floor":15,"key":"REST"},{"floor":23,"key":"REST"},{"floor":27,"key":"REST"}],"circlet_count":0,"master_deck":["animator:Strike_Overlord","animator:Defend_Overlord+1","animator:Strike","animator:Defend","animator:Cocytus","animator:Demiurge","animator:Elsword","animator:Benimaru","animator:Eve","animator:Entoma+5","animator:Shalltear","animator:Cocytus","animator:ChaikaTrabant","animator:Shalltear","animator:Souei+1","animator:Kaijin","animator:Benimaru","animator:Azekura"],"relics":["animator:LivingPicture","animator:TheMissingPiece","animator:PurgingStone","Bag of Marbles","HornCleat","animator:WizardHat","Empty Cage","InkBottle"],"acts_visited":["Exordium","TheCity"],"potions_floor_usage":[4,16,21,21,25,25,25],"damage_taken":[{"damage":7,"enemies":"Jaw Worm","floor":1,"turns":3},{"damage":1,"enemies":"Cultist","floor":2,"turns":3},{"damage":1,"enemies":"Small Slimes","floor":3,"turns":3},{"damage":8,"enemies":"Red Slaver","floor":4,"turns":3},{"damage":10,"enemies":"Exordium Thugs","floor":5,"turns":5},{"damage":33,"enemies":"3 Sentries","floor":7,"turns":6},{"damage":0,"enemies":"Gremlin Gang","floor":11,"turns":1},{"damage":9,"enemies":"Looter","floor":14,"turns":2},{"damage":17,"enemies":"Slime Boss","floor":16,"turns":7},{"damage":13,"enemies":"3 Byrds","floor":18,"turns":5},{"damage":21,"enemies":"2 Thieves","floor":19,"turns":4},{"damage":15,"enemies":"Snake Plant","floor":20,"turns":4},{"damage":17,"enemies":"Centurion and Healer","floor":21,"turns":6},{"damage":17,"enemies":"Snecko","floor":24,"turns":4},{"damage":3,"enemies":"Cultist and Chosen","floor":25,"turns":4},{"damage":31,"enemies":"Shelled Parasite and Fungi","floor":28,"turns":8}],"seed_played":"-5230055604502135256","potions_obtained":[{"floor":1,"key":"SkillPotion"},{"floor":4,"key":"FearPotion"},{"floor":11,"key":"LiquidBronze"},{"floor":16,"key":"EntropicBrew"},{"floor":21,"key":"AttackPotion"},{"floor":24,"key":"AttackPotion"}],"is_trial":false,"path_per_floor":["M","M","M","M","M","R","E","R","T","?","M","R","$","M","R","B",null,"M","M","M","M","?","R","M","M","T","R","M"],"character_chosen":"THE_ANIMATOR","items_purchased":[],"campfire_rested":4,"item_purchase_floors":[],"current_hp_per_floor":[59,58,57,50,40,40,7,27,27,27,27,27,27,18,38,21,67,56,35,20,5,5,26,9,6,6,27,0,0],"gold":238,"neow_bonus":"THREE_CARDS","is_daily":false,"chose_seed":false,"campfire_upgraded":2,"win_rate":0.0,"timestamp":1613707637,"path_taken":["M","M","M","M","M","R","E","R","T","?","M","R","$","M","R","BOSS","M","M","M","M","?","R","?","M","T","R","M"],"items_purchased_type":[],"build_version":"2020-12-22","purchased_purges":1,"victory":false,"max_hp_per_floor":[66,66,66,67,67,67,67,67,67,67,67,67,67,67,67,67,67,69,69,69,71,71,71,71,71,71,71,71,71],"card_choices":[{"not_picked":["animator:Viivi","animator:KrulTepes"],"picked":"animator:Elsword","floor":0},{"not_picked":["animator:Darkness","animator:Hakurou"],"picked":"animator:Benimaru","floor":1},{"not_picked":["animator:Vanir","animator:Mitsuba"],"picked":"animator:Eve","floor":2},{"not_picked":["animator:Evileye","animator:Shigure"],"picked":"animator:Entoma","floor":3},{"not_picked":["animator:PandorasActor","animator:NarberalGamma"],"picked":"animator:Shalltear","floor":4},{"not_picked":["animator:Emonzaemon","animator:Kazuma"],"picked":"animator:Cocytus","floor":5},{"not_picked":["animator:ChlammyZell","animator:RoryMercury","animator:Hakurou"],"picked":"SKIP","floor":7},{"not_picked":["animator:Gillette","animator:Shichika","animator:RoryMercury"],"picked":"SKIP","floor":11},{"not_picked":["animator:Demiurge","animator:NarberalGamma"],"picked":"animator:Entoma","floor":14},{"not_picked":["animator:Eris","animator:Biyorigo"],"picked":"animator:ChaikaTrabant","floor":16},{"not_picked":["animator:Evileye","animator:TsurugaMeisai+1"],"picked":"animator:Shalltear","floor":18},{"not_picked":["animator:Arpeggio","animator:FielNirvalen","animator:Add"],"picked":"SKIP","floor":19},{"not_picked":["animator:Hakurou","animator:FielNirvalen"],"picked":"animator:Souei+1","floor":20},{"not_picked":["animator:Benimaru","animator:Shion"],"picked":"animator:Kaijin","floor":21},{"not_picked":["animator:Togame","animator:Jibril"],"picked":"animator:Benimaru","floor":24},{"not_picked":["animator:CrowleyEusford","animator:UneriGinkaku+1"],"picked":"animator:Azekura","floor":25}],"player_experience":81660,"relics_obtained":[{"floor":7,"key":"Bag of Marbles"},{"floor":9,"key":"HornCleat"},{"floor":26,"key":"InkBottle"}],"event_choices":[{"damage_healed":0,"gold_gain":0,"player_choice":"Paid Gold","damage_taken":0,"relics_obtained":["animator:WizardHat"],"max_hp_gain":0,"max_hp_loss":0,"event_name":"WeMeetAgain","floor":10,"gold_loss":126},{"cards_removed":["animator:Strike"],"damage_healed":0,"gold_gain":0,"player_choice":"Purged","damage_taken":0,"max_hp_gain":0,"max_hp_loss":0,"event_name":"Purifier","floor":22,"gold_loss":0}],"is_beta":false,"boss_relics":[{"not_picked":["animator:HolyGrailRelic","animator:CrumblingOrb"],"picked":"Empty Cage"}],"items_purged_floors":[13],"is_endless":false,"potions_floor_spawned":[1,4,11,16,21,24],"killed_by":"Shelled Parasite and Fungi","ascension_level":2}}