{"host":"zdcz0a6aak4rnx0s","time":1613769728,"event":{"mods":["AchievementEnabler","BaseMod","Colored Map","Colored Powertips","Minty Spire (QoL Compilation)","StSLib"],"gold_per_floor":[112,112,162,37,54,54,54,54,54,65,84,84,119,137,137,137,137],"floor_reached":16,"language":"ENG","playtime":614,"items_purged":["Strike_R"],"score":190,"play_id":"cc2a8ace-494d-463a-9bb8-732f1b668e40","local_time":"20210219152208","is_ascension_mode":true,"campfire_choices":[{"data":"Flex","floor":6.0,"key":"SMITH"},{"data":"True Grit","floor":8.0,"key":"SMITH"},{"data":"Flex","floor":12.0,"key":"SMITH"},{"floor":15,"key":"REST"}],"circlet_count":0,"master_deck":["AscendersBane","Strike_R","Strike_R","Strike_R","Strike_R+1","Defend_R","Defend_R","Defend_R","Defend_R","Bash","Limit Break+1","Twin Strike","Flex+1","True Grit+1","Flex+1","Thunderclap+1"],"relics":["Burning Blood","Molten Egg 2","Eternal Feather"],"acts_visited":["Exordium"],"potions_floor_usage":[16,16],"damage_taken":[{"damage":3.0,"enemies":"2 Louse","floor":1.0,"turns":4.0},{"damage":4.0,"enemies":"Small Slimes","floor":5.0,"turns":3.0},{"damage":1.0,"enemies":"Cultist","floor":10.0,"turns":3.0},{"damage":5.0,"enemies":"Exordium Wildlife","floor":11.0,"turns":4.0},{"damage":37,"enemies":"3 Sentries","floor":13,"turns":11},{"damage":16,"enemies":"Blue Slaver","floor":14,"turns":3},{"damage":39,"enemies":"Hexaghost","floor":16,"turns":9}],"seed_played":"-4816781945188568828","potions_obtained":[{"floor":5.0,"key":"Dexterity Potion"},{"floor":14,"key":"LiquidMemories"}],"is_trial":false,"path_per_floor":["M","?","?","$","M","R","$","R","T","M","M","R","E","M","R","B"],"character_chosen":"IRONCLAD","items_purchased":["Flex"],"campfire_rested":1,"item_purchase_floors":[4],"current_hp_per_floor":[71,48,41,41,43,43,43,43,43,48,49,49,18,8,39,0,0],"gold":137,"neow_bonus":"ONE_RANDOM_RARE_CARD","is_daily":false,"chose_seed":false,"campfire_upgraded":3,"win_rate":0.0,"timestamp":1613769728,"path_taken":["M","?","?","$","M","R","$","R","T","M","?","R","E","M","R","BOSS"],"items_purchased_type":["Card"],"build_version":"2020-12-22","purchased_purges":1,"victory":false,"max_hp_per_floor":[75,75,75,75,75,75,75,75,75,75,75,75,75,75,75,75,75],"card_choices":[{"not_picked":["Thunderclap","Clothesline"],"picked":"Twin Strike","floor":1.0},{"not_picked":["Warcry","Pommel Strike"],"picked":"True Grit","floor":5.0},{"not_picked":["Armaments","Second Wind"],"picked":"Flex","floor":10.0},{"not_picked":["Bludgeon+1","Havoc","Iron Wave+1"],"picked":"SKIP","floor":11.0},{"not_picked":["Dark Embrace","Power Through"],"picked":"Thunderclap+1","floor":13},{"not_picked":["Second Wind","Pommel Strike+1","Havoc"],"picked":"SKIP","floor":14}],"player_experience":1042105,"relics_obtained":[{"floor":9.0,"key":"Molten Egg 2"},{"floor":13,"key":"Eternal Feather"}],"event_choices":[{"damage_healed":0.0,"max_hp_gain":0.0,"max_hp_loss":0.0,"gold_gain":0.0,"event_name":"Shining Light","player_choice":"Entered Light","floor":2.0,"gold_loss":0.0,"damage_taken":23.0,"cards_upgraded":["Strike_R","Limit Break"]},{"damage_healed":0.0,"max_hp_gain":0.0,"max_hp_loss":0.0,"gold_gain":50.0,"event_name":"FaceTrader","player_choice":"Touch","floor":3.0,"gold_loss":0.0,"damage_taken":7.0}],"is_beta":false,"boss_relics":[],"items_purged_floors":[4],"is_endless":false,"potions_floor_spawned":[5,14],"killed_by":"Hexaghost","ascension_level":18}}