{"host":"rs956zbefct9hzhl","time":1613770960,"event":{"mods":["BaseMod","BetterRewards","Downfall","Minty Spire (QoL Compilation)","Replay The Spire","Shop Mod","Spicy Shops","Spikes Relics","StSLib"],"gold_per_floor":[99,111,126,226,401,413,413,135,135,17,34,47,75,93,103,199,199,99,99,99,99],"floor_reached":19,"language":"ENG","playtime":1211,"items_purged":["Doubt"],"score":169,"play_id":"d3869c54-125d-424c-8766-6fd3d558cf1a","local_time":"20210219224240","is_ascension_mode":false,"campfire_choices":[{"floor":1,"key":"DIG"},{"data":"champ:CheapShot","floor":9,"key":"SMITH"},{"data":"champ:DancingMaster","floor":18,"key":"SMITH"}],"circlet_count":0,"master_deck":["champ:Strike","champ:Strike","champ:Strike","champ:Strike","champ:Defend","champ:Defend","champ:Defend","champ:Defend","champ:Execute","champ:Taunt","champ:CheapShot+1","champ:BladeFlurry","champ:Lariat","champ:BerserkersShout","champ:EnragedBash","champ:StanceDance","champ:Endure","champ:RisingSlash","champ:CalledShot","champ:BerserkerStyle","champ:BerserkersShout","champ:PerfectedStrike","champ:DancingMaster+1"],"relics":["champ:ChampionCrown","SpikesRelics:DaevaFist","bronze:DecasWashers","champ:BerserkersGuideToSlaughter","Gremlin Horn","SlaversCollar","downfall:HeartBlessingGreen"],"acts_visited":["Exordium","TheCity"],"potions_floor_usage":[12,13],"damage_taken":[{"damage":16,"enemies":"Jaw Worm","floor":2,"turns":5},{"damage":17,"enemies":"Small Slimes","floor":3,"turns":3},{"damage":0,"enemies":"2 Louse","floor":6,"turns":4},{"damage":25,"enemies":"downfall:FleeingMerchant","floor":8,"turns":5},{"damage":38,"enemies":"downfall:FleeingMerchant","floor":10,"turns":5},{"damage":20,"enemies":"Exordium Thugs","floor":11,"turns":3},{"damage":45,"enemies":"2 Fungi Beasts","floor":12,"turns":4},{"damage":49,"enemies":"Gremlin Nob","floor":13,"turns":3},{"damage":58,"enemies":"3 Louse","floor":14,"turns":4},{"damage":40,"enemies":"downfall:LooterAlt","floor":15,"turns":3},{"damage":99,"enemies":"SI_SHIV_ARCHETYPE","floor":16,"turns":8},{"damage":0,"enemies":"3 Byrds","floor":19,"turns":1}],"seed_played":"-451535806661172142","potions_obtained":[{"floor":3,"key":"PowerPotion"},{"floor":11,"key":"ColorlessPotion"},{"floor":13,"key":"Block Potion"},{"floor":14,"key":"Explosive Potion"}],"is_trial":false,"path_per_floor":["R","M","M","?","?","M","T","$","R","$","M","M","E","M","M","B",null,"R","M"],"character_chosen":"THE_CHAMP","items_purchased":["champ:BerserkersGuideToSlaughter","champ:StanceDance","champ:RisingSlash"],"campfire_rested":0,"item_purchase_floors":[8,8,10],"current_hp_per_floor":[90,84,77,77,77,77,77,77,77,84,84,90,76,85,90,85,90,90,90,90,90],"gold":99,"neow_bonus":"ONE_RANDOM_RARE_CARD","is_daily":false,"chose_seed":false,"campfire_upgraded":2,"win_rate":0.0,"timestamp":1613770960,"path_taken":["R","M","M","?","?","M","T","$","R","$","M","M","E","M","M","BOSS","R","M"],"items_purchased_type":["Relic","Card","Card"],"build_version":"2020-12-22","purchased_purges":1,"victory":false,"max_hp_per_floor":[90,90,90,90,90,90,90,90,90,90,90,90,90,90,90,90,90,90,90,90,90],"card_choices":[{"not_picked":["champ:Haymaker","champ:Circumvent"],"picked":"champ:BladeFlurry","floor":2},{"not_picked":["champ:Duel","champ:RisingSlash"],"picked":"champ:Lariat","floor":3},{"not_picked":["champ:CrownThrow","champ:CrookedStrike"],"picked":"champ:BerserkersShout","floor":6},{"not_picked":["champ:GutPunch","champ:RisingSlash"],"picked":"champ:EnragedBash","floor":8},{"not_picked":["champ:Circumvent","champ:DefensiveStyle"],"picked":"champ:Endure","floor":10},{"not_picked":["champ:FanOfKnives","champ:Haymaker","champ:Encircle"],"picked":"SKIP","floor":11},{"not_picked":["champ:FanOfKnives","champ:Backstep"],"picked":"champ:CalledShot","floor":12},{"not_picked":["champ:Haymaker","champ:SetATrap"],"picked":"champ:BerserkerStyle","floor":13},{"not_picked":["champ:HeartStrike","champ:Backstep"],"picked":"champ:BerserkersShout","floor":14},{"not_picked":["champ:Backstep","champ:FlashCut"],"picked":"champ:PerfectedStrike","floor":15},{"not_picked":["champ:SteelEdge","champ:StrikeOfGenius"],"picked":"champ:DancingMaster","floor":16}],"player_experience":555590,"relics_obtained":[{"floor":1,"key":"SpikesRelics:DaevaFist"},{"floor":7,"key":"bronze:DecasWashers"},{"floor":13,"key":"Gremlin Horn"}],"event_choices":[],"is_beta":false,"boss_relics":[{"not_picked":["Painkiller Herb","Honey Jar"],"picked":"SlaversCollar"}],"items_purged_floors":[8],"is_endless":false,"potions_floor_spawned":[3,11,13,14],"killed_by":"3 Byrds","ascension_level":0}}