{"host":"iodn1af76021fjto","time":1613779070,"event":{"mods":["AchievementEnabler","BaseMod","BetterRewards","Colored Map","Downfall","Hermit","Infinite Spire","Jorbs\u0027s Wanderer Trilogy","Minty Spire (QoL Compilation)","Quick Restart","StSLib","SuperFastMode","The Cursed","The Hierophant","The Jungle","The Runesmith","The Servant 0.9.4"],"gold_per_floor":[116,129,141,121,74,102,102,102,153,179,148,148,180,194,194,296,296,310,310,225,150,169,201,231,231,256,270,270,270,288,301,301,396,446,463,483,393,404,479,510,510,535,609,629,639,639,639],"floor_reached":46,"language":"ENG","playtime":1331,"items_purged":[],"score":698,"play_id":"a1d75cc9-717d-45b3-8674-6d2302874c0a","local_time":"20210219185750","is_ascension_mode":true,"campfire_choices":[{"data":"Perfected Strike","floor":7,"key":"SMITH"},{"data":"Bash","floor":15,"key":"SMITH"},{"data":"Feed","floor":29,"key":"SMITH"},{"data":"Pommel Strike","floor":32,"key":"SMITH"},{"data":"Uppercut","floor":41,"key":"SMITH"}],"circlet_count":0,"master_deck":["Strike_R+1","Strike_R+1","Strike_R+1","Strike_R+1","Strike_R+1","Defend_R+1","Defend_R+1","Defend_R+1","Defend_R+1","Bash+1","Inflame+1","Wild Strike+1","Headbutt","Perfected Strike+1","Rampage","Cleave","Feed+1","Pommel Strike+1","Iron Wave+1","Rage+1","Pommel Strike+1","Immolate","Warcry+1","Uppercut+1","Parasite","Perfected Strike+1","Wild Strike+1","Evolve+1","Flex+1"],"relics":["Burning Blood","NeowsBlessing","PreservedInsect","Regal Pillow","Happy Flower","WingedGreaves","Coffee Dripper","Ice Cream","Runesmith:Nanobots","Centennial Puzzle","War Paint","infinitespire:CursedDice","Tiny House","Eternal Feather","Bottled Tornado","infinitespire:Beetle Shell","Blue Candle"],"acts_visited":["Exordium","TheCity","TheBeyond"],"potions_floor_usage":[16,23,33,35,42,42],"damage_taken":[{"damage":0,"enemies":"Cultist","floor":1,"turns":1},{"damage":0,"enemies":"Small Slimes","floor":2,"turns":1},{"damage":0,"enemies":"Jaw Worm","floor":3,"turns":1},{"damage":65,"enemies":"3 Sentries","floor":6,"turns":11},{"damage":16,"enemies":"Gremlin Nob","floor":10,"turns":3},{"damage":15,"enemies":"3 Sentries","floor":13,"turns":6},{"damage":0,"enemies":"Large Slime","floor":14,"turns":2},{"damage":19,"enemies":"Slime Boss","floor":16,"turns":8},{"damage":11,"enemies":"Spheric Guardian","floor":18,"turns":3},{"damage":18,"enemies":"2 Thieves","floor":22,"turns":3},{"damage":50,"enemies":"Gremlin Leader","floor":23,"turns":6},{"damage":16,"enemies":"Book of Stabbing","floor":24,"turns":3},{"damage":6,"enemies":"Shelled Parasite and Fungi","floor":27,"turns":3},{"damage":16,"enemies":"Chosen and Byrds","floor":30,"turns":5},{"damage":14,"enemies":"Centurion and Healer","floor":31,"turns":4},{"damage":37,"enemies":"Champ","floor":33,"turns":9},{"damage":0,"enemies":"Orb Walker","floor":35,"turns":1},{"damage":3,"enemies":"3 Darklings","floor":36,"turns":3},{"damage":27,"enemies":"Writhing Mass","floor":38,"turns":6},{"damage":27,"enemies":"Reptomancer","floor":40,"turns":4},{"damage":38,"enemies":"Nemesis","floor":42,"turns":3},{"damage":0,"enemies":"Jaw Worm Horde","floor":44,"turns":3},{"damage":38,"enemies":"Maw","floor":45,"turns":6},{"damage":24,"enemies":"Writhing Mass","floor":46,"turns":2}],"seed_played":"4034362405976828593","potions_obtained":[{"floor":1,"key":"FearPotion"},{"floor":3,"key":"champ:CounterPotion"},{"floor":4,"key":"GamblersBrew"},{"floor":6,"key":"Dexterity Potion"},{"floor":10,"key":"Guardian:BlockOnCardUsePotion"},{"floor":18,"key":"Block Potion"},{"floor":27,"key":"Fire Potion"},{"floor":30,"key":"PowerPotion"},{"floor":31,"key":"EssenceOfSteel"},{"floor":34,"key":"SkillPotion"},{"floor":35,"key":"Regen Potion"}],"is_trial":false,"path_per_floor":["M","M","M","?","$","E","R","$","T","E","?","?","E","M","R","B",null,"M","?","?","?","M","E","E","?","T","M","AVR","R","M","M","R","B",null,"M","M","?","M","T","E","R","E","T","M","M","M"],"character_chosen":"IRONCLAD","items_purchased":["Perfected Strike"],"campfire_rested":0,"item_purchase_floors":[5],"current_hp_per_floor":[80,80,80,80,80,21,21,21,21,11,11,31,22,28,28,15,64,59,80,80,77,68,24,14,14,14,17,17,17,7,41,41,10,73,79,82,82,61,61,44,59,36,36,46,14,0,0],"gold":639,"neow_bonus":"THREE_ENEMY_KILL","is_daily":false,"chose_seed":false,"campfire_upgraded":5,"win_rate":0.0,"timestamp":1613779070,"path_taken":["M","M","?","?","?","E","R","$","T","E","?","?","E","M","R","BOSS","M","?","?","?","?","E","E","?","T","M","AVR","R","M","M","R","BOSS","M","M","?","?","?","E","R","E","T","M","M","?"],"items_purchased_type":["Card"],"build_version":"2020-12-22","purchased_purges":0,"victory":false,"max_hp_per_floor":[80,80,80,80,80,80,80,80,80,80,80,80,80,80,80,80,80,80,80,80,77,80,80,80,80,80,83,83,83,83,87,87,87,92,92,92,92,92,92,96,96,96,96,100,100,100,100],"card_choices":[{"not_picked":["Pommel Strike","Body Slam"],"picked":"Inflame","floor":1},{"not_picked":["Shockwave","Blood for Blood"],"picked":"Wild Strike","floor":2},{"not_picked":["Searing Blow","Hemokinesis"],"picked":"Headbutt","floor":3},{"not_picked":["Clash","Warcry"],"picked":"Rampage","floor":6},{"not_picked":["Havoc","Barricade","Shockwave"],"picked":"SKIP","floor":10},{"not_picked":["Battle Trance","Clothesline"],"picked":"Cleave","floor":13},{"not_picked":["Headbutt","Hemokinesis","Cleave"],"picked":"SKIP","floor":14},{"not_picked":["Offering","Impervious"],"picked":"Feed","floor":16},{"not_picked":["Twin Strike+1","Flex"],"picked":"Pommel Strike","floor":18},{"not_picked":["Bloodletting","Berserk"],"picked":"Iron Wave+1","floor":22},{"not_picked":["Headbutt","Anger+1"],"picked":"Rage+1","floor":23},{"not_picked":["Heavy Blade","Anger","Spot Weakness"],"picked":"SKIP","floor":24},{"not_picked":["Second Wind","Hemokinesis","infinitespire:OneForAll+1"],"picked":"SKIP","floor":27},{"not_picked":["Cleave+1","Warcry"],"picked":"Pommel Strike+1","floor":30},{"not_picked":["Blood for Blood+1","Entrench","Infernal Blade"],"picked":"SKIP","floor":31},{"not_picked":["Bludgeon","Brutality"],"picked":"Immolate","floor":33},{"not_picked":["Twin Strike+1","True Grit"],"picked":"Clothesline","floor":34},{"not_picked":["Rupture+1","Sentinel+1"],"picked":"Warcry+1","floor":35},{"not_picked":["Clothesline+1","Wild Strike"],"picked":"Uppercut","floor":36},{"not_picked":["Armaments","Anger+1"],"picked":"Perfected Strike+1","floor":38},{"not_picked":["Corruption","Disarm+1"],"picked":"Wild Strike+1","floor":40},{"not_picked":["Body Slam","Dark Embrace+1"],"picked":"Evolve+1","floor":42},{"not_picked":["Blood for Blood","Sever Soul","Sword Boomerang"],"picked":"SKIP","floor":44},{"not_picked":["Entrench","Wild Strike+1"],"picked":"Flex+1","floor":45}],"player_experience":275428,"relics_obtained":[{"floor":6,"key":"PreservedInsect"},{"floor":9,"key":"Regal Pillow"},{"floor":10,"key":"Happy Flower"},{"floor":13,"key":"WingedGreaves"},{"floor":23,"key":"Runesmith:Nanobots"},{"floor":24,"key":"Centennial Puzzle"},{"floor":26,"key":"War Paint"},{"floor":39,"key":"Eternal Feather"},{"floor":40,"key":"Bottled Tornado"},{"floor":42,"key":"infinitespire:Beetle Shell"},{"floor":43,"key":"Blue Candle"}],"event_choices":[{"damage_healed":0,"gold_gain":0,"player_choice":"Bought 1 Potion","damage_taken":0,"max_hp_gain":0,"max_hp_loss":0,"event_name":"The Woman in Blue","floor":4,"gold_loss":0},{"damage_healed":0,"gold_gain":0,"player_choice":"Left Gold","damage_taken":0,"max_hp_gain":0,"max_hp_loss":0,"event_name":"World of Goop","floor":11,"gold_loss":31},{"damage_healed":20,"gold_gain":0,"player_choice":"Healed and dodged fight","damage_taken":0,"max_hp_gain":0,"max_hp_loss":0,"event_name":"Mushrooms","floor":12,"gold_loss":0,"cards_obtained":["Parasite"]},{"damage_healed":26,"gold_gain":0,"player_choice":"Heal","damage_taken":0,"max_hp_gain":0,"max_hp_loss":0,"event_name":"The Library","floor":19,"gold_loss":0},{"damage_healed":0,"gold_gain":0,"player_choice":"Obtained Relic","damage_taken":0,"relics_obtained":["Ice Cream"],"max_hp_gain":0,"max_hp_loss":0,"event_name":"Addict","floor":20,"gold_loss":85},{"cards_removed":["Parasite"],"damage_healed":0,"gold_gain":0,"player_choice":"Gave Gold","damage_taken":0,"max_hp_gain":0,"max_hp_loss":0,"event_name":"Beggar","floor":21,"gold_loss":75},{"damage_healed":0,"gold_gain":0,"player_choice":"Simplicity","damage_taken":0,"max_hp_gain":0,"max_hp_loss":0,"event_name":"Back to Basics","floor":25,"gold_loss":0,"cards_upgraded":["Strike_R","Strike_R","Strike_R","Strike_R","Strike_R","Defend_R","Defend_R","Defend_R","Defend_R"]},{"cards_removed":["Clothesline"],"damage_healed":0,"gold_gain":0,"player_choice":"Upgrade and Remove","damage_taken":0,"max_hp_gain":0,"max_hp_loss":0,"event_name":"Designer","floor":37,"gold_loss":90,"cards_upgraded":["Inflame"]}],"is_beta":false,"boss_relics":[{"not_picked":["Astrolabe","Ectoplasm"],"picked":"Coffee Dripper"},{"not_picked":["Runic Cube","infinitespire:Burning Sword"],"picked":"Tiny House"}],"items_purged_floors":[],"is_endless":false,"potions_floor_spawned":[1,3,6,10,14,18,27,30,31,35,38],"killed_by":"Writhing Mass","ascension_level":5}}