{"host":"tlbbab9afexrkdtf","time":1613777181,"event":{"mods":["2.2 Compatiblity","AchievementEnabler","BaseMod","Colored Map","Colored Powertips","Minty Spire (QoL Compilation)","Rare Cards Sparkle","StSLib"],"gold_per_floor":[112,112,112,132,132,132,36,111,111,139,139,152,171,187,187,284,284,297,297,297],"floor_reached":19,"language":"ENG","playtime":396,"items_purged":[],"score":234,"play_id":"48a8c68e-935f-4894-8407-fdcf3a7a6173","local_time":"20210219182621","is_ascension_mode":true,"campfire_choices":[{"floor":6,"key":"REST"},{"floor":15,"key":"REST"}],"circlet_count":0,"master_deck":["Strike_R","Strike_R","Strike_R","Strike_R","Defend_R","Defend_R","Defend_R","Defend_R","Bash","Infernal Blade","Flex","Clothesline","Inflame","Twin Strike","Berserk","Disarm","Cleave","Combust","Brutality","Heavy Blade"],"relics":["Burning Blood","Art of War","Blue Candle","Paper Frog","Runic Cube"],"acts_visited":["Exordium","TheCity"],"potions_floor_usage":[10,12,18],"damage_taken":[{"damage":8,"enemies":"Small Slimes","floor":1,"turns":5},{"damage":6,"enemies":"2 Louse","floor":4,"turns":3},{"damage":20,"enemies":"Gremlin Nob","floor":10,"turns":3},{"damage":13,"enemies":"Jaw Worm","floor":12,"turns":2},{"damage":0,"enemies":"Large Slime","floor":13,"turns":4},{"damage":7,"enemies":"3 Louse","floor":14,"turns":4},{"damage":16,"enemies":"Slime Boss","floor":16,"turns":8},{"damage":38,"enemies":"Shell Parasite","floor":18,"turns":4},{"damage":68,"enemies":"Masked Bandits","floor":19,"turns":4}],"seed_played":"-5019713309844553393","potions_obtained":[{"floor":1,"key":"Swift Potion"},{"floor":10,"key":"Swift Potion"},{"floor":16,"key":"DistilledChaos"}],"is_trial":false,"path_per_floor":["M","?","?","M","$","R","$","?","T","E","?","M","M","M","R","B",null,"M","?"],"character_chosen":"IRONCLAD","items_purchased":["Inflame","Twin Strike"],"campfire_rested":2,"item_purchase_floors":[7,7],"current_hp_per_floor":[70,70,75,75,75,101,101,90,90,76,69,62,68,67,97,87,98,66,0,0],"gold":297,"neow_bonus":"TWENTY_PERCENT_HP_BONUS","is_daily":false,"chose_seed":false,"campfire_upgraded":0,"win_rate":0.0,"timestamp":1613777181,"path_taken":["M","?","?","M","$","R","$","?","T","E","?","M","M","M","R","BOSS","M","?"],"items_purchased_type":["Card","Card"],"build_version":"2020-12-22","purchased_purges":0,"victory":false,"max_hp_per_floor":[96,96,101,101,101,101,101,101,101,101,101,101,101,101,101,101,101,101,101,101],"card_choices":[{"not_picked":["Sword Boomerang","Perfected Strike"],"picked":"Infernal Blade","floor":1},{"not_picked":["Bloodletting","Blood for Blood"],"picked":"Clothesline","floor":4},{"not_picked":["Bludgeon","Power Through"],"picked":"Berserk","floor":10},{"not_picked":["Twin Strike","Headbutt"],"picked":"Disarm","floor":12},{"not_picked":["Evolve","Wild Strike"],"picked":"Cleave","floor":13},{"not_picked":["Pommel Strike","Pummel"],"picked":"Combust","floor":14},{"not_picked":["Berserk","Limit Break"],"picked":"Brutality","floor":16},{"not_picked":["Cleave","Whirlwind"],"picked":"Heavy Blade","floor":18}],"player_experience":343017,"relics_obtained":[{"floor":9,"key":"Art of War"},{"floor":10,"key":"Blue Candle"}],"event_choices":[{"damage_healed":0,"gold_gain":0,"cards_transformed":["Strike_R"],"player_choice":"Change","damage_taken":0,"max_hp_gain":0,"max_hp_loss":0,"event_name":"Living Wall","floor":2,"gold_loss":0,"cards_obtained":["Flex"]},{"damage_healed":0,"gold_gain":0,"player_choice":"Donut","damage_taken":0,"max_hp_gain":5,"max_hp_loss":0,"event_name":"Big Fish","floor":3,"gold_loss":0},{"damage_healed":0,"gold_gain":75,"player_choice":"Gather Gold","damage_taken":11,"max_hp_gain":0,"max_hp_loss":0,"event_name":"World of Goop","floor":8,"gold_loss":0},{"damage_healed":0,"gold_gain":0,"player_choice":"Success","damage_taken":7,"relics_obtained":["Paper Frog"],"max_hp_gain":0,"max_hp_loss":0,"event_name":"Scrap Ooze","floor":11,"gold_loss":0},{"damage_healed":0,"gold_gain":0,"player_choice":"Fought Bandits","damage_taken":0,"max_hp_gain":0,"max_hp_loss":0,"event_name":"Masked Bandits","floor":19,"gold_loss":0}],"is_beta":false,"boss_relics":[{"not_picked":["Black Star","Tiny House"],"picked":"Runic Cube"}],"items_purged_floors":[],"is_endless":false,"potions_floor_spawned":[1,10,16],"killed_by":"Masked Bandits","ascension_level":5}}