{"host":"kh6fvhxn285ncg0o","time":1613756843,"event":{"mods":["Act Like it!","BaseMod","Colored Map","Friendly Minions","Keyboard Shortcuts","Minty Spire (QoL Compilation)","Quick Restart","Relic Stats","StSLib","SuperFastMode","UnlockEverythingMod"],"gold_per_floor":[110,110,127,143,155,155,190,190,215,245,245,263,297,313,313,313,313],"floor_reached":16,"language":"KOR","playtime":347,"items_purged":[],"score":244,"play_id":"0c4c8f0c-025c-41d9-ac5c-689021801574","local_time":"20210220024723","is_ascension_mode":true,"campfire_choices":[{"data":"Combust","floor":6,"key":"SMITH"},{"floor":11,"key":"REST"},{"data":"True Grit","floor":15,"key":"SMITH"}],"circlet_count":0,"master_deck":["AscendersBane","Strike_R","Strike_R","Strike_R","Strike_R","Strike_R","Defend_R","Defend_R","Defend_R","Defend_R","Bash","Blood for Blood","Thunderclap","True Grit+1","Combust+1","Evolve","Power Through","Demon Form+1"],"relics":["Burning Blood","Champion Belt","Happy Flower","Bronze Scales","NlothsMask","Vajra","Frozen Egg 2"],"acts_visited":["Exordium"],"potions_floor_usage":[7,7,7,10],"damage_taken":[{"damage":7,"enemies":"2 Louse","floor":1,"turns":4},{"damage":11,"enemies":"Jaw Worm","floor":3,"turns":4},{"damage":3,"enemies":"Cultist","floor":4,"turns":4},{"damage":0,"enemies":"2 Fungi Beasts","floor":5,"turns":6},{"damage":20,"enemies":"Lagavulin","floor":7,"turns":6},{"damage":26,"enemies":"Gremlin Nob","floor":10,"turns":4},{"damage":16,"enemies":"Large Slime","floor":12,"turns":4},{"damage":35,"enemies":"Lagavulin","floor":13,"turns":5},{"damage":15,"enemies":"Exordium Wildlife","floor":14,"turns":3},{"damage":16,"enemies":"Hexaghost","floor":16,"turns":7}],"seed_played":"-3102647806089635944","potions_obtained":[{"floor":4,"key":"EntropicBrew"},{"floor":5,"key":"SpeedPotion"},{"floor":12,"key":"FairyPotion"}],"is_trial":false,"path_per_floor":["M","?","M","M","M","R","E","?","T","E","R","M","E","M","R","B"],"character_chosen":"IRONCLAD","items_purchased":[],"campfire_rested":1,"item_purchase_floors":[],"current_hp_per_floor":[67,41,36,39,45,45,31,31,31,11,31,21,25,16,16,0,0],"gold":313,"neow_bonus":"ONE_RARE_RELIC","is_daily":false,"chose_seed":false,"campfire_upgraded":2,"win_rate":0.0,"timestamp":1613756843,"path_taken":["M","?","M","M","M","R","E","?","T","E","R","M","E","M","R","BOSS"],"items_purchased_type":[],"build_version":"2020-12-22","purchased_purges":0,"victory":false,"max_hp_per_floor":[68,68,68,68,68,68,68,68,68,68,68,68,68,68,68,68,68],"relic_stats":{"Happy Flower":[14],"counters":[10,47],"Bronze Scales":[57],"Champion Belt":[24],"obtain_stats":[{"Happy Flower":2,"Bronze Scales":7,"Vajra":10,"Champion Belt":0,"Frozen Egg 2":13,"Burning Blood":0,"NlothsMask":8},{"Happy Flower":1,"Bronze Scales":5,"Vajra":6,"Champion Belt":0,"Frozen Egg 2":8,"Burning Blood":0,"NlothsMask":5},{"Happy Flower":4,"Bronze Scales":24,"Vajra":28,"Champion Belt":0,"Frozen Egg 2":37,"Burning Blood":0,"NlothsMask":24}],"Burning Blood":54},"card_choices":[{"not_picked":["Twin Strike","Flex"],"picked":"Blood for Blood","floor":1},{"not_picked":["Body Slam","Reckless Charge"],"picked":"Thunderclap","floor":3},{"not_picked":["Perfected Strike","Headbutt"],"picked":"True Grit","floor":4},{"not_picked":["Anger","Infernal Blade"],"picked":"Combust","floor":5},{"not_picked":["Rupture","Clash"],"picked":"Evolve","floor":7},{"not_picked":["Bludgeon","Clothesline","Spot Weakness"],"picked":"SKIP","floor":10},{"not_picked":["Cleave","Perfected Strike","Anger"],"picked":"SKIP","floor":12},{"not_picked":["Blood for Blood","Body Slam"],"picked":"Power Through","floor":13},{"not_picked":["Shockwave","Body Slam"],"picked":"Demon Form+1","floor":14}],"player_experience":1470523,"relics_obtained":[{"floor":7,"key":"Bronze Scales"},{"floor":10,"key":"Vajra"},{"floor":13,"key":"Frozen Egg 2"}],"event_choices":[{"damage_healed":0,"gold_gain":0,"player_choice":"Success","damage_taken":26,"relics_obtained":["Happy Flower"],"max_hp_gain":0,"max_hp_loss":0,"event_name":"Scrap Ooze","floor":2,"gold_loss":0},{"damage_healed":0,"gold_gain":0,"player_choice":"Trade","damage_taken":0,"relics_obtained":["NlothsMask"],"max_hp_gain":0,"max_hp_loss":0,"event_name":"FaceTrader","floor":8,"gold_loss":0}],"is_beta":false,"boss_relics":[],"items_purged_floors":[],"is_endless":false,"potions_floor_spawned":[4,5,12],"killed_by":"Hexaghost","ascension_level":20}}