{"host":"t1puqh5lxz8sp6fn","time":1613776505,"event":{"mods":["AchievementEnabler","BaseMod","Colored Powertips","Minty Spire (QoL Compilation)","Rare Cards Sparkle","Relic Stats","StSLib"],"gold_per_floor":[119,135,147,147,165,196,196,227,254,12,12,45,61,76,76,148,148,164,175,65,65,65,65,65,65],"floor_reached":24,"playtime":1189,"items_purged":["Defend_B"],"score":378,"play_id":"4b8ad944-42b0-43e8-ba26-56104e2f66bd","local_time":"20210219201505","is_ascension_mode":true,"campfire_choices":[{"floor":11,"key":"REST"},{"floor":15,"key":"REST"},{"floor":23,"key":"REST"}],"circlet_count":0,"master_deck":["AscendersBane","Strike_B+1","Defend_B","Defend_B+1","Zap","Dualcast","Dramatic Entrance","Glacier","Sweeping Beam","Leap","Undo+1","Reinforced Body","Core Surge","Apotheosis","Hologram","Ball Lightning","Fission","Aggregate+1","Streamline+1","Thunder Strike+1","Glacier+1","Lockon"],"relics":["Cracked Core","Smiling Mask","Potion Belt","Centennial Puzzle","Omamori","Astrolabe"],"acts_visited":["Exordium","TheCity"],"potions_floor_usage":[2,5,8,16],"damage_taken":[{"damage":7,"enemies":"Small Slimes","floor":1,"turns":3},{"damage":1,"enemies":"Jaw Worm","floor":2,"turns":2},{"damage":1,"enemies":"Cultist","floor":3,"turns":3},{"damage":1,"enemies":"Large Slime","floor":5,"turns":6},{"damage":9,"enemies":"3 Sentries","floor":6,"turns":9},{"damage":20,"enemies":"Lagavulin","floor":8,"turns":8},{"damage":16,"enemies":"3 Sentries","floor":12,"turns":8},{"damage":0,"enemies":"Looter","floor":13,"turns":2},{"damage":7,"enemies":"3 Louse","floor":14,"turns":2},{"damage":3,"enemies":"Hexaghost","floor":16,"turns":11},{"damage":16,"enemies":"2 Thieves","floor":18,"turns":3},{"damage":21,"enemies":"Shell Parasite","floor":19,"turns":5},{"damage":43,"enemies":"Gremlin Leader","floor":24,"turns":5}],"seed_played":"7466230699114231306","potions_obtained":[{"floor":1,"key":"SkillPotion"},{"floor":2,"key":"AttackPotion"},{"floor":3,"key":"SteroidPotion"},{"floor":14,"key":"FocusPotion"},{"floor":18,"key":"Energy Potion"}],"is_trial":false,"path_per_floor":["M","M","M","?","M","E","?","E","T","$","R","E","M","M","R","B",null,"M","M","?","$","?","R","E"],"character_chosen":"DEFECT","items_purchased":["Apotheosis"],"campfire_rested":3,"item_purchase_floors":[10],"current_hp_per_floor":[57,56,55,55,54,45,24,4,4,4,25,9,9,2,23,20,58,42,21,21,21,21,42,0,0],"gold":65,"neow_bonus":"RANDOM_COLORLESS","is_daily":false,"chose_seed":false,"campfire_upgraded":0,"win_rate":0.0,"timestamp":1613776505,"path_taken":["M","M","M","?","M","E","?","E","T","$","R","E","M","M","R","BOSS","M","M","?","?","?","R","E"],"items_purchased_type":["Card"],"build_version":"2020-12-13","purchased_purges":1,"victory":false,"max_hp_per_floor":[71,71,71,71,71,71,71,71,71,71,71,71,71,71,71,71,71,71,71,71,71,71,71,71,71],"relic_stats":{"Centennial Puzzle":[18],"counters":[13,67],"Astrolabe":["Aggregate","Streamline","Thunder Strike"],"Smiling Mask":25,"obtain_stats":[{"Potion Belt":8,"Centennial Puzzle":9,"Astrolabe":17,"Omamori":12,"Cracked Core":0,"Smiling Mask":6},{"Potion Belt":6,"Centennial Puzzle":6,"Astrolabe":10,"Omamori":7,"Cracked Core":0,"Smiling Mask":5},{"Potion Belt":31,"Centennial Puzzle":31,"Astrolabe":54,"Omamori":39,"Cracked Core":0,"Smiling Mask":23}]},"card_choices":[{"not_picked":["Panacea","Dark Shackles"],"picked":"Dramatic Entrance","floor":0},{"not_picked":["Recycle","Go for the Eyes"],"picked":"Glacier","floor":1},{"not_picked":["Barrage","Cold Snap"],"picked":"Sweeping Beam","floor":2},{"not_picked":["Sweeping Beam","Chaos"],"picked":"Leap","floor":3},{"not_picked":["Steam","Rebound"],"picked":"Undo","floor":5},{"not_picked":["Conserve Battery","Chaos"],"picked":"Reinforced Body","floor":6},{"not_picked":["Stack","Auto Shields"],"picked":"Core Surge","floor":8},{"not_picked":["Conserve Battery","Sweeping Beam","Cold Snap"],"picked":"SKIP","floor":12},{"not_picked":["Gash","Capacitor"],"picked":"Hologram","floor":13},{"not_picked":["Reprogram","Skim"],"picked":"Ball Lightning","floor":14},{"not_picked":["Hyperbeam","Meteor Strike"],"picked":"Fission","floor":16},{"not_picked":["Hello World","Conserve Battery"],"picked":"Glacier+1","floor":18},{"not_picked":["Sunder","Steam"],"picked":"Lockon","floor":19}],"player_experience":545176,"relics_obtained":[{"floor":6,"key":"Smiling Mask"},{"floor":8,"key":"Potion Belt"},{"floor":9,"key":"Centennial Puzzle"},{"floor":12,"key":"Omamori"}],"event_choices":[{"damage_healed":0,"gold_gain":0,"player_choice":"Leave","damage_taken":0,"max_hp_gain":0,"max_hp_loss":0,"event_name":"The Cleric","floor":4,"gold_loss":0},{"damage_healed":0,"gold_gain":0,"player_choice":"Entered Light","damage_taken":21,"max_hp_gain":0,"max_hp_loss":0,"event_name":"Shining Light","floor":7,"gold_loss":0,"cards_upgraded":["Undo","Strike_B"]},{"cards_removed":["Strike_B"],"damage_healed":0,"gold_gain":0,"player_choice":"Upgrade and Remove","damage_taken":0,"max_hp_gain":0,"max_hp_loss":0,"event_name":"Designer","floor":20,"gold_loss":110,"cards_upgraded":["Defend_B"]},{"damage_healed":0,"gold_gain":0,"player_choice":"Ignored","damage_taken":0,"max_hp_gain":0,"max_hp_loss":0,"event_name":"Vampires","floor":22,"gold_loss":0}],"is_beta":false,"boss_relics":[{"not_picked":["FrozenCore","Philosopher\u0027s Stone"],"picked":"Astrolabe"}],"items_purged_floors":[10],"is_endless":false,"potions_floor_spawned":[1,2,3,14,18],"killed_by":"Gremlin Leader","ascension_level":15}}