{"host":"30jsp143e4v19aze","time":1613704105,"event":{"mods":["BaseMod","Colored Map","Colored Powertips","Curses Come First","DeckTracker","Highlight Path","Minty Spire (QoL Compilation)","Quick Restart","Relic Stats","StSLib","everything is the same but u backflip on backflip","slay the spire mod where everything is the same but ironclad has a cowboy hat"],"gold_per_floor":[111,111,125,7,7,38,38,72,119,129,142,204,204,225,225,324,324,343,356,127,127,143,143,143,143],"floor_reached":24,"language":"ENG","playtime":698,"items_purged":["Strike_R","Strike_R"],"score":462,"play_id":"c403c9ef-11bf-49d2-8b7d-d988ccbbd35a","local_time":"20210219040825","is_ascension_mode":true,"campfire_choices":[{"data":"True Grit","floor":7,"key":"SMITH"},{"data":"Inflame","floor":15,"key":"SMITH"},{"data":"Metallicize","floor":23,"key":"SMITH"}],"circlet_count":0,"master_deck":["AscendersBane","Strike_R","Strike_R","Strike_R","Defend_R","Defend_R","Defend_R","Defend_R","Bash","Carnage+1","True Grit+1","Fire Breathing","Feel No Pain","Inflame+1","Feel No Pain","Disarm","Metallicize+1","Corruption","Intimidate","Evolve","Power Through"],"relics":["Burning Blood","NeowsBlessing","Pen Nib","Peace Pipe","Art of War","MealTicket","Golden Idol","Snecko Eye","Kunai"],"acts_visited":["Exordium","TheCity"],"potions_floor_usage":[10,22,24],"damage_taken":[{"damage":0,"enemies":"2 Louse","floor":1,"turns":1},{"damage":0,"enemies":"Jaw Worm","floor":3,"turns":1},{"damage":0,"enemies":"3 Sentries","floor":6,"turns":2},{"damage":32,"enemies":"Gremlin Nob","floor":8,"turns":4},{"damage":0,"enemies":"Cultist","floor":10,"turns":3},{"damage":0,"enemies":"2 Fungi Beasts","floor":11,"turns":4},{"damage":48,"enemies":"Lagavulin Event","floor":12,"turns":6},{"damage":18,"enemies":"Large Slime","floor":14,"turns":5},{"damage":22,"enemies":"Hexaghost","floor":16,"turns":10},{"damage":11,"enemies":"Chosen","floor":18,"turns":8},{"damage":43,"enemies":"Spheric Guardian","floor":19,"turns":7},{"damage":29,"enemies":"Shelled Parasite and Fungi","floor":22,"turns":5},{"damage":24,"enemies":"Slavers","floor":24,"turns":1}],"seed_played":"-5421624854337239232","potions_obtained":[{"floor":5,"key":"BloodPotion"},{"floor":5,"key":"SteroidPotion"},{"floor":10,"key":"FairyPotion"},{"floor":18,"key":"BloodPotion"},{"floor":22,"key":"ColorlessPotion"}],"is_trial":false,"path_per_floor":["M","?","M","$","?","E","R","E","T","M","M","?","?","M","R","B",null,"M","M","$","?","M","R","E"],"character_chosen":"IRONCLAD","items_purchased":["Fire Breathing","Evolve","Power Through"],"campfire_rested":0,"item_purchase_floors":[4,20,20],"current_hp_per_floor":[74,74,75,75,75,75,75,49,49,70,75,33,7,28,28,12,59,54,17,32,32,24,24,0,0],"gold":143,"neow_bonus":"THREE_ENEMY_KILL","is_daily":false,"chose_seed":false,"campfire_upgraded":3,"win_rate":0.0,"timestamp":1613704105,"path_taken":["M","?","M","$","?","E","R","E","T","M","?","?","?","M","R","BOSS","M","M","$","?","?","R","E"],"items_purchased_type":["Card","Card","Card"],"build_version":"2020-12-22","purchased_purges":2,"victory":false,"max_hp_per_floor":[75,75,75,75,75,75,75,75,75,75,75,75,75,75,75,75,75,75,75,75,75,75,75,75,75],"relic_stats":{"Peace Pipe":0,"counters":[13,57],"Golden Idol":34,"Snecko Eye":[28,22,35,37],"MealTicket":15,"Pen Nib":[6],"Art of War":[8],"Kunai":[0],"obtain_stats":[{"Peace Pipe":8,"NeowsBlessing":0,"Golden Idol":13,"Snecko Eye":17,"MealTicket":12,"Pen Nib":6,"Art of War":9,"Kunai":21,"Burning Blood":0},{"Peace Pipe":4,"NeowsBlessing":0,"Golden Idol":7,"Snecko Eye":9,"MealTicket":7,"Pen Nib":3,"Art of War":4,"Kunai":11,"Burning Blood":0},{"Peace Pipe":8,"NeowsBlessing":0,"Golden Idol":21,"Snecko Eye":36,"MealTicket":21,"Pen Nib":4,"Art of War":8,"Kunai":51,"Burning Blood":0}],"Burning Blood":60},"card_choices":[{"not_picked":["Flex","Clothesline"],"picked":"Carnage","floor":1},{"not_picked":["Rupture","Clash"],"picked":"True Grit","floor":3},{"not_picked":["Shrug It Off","Perfected Strike"],"picked":"Feel No Pain","floor":6},{"not_picked":["Searing Blow","Havoc"],"picked":"Inflame","floor":8},{"not_picked":["Spot Weakness","Twin Strike"],"picked":"Feel No Pain","floor":10},{"not_picked":["Rupture","Iron Wave","Cleave"],"picked":"SKIP","floor":11},{"not_picked":["Heavy Blade","Wild Strike"],"picked":"Disarm","floor":12},{"not_picked":["Carnage","Intimidate"],"picked":"Metallicize","floor":14},{"not_picked":["Barricade","Brutality"],"picked":"Corruption","floor":16},{"not_picked":["Uppercut","Twin Strike","Clash"],"picked":"SKIP","floor":18},{"not_picked":["Thunderclap","Pommel Strike"],"picked":"Intimidate","floor":19},{"not_picked":["Flex","Twin Strike","Bloodletting+1"],"picked":"SKIP","floor":22}],"player_experience":3286650,"relics_obtained":[{"floor":6,"key":"Pen Nib"},{"floor":8,"key":"Peace Pipe"},{"floor":9,"key":"Art of War"},{"floor":12,"key":"MealTicket"},{"floor":21,"key":"Kunai"}],"event_choices":[{"damage_healed":0,"gold_gain":0,"player_choice":"Grow","damage_taken":0,"max_hp_gain":0,"max_hp_loss":0,"event_name":"Living Wall","floor":2,"gold_loss":0,"cards_upgraded":["Carnage"]},{"damage_healed":0,"gold_gain":0,"player_choice":"Got Potions","damage_taken":0,"max_hp_gain":0,"max_hp_loss":0,"event_name":"Lab","floor":5,"gold_loss":0},{"damage_healed":0,"gold_gain":0,"player_choice":"Searched \u00271\u0027 times","damage_taken":0,"max_hp_gain":0,"max_hp_loss":0,"event_name":"Dead Adventurer","floor":12,"gold_loss":0},{"damage_healed":0,"gold_gain":0,"player_choice":"Take Damage","damage_taken":26,"relics_obtained":["Golden Idol"],"max_hp_gain":0,"max_hp_loss":0,"event_name":"Golden Idol","floor":13,"gold_loss":0},{"damage_healed":0,"gold_gain":0,"player_choice":"Relic","damage_taken":0,"max_hp_gain":0,"max_hp_loss":0,"event_name":"Wheel of Change","floor":21,"gold_loss":0}],"is_beta":false,"boss_relics":[{"not_picked":["Empty Cage","Velvet Choker"],"picked":"Snecko Eye"}],"items_purged_floors":[4,20],"is_endless":false,"potions_floor_spawned":[10,11,12,14,18,22],"killed_by":"Slavers","ascension_level":20}}