{"host":"toh0bbw446wnuexf","time":1613706671,"event":{"mods":["BaseMod","Downfall","Hermit","Minty Spire (QoL Compilation)","Random Character Button","Robot Space Explorer","StSLib"],"gold_per_floor":[115,65,65,65,84,84,96,21,47,58,58,76,76,93,93,189,189,203,214,240,240,240,268,268,298,298,298,310,410,410,422,422,521,521,540,557,576,111,161,161,161,161,161,175,175,175,175,175,175,175,175],"floor_reached":50,"language":"ENG","playtime":2406,"items_purged":["Strike_R","Strike_R"],"score":563,"play_id":"03d6b802-2709-481b-b065-0bb4b0d8212a","local_time":"20210219165111","is_ascension_mode":true,"campfire_choices":[{"data":"Iron Wave","floor":6,"key":"SMITH"},{"data":"Headbutt","floor":11,"key":"SMITH"},{"data":"Twin Strike","floor":15,"key":"SMITH"},{"floor":24,"key":"REST"},{"floor":27,"key":"REST"},{"floor":30,"key":"REST"},{"data":"Berserk","floor":32,"key":"SMITH"},{"data":"Ghostly Armor","floor":40,"key":"SMITH"},{"data":"Defend_R","floor":45,"key":"SMITH"},{"data":"Defend_R","floor":47,"key":"SMITH"},{"data":"Defend_R","floor":49,"key":"SMITH"}],"circlet_count":0,"master_deck":["Strike_R","Defend_R+1","Defend_R+1","Defend_R+1","Defend_R","Immolate+1","Iron Wave+1","Headbutt+1","Twin Strike+1","Berserk+1","Ghostly Armor+1","Fire Breathing+1"],"relics":["Black Blood","Oddly Smooth Stone","sneckomod:SneckoTalon","Red Mask","Frozen Egg 2","Omamori","Dead Branch","Ornamental Fan","hexamod:Sixitude","Mercury Hourglass","Turnip","Peace Pipe","CaptainsWheel"],"acts_visited":["Exordium","TheCity","TheBeyond"],"potions_floor_usage":[20,25,29,50,50],"damage_taken":[{"damage":0,"enemies":"Small Slimes","floor":1,"turns":2},{"damage":1,"enemies":"2 Louse","floor":5,"turns":3},{"damage":0,"enemies":"Cultist","floor":7,"turns":2},{"damage":1,"enemies":"Exordium Wildlife","floor":10,"turns":3},{"damage":0,"enemies":"3 Louse","floor":12,"turns":1},{"damage":0,"enemies":"2 Fungi Beasts","floor":14,"turns":2},{"damage":64,"enemies":"Slime Boss","floor":16,"turns":11},{"damage":0,"enemies":"Spheric Guardian","floor":18,"turns":3},{"damage":0,"enemies":"Chosen","floor":19,"turns":3},{"damage":0,"enemies":"Masked Bandits","floor":20,"turns":2},{"damage":49,"enemies":"Book of Stabbing","floor":23,"turns":5},{"damage":30,"enemies":"Slavers","floor":25,"turns":3},{"damage":14,"enemies":"Snake Plant","floor":28,"turns":4},{"damage":10,"enemies":"Colosseum Slavers","floor":29,"turns":3},{"damage":35,"enemies":"Colosseum Nobs","floor":29,"turns":6},{"damage":10,"enemies":"Shelled Parasite and Fungi","floor":31,"turns":4},{"damage":27,"enemies":"Automaton","floor":33,"turns":12},{"damage":21,"enemies":"3 Darklings","floor":35,"turns":3},{"damage":2,"enemies":"Orb Walker","floor":36,"turns":3},{"damage":10,"enemies":"Spire Growth","floor":37,"turns":5},{"damage":0,"enemies":"Mind Bloom Boss Battle","floor":39,"turns":5},{"damage":18,"enemies":"Transient","floor":44,"turns":5},{"damage":83,"enemies":"Awakened One","floor":50,"turns":8}],"seed_played":"-9062766967763158050","potions_obtained":[{"floor":1,"key":"Fire Potion"},{"floor":5,"key":"FearPotion"},{"floor":7,"key":"Regen Potion"},{"floor":20,"key":"Swift Potion"},{"floor":28,"key":"Regen Potion"},{"floor":29,"key":"ElixirPotion"},{"floor":33,"key":"Energy Potion"},{"floor":36,"key":"champ:CounterPotion"},{"floor":39,"key":"Strength Potion"}],"is_trial":false,"path_per_floor":["M","?","?","?","M","R","M","$","T","M","R","M","?","M","R","B",null,"M","M","?","?","T","E","R","E","T","R","M","?","R","M","R","B",null,"M","M","M","$","?","R","?","?","T","M","R","?","R","?","R","B"],"character_chosen":"IRONCLAD","items_purchased":["Fire Breathing+1","Turnip"],"campfire_rested":3,"item_purchase_floors":[38,38],"current_hp_per_floor":[80,80,80,80,80,80,80,80,80,80,80,80,80,80,80,22,80,80,80,80,80,80,37,61,46,46,70,62,44,68,64,64,43,80,71,80,80,80,80,80,80,80,80,74,74,74,74,74,74,0,0],"gold":175,"neow_bonus":"ONE_RANDOM_RARE_CARD","is_daily":false,"chose_seed":false,"campfire_upgraded":8,"win_rate":0.0,"timestamp":1613706671,"path_taken":["M","?","?","?","?","R","M","$","T","M","R","M","?","M","R","BOSS","M","M","?","?","?","E","R","E","T","R","?","?","R","M","R","BOSS","M","M","M","$","?","R","?","?","T","M","R","?","R","?","R","BOSS"],"items_purchased_type":["Card","Relic"],"build_version":"2020-12-22","purchased_purges":2,"victory":false,"max_hp_per_floor":[80,80,80,80,80,80,80,80,80,80,80,80,80,80,80,80,80,80,80,80,80,80,80,80,80,80,80,80,80,80,80,80,80,80,80,80,80,80,80,80,80,80,80,80,80,76,76,76,76,76,76],"card_choices":[{"not_picked":["Second Wind","Intimidate"],"picked":"Iron Wave","floor":1},{"not_picked":["Heavy Blade","Clash"],"picked":"Headbutt","floor":5},{"not_picked":["Cleave","Carnage"],"picked":"Twin Strike","floor":7},{"not_picked":["Clothesline","Rampage","Impervious"],"picked":"SKIP","floor":10},{"not_picked":["Flex","Blood for Blood","Pommel Strike"],"picked":"SKIP","floor":12},{"not_picked":["Warcry","Intimidate","Thunderclap"],"picked":"SKIP","floor":14},{"not_picked":["Juggernaut","Barricade"],"picked":"Berserk","floor":16},{"not_picked":["Warcry","Hemokinesis"],"picked":"Ghostly Armor","floor":18},{"not_picked":["Warcry+1","Flex","Iron Wave+1"],"picked":"SKIP","floor":19},{"not_picked":["Uppercut","Sever Soul+1","Iron Wave"],"picked":"SKIP","floor":23},{"not_picked":["Cleave","Whirlwind","True Grit"],"picked":"SKIP","floor":25},{"not_picked":["Blood for Blood+1","Headbutt+1","Havoc"],"picked":"SKIP","floor":28},{"not_picked":["Clothesline","Warcry","Twin Strike"],"picked":"SKIP","floor":31},{"not_picked":["Pommel Strike+1","Flame Barrier","Shockwave+1"],"picked":"SKIP","floor":35},{"not_picked":["Havoc","Twin Strike+1","Clash"],"picked":"SKIP","floor":36},{"not_picked":["Flex+1","Disarm","Cleave+1"],"picked":"SKIP","floor":37},{"not_picked":["Battle Trance+1","True Grit+1","Dual Wield+1"],"picked":"SKIP","floor":44}],"player_experience":702964,"relics_obtained":[{"floor":9,"key":"Oddly Smooth Stone"},{"floor":20,"key":"Red Mask"},{"floor":22,"key":"Frozen Egg 2"},{"floor":23,"key":"Omamori"},{"floor":25,"key":"Dead Branch"},{"floor":26,"key":"Ornamental Fan"},{"floor":29,"key":"hexamod:Sixitude"},{"floor":29,"key":"Mercury Hourglass"},{"floor":39,"key":"Peace Pipe"},{"floor":43,"key":"CaptainsWheel"}],"event_choices":[{"cards_removed":["Bash"],"damage_healed":0,"gold_gain":0,"player_choice":"Card Removal","damage_taken":0,"max_hp_gain":0,"max_hp_loss":0,"event_name":"The Cleric","floor":2,"gold_loss":50},{"damage_healed":0,"gold_gain":0,"player_choice":"Ignored","damage_taken":0,"max_hp_gain":0,"max_hp_loss":0,"event_name":"Liars Game","floor":3,"gold_loss":0},{"damage_healed":0,"gold_gain":0,"player_choice":"Upgraded","damage_taken":0,"max_hp_gain":0,"max_hp_loss":0,"event_name":"Upgrade Shrine","floor":4,"gold_loss":0,"cards_upgraded":["Immolate"]},{"cards_removed":["Strike_R"],"damage_healed":0,"gold_gain":0,"player_choice":"Forget","damage_taken":0,"max_hp_gain":0,"max_hp_loss":0,"event_name":"Living Wall","floor":13,"gold_loss":0},{"damage_healed":0,"gold_gain":0,"player_choice":"Fought Bandits","damage_taken":0,"max_hp_gain":0,"max_hp_loss":0,"event_name":"Masked Bandits","floor":20,"gold_loss":0},{"damage_healed":0,"gold_gain":0,"player_choice":"Ignored","damage_taken":0,"max_hp_gain":0,"max_hp_loss":0,"event_name":"Ghosts","floor":21,"gold_loss":0},{"damage_healed":0,"gold_gain":0,"player_choice":"Fight","damage_taken":0,"max_hp_gain":0,"max_hp_loss":0,"event_name":"Colosseum","floor":29,"gold_loss":0},{"damage_healed":0,"gold_gain":0,"player_choice":"Fought Nobs","damage_taken":0,"max_hp_gain":0,"max_hp_loss":0,"event_name":"Colosseum","floor":29,"gold_loss":0},{"damage_healed":0,"gold_gain":0,"player_choice":"Fight","damage_taken":0,"max_hp_gain":0,"max_hp_loss":0,"event_name":"MindBloom","floor":39,"gold_loss":0},{"damage_healed":0,"gold_gain":0,"player_choice":"Ignored","damage_taken":0,"max_hp_gain":0,"max_hp_loss":0,"event_name":"Mysterious Sphere","floor":41,"gold_loss":0},{"cards_removed":["Strike_R"],"damage_healed":0,"gold_gain":0,"player_choice":"Removed Attack","damage_taken":0,"max_hp_gain":0,"max_hp_loss":0,"event_name":"Falling","floor":42,"gold_loss":0},{"damage_healed":0,"gold_gain":0,"player_choice":"Max HP","damage_taken":0,"max_hp_gain":0,"max_hp_loss":4,"event_name":"Winding Halls","floor":46,"gold_loss":0},{"damage_healed":0,"gold_gain":0,"player_choice":"Ignored","damage_taken":0,"max_hp_gain":0,"max_hp_loss":0,"event_name":"Tomb of Lord Red Mask","floor":48,"gold_loss":0}],"is_beta":false,"boss_relics":[{"not_picked":["Busted Crown","Pandora\u0027s Box"],"picked":"sneckomod:SneckoTalon"},{"not_picked":["SacredBark","Sozu"],"picked":"Black Blood"}],"items_purged_floors":[8,38],"is_endless":false,"potions_floor_spawned":[1,5,7,20,28,29,29,33,35,36,39],"killed_by":"Awakened One","ascension_level":3}}