{"host":"8ztb9kwpjc2zof9s","time":1613775871,"event":{"mods":["BaseMod","Block Reminder","Curses Come First","Minty Spire (QoL Compilation)","Relic Stats","StSLib"],"gold_per_floor":[119,139,139,157,11,41,41,41,89,115,115,115,133,133,133],"floor_reached":14,"language":"ENG","playtime":427,"items_purged":["Defend_G"],"score":162,"play_id":"58ef0131-19c3-4f4e-9b55-ac3b928988cc","local_time":"20210219150431","is_ascension_mode":true,"campfire_choices":[{"floor":8,"key":"REST"},{"data":"After Image","floor":11,"key":"SMITH"}],"circlet_count":0,"master_deck":["AscendersBane","Strike_G","Strike_G","Strike_G","Strike_G","Defend_G","Defend_G","Defend_G","Defend_G","Survivor","Neutralize","Backflip","Outmaneuver","Noxious Fumes","After Image+1","Backflip"],"relics":["Ring of the Snake","Strawberry","Boot","Akabeko","Anchor"],"acts_visited":["Exordium"],"potions_floor_usage":[6,6,10,14],"damage_taken":[{"damage":4,"enemies":"Jaw Worm","floor":1,"turns":6},{"damage":1,"enemies":"Small Slimes","floor":2,"turns":4},{"damage":9,"enemies":"Cultist","floor":4,"turns":6},{"damage":42,"enemies":"Gremlin Nob","floor":6,"turns":5},{"damage":9,"enemies":"3 Sentries","floor":10,"turns":9},{"damage":0,"enemies":"Looter","floor":13,"turns":4},{"damage":42,"enemies":"Gremlin Nob","floor":14,"turns":5}],"seed_played":"5051514761279765985","potions_obtained":[{"floor":1,"key":"Strength Potion"},{"floor":4,"key":"Poison Potion"},{"floor":6,"key":"Weak Potion"},{"floor":10,"key":"Strength Potion"}],"is_trial":false,"path_per_floor":["M","M","?","M","$","E","?","R","T","E","R","?","M","E"],"character_chosen":"THE_SILENT","items_purchased":["Noxious Fumes"],"campfire_rested":1,"item_purchase_floors":[5],"current_hp_per_floor":[59,58,63,54,54,19,19,43,43,34,34,31,31,0,0],"gold":133,"neow_bonus":"REMOVE_CARD","is_daily":false,"chose_seed":false,"campfire_upgraded":1,"win_rate":0.0,"timestamp":1613775871,"path_taken":["M","M","?","M","$","E","?","R","T","E","R","?","M","E"],"items_purchased_type":["Card"],"build_version":"2020-12-22","purchased_purges":1,"victory":false,"max_hp_per_floor":[70,70,75,75,75,82,82,82,82,82,82,82,82,82,82],"relic_stats":{"counters":[7,39],"Boot":[8],"obtain_stats":[{"Anchor":12,"Strawberry":6,"Boot":9,"Akabeko":10,"Ring of the Snake":0},{"Anchor":5,"Strawberry":4,"Boot":4,"Akabeko":5,"Ring of the Snake":0},{"Anchor":30,"Strawberry":21,"Boot":21,"Akabeko":30,"Ring of the Snake":0}],"Ring of the Snake":[14]},"card_choices":[{"not_picked":["Predator","Sucker Punch","Deflect"],"picked":"SKIP","floor":1},{"not_picked":["Masterful Stab","Accuracy"],"picked":"Backflip","floor":2},{"not_picked":["Flying Knee","Masterful Stab"],"picked":"Outmaneuver","floor":4},{"not_picked":["Acrobatics","Outmaneuver"],"picked":"After Image","floor":6},{"not_picked":["Dodge and Roll","Underhanded Strike","Predator"],"picked":"SKIP","floor":10},{"not_picked":["Prepared","Caltrops"],"picked":"Backflip","floor":13}],"player_experience":357856,"relics_obtained":[{"floor":6,"key":"Strawberry"},{"floor":9,"key":"Boot"},{"floor":10,"key":"Akabeko"}],"event_choices":[{"damage_healed":0,"gold_gain":0,"player_choice":"Donut","damage_taken":0,"max_hp_gain":5,"max_hp_loss":0,"event_name":"Big Fish","floor":3,"gold_loss":0},{"damage_healed":0,"gold_gain":0,"player_choice":"Ignored","damage_taken":0,"max_hp_gain":0,"max_hp_loss":0,"event_name":"Shining Light","floor":7,"gold_loss":0},{"damage_healed":0,"gold_gain":0,"player_choice":"Success","damage_taken":3,"relics_obtained":["Anchor"],"max_hp_gain":0,"max_hp_loss":0,"event_name":"Scrap Ooze","floor":12,"gold_loss":0}],"is_beta":false,"boss_relics":[],"items_purged_floors":[5],"is_endless":false,"potions_floor_spawned":[1,4,6,10],"killed_by":"Gremlin Nob","ascension_level":13}}