{"host":"x5w9zppki4gdwvc7","time":1613766315,"event":{"mods":["AchievementEnabler","BaseMod","Colored Powertips","DeckTracker","Minty Spire (QoL Compilation)","SuperFastMode"],"gold_per_floor":[117,192,38,38,213,213,256,276,352,402,420,456,490,504,504,634,634,649,503,516,530,554,554,597,597,667,667,667],"floor_reached":27,"language":"ENG","playtime":2265,"items_purged":["Strike_G"],"score":266,"play_id":"05cffc71-b4e0-4ae1-bf78-11e1425bf456","local_time":"20210219212515","is_ascension_mode":false,"campfire_choices":[{"data":"Neutralize","floor":6.0,"key":"SMITH"},{"floor":15.0,"key":"REST"},{"floor":23,"key":"REST"},{"data":"Leg Sweep","floor":25,"key":"SMITH"}],"circlet_count":0,"master_deck":["Strike_G","Strike_G","Strike_G","Strike_G","Defend_G","Defend_G","Defend_G","Defend_G","Defend_G","Survivor","Neutralize+1","Well Laid Plans","Infinite Blades","Doubt","Dagger Spray","Cloak And Dagger","Leg Sweep+1","Infinite Blades","Blade Dance","Deadly Poison","Wraith Form v2","Deadly Poison+1","Cloak And Dagger"],"relics":["Ring of the Snake","NeowsBlessing","Golden Idol","The Courier","Blue Candle","Art of War","Shuriken","Odd Mushroom","Busted Crown","Orichalcum","Ornamental Fan","Eternal Feather"],"acts_visited":["Exordium","TheCity"],"potions_floor_usage":[22,27],"damage_taken":[{"damage":0.0,"enemies":"Jaw Worm","floor":1.0,"turns":1.0},{"damage":0.0,"enemies":"Gremlin Nob","floor":7.0,"turns":1.0},{"damage":0.0,"enemies":"Small Slimes","floor":8.0,"turns":1.0},{"damage":1.0,"enemies":"2 Louse","floor":11.0,"turns":3.0},{"damage":27.0,"enemies":"Lagavulin","floor":12.0,"turns":11.0},{"damage":16.0,"enemies":"The Mushroom Lair","floor":13.0,"turns":4.0},{"damage":7.0,"enemies":"Looter","floor":14.0,"turns":3.0},{"damage":25.0,"enemies":"The Guardian","floor":16.0,"turns":9.0},{"damage":2.0,"enemies":"Chosen","floor":18.0,"turns":5.0},{"damage":21.0,"enemies":"Spheric Guardian","floor":20.0,"turns":5.0},{"damage":23.0,"enemies":"3 Cultists","floor":21.0,"turns":6.0},{"damage":15,"enemies":"Sentry and Sphere","floor":22,"turns":7},{"damage":17,"enemies":"Book of Stabbing","floor":24,"turns":6},{"damage":14,"enemies":"Gremlin Leader","floor":27,"turns":6}],"seed_played":"8768628449727078956","potions_obtained":[{"floor":7.0,"key":"Poison Potion"},{"floor":8.0,"key":"Weak Potion"},{"floor":11.0,"key":"ColorlessPotion"},{"floor":14.0,"key":"LiquidBronze"},{"floor":18.0,"key":"DuplicationPotion"},{"floor":24,"key":"ColorlessPotion"}],"is_trial":false,"path_per_floor":["M","?","$","?","?","R","E","M","T","T","M","E","?","M","R","B",null,"M","?","M","M","M","R","E","R","T","E"],"character_chosen":"THE_SILENT","items_purchased":["Infinite Blades"],"campfire_rested":2,"item_purchase_floors":[3],"current_hp_per_floor":[70,59,59,59,59,59,59,59,59,59,58,31,15,8,27,2,65,63,63,42,19,4,23,6,6,6,0,0],"gold":667,"neow_bonus":"THREE_ENEMY_KILL","is_daily":false,"chose_seed":false,"campfire_upgraded":2,"win_rate":0.0,"timestamp":1613766315,"path_taken":["M","?","$","?","?","R","E","M","T","?","M","E","?","M","R","BOSS","M","?","M","M","?","R","E","R","T","E"],"items_purchased_type":["Card"],"build_version":"2020-12-22","purchased_purges":1,"victory":false,"max_hp_per_floor":[70,70,70,65,65,65,65,65,65,65,65,65,65,65,65,65,65,65,65,65,65,65,65,65,65,65,65,65],"card_choices":[{"not_picked":["Prepared","Backflip"],"picked":"Well Laid Plans","floor":1.0},{"not_picked":["Dash","Slice"],"picked":"Dagger Spray","floor":7.0},{"not_picked":["Dagger Spray","Bane"],"picked":"Cloak And Dagger","floor":8.0},{"not_picked":["Calculated Gamble","Burst"],"picked":"Leg Sweep","floor":11.0},{"not_picked":["Prepared","Reflex"],"picked":"Infinite Blades","floor":12.0},{"not_picked":["Prepared","Backstab"],"picked":"Blade Dance","floor":13.0},{"not_picked":["Backstab","Distraction"],"picked":"Deadly Poison","floor":14.0},{"not_picked":["Storm of Steel","Phantasmal Killer"],"picked":"Wraith Form v2","floor":16.0},{"not_picked":["Underhanded Strike"],"picked":"SKIP","floor":18.0},{"not_picked":["Quick Slash"],"picked":"SKIP","floor":20.0},{"not_picked":[],"picked":"Deadly Poison+1","floor":21.0},{"not_picked":["Dagger Spray"],"picked":"SKIP","floor":22},{"not_picked":[],"picked":"Cloak And Dagger","floor":24}],"player_experience":672357,"relics_obtained":[{"floor":7.0,"key":"The Courier"},{"floor":9.0,"key":"Blue Candle"},{"floor":10.0,"key":"Art of War"},{"floor":12.0,"key":"Shuriken"},{"floor":13.0,"key":"Odd Mushroom"},{"floor":24,"key":"Ornamental Fan"},{"floor":26,"key":"Eternal Feather"}],"event_choices":[{"damage_healed":0.0,"max_hp_gain":0.0,"max_hp_loss":0.0,"gold_gain":75.0,"event_name":"World of Goop","player_choice":"Gather Gold","floor":2.0,"gold_loss":0.0,"damage_taken":11.0},{"damage_healed":0.0,"max_hp_gain":0.0,"max_hp_loss":5.0,"gold_gain":0.0,"event_name":"Golden Idol","player_choice":"Lose Max HP","floor":4.0,"gold_loss":0.0,"damage_taken":0.0,"relics_obtained":["Golden Idol"]},{"damage_healed":0.0,"max_hp_gain":0.0,"max_hp_loss":0.0,"gold_gain":175.0,"event_name":"Liars Game","player_choice":"AGREE","floor":5.0,"gold_loss":0.0,"damage_taken":0.0,"cards_obtained":["Doubt"]},{"damage_healed":0.0,"max_hp_gain":0.0,"max_hp_loss":0.0,"gold_gain":0.0,"event_name":"Mushrooms","player_choice":"Fought Mushrooms","floor":13.0,"gold_loss":0.0,"damage_taken":0.0},{"damage_healed":0.0,"max_hp_gain":0.0,"max_hp_loss":0.0,"gold_gain":0.0,"event_name":"WeMeetAgain","player_choice":"Paid Gold","floor":19.0,"gold_loss":146.0,"damage_taken":0.0,"relics_obtained":["Orichalcum"]}],"is_beta":false,"boss_relics":[{"not_picked":["Runic Dome","Tiny House"],"picked":"Busted Crown"}],"items_purged_floors":[3],"is_endless":false,"potions_floor_spawned":[7,8,11,14,18,24],"killed_by":"Gremlin Leader","ascension_level":0}}