{"host":"ty2cix8xj6r3ad26","time":1613763139,"event":{"mods":["AchievementEnabler","BaseMod","BetterRewards","Minty Spire (QoL Compilation)","Quick Restart","StSLib","SuperFastMode"],"gold_per_floor":[118,136,146,160,175,175,194,194,194,194,69,80,80,33,33,130,130,149,182,193,50,67,67,67,67,91,61,61,77,89,121,121,226,226,244,131,147,159,159,194,194,194,265,315,315,361,219,231,231,231,231,231,120,155,155],"floor_reached":56,"language":"ENG","playtime":1955,"items_purged":["Strike_P","Defend_P","Strike_P","Eruption","Vigilance","Defend_P","Strike_P"],"score":1362,"play_id":"699076a6-f0e5-45c6-98e2-2f770a521fb6","local_time":"20210219213219","is_ascension_mode":false,"campfire_choices":[{"floor":6,"key":"REST"},{"data":"CrushJoints","floor":10,"key":"SMITH"},{"data":"PathToVictory","floor":13,"key":"SMITH"},{"data":"PathToVictory","floor":15,"key":"SMITH"},{"data":"PathToVictory","floor":23,"key":"SMITH"},{"data":"Defend_P","floor":25,"key":"SMITH"},{"data":"Defend_P","floor":28,"key":"SMITH"},{"floor":32,"key":"REST"},{"data":"PathToVictory","floor":41,"key":"SMITH"},{"floor":45,"key":"RECALL"},{"floor":49,"key":"REST"},{"floor":52,"key":"REST"}],"circlet_count":0,"master_deck":["Defend_P+1","Defend_P+1","PathToVictory+1","PathToVictory+1","PathToVictory+1","PathToVictory+1","PathToVictory+1"],"relics":["PureWater","Frozen Egg 2","Black Star","Red Mask","Membership Card","Omamori","TungstenRod","Regal Pillow","Runic Pyramid","GoldenEye","Torii","Gambling Chip","Pocketwatch","Bag of Preparation","Strawberry","Lantern","Blood Vial"],"acts_visited":["Exordium","TheCity","TheBeyond","TheEnding"],"potions_floor_usage":[12,29,31,37,40,50,55,55,55],"damage_taken":[{"damage":8,"enemies":"Cultist","floor":1,"turns":5},{"damage":2,"enemies":"Small Slimes","floor":2,"turns":5},{"damage":5,"enemies":"Jaw Worm","floor":3,"turns":6},{"damage":1,"enemies":"Exordium Wildlife","floor":4,"turns":8},{"damage":10,"enemies":"Blue Slaver","floor":5,"turns":9},{"damage":6,"enemies":"3 Louse","floor":7,"turns":6},{"damage":0,"enemies":"Exordium Thugs","floor":12,"turns":4},{"damage":6,"enemies":"The Guardian","floor":16,"turns":4},{"damage":0,"enemies":"Chosen","floor":18,"turns":3},{"damage":10,"enemies":"Masked Bandits","floor":19,"turns":3},{"damage":0,"enemies":"Spheric Guardian","floor":20,"turns":2},{"damage":25,"enemies":"3 Cultists","floor":22,"turns":4},{"damage":7,"enemies":"Centurion and Healer","floor":29,"turns":3},{"damage":7,"enemies":"Snake Plant","floor":30,"turns":2},{"damage":0,"enemies":"Gremlin Leader","floor":31,"turns":3},{"damage":17,"enemies":"Automaton","floor":33,"turns":6},{"damage":2,"enemies":"3 Darklings","floor":35,"turns":3},{"damage":0,"enemies":"3 Shapes","floor":37,"turns":2},{"damage":0,"enemies":"Spire Growth","floor":38,"turns":2},{"damage":0,"enemies":"Reptomancer","floor":40,"turns":3},{"damage":0,"enemies":"Mind Bloom Boss Battle","floor":44,"turns":2},{"damage":10,"enemies":"2 Orb Walkers","floor":46,"turns":2},{"damage":0,"enemies":"Transient","floor":48,"turns":4},{"damage":0,"enemies":"Time Eater","floor":50,"turns":3},{"damage":23,"enemies":"Shield and Spear","floor":54,"turns":3},{"damage":57,"enemies":"The Heart","floor":55,"turns":4}],"seed_played":"-2293009137772881967","potions_obtained":[{"floor":1,"key":"Swift Potion"},{"floor":3,"key":"Strength Potion"},{"floor":16,"key":"Ancient Potion"},{"floor":20,"key":"DuplicationPotion"},{"floor":27,"key":"PowerPotion"},{"floor":27,"key":"GamblersBrew"},{"floor":31,"key":"Fire Potion"},{"floor":33,"key":"Explosive Potion"},{"floor":38,"key":"FearPotion"},{"floor":40,"key":"Regen Potion"},{"floor":44,"key":"AttackPotion"}],"is_trial":false,"path_per_floor":["M","M","M","M","M","R","M","?","T","R","$","M","R","$","R","B",null,"M","?","M","$","M","R","?","R","T","?","R","M","M","E","R","B",null,"M","$","M","M","?","E","R","?","T","?","R","?","$","M","R","B",null,"R","$","E","B",null],"character_chosen":"WATCHER","items_purchased":["PathToVictory","Regen Potion","PathToVictory","Membership Card","Bag of Preparation","Block Potion","EssenceOfSteel","Strawberry","DistilledChaos"],"campfire_rested":4,"item_purchase_floors":[11,11,14,21,47,47,47,53,53],"current_hp_per_floor":[22,20,15,14,4,25,19,12,12,12,12,24,24,24,24,18,72,72,62,62,62,37,37,24,24,24,24,24,17,10,10,48,31,77,75,75,75,75,75,75,75,75,75,75,75,65,65,65,77,77,77,77,84,61,18],"gold":155,"neow_bonus":"","is_daily":false,"chose_seed":false,"campfire_upgraded":7,"win_rate":0.0,"timestamp":1613763139,"path_taken":["M","M","?","M","M","R","M","?","T","R","?","M","R","$","R","BOSS","M","?","M","$","M","R","?","R","T","?","R","M","?","E","R","BOSS","M","?","M","M","?","E","R","?","T","?","R","?","$","M","R","BOSS","R","$","E","BOSS"],"items_purchased_type":["Card","Potion","Card","Relic","Relic","Potion","Potion","Relic","Potion"],"build_version":"2020-12-22","purchased_purges":7,"victory":true,"max_hp_per_floor":[72,72,72,72,72,72,72,72,72,72,72,72,72,72,72,72,72,72,72,72,72,72,72,77,77,77,77,77,77,77,77,77,77,77,77,77,77,77,77,77,77,77,77,77,77,77,77,77,77,77,77,77,84,84,84],"card_choices":[{"not_picked":["CutThroughFate","Crescendo","ThirdEye"],"picked":"SKIP","floor":1},{"not_picked":["EmptyFist","TalkToTheHand","Meditate"],"picked":"SKIP","floor":2},{"not_picked":["Evaluate","BowlingBash","EmptyBody"],"picked":"SKIP","floor":3},{"not_picked":["BattleHymn","Adaptation","SashWhip"],"picked":"SKIP","floor":4},{"not_picked":["EmptyFist","EmptyMind","BattleHymn"],"picked":"SKIP","floor":5},{"not_picked":["Nirvana","SignatureMove"],"picked":"CrushJoints","floor":7},{"not_picked":["Prostrate","EmptyBody","ClearTheMind"],"picked":"SKIP","floor":12},{"not_picked":["TalkToTheHand","Consecrate"],"picked":"PathToVictory","floor":18},{"not_picked":["EmptyFist+1","BowlingBash","InnerPeace"],"picked":"SKIP","floor":20},{"not_picked":["Consecrate","Crescendo+1","CrushJoints+1"],"picked":"SKIP","floor":22},{"not_picked":["MentalFortress+1","Prostrate+1","FlurryOfBlows+1"],"picked":"SKIP","floor":29},{"not_picked":["Worship","FlyingSleeves","Fasting2+1"],"picked":"SKIP","floor":30},{"not_picked":["Judgement","WindmillStrike","ThirdEye"],"picked":"SKIP","floor":31},{"not_picked":["MentalFortress+1","ThirdEye"],"picked":"PathToVictory","floor":35},{"not_picked":["ForeignInfluence+1","Evaluate"],"picked":"PathToVictory+1","floor":37},{"not_picked":["Sanctity","LikeWater+1","EmptyMind"],"picked":"SKIP","floor":38},{"not_picked":["ForeignInfluence","FlyingSleeves","CutThroughFate"],"picked":"SKIP","floor":40},{"not_picked":["ForeignInfluence","WreathOfFlame+1","EmptyBody"],"picked":"SKIP","floor":48},{"not_picked":["EmptyBody","Collect","Vault"],"picked":"SKIP","floor":54}],"player_experience":624530,"relics_obtained":[{"floor":9,"key":"Frozen Egg 2"},{"floor":19,"key":"Red Mask"},{"floor":26,"key":"Omamori"},{"floor":31,"key":"TungstenRod"},{"floor":31,"key":"Regal Pillow"},{"floor":40,"key":"GoldenEye"},{"floor":40,"key":"Torii"},{"floor":44,"key":"Gambling Chip"},{"floor":46,"key":"Pocketwatch"},{"floor":54,"key":"Lantern"},{"floor":54,"key":"Blood Vial"}],"event_choices":[{"cards_removed":["Strike_P"],"damage_healed":0,"gold_gain":0,"player_choice":"Card Removal","damage_taken":7,"max_hp_gain":0,"max_hp_loss":0,"event_name":"Golden Wing","floor":8,"gold_loss":0},{"damage_healed":0,"gold_gain":0,"player_choice":"Fought Bandits","damage_taken":0,"max_hp_gain":0,"max_hp_loss":0,"event_name":"Masked Bandits","floor":19,"gold_loss":0},{"damage_healed":0,"gold_gain":0,"player_choice":"Shed Blood","damage_taken":18,"max_hp_gain":5,"max_hp_loss":0,"event_name":"Forgotten Altar","floor":24,"gold_loss":0},{"damage_healed":0,"gold_gain":0,"player_choice":"Bought 2 Potions","damage_taken":0,"max_hp_gain":0,"max_hp_loss":0,"event_name":"The Woman in Blue","floor":27,"gold_loss":0},{"damage_healed":0,"gold_gain":0,"player_choice":"Memory 1","damage_taken":0,"max_hp_gain":0,"max_hp_loss":0,"event_name":"SensoryStone","floor":39,"gold_loss":0},{"cards_removed":["CrushJoints"],"damage_healed":0,"gold_gain":0,"player_choice":"Removed Attack","damage_taken":0,"max_hp_gain":0,"max_hp_loss":0,"event_name":"Falling","floor":42,"gold_loss":0},{"damage_healed":0,"gold_gain":0,"player_choice":"Fight","damage_taken":0,"max_hp_gain":0,"max_hp_loss":0,"event_name":"MindBloom","floor":44,"gold_loss":0},{"damage_healed":0,"gold_gain":0,"player_choice":"Fight","damage_taken":0,"max_hp_gain":0,"max_hp_loss":0,"event_name":"Mysterious Sphere","floor":46,"gold_loss":0}],"is_beta":false,"boss_relics":[{"not_picked":["SlaversCollar","Calling Bell"],"picked":"Black Star"},{"not_picked":["Coffee Dripper","Philosopher\u0027s Stone"],"picked":"Runic Pyramid"}],"items_purged_floors":[0,0,0,0,0,0,36],"is_endless":false,"potions_floor_spawned":[1,3,16,19,20,31,33,38,40,44,48],"ascension_level":0}}