{"host":"pj7egx7jkoz18hom","time":1613696811,"event":{"mods":["AchievementEnabler","BaseMod","Keyboard Shortcuts","Minty Spire (QoL Compilation)","SuperFastMode"],"gold_per_floor":[115,126,141,155,225,225,256,256,256,256,268,297,297,317,317,418,418,431,431,448,222,222,222,137,137,211,240,240,254,270,282,282,381,381,396,415,15,15,15,15,15,15],"floor_reached":41,"language":"KOR","playtime":1468,"items_purged":["Strike_R","Strike_R"],"score":558,"play_id":"65946a72-4008-4c0c-b200-955e203d7e94","local_time":"20210219100651","is_ascension_mode":true,"campfire_choices":[{"data":"Searing Blow","floor":6,"key":"SMITH"},{"data":"Searing Blow+1","floor":8,"key":"SMITH"},{"data":"Searing Blow+2","floor":10,"key":"SMITH"},{"data":"Searing Blow+3","floor":13,"key":"SMITH"},{"data":"Searing Blow+4","floor":15,"key":"SMITH"},{"data":"Searing Blow+5","floor":23,"key":"SMITH"},{"data":"Searing Blow+7","floor":28,"key":"SMITH"},{"data":"Searing Blow+8","floor":32,"key":"SMITH"},{"data":"Armaments","floor":40,"key":"SMITH"}],"circlet_count":0,"master_deck":["Strike_R","Strike_R","Defend_R","Defend_R","Defend_R","Defend_R","Bash","Searing Blow+9","True Grit","Thunderclap","Shockwave","Immolate","Flame Barrier","Offering","Havoc+1","Armaments+1","Master of Strategy","Madness","Madness"],"relics":["Burning Blood","Kunai","Sundial","Mummified Hand","Empty Cage","Lee\u0027s Waffle","InkBottle","Bottled Flame","Bottled Lightning","Velvet Choker","HornCleat"],"acts_visited":["Exordium","TheCity","TheBeyond"],"potions_floor_usage":[12,18,27,30,33,33,41],"damage_taken":[{"damage":1,"enemies":"2 Louse","floor":1,"turns":2},{"damage":10,"enemies":"Small Slimes","floor":2,"turns":3},{"damage":6,"enemies":"Cultist","floor":3,"turns":3},{"damage":14,"enemies":"2 Fungi Beasts","floor":4,"turns":3},{"damage":18,"enemies":"Lagavulin","floor":7,"turns":7},{"damage":9,"enemies":"Blue Slaver","floor":11,"turns":3},{"damage":13,"enemies":"3 Sentries","floor":12,"turns":5},{"damage":0,"enemies":"3 Louse","floor":14,"turns":1},{"damage":28,"enemies":"The Guardian","floor":16,"turns":12},{"damage":24,"enemies":"2 Thieves","floor":18,"turns":5},{"damage":7,"enemies":"Chosen","floor":20,"turns":3},{"damage":29,"enemies":"Book of Stabbing","floor":27,"turns":5},{"damage":0,"enemies":"Snake Plant","floor":29,"turns":1},{"damage":0,"enemies":"Snecko","floor":30,"turns":2},{"damage":12,"enemies":"Shelled Parasite and Fungi","floor":31,"turns":2},{"damage":88,"enemies":"Collector","floor":33,"turns":6},{"damage":0,"enemies":"Orb Walker","floor":35,"turns":1},{"damage":21,"enemies":"3 Darklings","floor":36,"turns":7},{"damage":59,"enemies":"Nemesis","floor":41,"turns":7}],"seed_played":"-348063494165100293","potions_obtained":[{"floor":2,"key":"SpeedPotion"},{"floor":11,"key":"Block Potion"},{"floor":16,"key":"ColorlessPotion"},{"floor":18,"key":"Energy Potion"},{"floor":29,"key":"BloodPotion"},{"floor":30,"key":"Fruit Juice"},{"floor":35,"key":"Explosive Potion"},{"floor":36,"key":"Weak Potion"}],"is_trial":false,"path_per_floor":["M","M","M","M","?","R","E","R","T","R","M","E","R","M","R","B",null,"M","?","M","$","?","R","?","?","T","E","R","M","M","M","R","B",null,"M","M","$","?","?","R","E"],"character_chosen":"IRONCLAD","items_purchased":["Lee\u0027s Waffle","Armaments","HornCleat"],"campfire_rested":0,"item_purchase_floors":[21,37,37],"current_hp_per_floor":[80,76,76,68,68,68,56,56,56,56,53,46,46,52,52,30,68,50,50,49,87,87,87,87,87,87,64,64,70,81,75,75,11,72,78,63,63,63,51,51,0,0],"gold":15,"neow_bonus":"THREE_CARDS","is_daily":false,"chose_seed":false,"campfire_upgraded":9,"win_rate":0.0,"timestamp":1613696811,"path_taken":["M","M","M","M","?","R","E","R","T","R","M","E","R","M","R","BOSS","M","?","M","$","?","R","?","?","T","E","R","?","M","M","R","BOSS","M","M","$","?","?","R","E"],"items_purchased_type":["Relic","Card","Relic"],"build_version":"2020-12-22","purchased_purges":2,"victory":false,"max_hp_per_floor":[80,80,80,80,80,80,80,80,80,80,80,80,80,80,80,80,80,80,80,80,87,87,87,87,87,87,87,87,87,92,92,92,92,92,92,92,92,92,92,92,92,92],"card_choices":[{"not_picked":["Carnage","Cleave"],"picked":"Wild Strike","floor":0},{"not_picked":["Havoc","Burning Pact"],"picked":"Searing Blow","floor":1},{"not_picked":["Wild Strike","Pommel Strike"],"picked":"True Grit","floor":2},{"not_picked":["Combust","Body Slam"],"picked":"Thunderclap","floor":3},{"not_picked":["Clothesline","Evolve"],"picked":"Shockwave","floor":4},{"not_picked":["Sword Boomerang","Searing Blow"],"picked":"Immolate","floor":7},{"not_picked":["True Grit","Disarm","Combust"],"picked":"SKIP","floor":11},{"not_picked":["Perfected Strike","Cleave"],"picked":"Flame Barrier","floor":12},{"not_picked":["Power Through","Iron Wave","Heavy Blade"],"picked":"SKIP","floor":14},{"not_picked":["Berserk","Brutality"],"picked":"Offering","floor":16},{"not_picked":["Infernal Blade","Body Slam","True Grit"],"picked":"SKIP","floor":18},{"not_picked":["Cleave","Anger+1","Metallicize"],"picked":"SKIP","floor":20},{"not_picked":["Sentinel","Wild Strike","Heavy Blade+1"],"picked":"SKIP","floor":27},{"not_picked":["Havoc","Flex+1","Perfected Strike+1"],"picked":"SKIP","floor":29},{"not_picked":["Exhume","Power Through","Thunderclap"],"picked":"SKIP","floor":30},{"not_picked":["Flame Barrier","Whirlwind"],"picked":"Havoc+1","floor":31},{"not_picked":["Flex+1","Body Slam","Anger"],"picked":"SKIP","floor":35},{"not_picked":["Bloodletting","Flex+1","Inflame+1"],"picked":"SKIP","floor":36},{"not_picked":["Chrysalis","Blind"],"picked":"Master of Strategy","floor":38}],"player_experience":156575,"relics_obtained":[{"floor":7,"key":"Kunai"},{"floor":9,"key":"Sundial"},{"floor":12,"key":"Mummified Hand"},{"floor":26,"key":"Bottled Flame"},{"floor":27,"key":"Bottled Lightning"}],"event_choices":[{"damage_healed":0,"gold_gain":70,"player_choice":"Gained Gold","damage_taken":0,"max_hp_gain":0,"max_hp_loss":0,"event_name":"Golden Wing","floor":5,"gold_loss":0},{"damage_healed":0,"gold_gain":0,"player_choice":"Ignored","damage_taken":0,"max_hp_gain":0,"max_hp_loss":0,"event_name":"Vampires","floor":19,"gold_loss":0},{"damage_healed":0,"gold_gain":0,"player_choice":"Ignored","damage_taken":0,"max_hp_gain":0,"max_hp_loss":0,"event_name":"Ghosts","floor":22,"gold_loss":0},{"damage_healed":0,"gold_gain":0,"player_choice":"Obtained Relic","damage_taken":0,"relics_obtained":["InkBottle"],"max_hp_gain":0,"max_hp_loss":0,"event_name":"Addict","floor":24,"gold_loss":85},{"damage_healed":0,"gold_gain":0,"player_choice":"Upgraded","damage_taken":0,"max_hp_gain":0,"max_hp_loss":0,"event_name":"Upgrade Shrine","floor":25,"gold_loss":0,"cards_upgraded":["Searing Blow"]},{"damage_healed":0,"gold_gain":0,"player_choice":"Memory 1","damage_taken":0,"max_hp_gain":0,"max_hp_loss":0,"event_name":"SensoryStone","floor":38,"gold_loss":0},{"damage_healed":0,"gold_gain":0,"player_choice":"Embrace Madness","damage_taken":12,"max_hp_gain":0,"max_hp_loss":0,"event_name":"Winding Halls","floor":39,"gold_loss":0,"cards_obtained":["Madness","Madness"]}],"is_beta":false,"boss_relics":[{"not_picked":["Snecko Eye","Runic Dome"],"picked":"Empty Cage"},{"not_picked":["Fusion Hammer","Sozu"],"picked":"Velvet Choker"}],"items_purged_floors":[21,37],"is_endless":false,"potions_floor_spawned":[2,11,16,18,29,30,35,36],"killed_by":"Nemesis","ascension_level":5}}