{"host":"z609fbm6pkeriks8","time":1613706540,"event":{"mods":["AchievementEnabler","BaseMod","Colored Map","Colored Powertips","Highlight Path","Minty Spire (QoL Compilation)","StSLib"],"gold_per_floor":[114,126,139,314,324,324,358,358,435,469,469,488,515,541,541,637,637,651,40,57,57,75,75,0,0,0],"floor_reached":25,"language":"ZHS","playtime":875,"items_purged":["Strike_R"],"score":320,"play_id":"614a2467-774e-43c4-b4ab-b3f1901454dc","local_time":"20210219114900","is_ascension_mode":true,"campfire_choices":[{"floor":6,"key":"REST"},{"floor":8,"key":"REST"},{"floor":15,"key":"REST"},{"floor":23,"key":"REST"}],"circlet_count":0,"master_deck":["Defend_R","Defend_R","Defend_R+1","Defend_R","Bash","Power Through+1","Whirlwind","Ghostly Armor","Doubt","Second Wind","Searing Blow","Cleave","Berserk","Burning Pact","Fiend Fire","Impervious+1","Flame Barrier+1","Limit Break+1","Feel No Pain","Bandage Up","Impervious","True Grit"],"relics":["Fusion Hammer","WingedGreaves","Ornamental Fan","PreservedInsect","Tiny Chest","Singing Bowl","Astrolabe","Anchor"],"acts_visited":["Exordium","TheCity"],"potions_floor_usage":[5,7,16,18,22,25],"damage_taken":[{"damage":0,"enemies":"2 Louse","floor":1,"turns":4},{"damage":0,"enemies":"Jaw Worm","floor":2,"turns":3},{"damage":0,"enemies":"Small Slimes","floor":3,"turns":2},{"damage":0,"enemies":"2 Fungi Beasts","floor":5,"turns":2},{"damage":30,"enemies":"3 Sentries","floor":7,"turns":5},{"damage":26,"enemies":"Gremlin Nob","floor":10,"turns":5},{"damage":0,"enemies":"Exordium Wildlife","floor":12,"turns":4},{"damage":10,"enemies":"3 Sentries","floor":14,"turns":6},{"damage":65,"enemies":"The Guardian","floor":16,"turns":16},{"damage":47,"enemies":"Chosen","floor":18,"turns":9},{"damage":4,"enemies":"3 Byrds","floor":20,"turns":6},{"damage":28,"enemies":"Snake Plant","floor":22,"turns":6},{"damage":60,"enemies":"Book of Stabbing","floor":25,"turns":8}],"seed_played":"-2356725177159666377","potions_obtained":[{"floor":1,"key":"PowerPotion"},{"floor":3,"key":"SneckoOil"},{"floor":10,"key":"Dexterity Potion"},{"floor":14,"key":"FairyPotion"},{"floor":16,"key":"EssenceOfSteel"},{"floor":18,"key":"Ancient Potion"},{"floor":22,"key":"AttackPotion"}],"is_trial":false,"path_per_floor":["M","M","M","?","M","R","E","R","T","E","?","M","T","E","R","B",null,"M","$","M","$","M","R","?","E"],"character_chosen":"IRONCLAD","items_purchased":["Feel No Pain","Bandage Up","Anchor","Impervious","True Grit","FairyPotion"],"campfire_rested":4,"item_purchase_floors":[19,19,19,19,19,19],"current_hp_per_floor":[72,72,72,72,72,80,50,74,74,48,32,32,32,22,46,7,62,17,17,19,19,27,52,52,0,0],"gold":0,"neow_bonus":"BOSS_RELIC","is_daily":false,"chose_seed":false,"campfire_upgraded":0,"win_rate":0.0,"timestamp":1613706540,"path_taken":["M","M","M","?","M","R","E","R","T","E","?","M","?","E","R","BOSS","M","$","M","$","M","R","?","E"],"items_purchased_type":["Card","Card","Relic","Card","Card","Potion"],"build_version":"2020-12-22","purchased_purges":1,"victory":false,"max_hp_per_floor":[80,80,80,80,80,80,80,80,80,80,80,80,80,80,80,80,80,82,82,84,84,86,86,86,86,86],"card_choices":[{"not_picked":["Ghostly Armor","Burning Pact"],"picked":"Power Through","floor":1},{"not_picked":["Cleave","Rampage"],"picked":"Whirlwind","floor":2},{"not_picked":["Pommel Strike","Shrug It Off"],"picked":"Ghostly Armor","floor":3},{"not_picked":["Cleave","Heavy Blade"],"picked":"Second Wind","floor":5},{"not_picked":["Pommel Strike","Hemokinesis"],"picked":"Searing Blow","floor":7},{"not_picked":["Clash","Pommel Strike"],"picked":"Cleave","floor":10},{"not_picked":["Havoc","Flex"],"picked":"Berserk","floor":12},{"not_picked":["Pommel Strike","Anger"],"picked":"Burning Pact","floor":14},{"not_picked":["Reaper","Double Tap"],"picked":"Fiend Fire","floor":16},{"not_picked":["Armaments","True Grit","Sever Soul"],"picked":"Singing Bowl","floor":18},{"not_picked":["Clash","Warcry","Hemokinesis"],"picked":"Singing Bowl","floor":20},{"not_picked":["Clothesline","Burning Pact+1","Cleave"],"picked":"Singing Bowl","floor":22}],"player_experience":125261,"relics_obtained":[{"floor":7,"key":"WingedGreaves"},{"floor":9,"key":"Ornamental Fan"},{"floor":10,"key":"PreservedInsect"},{"floor":13,"key":"Tiny Chest"},{"floor":14,"key":"Singing Bowl"}],"event_choices":[{"damage_healed":0,"gold_gain":175,"player_choice":"AGREE","damage_taken":0,"max_hp_gain":0,"max_hp_loss":0,"event_name":"Liars Game","floor":4,"gold_loss":0,"cards_obtained":["Doubt"]},{"damage_healed":0,"gold_gain":0,"player_choice":"Entered Light","damage_taken":16,"max_hp_gain":0,"max_hp_loss":0,"event_name":"Shining Light","floor":11,"gold_loss":0,"cards_upgraded":["Defend_R","Power Through"]},{"cards_removed":["Strike_R"],"damage_healed":0,"gold_gain":0,"player_choice":"Gave Gold","damage_taken":0,"max_hp_gain":0,"max_hp_loss":0,"event_name":"Beggar","floor":24,"gold_loss":75}],"is_beta":false,"boss_relics":[{"not_picked":["Black Star","Runic Dome"],"picked":"Astrolabe"}],"items_purged_floors":[19],"is_endless":false,"potions_floor_spawned":[1,3,10,14,16,18,22],"killed_by":"Book of Stabbing","ascension_level":9}}