{"host":"4tf6m7aukoo0nksr","time":1613725975,"event":{"mods":["AchievementEnabler","BaseMod","Better Vampires","Colored Map","Colored Powertips","Minty Spire (QoL Compilation)","Permanent Neow","StSLib","SuperFastMode","The Marked","Waifu the Spire"],"gold_per_floor":[14,30,50,50,50,84,100,50,50,50,50,75,75,85,85,85,85],"floor_reached":16,"language":"ZHS","playtime":306,"items_purged":[],"score":125,"play_id":"b63ecb8d-43c1-495b-8f09-7e260822af1b","local_time":"20210219171255","is_ascension_mode":false,"campfire_choices":[{"data":"Ragnarok","floor":10,"key":"SMITH"},{"data":"ForeignInfluence","floor":13,"key":"SMITH"},{"data":"Tantrum","floor":15,"key":"SMITH"}],"circlet_count":0,"master_deck":["Strike_P","Strike_P+1","Strike_P","Defend_P+1","Defend_P","Defend_P","Eruption","Vigilance","Ragnarok+1","Tantrum+1","ForeignInfluence+1"],"relics":["PureWater","StrikeDummy","Akabeko"],"acts_visited":["Exordium"],"potions_floor_usage":[6],"damage_taken":[{"damage":0.0,"enemies":"2 Louse","floor":1.0,"turns":2.0},{"damage":0.0,"enemies":"Cultist","floor":2.0,"turns":2.0},{"damage":2.0,"enemies":"Small Slimes","floor":3.0,"turns":2.0},{"damage":0,"enemies":"Gremlin Nob","floor":6,"turns":2},{"damage":2,"enemies":"3 Louse","floor":7,"turns":2},{"damage":0,"enemies":"Looter","floor":14,"turns":1},{"damage":56,"enemies":"The Guardian","floor":16,"turns":3}],"seed_played":"808923764473464122","potions_obtained":[{"floor":2.0,"key":"Swift Potion"},{"floor":3.0,"key":"Energy Potion"}],"is_trial":false,"path_per_floor":["M","M","M","?","?","E","M","?","T","R","?","T","R","M","R","B"],"character_chosen":"WATCHER","items_purchased":[],"campfire_rested":0,"item_purchase_floors":[],"current_hp_per_floor":[72,72,70,56,56,56,54,54,54,54,47,47,47,47,47,0,0],"gold":85,"neow_bonus":"THREE_RARE_CARDS","is_daily":false,"chose_seed":false,"campfire_upgraded":3,"win_rate":0.0,"timestamp":1613725975,"path_taken":["M","M","M","?","?","E","?","?","T","R","?","?","R","M","R","BOSS"],"items_purchased_type":[],"build_version":"2020-12-22","purchased_purges":0,"victory":false,"max_hp_per_floor":[72,72,72,72,72,72,72,72,72,72,72,72,72,72,72,72,72],"card_choices":[{"not_picked":["DeusExMachina","Brilliance"],"picked":"Ragnarok","floor":0.0},{"not_picked":["FollowUp","Collect"],"picked":"Tantrum","floor":1.0},{"not_picked":["ClearTheMind","Worship"],"picked":"ForeignInfluence","floor":2.0},{"not_picked":["EmptyMind","BattleHymn","Weave"],"picked":"SKIP","floor":3.0},{"not_picked":["PathToVictory","Weave","Sanctity"],"picked":"SKIP","floor":6},{"not_picked":["Crescendo","CutThroughFate","Consecrate"],"picked":"SKIP","floor":7},{"not_picked":["PathToVictory","Evaluate","CutThroughFate"],"picked":"SKIP","floor":14}],"player_experience":114884,"relics_obtained":[{"floor":6,"key":"StrikeDummy"},{"floor":12,"key":"Akabeko"}],"event_choices":[{"damage_healed":0.0,"max_hp_gain":0.0,"max_hp_loss":0.0,"gold_gain":0.0,"event_name":"Shining Light","player_choice":"Entered Light","floor":4.0,"gold_loss":0.0,"damage_taken":14.0,"cards_upgraded":["Defend_P","Strike_P"]},{"damage_healed":0.0,"max_hp_gain":0.0,"max_hp_loss":0.0,"gold_gain":0.0,"event_name":"Match and Keep!","player_choice":"0 cards matched","floor":5.0,"gold_loss":0.0,"damage_taken":0.0,"cards_obtained":[]},{"cards_removed":["Strike_P"],"damage_healed":0,"gold_gain":0,"player_choice":"Card Removal","damage_taken":0,"max_hp_gain":0,"max_hp_loss":0,"event_name":"The Cleric","floor":8,"gold_loss":50},{"cards_removed":["Defend_P"],"damage_healed":0,"gold_gain":0,"player_choice":"Card Removal","damage_taken":7,"max_hp_gain":0,"max_hp_loss":0,"event_name":"Golden Wing","floor":11,"gold_loss":0}],"is_beta":false,"boss_relics":[],"items_purged_floors":[],"is_endless":false,"potions_floor_spawned":[2,3],"killed_by":"The Guardian","ascension_level":0}}