{"host":"kh6fvhxn285ncg0o","time":1613710534,"event":{"mods":["Act Like it!","BaseMod","Colored Map","Friendly Minions","Keyboard Shortcuts","Minty Spire (QoL Compilation)","Quick Restart","Relic Stats","StSLib","SuperFastMode","UnlockEverythingMod"],"gold_per_floor":[116,116,136,136,155,155,24,24,71,71,84,104,117,152,152,225,225,236,151,51,33,33,65,65,90,90,15,15,33,62,62,62,136,136,154,154,29,29,45,75,75,105,131,131,142,159,175,195,195,195,195,195,195,30,63,63,63],"floor_reached":56,"language":"KOR","playtime":2764,"items_purged":["Strike_R","Strike_R","Strike_R"],"score":2080,"play_id":"469a2313-5b4b-4f49-996e-179cd3a6bcc7","local_time":"20210219135534","is_ascension_mode":true,"campfire_choices":[{"data":"Metallicize","floor":6.0,"key":"SMITH"},{"floor":8.0,"key":"RECALL"},{"data":"Armaments","floor":15.0,"key":"SMITH"},{"data":"Battle Trance","floor":24.0,"key":"SMITH"},{"data":"Juggernaut","floor":28.0,"key":"SMITH"},{"data":"Evolve","floor":32.0,"key":"SMITH"},{"data":"Deep Breath","floor":41,"key":"SMITH"},{"data":"Master of Strategy","floor":44,"key":"SMITH"},{"data":"Rage","floor":49,"key":"SMITH"},{"data":"Madness","floor":53,"key":"SMITH"}],"circlet_count":0,"master_deck":["AscendersBane","Defend_R","Defend_R+1","Defend_R","Defend_R+1","Bash+1","Metallicize+1","Shockwave","Armaments+1","Battle Trance+1","Juggernaut+1","Body Slam+1","Sword Boomerang","Flame Barrier","Entrench","Clumsy","Evolve+1","Rage+1","Iron Wave","Sever Soul+1","Offering","Shrug It Off+1","Deep Breath+1","Master of Strategy+1","Madness+1","True Grit+1","Dark Embrace+1"],"relics":["SacredBark","Akabeko","Strawberry","Happy Flower","Cursed Key","War Paint","Bottled Lightning","Meat on the Bone","Omamori","Runic Pyramid","Ancient Tea Set","Frozen Egg 2","Whetstone","Centennial Puzzle","Letter Opener"],"acts_visited":["Exordium","TheCity","TheBeyond","TheEnding"],"potions_floor_usage":[40,46,56,56],"damage_taken":[{"damage":5.0,"enemies":"Small Slimes","floor":1.0,"turns":4.0},{"damage":8.0,"enemies":"2 Louse","floor":3.0,"turns":3.0},{"damage":11.0,"enemies":"Jaw Worm","floor":5.0,"turns":4.0},{"damage":4.0,"enemies":"Blue Slaver","floor":11.0,"turns":5.0},{"damage":18.0,"enemies":"Red Slaver","floor":12.0,"turns":6.0},{"damage":4.0,"enemies":"Looter","floor":13.0,"turns":5.0},{"damage":6.0,"enemies":"Lagavulin","floor":14.0,"turns":5.0},{"damage":3.0,"enemies":"The Guardian","floor":16.0,"turns":14.0},{"damage":0.0,"enemies":"Spheric Guardian","floor":18.0,"turns":3.0},{"damage":8.0,"enemies":"2 Thieves","floor":21.0,"turns":4.0},{"damage":11.0,"enemies":"Book of Stabbing","floor":23.0,"turns":4.0},{"damage":23.0,"enemies":"Gremlin Leader","floor":25.0,"turns":6.0},{"damage":6.0,"enemies":"Snecko","floor":29.0,"turns":5.0},{"damage":9.0,"enemies":"Book of Stabbing","floor":30.0,"turns":4.0},{"damage":12.0,"enemies":"Champ","floor":33.0,"turns":12.0},{"damage":0.0,"enemies":"Orb Walker","floor":35.0,"turns":3.0},{"damage":0.0,"enemies":"3 Darklings","floor":39.0,"turns":7.0},{"damage":27,"enemies":"Reptomancer","floor":40,"turns":6},{"damage":6,"enemies":"Nemesis","floor":42,"turns":5},{"damage":12,"enemies":"Jaw Worm Horde","floor":45,"turns":3},{"damage":6,"enemies":"Sphere and 2 Shapes","floor":46,"turns":6},{"damage":5,"enemies":"Writhing Mass","floor":47,"turns":6},{"damage":6,"enemies":"Spire Growth","floor":48,"turns":3},{"damage":11,"enemies":"Donu and Deca","floor":50,"turns":10},{"damage":6,"enemies":"Awakened One","floor":51,"turns":18},{"damage":3,"enemies":"Shield and Spear","floor":55,"turns":5},{"damage":77,"enemies":"The Heart","floor":56,"turns":5}],"seed_played":"-3817298143155232602","potions_obtained":[{"floor":12.0,"key":"Energy Potion"},{"floor":14.0,"key":"SpeedPotion"},{"floor":22.0,"key":"BlessingOfTheForge"},{"floor":22.0,"key":"GamblersBrew"},{"floor":23.0,"key":"FearPotion"},{"floor":25.0,"key":"LiquidBronze"},{"floor":29.0,"key":"LiquidMemories"},{"floor":40,"key":"Regen Potion"},{"floor":42,"key":"SkillPotion"},{"floor":45,"key":"PowerPotion"},{"floor":46,"key":"FearPotion"}],"is_trial":false,"path_per_floor":["M","?","M","?","M","R","$","R","T","?","M","M","M","E","R","B",null,"M","?","$","M","?","E","R","E","T","$","R","M","E","?","R","B",null,"M","?","$","?","M","E","R","E","T","R","M","M","M","M","R","B","B",null,"R","$","E","B"],"character_chosen":"IRONCLAD","items_purchased":["PowerPotion","Evolve","DuplicationPotion","Dark Embrace+1"],"campfire_rested":0,"item_purchase_floors":[7,27,54,54],"current_hp_per_floor":[63,63,55,75,64,64,64,64,64,60,56,38,34,28,28,25,68,68,68,68,60,60,49,49,26,26,26,26,32,35,35,35,35,70,70,60,60,60,60,45,45,51,51,51,51,82,77,71,71,60,54,75,75,75,72,0,0],"gold":63,"neow_bonus":"BOSS_RELIC","is_daily":false,"chose_seed":false,"campfire_upgraded":9,"win_rate":0.0,"timestamp":1613710534,"path_taken":["M","?","M","?","M","R","$","R","T","?","M","M","M","E","R","BOSS","M","?","$","M","?","E","R","E","T","$","R","?","E","?","R","BOSS","M","?","$","?","?","E","R","E","T","R","M","M","M","M","R","BOSS","BOSS","R","$","E","BOSS"],"items_purchased_type":["Potion","Card","Potion","Card"],"build_version":"2020-12-22","purchased_purges":3,"victory":false,"max_hp_per_floor":[75,75,75,75,75,75,75,75,75,82,82,82,82,82,82,82,82,82,82,82,82,82,82,82,82,82,82,82,82,82,82,82,82,82,82,82,82,82,82,82,82,82,82,82,82,82,82,82,82,82,82,82,82,82,82,82,82],"relic_stats":{"Centennial Puzzle":[24],"Happy Flower":[43],"counters":[27,161],"Whetstone":["Body Slam","Sever Soul"],"Letter Opener":[50],"War Paint":["Defend_R","Defend_R"],"Cursed Key":2,"obtain_stats":[{"Happy Flower":14,"SacredBark":0,"Omamori":30,"Whetstone":42,"Letter Opener":55,"War Paint":19,"Frozen Egg 2":40,"Cursed Key":17,"Ancient Tea Set":38,"Burning Blood":0,"Akabeko":9,"Centennial Puzzle":43,"Strawberry":10,"Bottled Lightning":23,"Meat on the Bone":25,"Runic Pyramid":34},{"Happy Flower":7,"SacredBark":0,"Omamori":14,"Whetstone":19,"Letter Opener":26,"War Paint":9,"Frozen Egg 2":18,"Cursed Key":8,"Ancient Tea Set":16,"Burning Blood":0,"Akabeko":3,"Centennial Puzzle":19,"Strawberry":3,"Bottled Lightning":11,"Meat on the Bone":12,"Runic Pyramid":15},{"Happy Flower":32,"SacredBark":0,"Omamori":72,"Whetstone":105,"Letter Opener":156,"War Paint":49,"Frozen Egg 2":100,"Cursed Key":46,"Ancient Tea Set":87,"Burning Blood":0,"Akabeko":11,"Centennial Puzzle":105,"Strawberry":11,"Bottled Lightning":57,"Meat on the Bone":63,"Runic Pyramid":84}],"Meat on the Bone":72},"card_choices":[{"not_picked":["Body Slam","Sentinel"],"picked":"Metallicize","floor":3.0},{"not_picked":["Searing Blow","Shrug It Off"],"picked":"Shockwave","floor":12.0},{"not_picked":["Anger","Heavy Blade"],"picked":"Armaments","floor":13.0},{"not_picked":["Corruption","Bloodletting"],"picked":"Battle Trance","floor":14.0},{"not_picked":["Feed","Brutality"],"picked":"Juggernaut","floor":16.0},{"not_picked":["Whirlwind","Shrug It Off"],"picked":"Body Slam","floor":18.0},{"not_picked":["Havoc","Cleave"],"picked":"Sword Boomerang","floor":21.0},{"not_picked":["Body Slam","Hemokinesis"],"picked":"Flame Barrier","floor":23.0},{"not_picked":["Headbutt","Twin Strike"],"picked":"Entrench","floor":25.0},{"not_picked":["Body Slam","Cleave","Armaments"],"picked":"SKIP","floor":29.0},{"not_picked":["True Grit","Heavy Blade"],"picked":"Rage","floor":30.0},{"not_picked":["Limit Break","Exhume"],"picked":"Offering","floor":33.0},{"not_picked":["Headbutt+1","Cleave+1"],"picked":"Shrug It Off+1","floor":35.0},{"not_picked":["Bandage Up","Good Instincts"],"picked":"Deep Breath","floor":36.0},{"not_picked":["Madness","Enlightenment"],"picked":"Master of Strategy","floor":36.0},{"not_picked":["Enlightenment","Magnetism"],"picked":"Madness","floor":36.0},{"not_picked":["Hemokinesis","Cleave","Pommel Strike"],"picked":"SKIP","floor":39.0},{"not_picked":["Clothesline","Shockwave","Twin Strike"],"picked":"SKIP","floor":40},{"not_picked":["Sword Boomerang","Searing Blow+1","Havoc"],"picked":"SKIP","floor":42},{"not_picked":["Anger","Reaper","Shrug It Off"],"picked":"SKIP","floor":45},{"not_picked":["Body Slam","Evolve+1","Shrug It Off"],"picked":"SKIP","floor":46},{"not_picked":["Limit Break","Twin Strike+1"],"picked":"True Grit+1","floor":47},{"not_picked":["Thunderclap+1","Armaments","Warcry"],"picked":"SKIP","floor":48},{"not_picked":["Sword Boomerang+1","Pummel","Reckless Charge+1"],"picked":"SKIP","floor":55}],"player_experience":1460506,"relics_obtained":[{"floor":9.0,"key":"Akabeko"},{"floor":14.0,"key":"Happy Flower"},{"floor":23.0,"key":"Bottled Lightning"},{"floor":25.0,"key":"Meat on the Bone"},{"floor":30.0,"key":"Omamori"},{"floor":38.0,"key":"Ancient Tea Set"},{"floor":40,"key":"Frozen Egg 2"},{"floor":42,"key":"Whetstone"},{"floor":43,"key":"Centennial Puzzle"},{"floor":55,"key":"Letter Opener"}],"event_choices":[{"damage_healed":0.0,"max_hp_gain":0.0,"max_hp_loss":0.0,"gold_gain":0.0,"event_name":"Living Wall","player_choice":"Grow","floor":2.0,"gold_loss":0.0,"damage_taken":0.0,"cards_upgraded":["Bash"]},{"damage_healed":25.0,"max_hp_gain":0.0,"max_hp_loss":0.0,"gold_gain":0.0,"event_name":"Big Fish","player_choice":"Banana","floor":4.0,"gold_loss":0.0,"damage_taken":0.0},{"damage_healed":0.0,"max_hp_gain":0.0,"max_hp_loss":0.0,"gold_gain":0.0,"event_name":"Scrap Ooze","player_choice":"Success","floor":10.0,"gold_loss":0.0,"damage_taken":11.0,"relics_obtained":["Strawberry"]},{"damage_healed":0.0,"max_hp_gain":0.0,"max_hp_loss":0.0,"gold_gain":0.0,"event_name":"Addict","player_choice":"Obtained Relic","floor":19.0,"gold_loss":85.0,"damage_taken":0.0,"relics_obtained":["War Paint"]},{"damage_healed":0.0,"max_hp_gain":0.0,"max_hp_loss":0.0,"gold_gain":0.0,"event_name":"Lab","player_choice":"Got Potions","floor":22.0,"gold_loss":0.0,"damage_taken":0.0},{"damage_healed":0.0,"max_hp_gain":0.0,"max_hp_loss":0.0,"gold_gain":0.0,"cards_transformed":["Strike_R","Strike_R"],"event_name":"Drug Dealer","player_choice":"Became Test Subject","floor":31.0,"gold_loss":0.0,"damage_taken":0.0,"cards_obtained":["Iron Wave","Sever Soul"]},{"damage_healed":0.0,"max_hp_gain":0.0,"max_hp_loss":0.0,"gold_gain":0.0,"event_name":"SensoryStone","player_choice":"Memory 3","floor":36.0,"gold_loss":0.0,"damage_taken":10.0},{"damage_healed":0.0,"max_hp_gain":0.0,"max_hp_loss":0.0,"gold_gain":0.0,"event_name":"Wheel of Change","player_choice":"Relic","floor":38.0,"gold_loss":0.0,"damage_taken":0.0}],"is_beta":false,"boss_relics":[{"not_picked":["Black Star","Busted Crown"],"picked":"Cursed Key"},{"not_picked":["SlaversCollar","Sozu"],"picked":"Runic Pyramid"}],"items_purged_floors":[7,20,37],"is_endless":false,"potions_floor_spawned":[12,13,14,23,25,29,40,42,45,46,48],"killed_by":"The Heart","ascension_level":20}}