{"host":"8ztb9kwpjc2zof9s","time":1613775436,"event":{"mods":["BaseMod","Block Reminder","Curses Come First","Minty Spire (QoL Compilation)","Relic Stats","StSLib"],"gold_per_floor":[109,109,40,40,40,40,67,67,90,119,131,151,161,15,15,92,92,109,123,123,139,64,64,79,90,90,90,90,90,102,115,115,115,115],"floor_reached":33,"language":"ENG","playtime":1232,"items_purged":["Strike_G"],"score":507,"play_id":"7becca8e-af8a-4650-ae3b-911985197c7a","local_time":"20210219145716","is_ascension_mode":true,"campfire_choices":[{"data":"Infinite Blades","floor":6,"key":"SMITH"},{"data":"Accuracy","floor":8,"key":"SMITH"},{"data":"Neutralize","floor":15,"key":"SMITH"},{"data":"Venomology","floor":23,"key":"SMITH"},{"floor":27,"key":"REST"},{"floor":29,"key":"REST"},{"floor":32,"key":"REST"}],"circlet_count":0,"master_deck":["AscendersBane","Strike_G+1","Strike_G+1","Strike_G","Defend_G","Defend_G","Defend_G","Defend_G","Survivor","Neutralize+1","Infinite Blades+1","Accuracy+1","Cloak And Dagger","Dash","Well Laid Plans","Venomology+1","Cloak And Dagger","Choke+1","Cloak And Dagger","Dodge and Roll+1"],"relics":["Ring of the Serpent","NeowsBlessing","Whetstone","Blood Vial","Calipers","Vajra","StrikeDummy"],"acts_visited":["Exordium","TheCity"],"potions_floor_usage":[16,18,19,21,21,21,24,25,30,31,31,33],"damage_taken":[{"damage":0,"enemies":"Small Slimes","floor":1,"turns":1},{"damage":0,"enemies":"3 Sentries","floor":7,"turns":1},{"damage":0,"enemies":"Gremlin Nob","floor":10,"turns":1},{"damage":5,"enemies":"2 Louse","floor":11,"turns":3},{"damage":0,"enemies":"Cultist","floor":12,"turns":3},{"damage":11,"enemies":"Lots of Slimes","floor":13,"turns":5},{"damage":23,"enemies":"The Guardian","floor":16,"turns":14},{"damage":1,"enemies":"Shell Parasite","floor":18,"turns":8},{"damage":0,"enemies":"Chosen","floor":19,"turns":4},{"damage":20,"enemies":"3 Cultists","floor":21,"turns":5},{"damage":13,"enemies":"Centurion and Healer","floor":24,"turns":6},{"damage":21,"enemies":"Snake Plant","floor":25,"turns":4},{"damage":8,"enemies":"Chosen and Byrds","floor":30,"turns":5},{"damage":16,"enemies":"Shelled Parasite and Fungi","floor":31,"turns":4},{"damage":67,"enemies":"Automaton","floor":33,"turns":12}],"seed_played":"-5514757481283807053","potions_obtained":[{"floor":11,"key":"SteroidPotion"},{"floor":13,"key":"Dexterity Potion"},{"floor":18,"key":"Swift Potion"},{"floor":19,"key":"Swift Potion"},{"floor":20,"key":"DuplicationPotion"},{"floor":20,"key":"Energy Potion"},{"floor":25,"key":"Strength Potion"}],"is_trial":false,"path_per_floor":["M","?","$","?","?","R","E","R","T","E","M","M","M","$","R","B",null,"M","M","?","M","$","R","M","M","T","R","?","R","M","M","R","B"],"character_chosen":"THE_SILENT","items_purchased":["Accuracy","Vajra"],"campfire_rested":3,"item_purchase_floors":[3,14],"current_hp_per_floor":[63,63,63,63,63,63,63,63,63,65,62,64,55,55,55,34,61,62,64,64,46,46,46,35,16,16,37,37,58,52,38,59,0,0],"gold":115,"neow_bonus":"THREE_ENEMY_KILL","is_daily":false,"chose_seed":false,"campfire_upgraded":4,"win_rate":0.0,"timestamp":1613775436,"path_taken":["M","?","$","?","?","R","E","R","T","E","?","M","M","?","R","BOSS","M","M","?","?","$","R","M","M","T","R","?","R","M","?","R","BOSS"],"items_purchased_type":["Card","Relic"],"build_version":"2020-12-22","purchased_purges":1,"victory":false,"max_hp_per_floor":[70,70,70,70,70,70,70,70,70,70,70,70,70,70,70,70,70,70,70,70,70,70,70,70,70,70,70,70,70,70,70,70,70,70],"relic_stats":{"Blood Vial":26,"counters":[15,76],"Whetstone":["Strike_G","Strike_G"],"obtain_stats":[{"Blood Vial":9,"Calipers":10,"NeowsBlessing":0,"Vajra":14,"Whetstone":7,"StrikeDummy":26,"Ring of the Serpent":17,"Ring of the Snake":0},{"Blood Vial":2,"Calipers":3,"NeowsBlessing":0,"Vajra":6,"Whetstone":2,"StrikeDummy":12,"Ring of the Serpent":7,"Ring of the Snake":0},{"Blood Vial":2,"Calipers":3,"NeowsBlessing":0,"Vajra":14,"Whetstone":2,"StrikeDummy":55,"Ring of the Serpent":28,"Ring of the Snake":0}]},"card_choices":[{"not_picked":["Dodge and Roll","Deflect"],"picked":"Infinite Blades","floor":1},{"not_picked":["All Out Attack","Night Terror"],"picked":"Cloak And Dagger","floor":7},{"not_picked":["Catalyst","Deflect"],"picked":"Dash","floor":10},{"not_picked":["All Out Attack","Endless Agony","Bouncing Flask"],"picked":"SKIP","floor":11},{"not_picked":["Dodge and Roll","Deflect","Flechettes"],"picked":"SKIP","floor":12},{"not_picked":["Quick Slash","Setup"],"picked":"Well Laid Plans","floor":13},{"not_picked":["Glass Knife","Doppelganger"],"picked":"Venomology","floor":16},{"not_picked":["PiercingWail","Outmaneuver"],"picked":"Cloak And Dagger","floor":18},{"not_picked":["Deadly Poison","Blur"],"picked":"Choke+1","floor":19},{"not_picked":["Skewer","Crippling Poison","Deflect"],"picked":"SKIP","floor":21},{"not_picked":["Outmaneuver","Flying Knee","Skewer+1"],"picked":"SKIP","floor":24},{"not_picked":["Deflect","Riddle With Holes+1"],"picked":"Cloak And Dagger","floor":25},{"not_picked":["Acrobatics","Caltrops"],"picked":"Dodge and Roll+1","floor":30},{"not_picked":["Expertise","Dodge and Roll+1","Skewer"],"picked":"SKIP","floor":31}],"player_experience":356624,"relics_obtained":[{"floor":7,"key":"Whetstone"},{"floor":9,"key":"Blood Vial"},{"floor":10,"key":"Calipers"},{"floor":26,"key":"StrikeDummy"}],"event_choices":[{"cards_removed":["Strike_G"],"damage_healed":0,"gold_gain":0,"player_choice":"Forget","damage_taken":0,"max_hp_gain":0,"max_hp_loss":0,"event_name":"Living Wall","floor":2,"gold_loss":0},{"damage_healed":0,"gold_gain":0,"player_choice":"Leave","damage_taken":0,"max_hp_gain":0,"max_hp_loss":0,"event_name":"The Cleric","floor":4,"gold_loss":0},{"cards_removed":["Defend_G"],"damage_healed":0,"gold_gain":0,"player_choice":"Purged","damage_taken":0,"max_hp_gain":0,"max_hp_loss":0,"event_name":"Purifier","floor":5,"gold_loss":0},{"damage_healed":0,"gold_gain":0,"player_choice":"Got Potions","damage_taken":0,"max_hp_gain":0,"max_hp_loss":0,"event_name":"Lab","floor":20,"gold_loss":0},{"damage_healed":0,"gold_gain":0,"player_choice":"0 cards matched","damage_taken":0,"max_hp_gain":0,"max_hp_loss":0,"event_name":"Match and Keep!","floor":28,"gold_loss":0,"cards_obtained":[]}],"is_beta":false,"boss_relics":[{"not_picked":["Runic Dome","Snecko Eye"],"picked":"Ring of the Serpent"}],"items_purged_floors":[22],"is_endless":false,"potions_floor_spawned":[11,13,18,19,25],"killed_by":"Automaton","ascension_level":13}}