{"host":"2l5k2wp87eek7qja","time":1613752548,"event":{"mods":["BaseMod","Colored Map","Minty Spire (QoL Compilation)","Relic Stats"],"gold_per_floor":[118,118,132,144,156,156,182,200,225,225,150,130,30,44,44,44,44],"floor_reached":16,"language":"ENG","playtime":422,"items_purged":["Strike_G","Strike_G"],"score":204,"play_id":"f85d162c-a814-4b64-be45-2b24ca6429bd","local_time":"20210219183548","is_ascension_mode":true,"campfire_choices":[{"data":"Neutralize","floor":6,"key":"SMITH"},{"data":"Footwork","floor":10,"key":"SMITH"},{"data":"Blade Dance","floor":15,"key":"SMITH"}],"circlet_count":0,"master_deck":["AscendersBane","Strike_G","Strike_G","Strike_G","Defend_G","Defend_G+1","Defend_G","Defend_G","Defend_G","Survivor+1","Neutralize+1","Blade Dance+1","Crippling Poison","Poisoned Stab","Dash","Footwork+1","Deflect"],"relics":["Ring of the Snake","Art of War","Bronze Scales","Akabeko"],"acts_visited":["Exordium"],"potions_floor_usage":[5,5],"damage_taken":[{"damage":0,"enemies":"2 Louse","floor":1,"turns":4},{"damage":4,"enemies":"Small Slimes","floor":3,"turns":4},{"damage":4,"enemies":"Cultist","floor":4,"turns":3},{"damage":0,"enemies":"Exordium Wildlife","floor":5,"turns":2},{"damage":24,"enemies":"3 Sentries","floor":7,"turns":11},{"damage":0,"enemies":"2 Fungi Beasts","floor":8,"turns":3},{"damage":0,"enemies":"3 Louse","floor":14,"turns":2},{"damage":10,"enemies":"The Guardian","floor":16,"turns":4}],"seed_played":"7610924507516666144","potions_obtained":[{"floor":3,"key":"AttackPotion"},{"floor":4,"key":"BlessingOfTheForge"},{"floor":12,"key":"Ancient Potion"}],"is_trial":false,"path_per_floor":["M","?","M","M","M","R","E","M","T","R","$","?","$","M","R","B"],"character_chosen":"THE_SILENT","items_purchased":[],"campfire_rested":0,"item_purchase_floors":[],"current_hp_per_floor":[59,39,35,31,31,31,7,7,7,7,7,7,7,7,7,0,0],"gold":44,"neow_bonus":"RANDOM_COMMON_RELIC","is_daily":false,"chose_seed":false,"campfire_upgraded":3,"win_rate":0.0,"timestamp":1613752548,"path_taken":["M","?","M","M","M","R","E","M","T","R","$","?","$","?","R","BOSS"],"items_purchased_type":[],"build_version":"2020-12-22","purchased_purges":2,"victory":false,"max_hp_per_floor":[66,66,66,66,66,66,66,66,66,66,66,66,66,66,66,66,66],"relic_stats":{"counters":[8,33],"Bronze Scales":[16],"Art of War":[4],"obtain_stats":[{"Bronze Scales":7,"Art of War":0,"Akabeko":9,"Ring of the Snake":0},{"Bronze Scales":5,"Art of War":0,"Akabeko":6,"Ring of the Snake":0},{"Bronze Scales":24,"Art of War":0,"Akabeko":27,"Ring of the Snake":0}],"Ring of the Snake":[16]},"card_choices":[{"not_picked":["Dagger Throw","Infinite Blades"],"picked":"Blade Dance","floor":1},{"not_picked":["Sucker Punch","PiercingWail"],"picked":"Crippling Poison","floor":3},{"not_picked":["Choke","Crippling Poison"],"picked":"Poisoned Stab","floor":4},{"not_picked":["Deflect","PiercingWail"],"picked":"Dash","floor":5},{"not_picked":["Acrobatics","Outmaneuver","Distraction"],"picked":"SKIP","floor":7},{"not_picked":["Slice","Noxious Fumes"],"picked":"Footwork","floor":8},{"not_picked":["Outmaneuver","Prepared"],"picked":"Deflect","floor":14}],"player_experience":808430,"relics_obtained":[{"floor":7,"key":"Bronze Scales"},{"floor":9,"key":"Akabeko"}],"event_choices":[{"damage_healed":0,"gold_gain":0,"player_choice":"Entered Light","damage_taken":20,"max_hp_gain":0,"max_hp_loss":0,"event_name":"Shining Light","floor":2,"gold_loss":0,"cards_upgraded":["Defend_G","Survivor"]},{"damage_healed":0,"gold_gain":0,"player_choice":"Bought 1 Potion","damage_taken":0,"max_hp_gain":0,"max_hp_loss":0,"event_name":"The Woman in Blue","floor":12,"gold_loss":0}],"is_beta":false,"boss_relics":[],"items_purged_floors":[11,13],"is_endless":false,"potions_floor_spawned":[3,4],"killed_by":"The Guardian","ascension_level":20}}