{"host":"tj5b4ndtwgv8r84u","time":1613720284,"event":{"mods":["2.2 Compatiblity","AchievementEnabler","Act Like it!","Aspiration","BaseMod","Better Note","Colored Map","Conspire","Downfall","GifTheSpireLib","Hallownest","Hermit","Infinite Spire","Minty Spire (QoL Compilation)","Rare Cards Sparkle","Relic Stats","Replay The Spire","Shop Mod","StSLib","The Bug Knight","The Cursed","The Hierophant","The Marked","The Servant 0.9.4"],"gold_per_floor":[118,152,327,327,338,338,351,351,405,419,446,446,464,154,154,254,254,265,278,278,288,40,40,40,40,40,40,40,50,69,80,80,187,187,209,240,272,19,19,19,19,19],"floor_reached":41,"language":"ENG","playtime":1926,"items_purged":["Doubt","Backflip"],"score":618,"play_id":"716b0474-48cf-492b-8294-23b923560989","local_time":"20210219023804","is_ascension_mode":false,"campfire_choices":[{"floor":6,"key":"REST"},{"data":"Skewer","floor":8,"key":"SMITH"},{"floor":12,"key":"REST"},{"data":"Noxious Fumes","floor":15,"key":"SMITH"},{"floor":23,"key":"REST"},{"data":"Pot Of Greed","floor":25,"key":"SMITH"},{"data":"Pot Of Greed","floor":27,"key":"SMITH"},{"data":"ReplayTheSpireMod:From All Sides","floor":32,"key":"SMITH"},{"floor":40,"key":"REST"}],"circlet_count":0,"master_deck":["Strike_G","Strike_G","Strike_G","Strike_G","Strike_G","Defend_G","Defend_G","Defend_G","Defend_G","Defend_G","Survivor","Neutralize","Skewer+1","Deflect","Blade Dance","Poisoned Stab","Pot Of Greed","Pot Of Greed+1","Bane","ReplayTheSpireMod:From All Sides+1","Deadly Poison","Noxious Fumes+1","Phantasmal Killer","Backflip","Pot Of Greed+1","Underhanded Strike","Corpse Explosion","Replay:Sssssssssshield","conspire:PoisonWeapons+1","PiercingWail+1","Poisoned Stab","Dodge and Roll","Malaise","Heel Hook+1","Quick Slash","Parasite","Infinite Blades","Pot Of Greed","Forethought"],"relics":["Busted Crown","aspiration:FetidBarrel","Grinning Jar","Paper Crane","Chemical X","conspire:SpecialSausage","Bag of Marbles","conspire:TopHat","conspire:RoyalGoblet","BargainBundle","infinitespire:EvilPickle","ChewingGum","Bottled Tornado"],"acts_visited":["Exordium","TheCity","TheBeyond"],"potions_floor_usage":[16,16,31,33,41,41],"damage_taken":[{"damage":1,"enemies":"Cultist","floor":1,"turns":5},{"damage":13,"enemies":"conspire:MimicChest","floor":2,"turns":5},{"damage":9,"enemies":"2 Louse","floor":5,"turns":3},{"damage":0,"enemies":"Small Slimes","floor":7,"turns":3},{"damage":1,"enemies":"2 Fungi Beasts","floor":10,"turns":2},{"damage":10,"enemies":"Gremlin Nob","floor":11,"turns":3},{"damage":6,"enemies":"Exordium Wildlife","floor":13,"turns":4},{"damage":15,"enemies":"The Guardian","floor":16,"turns":7},{"damage":0,"enemies":"3 Byrds","floor":18,"turns":3},{"damage":15,"enemies":"2 Thieves","floor":19,"turns":3},{"damage":10,"enemies":"Snecko","floor":21,"turns":3},{"damage":0,"enemies":"Sentry and Sphere","floor":29,"turns":3},{"damage":1,"enemies":"Shelled Parasite and Fungi","floor":30,"turns":3},{"damage":0,"enemies":"Centurion and Healer","floor":31,"turns":2},{"damage":25,"enemies":"Pondfish","floor":33,"turns":9},{"damage":38,"enemies":"3 Shapes","floor":35,"turns":4},{"damage":0,"enemies":"Orb Walker","floor":36,"turns":1},{"damage":23,"enemies":"Writhing Mass","floor":37,"turns":4},{"damage":31,"enemies":"Nemesis","floor":41,"turns":3}],"seed_played":"405893108036867314","potions_obtained":[{"floor":2,"key":"Elixir"},{"floor":7,"key":"LiquidBronze"},{"floor":10,"key":"GamblersBrew"},{"floor":13,"key":"LiquidBronze"},{"floor":21,"key":"Weak Potion"},{"floor":29,"key":"AttackPotion"},{"floor":37,"key":"bronze:BurnAndBuffPotion"}],"is_trial":false,"path_per_floor":["M","?","?","?","M","R","M","R","T","M","E","R","M","$","R","B",null,"M","M","?","M","$","R","?","R","T","R","AVR","M","M","M","R","B",null,"M","M","M","$","?","R","E"],"character_chosen":"THE_SILENT","items_purchased":["Chemical X","Noxious Fumes","Backflip","Bag of Marbles","Bottled Tornado"],"campfire_rested":4,"item_purchase_floors":[14,14,14,22,38],"current_hp_per_floor":[69,56,56,56,47,68,68,68,68,67,57,70,64,64,64,49,70,70,55,55,45,45,66,66,66,66,66,66,66,65,65,65,40,70,32,32,9,9,9,30,0,0],"gold":19,"neow_bonus":"BOSS_RELIC","is_daily":false,"chose_seed":false,"campfire_upgraded":5,"win_rate":0.0,"timestamp":1613720284,"path_taken":["M","?","?","?","M","R","M","R","T","?","E","R","M","$","R","BOSS","M","M","?","M","$","R","?","R","T","R","AVR","M","?","M","R","BOSS","M","M","M","?","?","R","E"],"items_purchased_type":["Relic","Card","Card","Relic","Relic"],"build_version":"2020-12-22","purchased_purges":2,"victory":false,"max_hp_per_floor":[70,70,70,70,70,70,70,70,70,70,70,70,70,70,70,70,70,70,70,70,70,70,70,70,70,70,70,70,70,70,70,70,70,70,70,70,70,70,70,70,70,70],"relic_stats":{"Busted Crown":50,"counters":[19,70],"Chemical X":[23],"obtain_stats":[{"BargainBundle":28,"conspire:RoyalGoblet":28,"aspiration:FetidBarrel":2,"conspire:SpecialSausage":17,"Paper Crane":11,"Bottled Tornado":38,"conspire:TopHat":26,"infinitespire:EvilPickle":33,"Busted Crown":0,"ChewingGum":34,"Bag of Marbles":22,"Chemical X":14,"Grinning Jar":9,"Ring of the Snake":0},{"BargainBundle":11,"conspire:RoyalGoblet":11,"aspiration:FetidBarrel":2,"conspire:SpecialSausage":8,"Paper Crane":6,"Bottled Tornado":18,"conspire:TopHat":11,"infinitespire:EvilPickle":15,"Busted Crown":0,"ChewingGum":15,"Bag of Marbles":11,"Chemical X":7,"Grinning Jar":4,"Ring of the Snake":0},{"BargainBundle":41,"conspire:RoyalGoblet":41,"aspiration:FetidBarrel":10,"conspire:SpecialSausage":32,"Paper Crane":21,"Bottled Tornado":67,"conspire:TopHat":41,"infinitespire:EvilPickle":58,"Busted Crown":0,"ChewingGum":58,"Bag of Marbles":41,"Chemical X":25,"Grinning Jar":16,"Ring of the Snake":0}]},"card_choices":[{"not_picked":[],"picked":"Skewer","floor":1},{"not_picked":[],"picked":"Deflect","floor":2},{"not_picked":[],"picked":"Blade Dance","floor":5},{"not_picked":[],"picked":"Poisoned Stab","floor":7},{"not_picked":[],"picked":"Bane","floor":10},{"not_picked":[],"picked":"ReplayTheSpireMod:From All Sides","floor":11},{"not_picked":[],"picked":"Deadly Poison","floor":13},{"not_picked":[],"picked":"Phantasmal Killer","floor":16},{"not_picked":[],"picked":"Backflip","floor":18},{"not_picked":[],"picked":"Underhanded Strike","floor":19},{"not_picked":[],"picked":"conspire:PoisonWeapons","floor":21},{"not_picked":[],"picked":"PiercingWail+1","floor":29},{"not_picked":[],"picked":"Poisoned Stab","floor":30},{"not_picked":[],"picked":"Dodge and Roll","floor":31},{"not_picked":[],"picked":"Malaise","floor":33},{"not_picked":[],"picked":"Heel Hook+1","floor":35},{"not_picked":[],"picked":"Quick Slash","floor":36},{"not_picked":[],"picked":"Infinite Blades","floor":37},{"not_picked":[],"picked":"Forethought","floor":39}],"player_experience":45492,"relics_obtained":[{"floor":2,"key":"aspiration:FetidBarrel"},{"floor":9,"key":"Grinning Jar"},{"floor":11,"key":"Paper Crane"},{"floor":26,"key":"conspire:TopHat"}],"event_choices":[{"damage_healed":0,"gold_gain":175,"player_choice":"AGREE","damage_taken":0,"max_hp_gain":0,"max_hp_loss":0,"event_name":"Liars Game","floor":3,"gold_loss":0,"cards_obtained":["Doubt"]},{"damage_healed":0,"gold_gain":0,"player_choice":"Disagree","damage_taken":0,"max_hp_gain":0,"max_hp_loss":0,"event_name":"conspire:LoneGhost","floor":4,"gold_loss":0},{"damage_healed":0,"gold_gain":0,"player_choice":"2 cards matched","damage_taken":0,"max_hp_gain":0,"max_hp_loss":0,"event_name":"Match and Keep!","floor":20,"gold_loss":0,"cards_obtained":["Corpse Explosion","Replay:Sssssssssshield"]},{"damage_healed":0,"gold_gain":0,"player_choice":"Forge","damage_taken":0,"max_hp_gain":0,"max_hp_loss":0,"event_name":"Accursed Blacksmith","floor":24,"gold_loss":0,"cards_upgraded":["conspire:PoisonWeapons"]},{"damage_healed":0,"gold_gain":0,"player_choice":"Memory 1","damage_taken":0,"max_hp_gain":0,"max_hp_loss":0,"event_name":"SensoryStone","floor":39,"gold_loss":0}],"is_beta":false,"boss_relics":[{"not_picked":["Snecko Eye","HoveringKite"],"picked":"conspire:SpecialSausage"},{"not_picked":["Empty Cage","Replay:Wanted Poster"],"picked":"ChewingGum"}],"items_purged_floors":[14,22],"is_endless":false,"potions_floor_spawned":[2,7,10,13,21,29,37],"killed_by":"Nemesis","ascension_level":0}}