{"host":"0mhttqdumuceah7q","time":1613751767,"event":{"mods":["AchievementEnabler","BaseMod","Colored Map","DeckTracker","Minty Spire (QoL Compilation)","Permanent Neow"],"gold_per_floor":[115,13,88,100,100,135,35,65,92,122,297,310,336,336,336,439,439,410,390,409,427,427,427,427],"floor_reached":23,"language":"KOR","playtime":698,"items_purged":["Strike_G"],"score":296,"play_id":"654c4e0c-61de-4c5f-a4ec-22c858bc56d2","local_time":"20210220012247","is_ascension_mode":true,"campfire_choices":[{"floor":15,"key":"REST"}],"circlet_count":0,"master_deck":["Strike_G","Strike_G","Defend_G","Defend_G","Defend_G","Defend_G","Survivor","Neutralize","Footwork","Deadly Poison","Poisoned Stab","Poisoned Stab","Bane","Acrobatics","Poisoned Stab","Doubt","Backflip+1","Backflip+1","Burst+1","Slice","Terror+1","Outmaneuver+1"],"relics":["Ring of the Snake","NeowsBlessing","Strawberry","Toxic Egg 2","Anchor","Bottled Lightning","Empty Cage"],"acts_visited":["Exordium","TheCity"],"potions_floor_usage":[13,23,23,23],"damage_taken":[{"damage":0.0,"enemies":"Cultist","floor":1.0,"turns":1.0},{"damage":0.0,"enemies":"Jaw Worm","floor":4.0,"turns":1.0},{"damage":0.0,"enemies":"Lagavulin","floor":6.0,"turns":1.0},{"damage":36.0,"enemies":"Gremlin Nob","floor":8.0,"turns":4.0},{"damage":0,"enemies":"Small Slimes","floor":12,"turns":3},{"damage":20,"enemies":"3 Sentries","floor":13,"turns":4},{"damage":22,"enemies":"Hexaghost","floor":16,"turns":10},{"damage":22,"enemies":"2 Thieves","floor":18,"turns":5},{"damage":15,"enemies":"3 Byrds","floor":20,"turns":5},{"damage":34,"enemies":"Snake Plant","floor":21,"turns":5},{"damage":11,"enemies":"Gremlin Leader","floor":23,"turns":2}],"seed_played":"-2744454640667817587","potions_obtained":[{"floor":6.0,"key":"Strength Potion"},{"floor":8.0,"key":"SteroidPotion"},{"floor":12,"key":"BlessingOfTheForge"},{"floor":13,"key":"CultistPotion"},{"floor":19,"key":"FearPotion"}],"is_trial":false,"path_per_floor":["M","$","?","M","?","E","$","E","T","?","?","M","E","?","R","B",null,"M","?","M","M","?","E"],"character_chosen":"THE_SILENT","items_purchased":["Deadly Poison","Poisoned Stab","Acrobatics"],"campfire_rested":1,"item_purchase_floors":[2,2,7],"current_hp_per_floor":[70,70,59,59,52,59,59,23,23,23,23,23,3,3,26,4,77,55,55,40,6,6,0,0],"gold":427,"neow_bonus":"THREE_ENEMY_KILL","is_daily":false,"chose_seed":false,"campfire_upgraded":0,"win_rate":0.0,"timestamp":1613751767,"path_taken":["M","?","?","M","?","E","$","E","T","?","?","M","E","?","R","BOSS","M","?","?","M","?","E"],"items_purchased_type":["Card","Card","Card"],"build_version":"2020-12-22","purchased_purges":1,"victory":false,"max_hp_per_floor":[70,70,70,70,70,77,77,77,77,77,77,77,77,77,77,77,77,77,77,77,77,77,77,77],"card_choices":[{"not_picked":["Bane","Underhanded Strike"],"picked":"Footwork","floor":1.0},{"not_picked":["Outmaneuver","Leg Sweep"],"picked":"Poisoned Stab","floor":4.0},{"not_picked":["Dagger Spray","Blur"],"picked":"Bane","floor":6.0},{"not_picked":["Heel Hook","Skewer"],"picked":"Poisoned Stab","floor":8.0},{"not_picked":["Predator","Accuracy"],"picked":"Backflip+1","floor":12},{"not_picked":["Slice","Phantasmal Killer+1"],"picked":"Backflip+1","floor":13},{"not_picked":["A Thousand Cuts","Grand Finale"],"picked":"Burst+1","floor":16},{"not_picked":["Backflip+1","Underhanded Strike"],"picked":"Slice","floor":18},{"not_picked":["Prepared+1","Poisoned Stab+1"],"picked":"Terror+1","floor":20},{"not_picked":["Bane","Dodge and Roll+1"],"picked":"Outmaneuver+1","floor":21}],"player_experience":134727,"relics_obtained":[{"floor":6.0,"key":"Strawberry"},{"floor":8.0,"key":"Toxic Egg 2"},{"floor":9.0,"key":"Anchor"},{"floor":13,"key":"Bottled Lightning"}],"event_choices":[{"damage_healed":0.0,"max_hp_gain":0.0,"max_hp_loss":0.0,"gold_gain":75.0,"event_name":"World of Goop","player_choice":"Gather Gold","floor":3.0,"gold_loss":0.0,"damage_taken":11.0},{"cards_removed":["Strike_G"],"damage_healed":0.0,"max_hp_gain":0.0,"max_hp_loss":0.0,"gold_gain":0.0,"event_name":"Golden Wing","player_choice":"Card Removal","floor":5.0,"gold_loss":0.0,"damage_taken":7.0},{"damage_healed":0.0,"max_hp_gain":0.0,"max_hp_loss":0.0,"gold_gain":30.0,"event_name":"Dead Adventurer","player_choice":"Searched \u00272\u0027 times","floor":10.0,"gold_loss":0.0,"damage_taken":0.0},{"damage_healed":0.0,"max_hp_gain":0.0,"max_hp_loss":0.0,"gold_gain":30.0,"event_name":"Dead Adventurer","player_choice":"Searched \u00272\u0027 times","floor":10.0,"gold_loss":0.0,"damage_taken":0.0},{"damage_healed":0,"gold_gain":175,"player_choice":"AGREE","damage_taken":0,"max_hp_gain":0,"max_hp_loss":0,"event_name":"Liars Game","floor":11,"gold_loss":0,"cards_obtained":["Doubt"]},{"damage_healed":0,"gold_gain":0,"player_choice":"Ignored","damage_taken":0,"max_hp_gain":0,"max_hp_loss":0,"event_name":"Shining Light","floor":14,"gold_loss":0},{"damage_healed":0,"gold_gain":0,"player_choice":"Bought 1 Potion","damage_taken":0,"max_hp_gain":0,"max_hp_loss":0,"event_name":"The Woman in Blue","floor":19,"gold_loss":0},{"damage_healed":0,"gold_gain":0,"player_choice":"Ignored","damage_taken":0,"max_hp_gain":0,"max_hp_loss":0,"event_name":"Vampires","floor":22,"gold_loss":0}],"is_beta":false,"boss_relics":[{"not_picked":["HoveringKite","Sozu"],"picked":"Empty Cage"}],"items_purged_floors":[7],"is_endless":false,"potions_floor_spawned":[6,8,12,13,18],"killed_by":"Gremlin Leader","ascension_level":3}}