{"host":"x5yhywqzhy6atib3","time":1613695754,"event":{"mods":["BaseMod","Colored Map","Colored Powertips","DeckTracker","Highlight Path","Minty Spire (QoL Compilation)","Rare Cards Sparkle","Replay The Spire","StSLib"],"gold_per_floor":[117,117,117,117,392,467,146,146,169,204,204,264,328,388,388,493,493,504,535,545,559,559,559,586,586,586,586,614,614,145,186,186,299,299,337,399,461,186,215,254,316,316,386,57,117,117,117,147,147,163],"floor_reached":51,"language":"KOR","playtime":6078,"items_purged":["Regret","Amnesia"],"score":767,"play_id":"31ad2d08-7897-4e7f-9ad0-0cabd0abdfba","local_time":"20210219014914","is_ascension_mode":true,"campfire_choices":[{"data":"Dagger Spray","floor":8,"key":"SMITH"},{"floor":15,"key":"REST"},{"data":"Bullet Time","floor":23,"key":"SMITH"},{"floor":25,"key":"REST"},{"floor":46,"key":"REST"},{"floor":49,"key":"REST"}],"circlet_count":0,"master_deck":["Strike_G","Strike_G+1","Strike_G","Strike_G","Defend_G","Defend_G","Defend_G","Defend_G","Defend_G","Survivor","Neutralize","Dagger Spray+1","Well Laid Plans+1","Envenom","Noxious Fumes","Backflip","Thinking Ahead+1","Transmutation","Swift Strike","Dash","Blur","Poisoned Stab","Bullet Time+1","CurseOfTheBell","Adrenaline","Dodge and Roll","Replay:Poison Smokescreen+1","Dodge and Roll+1","Draining Mist+1","Footwork","Deadly Poison","ReplayTheSpireMod:Tripwire","Backflip","Flying Knee+1","Catalyst","The Bomb","Bane","AbeCurse","Blur","Poisoned Stab+1","Master of Strategy","Discovery","Deadly Poison+1","Caltrops+1","Draining Mist","ReplayTheSpireMod:Brewmster","Outmaneuver+1","Slice"],"relics":["Ring of the Snake","NeowsBlessing","Ring of Fangs","ReplayTheSpireMod:Ring of Challenge","Juzu Bracelet","ReplayTheSpireMod:ShopPack","Snake Skull","Art of War","Anchor","Calling Bell","Pet Ghost","Chameleon Ring","Pondfish Scales","Red Mask","Nunchaku","HornCleat","Replay:Bandana","Orrery","ReplayFunnel","Abe\u0027s Treasure","Calipers","Dream Catcher","Replay:Bottled Steam","ReplayTheSpireMod:CursedCoin","War Paint","Du-Vu Doll"],"acts_visited":["Exordium","TheCity","TheBeyond"],"potions_floor_usage":[14,16,16,19,20,24,31,33,40,41,45,45,48,50,50,50,50],"damage_taken":[{"damage":0,"enemies":"2 Louse","floor":1,"turns":1},{"damage":0,"enemies":"Gremlin Nob","floor":6,"turns":1},{"damage":0,"enemies":"Lagavulin","floor":10,"turns":2},{"damage":14,"enemies":"Cultist","floor":12,"turns":5},{"damage":5,"enemies":"Jaw Worm","floor":13,"turns":6},{"damage":11,"enemies":"Exordium Wildlife","floor":14,"turns":7},{"damage":11,"enemies":"The Guardian","floor":16,"turns":8},{"damage":14,"enemies":"Spheric Guardian","floor":18,"turns":7},{"damage":24,"enemies":"Masked Bandits","floor":19,"turns":4},{"damage":15,"enemies":"Shell Parasite","floor":20,"turns":7},{"damage":2,"enemies":"Centurion and Healer","floor":21,"turns":6},{"damage":6,"enemies":"Gremlin Leader","floor":24,"turns":6},{"damage":0,"enemies":"Snecko","floor":28,"turns":3},{"damage":4,"enemies":"3 Cultists","floor":31,"turns":4},{"damage":42,"enemies":"Automaton","floor":33,"turns":9},{"damage":17,"enemies":"3 Darklings","floor":35,"turns":6},{"damage":8,"enemies":"Mind Bloom Boss Battle","floor":36,"turns":7},{"damage":0,"enemies":"Orb Walker","floor":37,"turns":6},{"damage":0,"enemies":"4 Shapes","floor":39,"turns":5},{"damage":0,"enemies":"R_Hoarder","floor":40,"turns":5},{"damage":13,"enemies":"3 Darklings","floor":41,"turns":8},{"damage":7,"enemies":"Transient","floor":45,"turns":5},{"damage":0,"enemies":"Sphere and 2 Shapes","floor":48,"turns":7},{"damage":15,"enemies":"Replay:Hell Engine","floor":50,"turns":10}],"seed_played":"-59056214933113357","potions_obtained":[{"floor":1,"key":"DistilledChaos"},{"floor":13,"key":"Strength Potion"},{"floor":14,"key":"PowerPotion"},{"floor":16,"key":"PowerPotion"},{"floor":19,"key":"Regen Potion"},{"floor":21,"key":"DuplicationPotion"},{"floor":29,"key":"FearPotion"},{"floor":29,"key":"Flashbang"},{"floor":32,"key":"FairyPotion"},{"floor":32,"key":"BlessingOfTheForge"},{"floor":36,"key":"GamblersBrew"},{"floor":39,"key":"Venom Potion"},{"floor":41,"key":"CunningPotion"},{"floor":48,"key":"Weak Potion"}],"is_trial":false,"path_per_floor":["M","?","?","?","?","E","$","R","T","E","?","M","M","M","R","B",null,"M","?","M","M","?","R","E","R","T","T","M","R","$","M","R","B",null,"M","?","M","$","M","E","M","?","T","$","M","R","?","M","R","B",null],"character_chosen":"THE_SILENT","items_purchased":["Noxious Fumes","Backflip","ReplayTheSpireMod:ShopPack","Orrery","ReplayFunnel","The Bomb","Master of Strategy","Discovery","ReplayTheSpireMod:Brewmster","ReplayTheSpireMod:CursedCoin","War Paint","Strength Potion"],"campfire_rested":4,"item_purchase_floors":[7,7,7,30,30,30,38,38,44,44,44,44],"current_hp_per_floor":[70,56,56,56,56,56,56,56,56,56,56,42,37,26,47,36,70,56,32,45,43,43,43,37,58,58,58,58,58,58,54,54,12,70,53,45,45,45,45,45,32,32,32,32,25,46,46,46,67,52],"gold":163,"neow_bonus":"THREE_ENEMY_KILL","is_daily":false,"chose_seed":false,"campfire_upgraded":2,"win_rate":0.0,"timestamp":1613695754,"path_taken":["M","?","?","?","?","E","$","R","T","E","?","M","M","M","R","BOSS","M","?","M","M","?","R","E","R","T","?","M","R","$","M","R","BOSS","M","?","M","$","M","E","M","?","T","$","M","R","?","M","R","BOSS"],"items_purchased_type":["Card","Card","Relic","Relic","Relic","Card","Card","Card","Card","Relic","Relic","Potion"],"build_version":"2020-12-22","purchased_purges":2,"victory":true,"max_hp_per_floor":[70,70,70,70,70,70,70,70,70,70,70,70,70,70,70,70,70,70,70,70,70,70,70,70,70,70,70,70,70,70,70,70,70,70,70,70,70,70,70,70,70,70,70,70,70,70,70,70,70,70],"card_choices":[{"not_picked":["Well Laid Plans","Dagger Throw"],"picked":"Dagger Spray","floor":1},{"not_picked":["Outmaneuver","Dash"],"picked":"Envenom","floor":6},{"not_picked":["Poisoned Strike","ReplayTheSpireMod:Necrogeddon"],"picked":"Thinking Ahead","floor":7},{"not_picked":["Forethought","PanicButton"],"picked":"Transmutation","floor":7},{"not_picked":["Mind Blast","Survey Options"],"picked":"Swift Strike","floor":7},{"not_picked":["Predator","Blade Dance"],"picked":"Dash","floor":10},{"not_picked":["Well Laid Plans","Noxious Fumes"],"picked":"Blur","floor":12},{"not_picked":["Noxious Fumes","Dagger Spray"],"picked":"Calculated Gamble","floor":13},{"not_picked":["Dagger Spray","Finisher"],"picked":"Poisoned Stab","floor":14},{"not_picked":["Malaise","Tools of the Trade"],"picked":"Bullet Time","floor":16},{"not_picked":["Cloak And Dagger","Backflip"],"picked":"Adrenaline","floor":18},{"not_picked":["Underhanded Strike","Heel Hook+1"],"picked":"Dodge and Roll","floor":19},{"not_picked":["Cloak And Dagger+1","Sucker Punch"],"picked":"Replay:Poison Smokescreen","floor":20},{"not_picked":["Calculated Gamble","Outmaneuver"],"picked":"Dodge and Roll+1","floor":21},{"not_picked":["ReplayTheSpireMod:Shiv Toss","Flying Knee"],"picked":"Draining Mist","floor":24},{"not_picked":["Accuracy","Poisoned Stab"],"picked":"Footwork","floor":28},{"not_picked":["Malaise","Blur"],"picked":"Deadly Poison","floor":30},{"not_picked":["Flechettes","Sucker Punch"],"picked":"ReplayTheSpireMod:Tripwire","floor":30},{"not_picked":["Choke","Dodge and Roll"],"picked":"Backflip","floor":30},{"not_picked":["Masterful Stab","Backflip"],"picked":"Flying Knee+1","floor":30},{"not_picked":["Tools of the Trade","Caltrops"],"picked":"Catalyst","floor":30},{"not_picked":["Cloak And Dagger","ReplayTheSpireMod:Shiv Toss+1"],"picked":"Bane","floor":31},{"not_picked":["Doppelganger","Wraith Form v2"],"picked":"Bullet Time","floor":33},{"not_picked":["Sucker Punch","Prepared"],"picked":"Blur","floor":35},{"not_picked":["Backflip+1","A Thousand Cuts"],"picked":"Poisoned Stab+1","floor":37},{"not_picked":["Acrobatics+1","Slice+1"],"picked":"Deadly Poison+1","floor":39},{"not_picked":["Malaise","Outmaneuver"],"picked":"Caltrops+1","floor":40},{"not_picked":["Caltrops","Infinite Blades+1"],"picked":"Draining Mist","floor":41},{"not_picked":["Underhanded Strike+1","Sucker Punch","Dodge and Roll+1"],"picked":"SKIP","floor":45},{"not_picked":["Sucker Punch+1","Deadly Poison"],"picked":"Outmaneuver+1","floor":46},{"not_picked":["Choke","ReplayTheSpireMod:The Works+1","Riddle With Holes"],"picked":"SKIP","floor":48}],"player_experience":40890,"relics_obtained":[{"floor":3,"key":"Ring of Fangs"},{"floor":3,"key":"ReplayTheSpireMod:Ring of Challenge"},{"floor":6,"key":"Juzu Bracelet"},{"floor":9,"key":"Snake Skull"},{"floor":10,"key":"Art of War"},{"floor":14,"key":"Anchor"},{"floor":17,"key":"Pet Ghost"},{"floor":17,"key":"Chameleon Ring"},{"floor":17,"key":"Pondfish Scales"},{"floor":19,"key":"Red Mask"},{"floor":24,"key":"Nunchaku"},{"floor":26,"key":"HornCleat"},{"floor":27,"key":"Replay:Bandana"},{"floor":36,"key":"Calipers"},{"floor":40,"key":"Dream Catcher"},{"floor":43,"key":"Replay:Bottled Steam"},{"floor":45,"key":"Du-Vu Doll"}],"event_choices":[{"damage_healed":0,"gold_gain":0,"player_choice":"Entered Light","damage_taken":14,"max_hp_gain":0,"max_hp_loss":0,"event_name":"Shining Light","floor":2,"gold_loss":0,"cards_upgraded":["Strike_G","Strike_G"]},{"damage_healed":0,"gold_gain":275,"player_choice":"Desecrate","damage_taken":0,"max_hp_gain":0,"max_hp_loss":0,"event_name":"Golden Shrine","floor":5,"gold_loss":0,"cards_obtained":["Regret"]},{"damage_healed":0,"gold_gain":0,"player_choice":"Grow","damage_taken":0,"max_hp_gain":0,"max_hp_loss":0,"event_name":"Living Wall","floor":11,"gold_loss":0,"cards_upgraded":["Thinking Ahead"]},{"damage_healed":0,"gold_gain":0,"player_choice":"Fought Bandits","damage_taken":0,"max_hp_gain":0,"max_hp_loss":0,"event_name":"Masked Bandits","floor":19,"gold_loss":0},{"damage_healed":0,"gold_gain":0,"player_choice":"Fight","damage_taken":0,"max_hp_gain":0,"max_hp_loss":0,"event_name":"MindBloom","floor":36,"gold_loss":0},{"cards_removed":["Bullet Time"],"damage_healed":0,"gold_gain":0,"player_choice":"Removed Skill","damage_taken":0,"max_hp_gain":0,"max_hp_loss":0,"event_name":"Falling","floor":42,"gold_loss":0},{"damage_healed":0,"gold_gain":0,"cards_transformed":["Calculated Gamble"],"player_choice":"Transformed","damage_taken":0,"max_hp_gain":0,"max_hp_loss":0,"event_name":"Transmorgrifier","floor":47,"gold_loss":0,"cards_obtained":["Slice"]}],"is_beta":false,"boss_relics":[{"not_picked":["Replay:Ancient Bell","Replay:Bronze Core"],"picked":"Calling Bell"},{"not_picked":["Kintsugi","Ring of the Serpent"],"picked":"Abe\u0027s Treasure"}],"items_purged_floors":[7,44],"is_endless":false,"potions_floor_spawned":[1,13,14,16,19,21,36,39,41,48],"ascension_level":3}}