{"host":"8f5cu9y0fpol72qs","time":1613701678,"event":{"mods":["AlwaysNeverKeys","BaseMod","Colored Map","Colored Powertips","Curses Come First","Highlight Path","Key Reminder","Minty Spire (QoL Compilation)","StSLib"],"gold_per_floor":[115,127,145,145,145,155,489,489,489,520,67,67,94,114,114,189,189,201,219,236,252,252,280,280,290,290,324,324,353,353,363,363,442,442,454,111,136,6,24,50,68,81,81,96,110,110,110,128,128,128,128,128,82,108,108],"floor_reached":56,"language":"ENG","playtime":4563,"items_purged":["Defend_P","Consecrate","WreathOfFlame+1"],"score":2303,"play_id":"7d009328-ad5a-4be4-9dbc-dd2cce47cd47","local_time":"20210218182758","is_ascension_mode":true,"campfire_choices":[{"data":"CutThroughFate","floor":8.0,"key":"SMITH"},{"floor":12.0,"key":"DIG"},{"floor":15.0,"key":"DIG"},{"floor":24.0,"key":"DIG"},{"floor":28.0,"key":"DIG"},{"floor":30.0,"key":"DIG"},{"floor":32.0,"key":"DIG"},{"floor":46.0,"key":"DIG"},{"floor":49.0,"key":"RECALL"},{"floor":52,"key":"DIG"}],"circlet_count":0,"master_deck":["AscendersBane","Eruption","Vigilance","InnerPeace+1","EmptyFist+1","Protect","SashWhip","CutThroughFate+1","Omniscience+1","ClearTheMind+1","EmptyBody+1","Blasphemy+1","LikeWater+1","Vault+1","MentalFortress","Crescendo+1","CrushJoints+1","Meditate+1","Alpha+1","Establishment","SandsOfTime","Weave","JustLucky","EmptyMind+1","Protect+1","Meditate+1","ThirdEye+1","Adaptation+1","DeceiveReality+1","Doubt","Sanctity+1","Study+1","CutThroughFate+1","CutThroughFate+1"],"relics":["Sozu","StrikeDummy","Old Coin","Shovel","The Courier","Lee\u0027s Waffle","Toxic Egg 2","Sundial","Akabeko","Bag of Preparation","Cursed Key","Orichalcum","Gremlin Horn","Red Mask","Meat on the Bone","Eternal Feather","Toy Ornithopter","White Beast Statue","Pandora\u0027s Box","Ice Cream","Lizard Tail","Bottled Lightning","Molten Egg 2","Mercury Hourglass","War Paint"],"acts_visited":["Exordium","TheCity","TheBeyond","TheEnding"],"potions_floor_usage":[],"damage_taken":[{"damage":0.0,"enemies":"Cultist","floor":1.0,"turns":2.0},{"damage":2.0,"enemies":"Jaw Worm","floor":2.0,"turns":3.0},{"damage":2.0,"enemies":"Small Slimes","floor":3.0,"turns":3.0},{"damage":8.0,"enemies":"Exordium Thugs","floor":6.0,"turns":5.0},{"damage":0.0,"enemies":"Gremlin Nob","floor":7.0,"turns":2.0},{"damage":0.0,"enemies":"Lagavulin","floor":10.0,"turns":3.0},{"damage":3.0,"enemies":"Gremlin Nob","floor":13.0,"turns":3.0},{"damage":0.0,"enemies":"3 Louse","floor":14.0,"turns":3.0},{"damage":23.0,"enemies":"Hexaghost","floor":16.0,"turns":9.0},{"damage":6.0,"enemies":"Shell Parasite","floor":18.0,"turns":3.0},{"damage":3.0,"enemies":"2 Thieves","floor":19.0,"turns":3.0},{"damage":0.0,"enemies":"3 Cultists","floor":20.0,"turns":3.0},{"damage":0.0,"enemies":"Sentry and Sphere","floor":21.0,"turns":3.0},{"damage":0.0,"enemies":"Book of Stabbing","floor":23.0,"turns":5.0},{"damage":9.0,"enemies":"Shelled Parasite and Fungi","floor":25.0,"turns":6.0},{"damage":0.0,"enemies":"Masked Bandits","floor":27.0,"turns":3.0},{"damage":5.0,"enemies":"Slavers","floor":29.0,"turns":9.0},{"damage":0.0,"enemies":"Snake Plant","floor":31.0,"turns":3.0},{"damage":12.0,"enemies":"Automaton","floor":33.0,"turns":6.0},{"damage":0.0,"enemies":"3 Darklings","floor":35.0,"turns":3.0},{"damage":0.0,"enemies":"Mind Bloom Boss Battle","floor":37.0,"turns":4.0},{"damage":0.0,"enemies":"Orb Walker","floor":39.0,"turns":2.0},{"damage":35.0,"enemies":"Nemesis","floor":40.0,"turns":8.0},{"damage":2.0,"enemies":"Writhing Mass","floor":41.0,"turns":4.0},{"damage":23.0,"enemies":"3 Darklings","floor":42.0,"turns":4.0},{"damage":20.0,"enemies":"Transient","floor":44.0,"turns":7.0},{"damage":1.0,"enemies":"4 Shapes","floor":45.0,"turns":3.0},{"damage":12.0,"enemies":"Spire Growth","floor":48.0,"turns":5.0},{"damage":50,"enemies":"Time Eater","floor":50,"turns":15},{"damage":47,"enemies":"Shield and Spear","floor":54,"turns":5},{"damage":102,"enemies":"The Heart","floor":55,"turns":12}],"seed_played":"5750093182692080822","potions_obtained":[],"is_trial":false,"path_per_floor":["M","M","M","?","?","M","E","R","T","E","$","R","E","M","R","B",null,"M","M","M","M","T","E","R","M","T","?","R","E","R","M","R","B",null,"M","$","?","$","M","E","M","M","T","M","M","R","?","M","R","B",null,"R","$","E","B",null],"character_chosen":"WATCHER","items_purchased":["FlurryOfBlows","Lee\u0027s Waffle","Toxic Egg 2","ClearTheMind+1","Ice Cream","Meditate+1","CutThroughFate+1"],"campfire_rested":0,"item_purchase_floors":[11,11,11,11,36,38,53],"current_hp_per_floor":[61,59,57,39,39,31,31,31,31,31,75,75,72,72,72,49,69,63,60,60,60,60,60,60,51,51,51,51,46,61,61,75,63,72,72,72,72,72,72,49,47,36,36,28,39,57,57,45,63,25,63,75,75,40,35],"gold":108,"neow_bonus":"BOSS_RELIC","is_daily":false,"chose_seed":false,"campfire_upgraded":1,"win_rate":0.0,"timestamp":1613701678,"path_taken":["M","M","M","?","?","M","E","R","T","E","$","R","E","M","R","BOSS","M","M","M","M","?","E","R","?","T","?","R","E","R","M","R","BOSS","M","$","?","$","M","E","M","M","T","M","M","R","?","M","R","BOSS","R","$","E","BOSS"],"items_purchased_type":["Card","Relic","Relic","Card","Relic","Card","Card"],"build_version":"2020-12-22","purchased_purges":3,"victory":true,"max_hp_per_floor":[68,68,68,68,68,68,68,68,68,68,75,75,75,75,75,75,75,75,75,75,75,75,75,75,75,75,75,75,75,75,75,75,75,75,75,75,75,75,75,75,75,75,75,75,75,75,75,75,75,75,75,75,75,75,75],"card_choices":[{"not_picked":["JustLucky","ThirdEye"],"picked":"InnerPeace","floor":1.0},{"not_picked":["Perseverance","Meditate"],"picked":"EmptyFist","floor":2.0},{"not_picked":["EmptyFist","FearNoEvil"],"picked":"Protect","floor":3.0},{"not_picked":["Evaluate","EmptyBody"],"picked":"SashWhip","floor":6.0},{"not_picked":["EmptyBody","FlyingSleeves"],"picked":"CutThroughFate","floor":7.0},{"not_picked":["ForeignInfluence","EmptyFist"],"picked":"Omniscience","floor":10.0},{"not_picked":["Fasting2","FollowUp","CrushJoints"],"picked":"SKIP","floor":13.0},{"not_picked":["Fasting2","FollowUp","CrushJoints"],"picked":"SKIP","floor":13.0},{"not_picked":["PathToVictory+1","EmptyFist"],"picked":"EmptyBody+1","floor":14.0},{"not_picked":["Vault+1","Scrawl+1"],"picked":"Blasphemy+1","floor":16.0},{"not_picked":["Consecrate","FlyingSleeves","PathToVictory+1"],"picked":"SKIP","floor":18.0},{"not_picked":["EmptyBody+1","EmptyFist","FlyingSleeves"],"picked":"SKIP","floor":19.0},{"not_picked":["CrushJoints","CutThroughFate"],"picked":"LikeWater+1","floor":20.0},{"not_picked":["CrushJoints+1","FollowUp"],"picked":"Vault+1","floor":21.0},{"not_picked":["BattleHymn+1","Weave"],"picked":"MentalFortress","floor":23.0},{"not_picked":["Perseverance+1","CrushJoints"],"picked":"Crescendo+1","floor":25.0},{"not_picked":["FollowUp","BowlingBash"],"picked":"CrushJoints+1","floor":27.0},{"not_picked":["Prostrate+1","FollowUp"],"picked":"Meditate+1","floor":29.0},{"not_picked":["Fasting2","CutThroughFate"],"picked":"Alpha+1","floor":31.0},{"not_picked":["JustLucky+1","SashWhip"],"picked":"Protect+1","floor":35.0},{"not_picked":["Meditate+1","EmptyBody+1"],"picked":"ThirdEye+1","floor":39.0},{"not_picked":["Prostrate+1","DeusExMachina+1"],"picked":"Adaptation+1","floor":40.0},{"not_picked":["Protect+1","FlurryOfBlows"],"picked":"DeceiveReality+1","floor":41.0},{"not_picked":["CarveReality+1","Perseverance+1","SignatureMove"],"picked":"SKIP","floor":42.0},{"not_picked":["Swivel+1","SashWhip"],"picked":"Sanctity+1","floor":44.0},{"not_picked":["Crescendo+1","DeceiveReality+1","ClearTheMind+1"],"picked":"SKIP","floor":45.0},{"not_picked":["Adaptation","PathToVictory+1"],"picked":"Study+1","floor":48.0},{"not_picked":["Perseverance+1","Vengeance+1"],"picked":"CutThroughFate+1","floor":54}],"player_experience":1103789,"relics_obtained":[{"floor":7.0,"key":"Old Coin"},{"floor":9.0,"key":"Shovel"},{"floor":10.0,"key":"The Courier"},{"floor":12.0,"key":"Sundial"},{"floor":13.0,"key":"Akabeko"},{"floor":15.0,"key":"Bag of Preparation"},{"floor":23.0,"key":"Orichalcum"},{"floor":24.0,"key":"Gremlin Horn"},{"floor":27.0,"key":"Red Mask"},{"floor":28.0,"key":"Meat on the Bone"},{"floor":29.0,"key":"Eternal Feather"},{"floor":30.0,"key":"Toy Ornithopter"},{"floor":32.0,"key":"White Beast Statue"},{"floor":37.0,"key":"Lizard Tail"},{"floor":40.0,"key":"Bottled Lightning"},{"floor":46.0,"key":"Molten Egg 2"},{"floor":52,"key":"Mercury Hourglass"},{"floor":54,"key":"War Paint"}],"event_choices":[{"damage_healed":0.0,"max_hp_gain":0.0,"max_hp_loss":0.0,"gold_gain":0.0,"event_name":"Scrap Ooze","player_choice":"Success","floor":4.0,"gold_loss":0.0,"damage_taken":18.0,"relics_obtained":["StrikeDummy"]},{"damage_healed":0.0,"max_hp_gain":0.0,"max_hp_loss":0.0,"gold_gain":0.0,"event_name":"Accursed Blacksmith","player_choice":"Forge","floor":5.0,"gold_loss":0.0,"damage_taken":0.0,"cards_upgraded":["EmptyFist"]},{"damage_healed":0.0,"max_hp_gain":0.0,"max_hp_loss":0.0,"gold_gain":0.0,"event_name":"Masked Bandits","player_choice":"Fought Bandits","floor":27.0,"gold_loss":0.0,"damage_taken":0.0},{"damage_healed":0.0,"max_hp_gain":0.0,"max_hp_loss":0.0,"gold_gain":0.0,"event_name":"MindBloom","player_choice":"Fight","floor":37.0,"gold_loss":0.0,"damage_taken":0.0},{"cards_removed":["FlurryOfBlows"],"damage_healed":0.0,"max_hp_gain":0.0,"max_hp_loss":0.0,"gold_gain":0.0,"event_name":"Falling","player_choice":"Removed Attack","floor":47.0,"gold_loss":0.0,"damage_taken":0.0}],"is_beta":false,"boss_relics":[{"not_picked":["Tiny House","Runic Dome"],"picked":"Cursed Key"},{"not_picked":["Calling Bell","SacredBark"],"picked":"Pandora\u0027s Box"}],"items_purged_floors":[11,36,38],"is_endless":false,"potions_floor_spawned":[1,3,10,13,16,23,25,29,33,35,37,39,40,41,42,44,45,48,54],"ascension_level":18}}