{"host":"tlbbab9afexrkdtf","time":1613770361,"event":{"mods":["2.2 Compatiblity","AchievementEnabler","BaseMod","Colored Map","Colored Powertips","Minty Spire (QoL Compilation)","Rare Cards Sparkle","StSLib"],"gold_per_floor":[112,13,28,28,47,81,81,33,33,48,48,79,97,115,115,210,210,221,221,17,36,36,36,36,36,60,80,80,105,26,37,37,139,139,158,208,208,222,238,238,238,252,305,305,305],"floor_reached":44,"language":"ENG","playtime":1417,"items_purged":[],"score":604,"play_id":"a8fc9f8a-752f-4bc6-8ff7-b544ad3ab2e6","local_time":"20210219163241","is_ascension_mode":true,"campfire_choices":[{"floor":7,"key":"REST"},{"floor":11,"key":"REST"},{"floor":15,"key":"RECALL"},{"data":"Thunderclap","floor":23,"key":"SMITH"},{"data":"Rage","floor":25,"key":"SMITH"},{"floor":32,"key":"REST"},{"floor":40,"key":"REST"}],"circlet_count":0,"master_deck":["Strike_R","Strike_R+1","Strike_R","Strike_R","Defend_R","Defend_R","Defend_R","Bash","Armaments","Perfected Strike","Pommel Strike","Rage+1","Flex","Thunderclap+1","Anger+1","Immolate","Hemokinesis+1","Dark Embrace+1","Twin Strike+1","Metallicize+1","True Grit","Perfected Strike","Armaments+1","Metallicize","Anger","Thunderclap","Flex","Combust","Flex+1","Brutality","Infernal Blade","Headbutt+1","Feel No Pain+1","Infernal Blade+1","Panache","Magnetism","Panache","Infernal Blade"],"relics":["Burning Blood","Potion Belt","Du-Vu Doll","FossilizedHelix","Mercury Hourglass","Astrolabe","HandDrill","Bronze Scales","Nilry\u0027s Codex","Orichalcum","Fusion Hammer","Ice Cream","Self Forming Clay","Whetstone"],"acts_visited":["Exordium","TheCity","TheBeyond"],"potions_floor_usage":[6,10,12,12,16,16,16,16,16,29,29,31,33,33,39,39,44],"damage_taken":[{"damage":13,"enemies":"Jaw Worm","floor":1,"turns":4},{"damage":1,"enemies":"Cultist","floor":3,"turns":3},{"damage":13,"enemies":"2 Louse","floor":5,"turns":3},{"damage":35,"enemies":"Lagavulin","floor":6,"turns":5},{"damage":26,"enemies":"Exordium Thugs","floor":10,"turns":5},{"damage":0,"enemies":"Gremlin Nob","floor":12,"turns":3},{"damage":0,"enemies":"Blue Slaver","floor":13,"turns":3},{"damage":8,"enemies":"3 Louse","floor":14,"turns":3},{"damage":54,"enemies":"Hexaghost","floor":16,"turns":6},{"damage":8,"enemies":"Chosen","floor":18,"turns":4},{"damage":2,"enemies":"3 Byrds","floor":21,"turns":4},{"damage":13,"enemies":"Centurion and Healer","floor":27,"turns":5},{"damage":29,"enemies":"Slavers","floor":29,"turns":4},{"damage":23,"enemies":"Shelled Parasite and Fungi","floor":31,"turns":4},{"damage":107,"enemies":"Automaton","floor":33,"turns":11},{"damage":17,"enemies":"3 Shapes","floor":35,"turns":4},{"damage":17,"enemies":"Mind Bloom Boss Battle","floor":36,"turns":6},{"damage":21,"enemies":"3 Darklings","floor":38,"turns":5},{"damage":18,"enemies":"Spire Growth","floor":39,"turns":5},{"damage":22,"enemies":"Sphere and 2 Shapes","floor":42,"turns":3},{"damage":39,"enemies":"Nemesis","floor":44,"turns":4}],"seed_played":"8999525731978378107","potions_obtained":[{"floor":3,"key":"Dexterity Potion"},{"floor":4,"key":"EntropicBrew"},{"floor":4,"key":"GamblersBrew"},{"floor":4,"key":"EssenceOfSteel"},{"floor":5,"key":"ColorlessPotion"},{"floor":12,"key":"PowerPotion"},{"floor":16,"key":"AttackPotion"},{"floor":21,"key":"FairyPotion"},{"floor":31,"key":"AttackPotion"},{"floor":35,"key":"SpeedPotion"},{"floor":38,"key":"FearPotion"},{"floor":42,"key":"DuplicationPotion"}],"is_trial":false,"path_per_floor":["M","$","M","?","M","E","R","$","T","M","R","E","M","M","R","B",null,"M","?","$","M","$","R","?","R","T","M","?","E","$","M","R","B",null,"M","?","T","M","M","R","?","M","T","E"],"character_chosen":"IRONCLAD","items_purchased":["Fire Potion","Swift Potion","BloodPotion","HandDrill","Perfected Strike","Flex","Combust"],"campfire_rested":4,"item_purchase_floors":[2,2,8,20,20,30,30],"current_hp_per_floor":[73,73,78,78,71,42,66,66,66,62,80,80,80,78,78,30,68,66,66,66,70,70,70,70,70,70,63,47,24,24,7,31,26,67,56,45,45,30,18,42,32,16,16,0,0],"gold":305,"neow_bonus":"RANDOM_COMMON_RELIC","is_daily":false,"chose_seed":false,"campfire_upgraded":2,"win_rate":0.0,"timestamp":1613770361,"path_taken":["M","$","M","?","?","E","R","?","T","?","R","E","M","M","R","BOSS","M","?","$","M","?","R","?","R","T","M","?","E","$","M","R","BOSS","M","?","?","M","?","R","?","M","T","E"],"items_purchased_type":["Potion","Potion","Potion","Relic","Card","Card","Card"],"build_version":"2020-12-22","purchased_purges":0,"victory":false,"max_hp_per_floor":[80,80,80,80,80,80,80,80,80,80,80,80,80,80,80,80,80,80,80,80,80,80,80,80,80,80,80,80,80,80,80,80,80,80,80,80,80,80,80,80,80,80,80,80,80],"card_choices":[{"not_picked":["True Grit","Headbutt"],"picked":"Armaments","floor":1},{"not_picked":["Heavy Blade","Carnage"],"picked":"Perfected Strike","floor":3},{"not_picked":["Searing Blow","Disarm"],"picked":"Pommel Strike","floor":5},{"not_picked":["Warcry","Shrug It Off"],"picked":"Rage","floor":6},{"not_picked":["True Grit","Sever Soul"],"picked":"Flex","floor":10},{"not_picked":["Sever Soul","Iron Wave"],"picked":"Entrench","floor":12},{"not_picked":["Clothesline","Armaments"],"picked":"Thunderclap","floor":13},{"not_picked":["Pommel Strike","Sword Boomerang"],"picked":"Anger","floor":14},{"not_picked":["Berserk","Barricade"],"picked":"Immolate","floor":16},{"not_picked":["Thunderclap","Entrench"],"picked":"Metallicize+1","floor":18},{"not_picked":["Clash","Iron Wave"],"picked":"Armaments+1","floor":21},{"not_picked":["Ghostly Armor","Heavy Blade"],"picked":"Anger","floor":27},{"not_picked":["Pommel Strike","Blood for Blood"],"picked":"Thunderclap","floor":29},{"not_picked":["Bludgeon","Flame Barrier+1"],"picked":"Flex+1","floor":31},{"not_picked":["Fiend Fire","Immolate"],"picked":"Brutality","floor":33},{"not_picked":["Spot Weakness","Clothesline+1"],"picked":"Infernal Blade","floor":35},{"not_picked":["Hemokinesis","Heavy Blade+1"],"picked":"Headbutt+1","floor":36},{"not_picked":["Fire Breathing","Shrug It Off"],"picked":"Feel No Pain+1","floor":38},{"not_picked":["Havoc","Body Slam+1"],"picked":"Infernal Blade+1","floor":39},{"not_picked":["Good Instincts","Transmutation"],"picked":"Panache","floor":41},{"not_picked":["Forethought","Good Instincts"],"picked":"Magnetism","floor":41},{"not_picked":["Violence","Sadistic Nature"],"picked":"Panache","floor":41},{"not_picked":["Twin Strike","Shrug It Off"],"picked":"Infernal Blade","floor":42}],"player_experience":335374,"relics_obtained":[{"floor":6,"key":"Du-Vu Doll"},{"floor":9,"key":"FossilizedHelix"},{"floor":12,"key":"Mercury Hourglass"},{"floor":26,"key":"Bronze Scales"},{"floor":28,"key":"Nilry\u0027s Codex"},{"floor":29,"key":"Orichalcum"},{"floor":36,"key":"Ice Cream"},{"floor":37,"key":"Self Forming Clay"},{"floor":43,"key":"Whetstone"}],"event_choices":[{"damage_healed":0,"gold_gain":0,"player_choice":"Got Potions","damage_taken":0,"max_hp_gain":0,"max_hp_loss":0,"event_name":"Lab","floor":4,"gold_loss":0},{"damage_healed":0,"gold_gain":0,"player_choice":"1 cards matched","damage_taken":0,"max_hp_gain":0,"max_hp_loss":0,"event_name":"Match and Keep!","floor":19,"gold_loss":0,"cards_obtained":["True Grit"]},{"damage_healed":0,"gold_gain":0,"player_choice":"Read","damage_taken":0,"max_hp_gain":0,"max_hp_loss":0,"event_name":"The Library","floor":24,"gold_loss":0,"cards_obtained":["Metallicize"]},{"damage_healed":0,"gold_gain":0,"player_choice":"Obtained Book","damage_taken":16,"max_hp_gain":0,"max_hp_loss":0,"event_name":"Cursed Tome","floor":28,"gold_loss":0},{"damage_healed":0,"gold_gain":0,"player_choice":"Fight","damage_taken":0,"max_hp_gain":0,"max_hp_loss":0,"event_name":"MindBloom","floor":36,"gold_loss":0},{"damage_healed":0,"gold_gain":0,"player_choice":"Memory 3","damage_taken":10,"max_hp_gain":0,"max_hp_loss":0,"event_name":"SensoryStone","floor":41,"gold_loss":0}],"is_beta":false,"boss_relics":[{"not_picked":["Ectoplasm","SlaversCollar"],"picked":"Astrolabe"},{"not_picked":["Tiny House","Runic Pyramid"],"picked":"Fusion Hammer"}],"items_purged_floors":[],"is_endless":false,"potions_floor_spawned":[3,5,12,16,21,31,35,38,42],"killed_by":"Nemesis","ascension_level":5}}