{"host":"z1zal7c5ufd23ok6","time":1613774584,"event":{"mods":["Aspiration","Bard","BaseMod","Best Route Mod","Conspire","Downfall","Energized Spire","Halation","Hubris","Infinite Spire","Ironclad Rager","Lobotomy","Minty Spire (QoL Compilation)","READ ME - Guardian Mod","Replay The Spire","Shop Mod","Spikes Relics","StSLib","The Animator","The Bug Knight","The Clintock","The Cursed","The Disciple","The Exalted","The Forsaken","The Hierophant","The Judge","The Jungle","The Kombatant","The Problem Sleuth","Trackpad","Wandering Minibosses"],"gold_per_floor":[279,354,354,372,372,399,399,432,457,457,473,473,491,503,503,607,607,570,192,192,192,192,192,46,46,124,159,159,159],"floor_reached":28,"language":"ENG","playtime":1106,"items_purged":[],"score":244,"play_id":"9d2f7916-9326-48f5-81ff-f6b0ebc2af3f","local_time":"20210219174304","is_ascension_mode":false,"campfire_choices":[{"floor":7.0,"key":"REST"},{"floor":12.0,"key":"REST"},{"floor":15.0,"key":"REST"},{"data":"Reaper","floor":23,"key":"SMITH"},{"data":"Perfected Strike","floor":25,"key":"SMITH"}],"circlet_count":0,"master_deck":["Strike_R","Strike_R","Strike_R","Strike_R","Strike_R","Defend_R","Defend_R","Defend_R","Defend_R","Bash","Perfected Strike+1","FairyFestival","Cleave","Pummel","Hemogenesis","Iron Wave","Reaper+1","theForsaken:PlagueCurse","Hemogenesis"],"relics":["CogitoBucket","aspiration:BabyByrd","SnailShell","aspiration:HummingbirdHeart","aspiration:ChemicalBlood","theForsaken:PaleLantern","SpikesRelics:DaevaFist","halation:LostSnail","theForsaken:PlagueMask","Bronze Scales","hubris:DeckOfHolding","Art of War"],"acts_visited":["Exordium","TheCity"],"potions_floor_usage":[27],"damage_taken":[{"damage":3.0,"enemies":"2 Louse","floor":1.0,"turns":3.0},{"damage":5.0,"enemies":"Small Slimes","floor":3.0,"turns":4.0},{"damage":1.0,"enemies":"Cultist","floor":4.0,"turns":3.0},{"damage":48.0,"enemies":"Gremlin Nob","floor":6.0,"turns":5.0},{"damage":42.0,"enemies":"3 Sentries","floor":8.0,"turns":10.0},{"damage":71.0,"enemies":"3 Louse","floor":11.0,"turns":18.0},{"damage":6.0,"enemies":"2 Fungi Beasts","floor":13.0,"turns":5.0},{"damage":0.0,"enemies":"Looter","floor":14.0,"turns":2.0},{"damage":74.0,"enemies":"Slime Boss","floor":16.0,"turns":16.0},{"damage":37.0,"enemies":"Chosen","floor":18.0,"turns":8.0},{"damage":102,"enemies":"Gremlin Leader","floor":27,"turns":9},{"damage":7,"enemies":"Shell Parasite","floor":28,"turns":1}],"seed_played":"4095197838481051628","potions_obtained":[{"floor":1.0,"key":"Ancient Potion"},{"floor":3.0,"key":"sneckomod:MuddlingPotion"},{"floor":6.0,"key":"Energy Potion"},{"floor":11.0,"key":"EntropicBrew"},{"floor":11.0,"key":"BloodPotion"},{"floor":16.0,"key":"AttackPotion"},{"floor":16.0,"key":"EntropicBrew"},{"floor":16.0,"key":"SpeedPotion"},{"floor":16.0,"key":"AttackPotion"},{"floor":27,"key":"Weak Potion"},{"floor":27,"key":"EssenceOfSteel"}],"is_trial":false,"path_per_floor":["M","?","M","M","?","E","R","E","T","?","M","R","M","M","R","B",null,"M","$","?","?","?","R","$","R","T","E","M"],"character_chosen":"IRONCLAD","items_purchased":["SpikesRelics:DaevaFist","halation:LostSnail","Reaper","Bronze Scales"],"campfire_rested":3,"item_purchase_floors":[19,19,19,24],"current_hp_per_floor":[80,69,73,80,80,41,65,41,41,41,14,38,41,48,72,22,80,52,52,52,52,80,80,80,80,80,7,0,0],"gold":159,"neow_bonus":"","is_daily":false,"chose_seed":false,"campfire_upgraded":2,"win_rate":0.0,"timestamp":1613774584,"path_taken":["M","?","M","M","?","E","R","E","T","?","M","R","M","M","R","BOSS","M","$","?","?","?","R","$","R","T","E","?"],"items_purchased_type":["Relic","Relic","Card","Relic"],"build_version":"2020-12-22","purchased_purges":0,"victory":false,"max_hp_per_floor":[80,80,80,80,80,80,80,80,80,80,80,80,80,80,80,80,80,85,85,85,85,85,85,85,85,85,85,85,85],"card_choices":[{"not_picked":["Flex","ReplayTheSpireMod:Strike From Hell"],"picked":"Perfected Strike","floor":1.0},{"not_picked":["MeatLantern","UniverseFragment"],"picked":"FairyFestival","floor":1.0},{"not_picked":["Clash","Replay:Undeath\u0027s Touch","Rage"],"picked":"SKIP","floor":3.0},{"not_picked":["Defy Death","Wild Strike","ReplayTheSpireMod:Strike From Hell"],"picked":"SKIP","floor":4.0},{"not_picked":["Shockwave","Armaments","Thunderclap"],"picked":"SKIP","floor":6.0},{"not_picked":["ReplayTheSpireMod:Corrosion Curse","Demonic Infusion","Body Slam"],"picked":"SKIP","floor":8.0},{"not_picked":["Combust","Flame Barrier","Anger"],"picked":"SKIP","floor":11.0},{"not_picked":["Warcry","Replay:Undeath\u0027s Touch"],"picked":"Cleave","floor":13.0},{"not_picked":["ReplayTheSpireMod:Muscle Training","Rupture"],"picked":"Pummel","floor":14.0},{"not_picked":["Impervious","Demonic Infusion"],"picked":"Hemogenesis","floor":16.0},{"not_picked":["Warcry","Entrench+1"],"picked":"Iron Wave","floor":18.0},{"not_picked":["hubris:CleavingFinish","Power Through+1"],"picked":"Hemogenesis","floor":27}],"player_experience":287340,"relics_obtained":[{"floor":6.0,"key":"SnailShell"},{"floor":8.0,"key":"aspiration:HummingbirdHeart"},{"floor":9.0,"key":"aspiration:ChemicalBlood"},{"floor":26,"key":"hubris:DeckOfHolding"},{"floor":27,"key":"Art of War"}],"event_choices":[{"damage_healed":0.0,"max_hp_gain":0.0,"max_hp_loss":0.0,"gold_gain":75.0,"event_name":"World of Goop","player_choice":"Gather Gold","floor":2.0,"gold_loss":0.0,"damage_taken":11.0},{"damage_healed":0.0,"max_hp_gain":0.0,"max_hp_loss":0.0,"gold_gain":0.0,"event_name":"Match and Keep!","player_choice":"0 cards matched","floor":10.0,"gold_loss":0.0,"damage_taken":0.0,"cards_obtained":[]},{"damage_healed":0.0,"max_hp_gain":0.0,"max_hp_loss":0.0,"gold_gain":0.0,"event_name":"The Mausoleum","player_choice":"Ignored","floor":20.0,"gold_loss":0.0,"damage_taken":0.0},{"damage_healed":0.0,"max_hp_gain":0.0,"max_hp_loss":0.0,"gold_gain":0.0,"event_name":"Plague Doctor","player_choice":"Obtain Plague Curse","floor":21.0,"gold_loss":0.0,"damage_taken":0.0,"cards_obtained":["theForsaken:PlagueCurse"]},{"damage_healed":28,"gold_gain":0,"player_choice":"Heal","damage_taken":0,"max_hp_gain":0,"max_hp_loss":0,"event_name":"The Library","floor":22,"gold_loss":0}],"is_beta":false,"boss_relics":[{"not_picked":["Pandora\u0027s Box","Kintsugi"],"picked":"theForsaken:PaleLantern"}],"items_purged_floors":[],"is_endless":false,"potions_floor_spawned":[1,3,6,14,27],"killed_by":"Shell Parasite","ascension_level":0}}