{"host":"9n6i2vl93jt4o42q","time":1613747144,"event":{"mods":["BaseMod","Minty Spire (QoL Compilation)","Relic Stats"],"gold_per_floor":[15,34,45,95,108,108,51,51,78,93,93,121,121,140,140,218,218,238,248,260,26,26,52,52,66,89,124,24,43,78,98,98,98,98],"floor_reached":33,"language":"ENG","playtime":2063,"items_purged":["Strike_P","Strike_P"],"score":618,"play_id":"a0733100-ec6c-4f94-96bc-58d0482c16f1","local_time":"20210219160544","is_ascension_mode":true,"campfire_choices":[{"data":"Eruption","floor":6.0,"key":"SMITH"},{"data":"BowlingBash","floor":8.0,"key":"SMITH"},{"data":"TalkToTheHand","floor":15.0,"key":"SMITH"},{"floor":32.0,"key":"REST"}],"circlet_count":0,"master_deck":["AscendersBane","Defend_P+1","Defend_P","Defend_P","Defend_P","Eruption+1","Vigilance","BowlingBash+1","ReachHeaven","CarveReality","TalkToTheHand+1","FlurryOfBlows+1","EmptyBody+1","Brilliance+1","CutThroughFate+1","Tantrum+1","Protect+1","LessonLearned+1","Adaptation","EmptyFist","Panacea+1","Fasting2+1","MentalFortress+1"],"relics":["HolyWater","Turnip","Potion Belt","Lantern","Frozen Egg 2","Happy Flower","War Paint","Art of War"],"acts_visited":["Exordium","TheCity"],"potions_floor_usage":[33],"damage_taken":[{"damage":0.0,"enemies":"2 Louse","floor":1.0,"turns":1.0},{"damage":1.0,"enemies":"Cultist","floor":2.0,"turns":3.0},{"damage":2.0,"enemies":"Jaw Worm","floor":3.0,"turns":4.0},{"damage":0.0,"enemies":"2 Fungi Beasts","floor":5.0,"turns":2.0},{"damage":5.0,"enemies":"Exordium Wildlife","floor":10.0,"turns":3.0},{"damage":11.0,"enemies":"Lagavulin","floor":12.0,"turns":4.0},{"damage":0.0,"enemies":"Large Slime","floor":14.0,"turns":3.0},{"damage":14.0,"enemies":"Hexaghost","floor":16.0,"turns":9.0},{"damage":0.0,"enemies":"2 Thieves","floor":18.0,"turns":2.0},{"damage":0.0,"enemies":"Spheric Guardian","floor":19.0,"turns":1.0},{"damage":0.0,"enemies":"3 Cultists","floor":20.0,"turns":3.0},{"damage":5.0,"enemies":"Gremlin Leader","floor":23.0,"turns":5.0},{"damage":0.0,"enemies":"Centurion and Healer","floor":25.0,"turns":6.0},{"damage":17.0,"enemies":"Book of Stabbing","floor":27.0,"turns":4.0},{"damage":22.0,"enemies":"Shelled Parasite and Fungi","floor":29.0,"turns":4.0},{"damage":3.0,"enemies":"Slavers","floor":30.0,"turns":4.0},{"damage":0.0,"enemies":"3 Cultists","floor":31.0,"turns":4.0},{"damage":32,"enemies":"Automaton","floor":33,"turns":2}],"seed_played":"8932850341456100510","potions_obtained":[{"floor":1.0,"key":"PowerPotion"},{"floor":3.0,"key":"Ancient Potion"},{"floor":10.0,"key":"Ambrosia"},{"floor":12.0,"key":"SpeedPotion"},{"floor":27.0,"key":"EntropicBrew"},{"floor":30.0,"key":"FearPotion"}],"is_trial":false,"path_per_floor":["M","M","M","?","M","R","$","R","T","M","?","E","?","M","R","B",null,"M","M","M","$","?","E","?","M","T","E","$","M","E","M","R","B"],"character_chosen":"WATCHER","items_purchased":["FlurryOfBlows","EmptyFist","Panacea"],"campfire_rested":1,"item_purchase_floors":[7,21,21],"current_hp_per_floor":[61,60,58,58,58,58,58,58,58,53,53,42,42,42,42,28,58,58,58,58,58,58,53,53,53,53,36,36,14,11,11,31,0,0],"gold":98,"neow_bonus":"ONE_RARE_RELIC","is_daily":false,"chose_seed":false,"campfire_upgraded":3,"win_rate":0.0,"timestamp":1613747144,"path_taken":["M","M","M","?","M","R","?","R","T","M","?","E","?","M","R","BOSS","M","?","M","$","?","E","?","M","T","E","?","M","E","M","R","BOSS"],"items_purchased_type":["Card","Card","Card"],"build_version":"2020-12-22","purchased_purges":2,"victory":false,"max_hp_per_floor":[68,68,68,68,68,68,68,68,68,68,68,68,68,68,68,68,68,68,68,68,68,68,68,68,68,68,68,68,68,68,68,68,68,68],"relic_stats":{"Happy Flower":[6],"counters":[18,64],"Turnip":[5],"Art of War":[1],"War Paint":["Defend_P","Panacea"],"obtain_stats":[{"Potion Belt":9,"Lantern":12,"Happy Flower":26,"HolyWater":17,"Turnip":0,"Art of War":30,"PureWater":0,"Frozen Egg 2":23,"War Paint":27},{"Potion Belt":4,"Lantern":6,"Happy Flower":13,"HolyWater":8,"Turnip":0,"Art of War":16,"PureWater":0,"Frozen Egg 2":12,"War Paint":14},{"Potion Belt":10,"Lantern":17,"Happy Flower":46,"HolyWater":29,"Turnip":0,"Art of War":58,"PureWater":0,"Frozen Egg 2":40,"War Paint":50}]},"card_choices":[{"not_picked":["SashWhip","Prostrate"],"picked":"BowlingBash","floor":1.0},{"not_picked":["Perseverance","Crescendo"],"picked":"ReachHeaven","floor":2.0},{"not_picked":["BowlingBash","ReachHeaven"],"picked":"CarveReality","floor":3.0},{"not_picked":["InnerPeace","PathToVictory"],"picked":"TalkToTheHand","floor":5.0},{"not_picked":["Alpha","EmptyMind"],"picked":"EmptyBody","floor":10.0},{"not_picked":["Judgement","ThirdEye"],"picked":"CutThroughFate","floor":12.0},{"not_picked":["CutThroughFate","Crescendo"],"picked":"Protect","floor":14.0},{"not_picked":["Brilliance","Scrawl"],"picked":"LessonLearned","floor":16.0},{"not_picked":["FlyingSleeves","Halt","Evaluate"],"picked":"SKIP","floor":18.0},{"not_picked":["Nirvana","EmptyBody","LikeWater"],"picked":"SKIP","floor":19.0},{"not_picked":["Halt","Protect"],"picked":"Adaptation","floor":20.0},{"not_picked":["WreathOfFlame","Vengeance+1","FlyingSleeves+1"],"picked":"SKIP","floor":23.0},{"not_picked":["FlyingSleeves","BowlingBash"],"picked":"Fasting2+1","floor":25.0},{"not_picked":["Indignation","ClearTheMind"],"picked":"MentalFortress+1","floor":27.0},{"not_picked":["FollowUp","WheelKick","Consecrate"],"picked":"SKIP","floor":29.0},{"not_picked":["SignatureMove","Indignation","ForeignInfluence"],"picked":"SKIP","floor":30.0},{"not_picked":["BowlingBash","Evaluate","PathToVictory"],"picked":"SKIP","floor":31.0}],"player_experience":2584048,"relics_obtained":[{"floor":9.0,"key":"Potion Belt"},{"floor":12.0,"key":"Lantern"},{"floor":23.0,"key":"Frozen Egg 2"},{"floor":26.0,"key":"Happy Flower"},{"floor":27.0,"key":"War Paint"},{"floor":30.0,"key":"Art of War"}],"event_choices":[{"damage_healed":0.0,"max_hp_gain":0.0,"max_hp_loss":0.0,"gold_gain":50.0,"event_name":"Golden Shrine","player_choice":"Pray","floor":4.0,"gold_loss":0.0,"damage_taken":0.0},{"damage_healed":0.0,"max_hp_gain":0.0,"max_hp_loss":0.0,"gold_gain":0.0,"cards_transformed":["Strike_P"],"event_name":"Living Wall","player_choice":"Change","floor":11.0,"gold_loss":0.0,"damage_taken":0.0,"cards_obtained":["Brilliance"]},{"damage_healed":0.0,"max_hp_gain":0.0,"max_hp_loss":0.0,"gold_gain":0.0,"cards_transformed":["Strike_P"],"event_name":"Transmorgrifier","player_choice":"Transformed","floor":13.0,"gold_loss":0.0,"damage_taken":0.0,"cards_obtained":["Tantrum"]},{"damage_healed":0.0,"max_hp_gain":0.0,"max_hp_loss":0.0,"gold_gain":0.0,"event_name":"Ghosts","player_choice":"Ignored","floor":22.0,"gold_loss":0.0,"damage_taken":0.0},{"damage_healed":0.0,"max_hp_gain":0.0,"max_hp_loss":0.0,"gold_gain":0.0,"event_name":"Vampires","player_choice":"Ignored","floor":24.0,"gold_loss":0.0,"damage_taken":0.0}],"is_beta":false,"boss_relics":[{"not_picked":["Calling Bell","Runic Dome"],"picked":"HolyWater"}],"items_purged_floors":[21,28],"is_endless":false,"potions_floor_spawned":[1,3,10,12,20,23,27,30],"killed_by":"Automaton","ascension_level":20}}