{"host":"z3m7ofiwbo1p8b5b","time":1613719321,"event":{"mods":["BaseMod","BetterRewards","Downfall","Duelist Mod","Marisa????????","Minty Spire (QoL Compilation)","Replay The Spire","StSLib","The Disciple","The Mystic","The Servant 0.9.4"],"gold_per_floor":[119,84,102,102,102,102,121,121,171,191,205,217,217,66,66,162,162,180,180,54,54,54,54,54,79,103,121,221,235,157,171,30,133,183,195,38,49,105,152,178,195,195,195,195,209,209,109,121,121,121],"floor_reached":51,"language":"ENG","playtime":3271,"items_purged":["downfall:Haunted","Malaise+1"],"score":760,"play_id":"3331d97d-bea1-42b8-9532-48f7a4611b80","local_time":"20210219022201","is_ascension_mode":false,"campfire_choices":[{"data":"Footwork","floor":6,"key":"SMITH"},{"data":"Envenom","floor":8,"key":"SMITH"},{"data":"Infinite Blades","floor":13,"key":"SMITH"},{"data":"Toxin Wave","floor":15,"key":"SMITH"},{"floor":24,"key":"REST"},{"floor":42,"key":"REST"},{"floor":46,"key":"REST"},{"data":"1","floor":49,"key":"LIFT"}],"circlet_count":0,"master_deck":["Strike_G","Strike_G","Strike_G","Strike_G","Strike_G","Defend_G","Defend_G","Defend_G","Defend_G","Defend_G","Survivor","Neutralize","Footwork+1","Footwork+1","Backstab","Envenom+1","Poisoned Stab","Toxin Wave+1","Infinite Blades+1","A Thousand Cuts","Deflect","Blade Dance+1","Replay:Poison Smokescreen","Deflect+1","Accuracy","Envenom","Caltrops","Noxious Fumes+1","Infinite Blades+1","Accuracy+1"],"relics":["Ring of the Snake","Unceasing Top","Iron Hammer","Ancient Tea Set","Replay:Rubber Ducky","Replay:Grab Bag","Sozu","Fusion Hammer","HoveringKite","Ornamental Fan","Replay:Bottled Steam","MealTicket","Anchor","Ice Cream","Quantum Egg","Divine Protection","Tiny House","DollysMirror","Singing Bowl","Girya","Bottled Lightning"],"acts_visited":["Exordium","TheCity","TheBeyond"],"potions_floor_usage":[18,28],"damage_taken":[{"damage":0,"enemies":"2 Louse","floor":1,"turns":4},{"damage":0,"enemies":"Small Slimes","floor":3,"turns":5},{"damage":0,"enemies":"Cultist","floor":7,"turns":4},{"damage":0,"enemies":"Red Slaver","floor":10,"turns":5},{"damage":2,"enemies":"Looter","floor":11,"turns":3},{"damage":0,"enemies":"Blue Slaver","floor":12,"turns":4},{"damage":8,"enemies":"Slime Boss","floor":16,"turns":12},{"damage":6,"enemies":"3 Byrds","floor":18,"turns":3},{"damage":0,"enemies":"theDuelist:KaibaA2","floor":25,"turns":5},{"damage":2,"enemies":"Spheric Guardian","floor":27,"turns":5},{"damage":0,"enemies":"Colosseum Slavers","floor":28,"turns":4},{"damage":1,"enemies":"Colosseum Nobs","floor":28,"turns":4},{"damage":0,"enemies":"Centurion and Healer","floor":29,"turns":4},{"damage":0,"enemies":"Chosen and Byrds","floor":31,"turns":5},{"damage":0,"enemies":"Pondfish","floor":33,"turns":8},{"damage":9,"enemies":"3 Darklings","floor":35,"turns":5},{"damage":0,"enemies":"3 Shapes","floor":37,"turns":3},{"damage":1,"enemies":"2 Orb Walkers","floor":39,"turns":6},{"damage":31,"enemies":"Nemesis","floor":40,"turns":6},{"damage":0,"enemies":"Maw","floor":41,"turns":6},{"damage":0,"enemies":"Writhing Mass","floor":45,"turns":5},{"damage":0,"enemies":"Spire Growth","floor":48,"turns":4},{"damage":1,"enemies":"Donu and Deca","floor":50,"turns":8}],"seed_played":"-735461035930902623","potions_obtained":[{"floor":10,"key":"Strength Potion"},{"floor":12,"key":"Reflective Coating"}],"is_trial":false,"path_per_floor":["M","?","M","?","?","R","M","R","T","M","M","M","R","$","R","B",null,"M","?","$","T","$","$","R","E","T","M","?","M","$","M","R","B",null,"M","$","M","?","?","E","M","R","T","?","M","R","$","M","R","B",null],"character_chosen":"THE_SILENT","items_purchased":["Iron Hammer","Footwork","Replay:Rubber Ducky","Blade Dance","Accuracy","DollysMirror"],"campfire_rested":3,"item_purchase_floors":[0,0,14,20,30,36],"current_hp_per_floor":[63,70,70,70,70,70,70,70,70,70,68,68,68,68,68,60,70,64,64,64,64,64,64,70,70,70,68,67,67,70,70,70,70,75,66,75,75,61,60,31,33,57,57,57,59,84,85,87,87,86],"gold":121,"neow_bonus":"","is_daily":false,"chose_seed":false,"campfire_upgraded":4,"win_rate":0.0,"timestamp":1613719321,"path_taken":["M","?","M","?","?","R","M","R","T","M","?","M","R","?","R","BOSS","M","?","$","?","?","$","R","E","T","M","?","M","?","?","R","BOSS","M","$","M","?","?","E","M","R","T","?","M","R","$","M","R","BOSS"],"items_purchased_type":["Relic","Card","Relic","Card","Card","Relic"],"build_version":"2020-12-22","purchased_purges":2,"victory":true,"max_hp_per_floor":[70,70,70,70,70,70,70,70,70,70,70,70,70,70,70,70,70,70,70,70,70,70,70,70,70,70,70,70,70,70,70,70,70,75,75,75,75,79,79,81,83,83,83,83,85,85,85,87,87,87],"card_choices":[{"not_picked":["Prepared","Backflip","Heel Hook"],"picked":"SKIP","floor":1},{"not_picked":["Sucker Punch","Dagger Spray"],"picked":"Backstab","floor":3},{"not_picked":["Poisoned Stab","Deadly Poison"],"picked":"Envenom","floor":7},{"not_picked":["Deflect","Flying Knee"],"picked":"Poisoned Stab","floor":10},{"not_picked":["Slice","Sucker Punch"],"picked":"Toxin Wave","floor":11},{"not_picked":["Crippling Poison","Prepared"],"picked":"Infinite Blades","floor":12},{"not_picked":["Tools of the Trade","Atom Bomb"],"picked":"A Thousand Cuts","floor":16},{"not_picked":["Dagger Spray","Predator"],"picked":"Deflect","floor":18},{"not_picked":["Deflect","Glass Knife","Well Laid Plans"],"picked":"SKIP","floor":25},{"not_picked":["Dagger Throw","Acrobatics+1"],"picked":"Replay:Poison Smokescreen","floor":27},{"not_picked":["Deadly Poison+1","Poisoned Stab"],"picked":"Deflect+1","floor":28},{"not_picked":["Riddle With Holes","Sucker Punch+1","Bane"],"picked":"SKIP","floor":29},{"not_picked":["All Out Attack","Footwork","Prepared"],"picked":"SKIP","floor":31},{"not_picked":["Doppelganger","Unload"],"picked":"Envenom","floor":33},{"not_picked":["Cloak And Dagger","Acrobatics+1"],"picked":"Caltrops","floor":34},{"not_picked":["Deflect+1","Outmaneuver"],"picked":"Noxious Fumes+1","floor":35},{"not_picked":["Deflect+1","Acrobatics","Caltrops"],"picked":"SKIP","floor":37},{"not_picked":["Blade Dance+1","Envenom","Deadly Poison"],"picked":"Singing Bowl","floor":38},{"not_picked":["Acrobatics","Leg Sweep","Deadly Poison+1"],"picked":"Singing Bowl","floor":38},{"not_picked":["Dagger Spray+1","Backflip+1"],"picked":"Accuracy+1","floor":39},{"not_picked":["Dagger Spray","Blade Dance","Malaise"],"picked":"Singing Bowl","floor":40},{"not_picked":["Sucker Punch","Dagger Spray+1","Backflip"],"picked":"Singing Bowl","floor":41},{"not_picked":["Deflect","Footwork","Dagger Throw+1"],"picked":"Singing Bowl","floor":45},{"not_picked":["Finisher+1","Escape Plan","Predator"],"picked":"Singing Bowl","floor":48}],"player_experience":245301,"relics_obtained":[{"floor":9,"key":"Ancient Tea Set"},{"floor":21,"key":"Replay:Bottled Steam"},{"floor":25,"key":"MealTicket"},{"floor":26,"key":"Anchor"},{"floor":28,"key":"Ice Cream"},{"floor":28,"key":"Quantum Egg"},{"floor":38,"key":"Singing Bowl"},{"floor":39,"key":"Girya"},{"floor":40,"key":"Bottled Lightning"}],"event_choices":[{"damage_healed":17,"gold_gain":0,"player_choice":"Healed","damage_taken":0,"max_hp_gain":0,"max_hp_loss":0,"event_name":"The Cleric","floor":2,"gold_loss":35},{"damage_healed":0,"gold_gain":0,"player_choice":"Upgraded","damage_taken":0,"max_hp_gain":0,"max_hp_loss":0,"event_name":"Upgrade Shrine","floor":5,"gold_loss":0,"cards_upgraded":["Footwork"]},{"damage_healed":0,"gold_gain":0,"player_choice":"Fight","damage_taken":0,"max_hp_gain":0,"max_hp_loss":0,"event_name":"Colosseum","floor":28,"gold_loss":0},{"damage_healed":0,"gold_gain":0,"player_choice":"Fought Nobs","damage_taken":0,"max_hp_gain":0,"max_hp_loss":0,"event_name":"Colosseum","floor":28,"gold_loss":0},{"damage_healed":0,"gold_gain":0,"player_choice":"Paid Gold","damage_taken":0,"relics_obtained":["Divine Protection"],"max_hp_gain":0,"max_hp_loss":0,"event_name":"WeMeetAgain","floor":32,"gold_loss":141},{"damage_healed":0,"gold_gain":0,"player_choice":"Fight","damage_taken":0,"max_hp_gain":0,"max_hp_loss":0,"event_name":"Mysterious Sphere","floor":39,"gold_loss":0},{"damage_healed":0,"gold_gain":0,"player_choice":"Ignored","damage_taken":0,"max_hp_gain":0,"max_hp_loss":0,"event_name":"Duplicator","floor":44,"gold_loss":0}],"is_beta":false,"boss_relics":[{"not_picked":["Runic Pyramid","Calling Bell"],"picked":"Replay:Grab Bag"},{"not_picked":["Replay:Bronze Core","Velvet Choker"],"picked":"Sozu"},{"not_picked":["Coffee Dripper","Ectoplasm"],"picked":"Fusion Hammer"},{"not_picked":["Pandora\u0027s Box","Snecko Eye"],"picked":"HoveringKite"},{"not_picked":["Ring of the Serpent","Astrolabe"],"picked":"Tiny House"}],"items_purged_floors":[20,47],"is_endless":false,"potions_floor_spawned":[10,12,25,28,31,33,39,40,45,48],"ascension_level":0}}