{"host":"sav7uxregyirlf69","time":1613754226,"event":{"mods":["AchievementEnabler","BaseMod","Colored Map","DeckTracker","Keyboard Shortcuts","Minty Spire (QoL Compilation)","READ ME - Guardian Mod","StSLib","SuperFastMode"],"gold_per_floor":[111,186,186,186,199,199,220,220,220,220,233,508,529,18,18,18,18],"floor_reached":16,"language":"KOR","playtime":206,"items_purged":["Regret"],"score":180,"play_id":"1c0baf92-598a-4894-b84b-ae137b788994","local_time":"20210220020346","is_ascension_mode":true,"campfire_choices":[{"data":"Trip","floor":6,"key":"SMITH"},{"data":"Streamline","floor":8,"key":"SMITH"},{"data":"Hello World","floor":15,"key":"SMITH"}],"circlet_count":0,"master_deck":["AscendersBane","Strike_B","Strike_B","Strike_B","Defend_B","Defend_B","Defend_B","Defend_B","Zap","Dualcast","Trip+1","Recycle+1","Streamline+1","Ball Lightning","Self Repair","Rebound","Hello World+1","Cold Snap"],"relics":["Cracked Core","Golden Idol","Tiny Chest","Question Card"],"acts_visited":["Exordium"],"potions_floor_usage":[16],"damage_taken":[{"damage":4,"enemies":"Small Slimes","floor":1,"turns":4},{"damage":9,"enemies":"2 Louse","floor":5,"turns":3},{"damage":1,"enemies":"Cultist","floor":7,"turns":3},{"damage":9,"enemies":"2 Fungi Beasts","floor":11,"turns":2},{"damage":15,"enemies":"3 Louse","floor":13,"turns":5},{"damage":18,"enemies":"The Guardian","floor":16,"turns":9}],"seed_played":"5014214239665132298","potions_obtained":[{"floor":1,"key":"Fire Potion"},{"floor":5,"key":"EssenceOfSteel"}],"is_trial":false,"path_per_floor":["M","?","?","?","M","R","M","R","T","?","M","?","M","$","R","B"],"character_chosen":"DEFECT","items_purchased":["Question Card","Hello World","Cold Snap"],"campfire_rested":0,"item_purchase_floors":[14,14,14],"current_hp_per_floor":[60,49,49,49,40,40,39,39,39,32,23,23,15,15,15,0,0],"gold":18,"neow_bonus":"RANDOM_COLORLESS","is_daily":false,"chose_seed":false,"campfire_upgraded":3,"win_rate":0.0,"timestamp":1613754226,"path_taken":["M","?","?","?","M","R","?","R","T","?","M","?","M","$","R","BOSS"],"items_purchased_type":["Relic","Card","Card"],"build_version":"2020-12-22","purchased_purges":1,"victory":false,"max_hp_per_floor":[71,71,64,64,64,64,64,64,64,64,64,64,64,64,64,64,64],"card_choices":[{"not_picked":["Deep Breath","Mind Blast"],"picked":"Trip","floor":0},{"not_picked":["Redo","Consume"],"picked":"Recycle","floor":1},{"not_picked":["Rip and Tear","Rebound"],"picked":"Streamline","floor":5},{"not_picked":["Hologram","Reprogram"],"picked":"Ball Lightning","floor":7},{"not_picked":["Conserve Battery","Genetic Algorithm"],"picked":"Self Repair","floor":11},{"not_picked":["Sunder","Turbo"],"picked":"Rebound","floor":13}],"player_experience":1626266,"relics_obtained":[{"floor":9,"key":"Tiny Chest"}],"event_choices":[{"damage_healed":0,"gold_gain":75,"player_choice":"Gather Gold","damage_taken":11,"max_hp_gain":0,"max_hp_loss":0,"event_name":"World of Goop","floor":2,"gold_loss":0},{"damage_healed":0,"gold_gain":0,"player_choice":"Lose Max HP","damage_taken":0,"relics_obtained":["Golden Idol"],"max_hp_gain":0,"max_hp_loss":7,"event_name":"Golden Idol","floor":3,"gold_loss":0},{"damage_healed":0,"gold_gain":0,"player_choice":"Forge","damage_taken":0,"max_hp_gain":0,"max_hp_loss":0,"event_name":"Accursed Blacksmith","floor":4,"gold_loss":0,"cards_upgraded":["Recycle"]},{"cards_removed":["Strike_B"],"damage_healed":0,"gold_gain":0,"player_choice":"Card Removal","damage_taken":7,"max_hp_gain":0,"max_hp_loss":0,"event_name":"Golden Wing","floor":10,"gold_loss":0},{"damage_healed":0,"gold_gain":275,"player_choice":"Desecrate","damage_taken":0,"max_hp_gain":0,"max_hp_loss":0,"event_name":"Golden Shrine","floor":12,"gold_loss":0,"cards_obtained":["Regret"]}],"is_beta":false,"boss_relics":[],"items_purged_floors":[14],"is_endless":false,"potions_floor_spawned":[1,5,7],"killed_by":"The Guardian","ascension_level":20}}