{"host":"wg33yb1rgt3nbe17","time":1613706297,"event":{"mods":["AchievementEnabler","BaseMod","Colored Map","Minty Spire (QoL Compilation)","Permanent Neow","Relic Stats","StSLib"],"gold_per_floor":[114,94,110,129,146,35,35,46,46,101,101,119,119,152,152,152,152],"floor_reached":16,"language":"ENG","playtime":1495,"items_purged":["Strike_R"],"score":204,"play_id":"f7b59e7b-e3a3-4073-83a4-3c9b534ae096","local_time":"20210218224457","is_ascension_mode":true,"campfire_choices":[{"data":"Spot Weakness","floor":7,"key":"SMITH"},{"floor":11,"key":"REST"},{"floor":15,"key":"REST"}],"circlet_count":0,"master_deck":["AscendersBane","Strike_R","Strike_R","Strike_R","Strike_R","Defend_R","Defend_R","Defend_R","Defend_R","Bash","Cleave","Flex","Armaments","Perfected Strike","Spot Weakness+1","Inflame","Reckless Charge+1","Ghostly Armor"],"relics":["Burning Blood","Centennial Puzzle","Ornamental Fan","Molten Egg 2","The Courier","InkBottle"],"acts_visited":["Exordium"],"potions_floor_usage":[8,10,14],"damage_taken":[{"damage":16,"enemies":"Small Slimes","floor":1,"turns":3},{"damage":1,"enemies":"Cultist","floor":3,"turns":3},{"damage":9,"enemies":"2 Louse","floor":4,"turns":2},{"damage":23,"enemies":"Exordium Wildlife","floor":5,"turns":4},{"damage":22,"enemies":"3 Louse","floor":8,"turns":3},{"damage":39,"enemies":"Gremlin Nob","floor":10,"turns":4},{"damage":11,"enemies":"Lots of Slimes","floor":12,"turns":3},{"damage":25,"enemies":"Gremlin Nob","floor":14,"turns":4},{"damage":54,"enemies":"The Guardian","floor":16,"turns":5}],"seed_played":"8251617177969613653","potions_obtained":[{"floor":2,"key":"Fruit Juice"},{"floor":3,"key":"ElixirPotion"},{"floor":8,"key":"FairyPotion"},{"floor":12,"key":"ColorlessPotion"},{"floor":14,"key":"SteroidPotion"}],"is_trial":false,"path_per_floor":["M","?","M","M","M","$","R","M","T","?","R","M","T","E","R","B"],"character_chosen":"IRONCLAD","items_purchased":["Spot Weakness"],"campfire_rested":2,"item_purchase_floors":[6],"current_hp_per_floor":[58,58,63,60,43,43,43,32,32,30,54,49,49,30,54,0,0],"gold":152,"neow_bonus":"RANDOM_COMMON_RELIC","is_daily":false,"chose_seed":false,"campfire_upgraded":1,"win_rate":0.0,"timestamp":1613706297,"path_taken":["M","?","M","?","M","$","R","?","T","?","R","M","?","E","R","BOSS"],"items_purchased_type":["Card"],"build_version":"2020-12-22","purchased_purges":1,"victory":false,"max_hp_per_floor":[75,75,75,75,75,75,75,80,80,80,80,80,80,80,80,80,80],"relic_stats":{"Centennial Puzzle":[27],"counters":[9,31],"Ornamental Fan":[12],"obtain_stats":[{"Centennial Puzzle":0,"Ornamental Fan":9,"Molten Egg 2":10,"The Courier":13,"Burning Blood":0,"InkBottle":14},{"Centennial Puzzle":0,"Ornamental Fan":5,"Molten Egg 2":6,"The Courier":7,"Burning Blood":0,"InkBottle":8},{"Centennial Puzzle":0,"Ornamental Fan":15,"Molten Egg 2":19,"The Courier":22,"Burning Blood":0,"InkBottle":26}],"Burning Blood":48,"InkBottle":[1]},"card_choices":[{"not_picked":["Twin Strike","Warcry"],"picked":"Cleave","floor":1},{"not_picked":["Cleave","Pummel"],"picked":"Flex","floor":3},{"not_picked":["Dual Wield","Cleave"],"picked":"Armaments","floor":4},{"not_picked":["Berserk","Flame Barrier"],"picked":"Perfected Strike","floor":5},{"not_picked":["Rupture","Anger"],"picked":"Inflame","floor":8},{"not_picked":["Wild Strike+1","Battle Trance"],"picked":"Reckless Charge+1","floor":10},{"not_picked":["Anger+1","Shrug It Off"],"picked":"Ghostly Armor","floor":12},{"not_picked":["Warcry","Second Wind","Sword Boomerang+1"],"picked":"SKIP","floor":14}],"player_experience":564218,"relics_obtained":[{"floor":9,"key":"Ornamental Fan"},{"floor":10,"key":"Molten Egg 2"},{"floor":13,"key":"The Courier"},{"floor":14,"key":"InkBottle"}],"event_choices":[{"damage_healed":0,"gold_gain":0,"player_choice":"Bought 1 Potion","damage_taken":0,"max_hp_gain":0,"max_hp_loss":0,"event_name":"The Woman in Blue","floor":2,"gold_loss":0},{"damage_healed":0,"gold_gain":0,"player_choice":"Searched \u00271\u0027 times","damage_taken":0,"max_hp_gain":0,"max_hp_loss":0,"event_name":"Dead Adventurer","floor":10,"gold_loss":0}],"is_beta":false,"boss_relics":[],"items_purged_floors":[6],"is_endless":false,"potions_floor_spawned":[3,8,12,14],"killed_by":"The Guardian","ascension_level":20}}