{"host":"bq4pt811tk9yrmjl","time":1613741158,"event":{"mods":["AchievementEnabler","BaseMod","Colored Map","Colored Powertips","Defuse TimeMaze Blight","Minty Spire (QoL Compilation)","Smile Girya","StSLib","SuperFastMode"],"gold_per_floor":[117,117,117,137,137,168,168,203,227,227,227,227],"floor_reached":11,"language":"ENG","playtime":226,"items_purged":[],"score":109,"play_id":"e1ef5781-a1e0-4b5f-9f1f-dceffc3a28f5","local_time":"20210219112558","is_ascension_mode":true,"campfire_choices":[{"data":"Infinite Blades","floor":7,"key":"SMITH"},{"data":"Neutralize","floor":10,"key":"SMITH"}],"circlet_count":0,"master_deck":["Strike_G","Strike_G","Strike_G","Strike_G","Strike_G","Defend_G","Defend_G","Defend_G","Defend_G","Defend_G","Survivor","Neutralize+1","Infinite Blades+1","Escape Plan"],"relics":["Ring of the Snake","NeowsBlessing","Strawberry","Potion Belt"],"acts_visited":["Exordium"],"potions_floor_usage":[8,8],"damage_taken":[{"damage":0.0,"enemies":"Small Slimes","floor":1.0,"turns":1.0},{"damage":0,"enemies":"Cultist","floor":4,"turns":1},{"damage":0,"enemies":"Lagavulin","floor":6,"turns":1},{"damage":9,"enemies":"3 Sentries","floor":8,"turns":6},{"damage":23,"enemies":"Lagavulin","floor":11,"turns":5}],"seed_played":"-7766467327242465762","potions_obtained":[{"floor":1.0,"key":"Explosive Potion"},{"floor":4,"key":"AttackPotion"}],"is_trial":false,"path_per_floor":["M","?","$","M","$","E","R","E","T","R","E"],"character_chosen":"THE_SILENT","items_purchased":[],"campfire_rested":0,"item_purchase_floors":[],"current_hp_per_floor":[70,70,70,70,70,77,77,68,68,68,45,45],"gold":227,"neow_bonus":"THREE_ENEMY_KILL","is_daily":false,"chose_seed":false,"campfire_upgraded":2,"win_rate":0.0,"timestamp":1613741158,"path_taken":["M","?","$","M","?","E","R","E","T","R","E"],"items_purchased_type":[],"build_version":"2020-12-22","purchased_purges":0,"victory":false,"max_hp_per_floor":[70,70,70,70,70,77,77,77,77,77,77,77],"card_choices":[{"not_picked":["Predator","Eviscerate","Distraction"],"picked":"SKIP","floor":1.0},{"not_picked":["Acrobatics","Caltrops"],"picked":"Infinite Blades","floor":4},{"not_picked":["Sucker Punch","Infinite Blades"],"picked":"Escape Plan","floor":6},{"not_picked":["Underhanded Strike","Tactician","Distraction"],"picked":"SKIP","floor":8}],"player_experience":278951,"relics_obtained":[{"floor":6,"key":"Strawberry"},{"floor":8,"key":"Potion Belt"}],"event_choices":[{"damage_healed":0.0,"max_hp_gain":0.0,"max_hp_loss":0.0,"gold_gain":0.0,"event_name":"Transmorgrifier","player_choice":"Ignored","floor":2.0,"gold_loss":0.0,"damage_taken":0.0}],"is_beta":false,"boss_relics":[],"items_purged_floors":[],"is_endless":false,"potions_floor_spawned":[1,4],"killed_by":"Lagavulin","ascension_level":1}}