{"host":"2zjdcgw4be5n15ja","time":1613726900,"event":{"mods":["AchievementEnabler","BaseMod","Better Skull","Better Third Choice","BetterRewards","Block Reminder","Colored Powertips","Hermit","Marisa????????","Marked Mod","Minty Spire (QoL Compilation)","Poor People Problems","Quick Restart","Rare Cards Sparkle","Reimu??????","Relic Stats","Reliquary","StSLib","The Runesmith","The Senshi"],"gold_per_floor":[96,96,86,103,119,119,149,149,176,176,187,244,256,101,101,183,183,201,216,216,213,213,213,213,213,213,81,81,75,88,114,114,194,194,192,187,3,0,0],"floor_reached":38,"language":"ENG","playtime":3568,"items_purged":[],"score":429,"play_id":"e75ed81e-bdb5-4a4b-90fc-3bffdf3d628e","local_time":"20210219222820","is_ascension_mode":false,"campfire_choices":[{"floor":6,"key":"RECALL"},{"data":"hermit:Spite","floor":8,"key":"SMITH"},{"floor":15,"key":"REST"},{"data":"hermit:Combo","floor":23,"key":"SMITH"},{"data":"hermit:Quickdraw","floor":25,"key":"SMITH"},{"data":"hermit:Coalescence","floor":28,"key":"SMITH"},{"floor":32,"key":"REST"}],"circlet_count":0,"master_deck":["hermit:Strike_Hermit","hermit:Strike_Hermit","hermit:Strike_Hermit","hermit:Strike_Hermit","hermit:Defend_Hermit","hermit:Defend_Hermit","hermit:Defend_Hermit","hermit:Defend_Hermit","hermit:Snapshot","hermit:Covet","Poor:ReiMu","hermit:SprayPray","Regret","hermit:Ricochet","hermit:HighCaliber","hermit:Spite+1","hermit:FinalCanter+1","hermit:Combo+1","hermit:TakeCover","hermit:Maintenance","hermit:Dive","hermit:SprayPray","hermit:BigShot","hermit:HeroicBravado","hermit:Malice","hermit:Quickdraw+1","hermit:Maintenance","Decay","hermit:ItchyTrigger","hermit:Coalescence+1","hermit:Shortfuse","hermit:Quickdraw+1","hermit:Gambit","hermit:WideOpen+1","hermit:Roughhouse","hermit:Cheat+1","hermit:DeadMansHand","hermit:Showdown","hermit:TakeAim","hermit:TakeCover"],"relics":["hermit:Momento","theSenshi:SpiralHeartMoonRodRelic","hermit:RyeStalk","Vajra","Lantern","Oddly Smooth Stone","reliquary:KinkedSpring","Darkstone Periapt","Incense Burner","Runic Pyramid"],"acts_visited":["Exordium","TheCity","TheBeyond"],"potions_floor_usage":[7,16,30,30,31,31,33,36],"damage_taken":[{"damage":2,"enemies":"2 Louse","floor":1,"turns":3},{"damage":3,"enemies":"Small Slimes","floor":3,"turns":3},{"damage":0,"enemies":"Cultist","floor":4,"turns":3},{"damage":9,"enemies":"2 Fungi Beasts","floor":5,"turns":2},{"damage":14,"enemies":"Gremlin Nob","floor":7,"turns":3},{"damage":26,"enemies":"Lagavulin","floor":11,"turns":5},{"damage":0,"enemies":"Lagavulin Event","floor":12,"turns":2},{"damage":0,"enemies":"Blue Slaver","floor":13,"turns":1},{"damage":23,"enemies":"The Guardian","floor":16,"turns":9},{"damage":0,"enemies":"Spheric Guardian","floor":18,"turns":3},{"damage":3,"enemies":"Shell Parasite","floor":19,"turns":3},{"damage":9,"enemies":"Cultist and Chosen","floor":21,"turns":5},{"damage":45,"enemies":"Snake Plant","floor":29,"turns":6},{"damage":20,"enemies":"Shelled Parasite and Fungi","floor":30,"turns":7},{"damage":2,"enemies":"Book of Stabbing","floor":31,"turns":4},{"damage":38,"enemies":"Champ","floor":33,"turns":10},{"damage":42,"enemies":"3 Shapes","floor":35,"turns":4},{"damage":17,"enemies":"3 Darklings","floor":36,"turns":9},{"damage":44,"enemies":"Sphere and 2 Shapes","floor":38,"turns":4}],"seed_played":"3295368489397811592","potions_obtained":[{"floor":1,"key":"SteroidPotion"},{"floor":4,"key":"ColorlessPotion"},{"floor":12,"key":"SkillPotion"},{"floor":16,"key":"hermit:Tonic"},{"floor":24,"key":"Regen Potion"},{"floor":24,"key":"Block Potion"},{"floor":24,"key":"DuplicationPotion"},{"floor":30,"key":"SteroidPotion"},{"floor":31,"key":"hermit:Tonic"},{"floor":35,"key":"LiquidMemories"}],"is_trial":false,"path_per_floor":["M","?","M","M","M","R","E","R","T","?","E","?","M","$","R","B",null,"M","M","?","M","?","R","?","R","T","$","R","M","M","E","R","B",null,"M","M","$","M"],"character_chosen":"HERMIT","items_purchased":["hermit:Dive","hermit:SprayPray","hermit:BigShot","hermit:ItchyTrigger","hermit:Coalescence","hermit:Shortfuse","hermit:Showdown","hermit:TakeAim","hermit:TakeCover"],"campfire_rested":2,"item_purchase_floors":[14,14,14,27,27,27,37,37,37],"current_hp_per_floor":[75,75,74,75,68,68,56,56,56,56,32,34,36,36,58,37,75,75,74,74,69,69,69,69,69,69,69,69,26,10,22,44,8,75,39,38,38,0,0],"gold":0,"neow_bonus":"ONE_RARE_RELIC","is_daily":false,"chose_seed":false,"campfire_upgraded":4,"win_rate":0.0,"timestamp":1613726900,"path_taken":["M","?","M","M","M","R","E","R","T","?","E","?","M","$","R","BOSS","M","M","?","M","?","R","?","R","T","$","R","?","M","E","R","BOSS","M","M","$","M"],"items_purchased_type":["Card","Card","Card","Card","Card","Card","Card","Card","Card"],"build_version":"2020-12-22","purchased_purges":0,"victory":false,"max_hp_per_floor":[75,75,75,75,75,75,75,75,75,75,75,75,75,75,75,75,75,75,75,75,75,75,75,75,75,75,75,75,75,75,75,75,75,75,75,75,75,75,75],"relic_stats":{"Darkstone Periapt":0,"counters":[19,86],"obtain_stats":[{"reliquary:KinkedSpring":17,"Darkstone Periapt":26,"hermit:RyeStalk":2,"Lantern":11,"Vajra":7,"Oddly Smooth Stone":12,"Incense Burner":31,"theSenshi:SpiralHeartMoonRodRelic":0,"hermit:Momento":0,"Runic Pyramid":34},{"reliquary:KinkedSpring":9,"Darkstone Periapt":12,"hermit:RyeStalk":1,"Lantern":6,"Vajra":5,"Oddly Smooth Stone":6,"Incense Burner":15,"theSenshi:SpiralHeartMoonRodRelic":0,"hermit:Momento":0,"Runic Pyramid":16},{"reliquary:KinkedSpring":31,"Darkstone Periapt":42,"hermit:RyeStalk":3,"Lantern":19,"Vajra":14,"Oddly Smooth Stone":19,"Incense Burner":59,"theSenshi:SpiralHeartMoonRodRelic":0,"hermit:Momento":0,"Runic Pyramid":69}]},"card_choices":[{"not_picked":["hermit:Enervate","hermit:NoHoldsBarred"],"picked":"hermit:SprayPray","floor":1},{"not_picked":["hermit:Roulette","hermit:CalledShot"],"picked":"hermit:Ricochet","floor":3},{"not_picked":["hermit:Glare","hermit:Ricochet"],"picked":"hermit:HighCaliber","floor":4},{"not_picked":["hermit:HighCaliber","hermit:SprayPray"],"picked":"hermit:Spite","floor":5},{"not_picked":["hermit:ItchyTrigger","hermit:Dive"],"picked":"hermit:FinalCanter","floor":7},{"not_picked":["hermit:DeadOrAlive","hermit:Snipe"],"picked":"hermit:Combo","floor":11},{"not_picked":["hermit:Vantage","hermit:LuckOfTheDraw"],"picked":"hermit:TakeCover","floor":12},{"not_picked":["hermit:FlashPowder","hermit:HoleUp"],"picked":"hermit:Maintenance","floor":13},{"not_picked":["hermit:RoundhouseKick","hermit:DeadOrAlive"],"picked":"hermit:HeroicBravado","floor":16},{"not_picked":["hermit:SprayPray","hermit:CalledShot"],"picked":"hermit:Malice","floor":18},{"not_picked":["hermit:Snipe","hermit:Desperado"],"picked":"hermit:Quickdraw","floor":19},{"not_picked":["hermit:Roulette","hermit:HighCaliber+1"],"picked":"hermit:Maintenance","floor":21},{"not_picked":["hermit:Feint","hermit:Shortfuse"],"picked":"hermit:Quickdraw+1","floor":29},{"not_picked":["hermit:BigShot","hermit:HighCaliber"],"picked":"hermit:Gambit","floor":30},{"not_picked":["hermit:CalledShot","hermit:Feint"],"picked":"hermit:WideOpen+1","floor":31},{"not_picked":["hermit:Purgatory","hermit:Gambit"],"picked":"hermit:Roughhouse","floor":33},{"not_picked":["hermit:Roulette","hermit:CalledShot"],"picked":"hermit:Cheat+1","floor":35},{"not_picked":["hermit:Headshot+1","hermit:Quickdraw+1"],"picked":"hermit:DeadMansHand","floor":36}],"player_experience":420241,"relics_obtained":[{"floor":7,"key":"Vajra"},{"floor":11,"key":"Lantern"},{"floor":26,"key":"Darkstone Periapt"},{"floor":31,"key":"Incense Burner"}],"event_choices":[{"damage_healed":0,"gold_gain":0,"player_choice":"Box","damage_taken":0,"relics_obtained":["hermit:RyeStalk"],"max_hp_gain":0,"max_hp_loss":0,"event_name":"Big Fish","floor":2,"gold_loss":0,"cards_obtained":["Regret"]},{"damage_healed":0,"gold_gain":0,"player_choice":"Grow","damage_taken":0,"max_hp_gain":0,"max_hp_loss":0,"event_name":"Living Wall","floor":10,"gold_loss":0,"cards_upgraded":["hermit:FinalCanter"]},{"damage_healed":0,"gold_gain":30,"player_choice":"Searched \u00273\u0027 times","damage_taken":0,"relics_obtained":["Oddly Smooth Stone"],"max_hp_gain":0,"max_hp_loss":0,"event_name":"Dead Adventurer","floor":12,"gold_loss":0},{"damage_healed":0,"gold_gain":0,"player_choice":"Ignored","damage_taken":0,"max_hp_gain":0,"max_hp_loss":0,"event_name":"Ghosts","floor":20,"gold_loss":0},{"damage_healed":0,"gold_gain":0,"player_choice":"Smashed Altar","damage_taken":0,"max_hp_gain":0,"max_hp_loss":0,"event_name":"Forgotten Altar","floor":22,"gold_loss":0,"cards_obtained":["Decay"]},{"damage_healed":0,"gold_gain":0,"player_choice":"Got Potions","damage_taken":0,"max_hp_gain":0,"max_hp_loss":0,"event_name":"Lab","floor":24,"gold_loss":0}],"is_beta":false,"boss_relics":[{"not_picked":["hermit:DentedPlate","reliquary:RedPaperclip"],"picked":"reliquary:KinkedSpring"},{"not_picked":["Coffee Dripper","Fusion Hammer"],"picked":"Runic Pyramid"}],"items_purged_floors":[],"is_endless":false,"potions_floor_spawned":[1,4,12,16,29,30,31,35],"killed_by":"Sphere and 2 Shapes","ascension_level":0}}