{"host":"lnfs5t5iydkm2lft","time":1613755725,"event":{"mods":["AchievementEnabler","Aspiration","BaseMod","Better Third Choice","BetterRewards","Colored Powertips","Downfall","Hermit","Hubris","Infinite Spire","Marisa????????","Minty Spire (QoL Compilation)","Quick Restart","Replay The Spire","StSLib","The Runesmith","The Senshi","TheBandit","everything is the same but u backflip on backflip"],"gold_per_floor":[114,114,125,137,153,153,184,200,226,254,267,277,148,148,148,244,244,254,254,254,254,254],"floor_reached":21,"language":"ENG","playtime":1068,"items_purged":["Strike_G"],"score":395,"play_id":"713b8c7e-b563-4620-a5b2-f4b32c444a3b","local_time":"20210219112845","is_ascension_mode":true,"campfire_choices":[{"data":"Blade Dance","floor":6,"key":"SMITH"},{"data":"infinitespire:Neurotoxin","floor":15,"key":"SMITH"}],"circlet_count":0,"master_deck":["Strike_G","Strike_G","Strike_G","Strike_G","Defend_G+1","Defend_G+1","Defend_G+1","Defend_G","Defend_G","Survivor","Neutralize","Accuracy","Blade Dance+1","PiercingWail","Cloak And Dagger","Storm of Steel+1","Blade Dance","infinitespire:Neurotoxin+1","Infinite Blades+1","Backflip","Night Terror","Delirium","infinitespire:Neurotoxin","Swift Strike","ReplayTheSpireMod:Book of Names+1"],"relics":["Ring of the Snake","Quantum Egg","infinitespire:Lychee Nut","Frozen Egg 2","Lee\u0027s Waffle","Strawberry","War Paint","Simple Rune","ReplayTheSpireMod:SealedPack","hubris:BottledHeart"],"acts_visited":["Exordium","TheCity"],"potions_floor_usage":[7,8,16,18,18,18,18,21,21],"damage_taken":[{"damage":0,"enemies":"Jaw Worm","floor":1,"turns":3},{"damage":1,"enemies":"2 Louse","floor":3,"turns":3},{"damage":0,"enemies":"Small Slimes","floor":4,"turns":4},{"damage":1,"enemies":"Looter","floor":5,"turns":3},{"damage":9,"enemies":"Lagavulin","floor":7,"turns":7},{"damage":0,"enemies":"Large Slime","floor":8,"turns":4},{"damage":0,"enemies":"Gremlin Nob","floor":10,"turns":2},{"damage":9,"enemies":"2 Fungi Beasts","floor":11,"turns":2},{"damage":0,"enemies":"Exordium Wildlife","floor":12,"turns":2},{"damage":16,"enemies":"Fading Forest","floor":16,"turns":11},{"damage":0,"enemies":"Spheric Guardian","floor":18,"turns":2},{"damage":18,"enemies":"Masked Bandits","floor":21,"turns":3}],"seed_played":"-6119247975227027110","potions_obtained":[{"floor":5,"key":"Regen Potion"},{"floor":7,"key":"DistilledChaos"},{"floor":8,"key":"Elixir"},{"floor":11,"key":"Fire Potion"},{"floor":16,"key":"EntropicBrew"},{"floor":18,"key":"Energy Potion"}],"is_trial":false,"path_per_floor":["M","?","M","M","M","R","E","M","T","E","M","M","$","?","R","B",null,"M","?","?","?"],"character_chosen":"THE_SILENT","items_purchased":["Accuracy","Quantum Egg","Frozen Egg 2","Blade Dance","Lee\u0027s Waffle","Infinite Blades+1"],"campfire_rested":0,"item_purchase_floors":[0,0,0,0,0,13],"current_hp_per_floor":[59,59,59,59,58,58,57,63,63,66,57,60,60,60,60,50,62,65,65,1,0,0],"gold":254,"neow_bonus":"","is_daily":false,"chose_seed":false,"campfire_upgraded":2,"win_rate":0.0,"timestamp":1613755725,"path_taken":["M","?","M","M","M","R","E","M","T","E","M","M","$","?","R","BOSS","M","?","?","?"],"items_purchased_type":["Card","Relic","Relic","Card","Relic","Card"],"build_version":"2020-12-22","purchased_purges":1,"victory":false,"max_hp_per_floor":[59,59,59,59,59,59,66,66,66,66,66,66,66,66,66,66,66,66,66,1,1,1],"card_choices":[{"not_picked":["Dash","Noxious Fumes+1"],"picked":"PiercingWail","floor":1},{"not_picked":["Acrobatics","Bane"],"picked":"Cloak And Dagger","floor":3},{"not_picked":["Predator","Dagger Spray","hubris:Counter"],"picked":"SKIP","floor":4},{"not_picked":["Bane","Outmaneuver","Choke"],"picked":"SKIP","floor":5},{"not_picked":["Terror","Outmaneuver"],"picked":"Storm of Steel","floor":7},{"not_picked":["Riddle With Holes","Dagger Throw"],"picked":"Blade Dance","floor":8},{"not_picked":["Heel Hook","Acrobatics","Flechettes"],"picked":"SKIP","floor":10},{"not_picked":["Acrobatics","Skewer","Dodge and Roll"],"picked":"SKIP","floor":11},{"not_picked":["Masterful Stab","Acrobatics"],"picked":"infinitespire:Neurotoxin","floor":12},{"not_picked":["ReplayTheSpireMod:From All Sides","Doppelganger"],"picked":"Night Terror","floor":16},{"not_picked":["Unload","Poison Darts"],"picked":"infinitespire:Neurotoxin","floor":17},{"not_picked":["ReplayTheSpireMod:Uncanny Aura","Dark Shackles"],"picked":"Swift Strike","floor":17},{"not_picked":["infinitespire:TheBestDefense","infinitespire:NeuralNetwork"],"picked":"ReplayTheSpireMod:Book of Names","floor":17},{"not_picked":["Setup","Bane","Flying Knee"],"picked":"SKIP","floor":18}],"player_experience":396737,"relics_obtained":[{"floor":7,"key":"Strawberry"},{"floor":9,"key":"War Paint"},{"floor":10,"key":"Simple Rune"}],"event_choices":[{"damage_healed":0,"gold_gain":0,"player_choice":"Leave","damage_taken":0,"max_hp_gain":0,"max_hp_loss":0,"event_name":"The Cleric","floor":2,"gold_loss":0},{"damage_healed":0,"gold_gain":0,"player_choice":"Fought Bandits","damage_taken":0,"max_hp_gain":0,"max_hp_loss":0,"event_name":"Masked Bandits","floor":21,"gold_loss":0}],"is_beta":false,"boss_relics":[{"not_picked":["HoveringKite","Runesmith:UraniumAnvil"],"picked":"ReplayTheSpireMod:SealedPack"}],"items_purged_floors":[13],"is_endless":false,"potions_floor_spawned":[5,7,8,11,16,18],"killed_by":"Masked Bandits","ascension_level":5}}