{"host":"5td1gsj4mnrioltg","time":1613722368,"event":{"mods":["2.2 Compatiblity","AchievementEnabler","Act Like it!","Aspiration","BaseMod","Beaked The Cultist","Better Altar","Better Match","Better Note","Better Sensory Stone","Better Silent Start","Better Skull","Better Third Choice","Better Vampires","BetterRewards","Bossed Relics","Colored Map","Colored Powertips","Displayed Cursed Tome","Downfall","Emptier Cage","Evolution","Friendly Minions","GifTheSpireLib","Highlight Path","Ironclad Rager","Jedi Mod","JesterMod","Mad Scientist","Menagerie","Minty Spire (QoL Compilation)","Permanent Neow","Quick Restart","Reliquary","Replay The Spire","Reworked Bosses","Shade Mod","Shapeshifter Mod","Spicy Shops","StSLib","The Blue Laboratory","The Dragon Tamer","The Dragonkin","The Druid","The Elementalist","The Marked","The Necromancer","The Runesmith","Thieving Mod","Transform Curses","Wandering Minibosses"],"gold_per_floor":[118,118,134,153,153,153,178,178,178,178,212,57,57,67,67,172,172,186,198,198,98,111,143,143,175,200,200,232,232,232],"floor_reached":29,"language":"ENG","playtime":1540,"items_purged":["StSShapeShifter:ShapeShifter_Strike","StSShapeShifter:ShapeShifter_Strike"],"score":363,"play_id":"97d6c45b-3589-42b4-9544-180818e2786e","local_time":"20210219001248","is_ascension_mode":true,"campfire_choices":[{"data":"StSShapeShifter:Garden","floor":6,"key":"SMITH"},{"data":"StSShapeShifter:Evolution","floor":8,"key":"SMITH"},{"data":"StSShapeShifter:BurstingSpore","floor":10,"key":"SMITH"},{"data":"StSShapeShifter:ShapeShifter_Defend","floor":10,"key":"SMITH"},{"data":"StSShapeShifter:HummingbirdForm","floor":13,"key":"SMITH"},{"data":"StSShapeShifter:ShapeShifter_Defend","floor":13,"key":"SMITH"},{"data":"StSShapeShifter:EmbraceTheCycle","floor":15,"key":"SMITH"},{"data":"StSShapeShifter:ShapeShifter_Defend","floor":15,"key":"SMITH"},{"floor":24,"key":"REST"},{"floor":27,"key":"REST"}],"circlet_count":0,"master_deck":["elementalist:Earth_Emblem","elementalist:Earth_Emblem","elementalist:Earth_Emblem","StSShapeShifter:BladeOfGrass","StSShapeShifter:BladeOfGrass","StSShapeShifter:ShapeShifter_Strike","StSShapeShifter:ShapeShifter_Defend+1","StSShapeShifter:ShapeShifter_Defend","StSShapeShifter:ShapeShifter_Defend","StSShapeShifter:ShapeShifter_Defend+1","StSShapeShifter:ShapeShifter_Defend+1","StSShapeShifter:Garden+1","StSShapeShifter:GoldenBerries","StSShapeShifter:BurstingSpore+1","elementalist:Earth_Emblem","StSShapeShifter:Evolution+1","StSShapeShifter:HummingbirdForm+1","StSShapeShifter:EmbraceTheCycle+1","StSShapeShifter:Blossom2","StSShapeShifter:Ensconce+1"],"relics":["StSShapeShifter:AnimalHeart","StSShapeShifter:TheShapeShiftersMagnolia","EVO:Axolotl","NeowsBlessing","Oddly Smooth Stone","Replay:Arrowhead","Replay:Kaleidoscope","aspiration:MobileForge","Toy Ornithopter","Boot","reliquary:TuningFork","Red Mask"],"acts_visited":["Exordium","TheCity"],"potions_floor_usage":[7,16,22],"damage_taken":[{"damage":0,"enemies":"Small Slimes","floor":1,"turns":1},{"damage":0,"enemies":"Cultist","floor":3,"turns":1},{"damage":0,"enemies":"Jaw Worm","floor":4,"turns":1},{"damage":23,"enemies":"Lagavulin","floor":7,"turns":8},{"damage":31,"enemies":"Gremlin Nob","floor":11,"turns":5},{"damage":0,"enemies":"Large Slime","floor":14,"turns":7},{"damage":35,"enemies":"Slime Boss","floor":16,"turns":9},{"damage":2,"enemies":"Shell Parasite","floor":18,"turns":5},{"damage":46,"enemies":"Chosen","floor":19,"turns":8},{"damage":0,"enemies":"Centurion and Healer","floor":22,"turns":7},{"damage":34,"enemies":"Slavers","floor":23,"turns":7},{"damage":33,"enemies":"Replay:Snechameleon","floor":25,"turns":13},{"damage":70,"enemies":"Masked Bandits","floor":28,"turns":6},{"damage":18,"enemies":"3 Cultists","floor":29,"turns":2}],"seed_played":"4671497431316246104","potions_obtained":[{"floor":4,"key":"DuplicationPotion"},{"floor":11,"key":"ColorlessPotion"},{"floor":19,"key":"Block Potion"},{"floor":22,"key":"SteroidPotion"},{"floor":23,"key":"FairyPotion"}],"is_trial":false,"path_per_floor":["M","?","M","M","?","R","E","R","T","R","E","$","R","M","R","B",null,"M","M","?","$","M","E","R","E","T","R","?","M"],"character_chosen":"SHAPESHIFTER","items_purchased":["StSShapeShifter:HummingbirdForm"],"campfire_rested":2,"item_purchase_floors":[12],"current_hp_per_floor":[78,78,78,78,78,78,61,61,61,61,37,37,37,43,43,14,78,76,35,35,35,41,13,36,9,9,32,10,0,0],"gold":232,"neow_bonus":"THREE_ENEMY_KILL","is_daily":false,"chose_seed":false,"campfire_upgraded":8,"win_rate":0.0,"timestamp":1613722368,"path_taken":["M","?","M","?","?","R","E","R","T","R","E","$","R","M","R","BOSS","M","M","?","$","M","E","R","E","T","R","?","M"],"items_purchased_type":["Card"],"build_version":"2020-12-22","purchased_purges":2,"victory":false,"max_hp_per_floor":[78,78,78,78,78,78,78,78,78,78,78,78,78,78,78,78,78,78,78,78,78,78,78,78,78,78,78,78,78,78],"card_choices":[{"not_picked":["StSShapeShifter:Rest","StSShapeShifter:BarkSkin"],"picked":"StSShapeShifter:Garden","floor":1},{"not_picked":["StSShapeShifter:BladeOfGrass","StSShapeShifter:CosmicShifter"],"picked":"StSShapeShifter:GoldenBerries","floor":3},{"not_picked":["StSShapeShifter:VileMushroom","StSShapeShifter:ThrashAbout"],"picked":"StSShapeShifter:BurstingSpore","floor":4},{"not_picked":["StSShapeShifter:BurstingSpore","StSShapeShifter:DiverseSpirit","StSShapeShifter:Roar"],"picked":"SKIP","floor":7},{"not_picked":["StSShapeShifter:Maul","StSShapeShifter:ShiftingStrike","StSShapeShifter:ThornToss"],"picked":"SKIP","floor":11},{"not_picked":["StSShapeShifter:FallingLeaves","StSShapeShifter:Efflorescence"],"picked":"StSShapeShifter:EmbraceTheCycle","floor":14},{"not_picked":["StSShapeShifter:MammothForm","StSShapeShifter:Tornado"],"picked":"StSShapeShifter:Blossom2","floor":16},{"not_picked":["StSShapeShifter:RockSlide","StSShapeShifter:ThornToss","StSShapeShifter:BloomingSlash"],"picked":"SKIP","floor":18},{"not_picked":["StSShapeShifter:GoldenBerries","StSShapeShifter:BurstingSpore+1"],"picked":"StSShapeShifter:Ensconce+1","floor":19},{"not_picked":["StSShapeShifter:ThrashAbout","StSShapeShifter:Maul","StSShapeShifter:EagleForm"],"picked":"SKIP","floor":22},{"not_picked":["StSShapeShifter:OpportuneSwoop+1","StSShapeShifter:FesteringBite","StSShapeShifter:Efflorescence"],"picked":"SKIP","floor":23},{"not_picked":["StSShapeShifter:Blossom2","StSShapeShifter:EntForm","StSShapeShifter:Ensconce"],"picked":"SKIP","floor":25}],"player_experience":1378366,"relics_obtained":[{"floor":7,"key":"Oddly Smooth Stone"},{"floor":9,"key":"Replay:Arrowhead"},{"floor":11,"key":"Replay:Kaleidoscope"},{"floor":23,"key":"Toy Ornithopter"},{"floor":25,"key":"Boot"},{"floor":26,"key":"reliquary:TuningFork"},{"floor":28,"key":"Red Mask"}],"event_choices":[{"cards_removed":["StSShapeShifter:Tortoise_Form"],"damage_healed":0,"gold_gain":0,"player_choice":"Offered Basic","damage_taken":0,"max_hp_gain":0,"max_hp_loss":0,"event_name":"Bonfire Elementals","floor":2,"gold_loss":0},{"damage_healed":0,"gold_gain":0,"player_choice":"Fought Bandits","damage_taken":0,"max_hp_gain":0,"max_hp_loss":0,"event_name":"Masked Bandits","floor":28,"gold_loss":0}],"is_beta":false,"boss_relics":[{"not_picked":["jedi:battlestandard","SacredBark"],"picked":"aspiration:MobileForge"}],"items_purged_floors":[12,21],"is_endless":false,"potions_floor_spawned":[4,11,19,22,23],"killed_by":"3 Cultists","ascension_level":3}}