{"host":"0ke4ewd6kv0tgkyi","time":1613719564,"event":{"mods":["2.2 Compatiblity","A Magickal Journey","Act Like it!","Aspiration","BaseMod","Conspire","Elementarium","Fiend Mod","Gensokyo","Hallownest","JesterMod","Menagerie","Minty Spire (QoL Compilation)","Pale of the Ancients","Permanent Neow","Potionbrewer","Quarter Circle Forward PUNCH!","QueenMod","Reliquary","Shade Mod","Somnambulant","StSLib","The Alterego","The Cursed","The Gatherer","The Judge","The Jungle","The Poker Player","The Senshi"],"gold_per_floor":[113,38,19,19,29,29,35,35,35,42,42,42,42,42,42,89,89,72,72,79,79,90,90,95,95,95,95,104,117,136,136,136,187,187,193,202,127,27,27,27,42,42,42,42,76,76,76,81,81,81],"floor_reached":51,"language":"ENG","playtime":5213,"items_purged":["Gatherer:Strike_Gatherer","Gatherer:Strike_Gatherer"],"score":754,"play_id":"d1e6ce53-3fd2-4a94-9eba-e0ceea81b92a","local_time":"20210218232604","is_ascension_mode":false,"metric_token":1873,"campfire_choices":[{"data":"Gatherer:MiningStrike","floor":6,"key":"SMITH"},{"data":"Gatherer:FlowerBeam","floor":8,"key":"SMITH"},{"data":"Gatherer:WoolGloves","floor":11,"key":"SMITH"},{"data":"Gatherer:Uplift","floor":15,"key":"SMITH"},{"data":"Gatherer:FlowerBeam+1","floor":23,"key":"SMITH"},{"data":"Gatherer:FlowerBeam+2","floor":25,"key":"SMITH"},{"data":"Gatherer:FlowerWhip","floor":27,"key":"SMITH"},{"data":"Gatherer:FlowerWhip+2","floor":32,"key":"SMITH"},{"data":"Gatherer:MindSearch","floor":40,"key":"SMITH"},{"data":"Gatherer:Overflowing","floor":42,"key":"SMITH"},{"data":"Gatherer:Defend_Gatherer","floor":49,"key":"SMITH"}],"circlet_count":0,"master_deck":["Gatherer:Strike_Gatherer","Gatherer:Strike_Gatherer","Gatherer:Strike_Gatherer","Gatherer:Defend_Gatherer","Gatherer:Defend_Gatherer","Gatherer:Defend_Gatherer+1","Gatherer:Defend_Gatherer+1","Gatherer:Defend_Gatherer","Gatherer:Centralize+1","Gatherer:FlowerWhip+3","Gatherer:Uplift+1","Gatherer:FlowerBeam+3","Gatherer:WoolGloves+1","Gatherer:Overflowing+1","Gatherer:QuickSynthesis+1","Gatherer:QuickSynthesis+1","Gatherer:Nutrients+1","Gatherer:Overflowing+1","Gatherer:BalancedGrowth+1","Gatherer:FruitForce+1","Hallownest:curseDreamersLament","Gatherer:FruitForce+1","Gatherer:FruitForce+1","Gatherer:ScentOfRosmari+1"],"relics":["Gatherer:AlchemyBag","aspiration:Nostalgia","Burning Blood","Menagerie:Aurumvore","reliquary:OuijaBoard","HornCleat","conspire:RoyalGoblet","reliquary:PurpleTingedLeaf","Vajra","qcfpunch:Necklace_of_Skulls","Gatherer:ExplorersPath","Hallownest:SoulVesselRelic","Bag of Preparation","aspiration:HummingbirdHeart","Hallownest:BeastSealRelic","Bottled Tornado"],"acts_visited":["Exordium","TheCity","TheCity"],"potions_floor_usage":[22,29,30,33,36,50],"damage_taken":[{"damage":0,"enemies":"Menagerie:2_RABBITS","floor":1,"turns":4},{"damage":0,"enemies":"Menagerie:MonstrousExperiment","floor":5,"turns":5},{"damage":0,"enemies":"Menagerie:WhisperingWraith","floor":7,"turns":4},{"damage":6,"enemies":"Menagerie:DREAD_MOTH_AND_GRAFTED_WORMS","floor":10,"turns":2},{"damage":1,"enemies":"Menagerie:Chimera","floor":16,"turns":12},{"damage":9,"enemies":"2 Thieves","floor":18,"turns":3},{"damage":0,"enemies":"Chosen","floor":20,"turns":3},{"damage":0,"enemies":"Snake Plant","floor":22,"turns":3},{"damage":0,"enemies":"Sentry and Sphere","floor":24,"turns":2},{"damage":0,"enemies":"Centurion and Healer","floor":28,"turns":3},{"damage":0,"enemies":"conspire:Head Lice","floor":29,"turns":6},{"damage":2,"enemies":"conspire:MimicChest","floor":30,"turns":6},{"damage":0,"enemies":"Automaton","floor":33,"turns":10},{"damage":10,"enemies":"Hallownest:Shield_Heavy","floor":35,"turns":3},{"damage":2,"enemies":"Hallownest:2_Littles","floor":36,"turns":3},{"damage":0,"enemies":"Hallownest:eliteCollector","floor":41,"turns":7},{"damage":0,"enemies":"Hallownest:2_Great","floor":48,"turns":3},{"damage":47,"enemies":"Hallownest:Radiance","floor":50,"turns":10}],"seed_played":"-214836369701265105","potions_obtained":[{"floor":7,"key":"Swift Potion"},{"floor":16,"key":"potionbrewer:MidasPotion"},{"floor":20,"key":"potionbrewer:BoundlessPotion"},{"floor":22,"key":"GamblersBrew"},{"floor":29,"key":"EssenceOfSteel"},{"floor":30,"key":"Block Potion"},{"floor":41,"key":"BlessingOfTheForge"},{"floor":48,"key":"Ancient Potion"}],"is_trial":false,"path_per_floor":["M","$","?","?","M","R","M","R","T","M","R","$","T","$","R","B",null,"M","?","M","$","M","R","M","R","T","R","M","E","?","?","R","B",null,"M","M","?","$","?","R","E","R","T","?","T","?","$","M","R","B",null],"character_chosen":"THE_GATHERER","items_purchased":[],"campfire_rested":0,"item_purchase_floors":[],"current_hp_per_floor":[72,72,72,72,72,72,72,72,72,72,72,72,72,72,72,72,72,69,69,72,72,72,72,72,72,72,72,72,72,72,72,72,72,72,74,76,76,76,76,76,76,76,76,76,76,84,84,84,84,50],"gold":81,"neow_bonus":"NOSTALGIA","is_daily":false,"chose_seed":false,"campfire_upgraded":11,"win_rate":0.0,"timestamp":1613719564,"path_taken":["M","$","?","?","M","R","M","R","T","M","R","?","?","$","R","BOSS","M","?","M","?","M","R","M","R","T","R","?","E","?","?","R","BOSS","M","M","?","$","?","R","E","R","T","?","?","?","$","?","R","BOSS"],"items_purchased_type":[],"build_version":"2020-12-22","purchased_purges":2,"victory":true,"max_hp_per_floor":[72,72,72,72,72,72,72,72,72,72,72,72,72,72,72,72,72,72,72,72,72,72,72,72,72,72,72,72,72,72,72,72,72,72,76,76,76,76,76,76,76,76,76,76,76,84,84,84,84,84],"card_choices":[{"not_picked":["Gatherer:FlowerShield","Gatherer:EnergyBasket"],"picked":"Gatherer:MiningStrike","floor":1},{"not_picked":["Gatherer:TacticalStrike","Gatherer:QuickSynthesis"],"picked":"Gatherer:Uplift","floor":5},{"not_picked":["Gatherer:Enchant","Gatherer:FlowerFalling"],"picked":"Gatherer:FlowerBeam","floor":7},{"not_picked":["Gatherer:OddSpoils","Gatherer:MiningStrike"],"picked":"Gatherer:WoolGloves","floor":10},{"not_picked":["Gatherer:BomberForm","Gatherer:BlackTea"],"picked":"Gatherer:Overflowing","floor":16},{"not_picked":["Gatherer:TreeGrowth","Gatherer:Transmute"],"picked":"Gatherer:QuickSynthesis+1","floor":18},{"not_picked":["Gatherer:AromaProtection","Gatherer:Duplicator"],"picked":"Gatherer:QuickSynthesis+1","floor":20},{"not_picked":["Gatherer:FragileHammer","Gatherer:AromaProtection","Gatherer:EnergyBasket"],"picked":"SKIP","floor":22},{"not_picked":["Gatherer:DrugPower","Gatherer:MiningStrike","Gatherer:ScrollOfWall"],"picked":"SKIP","floor":24},{"not_picked":["Gatherer:ScherryThrow","Gatherer:FlowerShield"],"picked":"Gatherer:Nutrients+1","floor":28},{"not_picked":["Gatherer:Herbalism","Gatherer:OddSpoils"],"picked":"Gatherer:Overflowing","floor":29},{"not_picked":["Gatherer:Snatch","Gatherer:RottenStipe"],"picked":"Gatherer:BalancedGrowth+1","floor":30},{"not_picked":["Gatherer:Photoscythe","Gatherer:CursedBlade"],"picked":"Gatherer:MindSearch","floor":33},{"not_picked":["Gatherer:FlowerFalling+1","Gatherer:TreeGrowth"],"picked":"Gatherer:FruitForce","floor":35},{"not_picked":["Gatherer:Frenzy+1","Gatherer:SaveValuables+1","Gatherer:PotentialSlash+1"],"picked":"SKIP","floor":36},{"not_picked":["Gatherer:Frenzy","Gatherer:Enchant+1","Gatherer:CarefulStrike"],"picked":"SKIP","floor":41},{"not_picked":["Gatherer:RecipeChange","Gatherer:Overflowing"],"picked":"Gatherer:ScentOfRosmari+1","floor":48}],"player_experience":983334,"relics_obtained":[{"floor":9,"key":"reliquary:OuijaBoard"},{"floor":13,"key":"HornCleat"},{"floor":26,"key":"reliquary:PurpleTingedLeaf"},{"floor":29,"key":"Vajra"},{"floor":30,"key":"qcfpunch:Necklace_of_Skulls"},{"floor":41,"key":"Bag of Preparation"},{"floor":43,"key":"aspiration:HummingbirdHeart"},{"floor":45,"key":"Bottled Tornado"}],"event_choices":[{"damage_healed":0,"gold_gain":0,"player_choice":"Pacify","damage_taken":0,"relics_obtained":["Menagerie:Aurumvore"],"max_hp_gain":0,"max_hp_loss":0,"event_name":"Menagerie:ScentOfGold","floor":3,"gold_loss":0},{"damage_healed":0,"gold_gain":0,"player_choice":"Leave","damage_taken":0,"max_hp_gain":0,"max_hp_loss":0,"event_name":"conspire:Investor","floor":4,"gold_loss":0},{"damage_healed":0,"gold_gain":0,"player_choice":"Upgraded","damage_taken":0,"max_hp_gain":0,"max_hp_loss":0,"event_name":"Upgrade Shrine","floor":19,"gold_loss":0,"cards_upgraded":["Gatherer:Overflowing"]},{"damage_healed":0,"gold_gain":0,"player_choice":"Ignored","damage_taken":0,"max_hp_gain":0,"max_hp_loss":0,"event_name":"Ghosts","floor":31,"gold_loss":0}],"is_beta":false,"boss_relics":[{"not_picked":["jesterMod:MachoBrace","aspiration:RunicSpoon"],"picked":"conspire:RoyalGoblet"},{"not_picked":["Velvet Choker","conspire:SlowCooker"],"picked":"Gatherer:ExplorersPath"}],"items_purged_floors":[2,38],"is_endless":false,"potions_floor_spawned":[7,16,20,22,29,30,41,48],"ascension_level":0}}