{"host":"yx5rao87132cy5xq","time":1613693565,"event":{"mods":["2.2 Compatiblity","AchievementEnabler","BaseMod","Bestiary","Colored Map","Colored Powertips","Minty Spire (QoL Compilation)","Quick Restart","Relic Stats","Slay-I","SuperFastMode"],"gold_per_floor":[118,168,184,195,22,57,67,81,126,126,47,47,47],"floor_reached":12,"language":"ENG","playtime":599,"items_purged":[],"score":152,"play_id":"73fbe802-f2bf-4867-bbe4-e8b2fb18f880","local_time":"20210219011245","is_ascension_mode":true,"campfire_choices":[{"data":"True Grit","floor":10,"key":"SMITH"}],"circlet_count":0,"master_deck":["AscendersBane","Strike_R","Strike_R","Strike_R","Strike_R","Strike_R","Defend_R","Defend_R","Defend_R","Defend_R","Bash","Cleave","Whirlwind","Twin Strike","Feel No Pain","True Grit+1","Sever Soul","Feed","Iron Wave","Intimidate","Dark Embrace"],"relics":["Burning Blood","Juzu Bracelet","Ancient Tea Set"],"acts_visited":["Exordium"],"potions_floor_usage":[6,12],"damage_taken":[{"damage":4,"enemies":"2 Louse","floor":1,"turns":3},{"damage":1,"enemies":"Cultist","floor":3,"turns":3},{"damage":8,"enemies":"Small Slimes","floor":4,"turns":3},{"damage":20,"enemies":"3 Sentries","floor":6,"turns":7},{"damage":12,"enemies":"Blue Slaver","floor":7,"turns":4},{"damage":12,"enemies":"2 Fungi Beasts","floor":8,"turns":3},{"damage":64,"enemies":"Lagavulin","floor":12,"turns":8}],"seed_played":"-6270898320633281246","potions_obtained":[{"floor":3,"key":"GamblersBrew"},{"floor":4,"key":"GamblersBrew"},{"floor":8,"key":"Dexterity Potion"}],"is_trial":false,"path_per_floor":["M","?","M","M","$","E","M","M","T","R","$","E"],"character_chosen":"IRONCLAD","items_purchased":["Feel No Pain","True Grit","Sever Soul","Dark Embrace"],"campfire_rested":0,"item_purchase_floors":[5,5,5,11],"current_hp_per_floor":[77,77,82,80,80,66,60,57,57,57,57,0,0],"gold":47,"neow_bonus":"TEN_PERCENT_HP_BONUS","is_daily":false,"chose_seed":false,"campfire_upgraded":1,"win_rate":0.0,"timestamp":1613693565,"path_taken":["M","?","M","M","$","E","M","M","T","R","?","E"],"items_purchased_type":["Card","Card","Card","Card"],"build_version":"2020-12-22","purchased_purges":0,"victory":false,"max_hp_per_floor":[82,82,82,82,82,82,82,85,85,85,85,85,85],"relic_stats":{"counters":[7,31],"Juzu Bracelet":0,"obtain_stats":[{"Juzu Bracelet":6,"Ancient Tea Set":9,"Burning Blood":0},{"Juzu Bracelet":4,"Ancient Tea Set":6,"Burning Blood":0},{"Juzu Bracelet":16,"Ancient Tea Set":23,"Burning Blood":0}],"Burning Blood":36},"card_choices":[{"not_picked":["Clothesline","Body Slam"],"picked":"Cleave","floor":1},{"not_picked":["Uppercut","Body Slam"],"picked":"Whirlwind","floor":3},{"not_picked":["Whirlwind","Clothesline"],"picked":"Twin Strike","floor":4},{"not_picked":["Havoc","Headbutt"],"picked":"Feed","floor":6},{"not_picked":["Entrench","Perfected Strike"],"picked":"Iron Wave","floor":7},{"not_picked":["Perfected Strike","Thunderclap"],"picked":"Intimidate","floor":8}],"player_experience":1048523,"relics_obtained":[{"floor":6,"key":"Juzu Bracelet"},{"floor":9,"key":"Ancient Tea Set"}],"event_choices":[{"damage_healed":0,"gold_gain":50,"player_choice":"Pray","damage_taken":0,"max_hp_gain":0,"max_hp_loss":0,"event_name":"Golden Shrine","floor":2,"gold_loss":0}],"is_beta":false,"boss_relics":[],"items_purged_floors":[],"is_endless":false,"potions_floor_spawned":[3,4,8],"killed_by":"Lagavulin","ascension_level":18}}