{"host":"h3ogdo6no3ehk88q","time":1613757404,"event":{"mods":["AchievementEnabler","BaseMod","Hermit","Marisa????????","Minty Spire (QoL Compilation)","StSLib","SuperFastMode","The Bug Knight","The Cursed","The Disciple","The Necromancer","The Servant 0.9.4"],"gold_per_floor":[113,63,63,83,83,98,98,117,117,192,260,328,328,356,376,392,410,428,428,428,428],"floor_reached":20,"language":"ENG","playtime":472,"items_purged":[],"score":239,"play_id":"8cd454fb-e0bd-4691-a6be-9fab5f6f1a78","local_time":"20210219125644","is_ascension_mode":true,"campfire_choices":[{"data":"Feed","floor":7,"key":"SMITH"},{"data":"Whirlwind","floor":9,"key":"SMITH"},{"floor":19,"key":"REST"}],"circlet_count":0,"master_deck":["AscendersBane","Strike_R+1","Strike_R+1","Strike_R","Defend_R","Defend_R","Defend_R","Defend_R","Searing Blow","Feed+1","Whirlwind+1","Pain","Headbutt","Corruption+1","Bash","Barricade+1","Dark Embrace+1","Clothesline"],"relics":["Burning Blood","WarpedTongs","Kunai","Frozen Egg 2","Nunchaku"],"acts_visited":["Exordium"],"potions_floor_usage":[14,20,20],"damage_taken":[{"damage":2,"enemies":"Small Slimes","floor":1,"turns":4},{"damage":2,"enemies":"2 Louse","floor":4,"turns":3},{"damage":5,"enemies":"Jaw Worm","floor":6,"turns":3},{"damage":10,"enemies":"Lots of Slimes","floor":8,"turns":2},{"damage":20,"enemies":"3 Sentries","floor":14,"turns":4},{"damage":1,"enemies":"3 Louse","floor":15,"turns":3},{"damage":11,"enemies":"2 Fungi Beasts","floor":16,"turns":4},{"damage":8,"enemies":"Gremlin Gang","floor":17,"turns":3},{"damage":37,"enemies":"Exordium Thugs","floor":18,"turns":6},{"damage":56,"enemies":"Hexaghost","floor":20,"turns":11}],"seed_played":"-7043525051484194362","potions_obtained":[{"floor":1,"key":"Ancient Potion"},{"floor":6,"key":"Block Potion"},{"floor":14,"key":"Swift Potion"},{"floor":18,"key":"PowerPotion"}],"is_trial":false,"path_per_floor":["M","?","?","M","?","M","R","M","R","?","T","T","?","E","M","M","M","M","R","B"],"character_chosen":"IRONCLAD","items_purchased":[],"campfire_rested":1,"item_purchase_floors":[],"current_hp_per_floor":[71,71,57,64,64,69,69,69,69,58,58,58,58,44,53,52,54,27,56,0,0],"gold":428,"neow_bonus":"TRANSFORM_TWO_CARDS","is_daily":false,"chose_seed":false,"campfire_upgraded":2,"win_rate":0.0,"timestamp":1613757404,"path_taken":["M","?","?","M","?","M","R","?","R","?","T","T","?","E","M","M","M","?","R","BOSS"],"items_purchased_type":[],"build_version":"2020-12-22","purchased_purges":0,"victory":false,"max_hp_per_floor":[71,71,71,74,74,78,78,82,82,82,82,82,82,82,86,90,94,98,98,98,98],"card_choices":[{"not_picked":["Clothesline","Sword Boomerang"],"picked":"Whirlwind","floor":1},{"not_picked":["Dark Embrace","Perfected Strike","Thunderclap"],"picked":"SKIP","floor":4},{"not_picked":["Warcry","Body Slam","Heavy Blade"],"picked":"SKIP","floor":6},{"not_picked":["Body Slam","Warcry"],"picked":"Headbutt","floor":8},{"not_picked":["Headbutt","Disarm"],"picked":"Barricade+1","floor":14},{"not_picked":["Twin Strike","Armaments","Power Through"],"picked":"SKIP","floor":15},{"not_picked":["Wild Strike","Reckless Charge","Thunderclap"],"picked":"SKIP","floor":16},{"not_picked":["Pommel Strike","Body Slam"],"picked":"Dark Embrace+1","floor":17},{"not_picked":["Havoc","Clash"],"picked":"Clothesline","floor":18}],"player_experience":914043,"relics_obtained":[{"floor":11,"key":"Kunai"},{"floor":12,"key":"Frozen Egg 2"},{"floor":14,"key":"Nunchaku"}],"event_choices":[{"cards_removed":["Bash"],"damage_healed":0,"gold_gain":0,"player_choice":"Card Removal","damage_taken":0,"max_hp_gain":0,"max_hp_loss":0,"event_name":"The Cleric","floor":2,"gold_loss":50},{"damage_healed":0,"gold_gain":0,"player_choice":"Entered Light","damage_taken":14,"max_hp_gain":0,"max_hp_loss":0,"event_name":"Shining Light","floor":3,"gold_loss":0,"cards_upgraded":["Strike_R","Strike_R"]},{"damage_healed":0,"gold_gain":0,"player_choice":"Rummage","damage_taken":0,"relics_obtained":["WarpedTongs"],"max_hp_gain":0,"max_hp_loss":0,"event_name":"Accursed Blacksmith","floor":5,"gold_loss":0,"cards_obtained":["Pain"]},{"damage_healed":0,"gold_gain":75,"player_choice":"Gather Gold","damage_taken":11,"max_hp_gain":0,"max_hp_loss":0,"event_name":"World of Goop","floor":10,"gold_loss":0},{"damage_healed":0,"gold_gain":0,"player_choice":"2 cards matched","damage_taken":0,"max_hp_gain":0,"max_hp_loss":0,"event_name":"Match and Keep!","floor":13,"gold_loss":0,"cards_obtained":["Corruption","Bash"]}],"is_beta":false,"boss_relics":[],"items_purged_floors":[],"is_endless":false,"potions_floor_spawned":[1,6,14,18],"killed_by":"Hexaghost","ascension_level":14}}