{"host":"ia6vzboaxs0e83w2","time":1613746946,"event":{"mods":["2.2 Compatiblity","BaseMod","Colored Map","DeckTracker","Downfall","Highlight Path","Minty Spire (QoL Compilation)","Random Character Button","StSLib"],"gold_per_floor":[99,116,116,135,135,148,202,212,212,212,226,253,253,273,286,388,388,388,388,388,407,420,433,433,26,45,78,78,94,94,25,41,137,137,137,148,198,209,43,43,98,69,69,69,81,13,13,28,45,45,45,45],"floor_reached":50,"language":"POL","playtime":3927,"items_purged":[],"score":541,"play_id":"dc0671a0-8c14-4c51-83b9-0506e640deff","local_time":"20210219160226","is_ascension_mode":false,"campfire_choices":[{"data":"Slimebound:Split","floor":1.0,"key":"SMITH"},{"data":"Slimebound:LevelUp","floor":10.0,"key":"SMITH"},{"data":"Slimebound:CorrosiveSpit","floor":13.0,"key":"SMITH"},{"data":"Slimebound:Repurpose","floor":18.0,"key":"SMITH"},{"floor":28.0,"key":"REST"},{"data":"Slimebound:Equalize","floor":30.0,"key":"SMITH"},{"data":"Slimebound:OozeBath","floor":35,"key":"SMITH"},{"data":"Slimebound:MinionMaster","floor":43,"key":"SMITH"},{"floor":47,"key":"REST"}],"circlet_count":0,"master_deck":["Slimebound:Strike_Slimebound","Slimebound:Strike_Slimebound","Slimebound:Tackle","Slimebound:Defend_Slimebound","Slimebound:Defend_Slimebound","Slimebound:Defend_Slimebound","Slimebound:Defend_Slimebound","Slimebound:Split+1","Slimebound:CorrosiveSpit+1","Slimebound:PressTheAttack","Slimebound:LevelUp+1","Slimebound:SamplingLick","Slimebound:Repurpose+1","Slimebound:Equalize+1","Slimebound:DisruptingSlam","Slimebound:SplitBruiser+1","Slimebound:SlimeSpikes+1","Slimebound:ItLooksTasty+1","Slimebound:RainOfGoop","Slimebound:SlimeSpikes","Slimebound:RollThrough","Slimebound:SlimeSpikes+1","Slimebound:WasteNot+1","Slimebound:WasteNot+1","Slimebound:GoopSpray+1","Slimebound:MegaLick+1","Slimebound:MinionMaster+1","Slimebound:ItLooksTasty+1","Slimebound:LivingWall+1","Slimebound:SlimeSpikes+1","Slimebound:GoopTackle+1","Slimebound:SamplingLick+1","Slimebound:Gluttony","Slimebound:Darklings+1","Slimebound:SamplingLick+1","Slimebound:Nibble","Slimebound:LevelUp+1","Slimebound:GrowthPunch+1"],"relics":["Slimebound:AbsorbEndCombatUpgraded","Ginger","Pen Nib","Darkstone Periapt","Black Star","Nilry\u0027s Codex","Thread and Needle","MealTicket","Toxic Egg 2","Oddly Smooth Stone","War Paint","TungstenRod","Toolbox","Bronze Scales","Toy Ornithopter","HandDrill"],"acts_visited":["Exordium","TheCity","TheBeyond"],"potions_floor_usage":[31,31,32,39,45,49],"damage_taken":[{"damage":9.0,"enemies":"2 Louse","floor":2.0,"turns":3.0},{"damage":3.0,"enemies":"Jaw Worm","floor":4.0,"turns":3.0},{"damage":5.0,"enemies":"Small Slimes","floor":6.0,"turns":4.0},{"damage":0.0,"enemies":"3 Louse","floor":8.0,"turns":2.0},{"damage":10.0,"enemies":"Blue Slaver","floor":11.0,"turns":4.0},{"damage":6.0,"enemies":"Gremlin Nob","floor":12.0,"turns":3.0},{"damage":22.0,"enemies":"Exordium Thugs","floor":14.0,"turns":5.0},{"damage":7.0,"enemies":"2 Fungi Beasts","floor":15.0,"turns":3.0},{"damage":20.0,"enemies":"SI_SHIV_ARCHETYPE","floor":16.0,"turns":6.0},{"damage":0.0,"enemies":"Chosen","floor":21.0,"turns":4.0},{"damage":11.0,"enemies":"Spheric Guardian","floor":22.0,"turns":4.0},{"damage":10.0,"enemies":"Snake Plant","floor":23.0,"turns":4.0},{"damage":3.0,"enemies":"downfall:FleeingMerchant","floor":25.0,"turns":4.0},{"damage":0.0,"enemies":"Centurion and Healer","floor":26.0,"turns":7.0},{"damage":31.0,"enemies":"Slavers","floor":27.0,"turns":4.0},{"damage":7.0,"enemies":"Chosen and Byrds","floor":29.0,"turns":5.0},{"damage":0,"enemies":"downfall:FleeingMerchant","floor":31,"turns":4},{"damage":17,"enemies":"Cultist and Chosen","floor":32,"turns":5},{"damage":35,"enemies":"IC_MUSHROOM_ARCHETYPE","floor":33,"turns":8},{"damage":16,"enemies":"Orb Walker","floor":36,"turns":4},{"damage":19,"enemies":"Orb Walker","floor":37,"turns":6},{"damage":0,"enemies":"3 Shapes","floor":38,"turns":5},{"damage":0,"enemies":"downfall:FleeingMerchant","floor":39,"turns":4},{"damage":0,"enemies":"downfall:FleeingMerchant","floor":42,"turns":1},{"damage":74,"enemies":"Maw","floor":45,"turns":10},{"damage":23,"enemies":"Sphere and 2 Shapes","floor":48,"turns":6},{"damage":8,"enemies":"Jaw Worm Horde","floor":49,"turns":4},{"damage":69,"enemies":"DF_ARCHETYPE_ORBS","floor":50,"turns":9}],"seed_played":"1660627755225309462","potions_obtained":[{"floor":2.0,"key":"SpeedPotion"},{"floor":11.0,"key":"Fire Potion"},{"floor":12.0,"key":"Explosive Potion"},{"floor":14.0,"key":"Dexterity Potion"},{"floor":21.0,"key":"Strength Potion"},{"floor":26.0,"key":"Energy Potion"},{"floor":27.0,"key":"Energy Potion"},{"floor":32,"key":"Fire Potion"},{"floor":36,"key":"Ancient Potion"},{"floor":45,"key":"Fruit Juice"},{"floor":48,"key":"champ:CounterPotion"}],"is_trial":false,"path_per_floor":["R","M","?","M","T","M","T","M","?","R","M","E","R","M","M","B",null,"R","?","?","M","M","M","T","$","M","E","R","M","R","$","M","B",null,"R","M","?","M","$","?","T","?","R","?","M","$","R","M","M","B"],"character_chosen":"SLIMEBOUND","items_purchased":["MealTicket","Toxic Egg 2","Slimebound:GoopSpray+1","Toolbox","Toy Ornithopter","HandDrill","Slimebound:Gluttony","Slimebound:Nibble"],"campfire_rested":2,"item_purchase_floors":[25,25,31,39,42,42,42,46],"current_hp_per_floor":[71,64,64,67,67,64,64,71,71,71,65,61,61,49,46,42,71,71,71,55,59,56,48,48,53,69,52,71,64,64,71,54,36,71,71,58,54,63,71,71,71,71,71,71,15,30,52,38,47,0,0,0],"gold":45,"neow_bonus":"TEN_PERCENT_HP_BONUS","is_daily":false,"chose_seed":false,"campfire_upgraded":7,"win_rate":0.0,"timestamp":1613746946,"path_taken":["R","M","?","M","?","M","T","M","?","R","M","E","R","M","M","BOSS","R","?","?","M","M","M","T","$","M","E","R","M","R","$","M","BOSS","R","M","?","M","$","?","T","?","R","?","M","$","R","M","M","BOSS"],"items_purchased_type":["Relic","Relic","Card","Relic","Relic","Relic","Card","Card"],"build_version":"2020-12-22","purchased_purges":0,"victory":false,"max_hp_per_floor":[71,71,71,71,71,71,71,71,71,71,71,71,71,71,71,71,71,71,71,71,71,71,71,71,71,71,71,71,71,71,71,71,71,71,71,71,71,71,71,71,71,71,71,71,76,76,76,76,76,76,76,76],"card_choices":[{"not_picked":["Slimebound:ViciousTackle","Slimebound:ItLooksTasty"],"picked":"Slimebound:PressTheAttack","floor":2.0},{"not_picked":["Slimebound:ComboTackle","Slimebound:SpikyOuterGoop"],"picked":"Slimebound:LevelUp","floor":4.0},{"not_picked":["Slimebound:ProtectTheBoss","Slimebound:SlimeTap"],"picked":"Slimebound:SamplingLick","floor":6.0},{"not_picked":["Slimebound:Nibble","Slimebound:RainOfGoop"],"picked":"Slimebound:Repurpose","floor":8.0},{"not_picked":["Slimebound:LeadByExample","Slimebound:Grow"],"picked":"Slimebound:Equalize","floor":11.0},{"not_picked":["Slimebound:FlameTackle","Slimebound:Prepare"],"picked":"Slimebound:DisruptingSlam","floor":12.0},{"not_picked":["Slimebound:RollThrough","Slimebound:RejuvenatingLick"],"picked":"Slimebound:SplitBruiser","floor":14.0},{"not_picked":["Slimebound:SlimeTap","Slimebound:Replication"],"picked":"Slimebound:SlimeSpikes","floor":15.0},{"not_picked":["Slimebound:DouseInSlime","Slimebound:Overexert"],"picked":"Slimebound:OozeBath","floor":16.0},{"not_picked":["Slimebound:GoopSpray","Slimebound:SplitMire"],"picked":"Slimebound:ItLooksTasty+1","floor":21.0},{"not_picked":["Slimebound:SlimeTap+1","Slimebound:ItLooksTasty"],"picked":"Slimebound:RainOfGoop","floor":22.0},{"not_picked":["Slimebound:Schlurp","Slimebound:RollThrough"],"picked":"Slimebound:SlimeSpikes","floor":23.0},{"not_picked":["Slimebound:SplitLeeching","Slimebound:LeechEnergy"],"picked":"Slimebound:RollThrough","floor":25.0},{"not_picked":["Slimebound:SplitAcid+1","Slimebound:ViciousTackle"],"picked":"Slimebound:SlimeSpikes+1","floor":26.0},{"not_picked":["Slimebound:FinishingTackle","Slimebound:DouseInSlime+1"],"picked":"Slimebound:WasteNot+1","floor":27.0},{"not_picked":["Slimebound:SplitBruiser+1","Slimebound:Chomp"],"picked":"Slimebound:SplitMire+1","floor":29.0},{"not_picked":["Slimebound:FinishingTackle","Slimebound:DouseInSlime+1"],"picked":"Slimebound:WasteNot+1","floor":31},{"not_picked":["Slimebound:HauntingLick+1","Slimebound:Schlurp+1"],"picked":"Slimebound:MegaLick+1","floor":32},{"not_picked":["Slimebound:Teamwork+1","Slimebound:MassFeed"],"picked":"Slimebound:MinionMaster","floor":33},{"not_picked":["Slimebound:SplitBruiser+1","Slimebound:SplitLeeching+1"],"picked":"Slimebound:ItLooksTasty+1","floor":36},{"not_picked":["Slimebound:GrowthPunch","Slimebound:WasteNot+1"],"picked":"Slimebound:LivingWall+1","floor":37},{"not_picked":["Slimebound:SplitMire+1","Slimebound:SplitBruiser+1"],"picked":"Slimebound:SlimeSpikes+1","floor":38},{"not_picked":["Slimebound:LeechEnergy","Slimebound:Schlurp+1"],"picked":"Slimebound:GoopTackle+1","floor":39},{"not_picked":["Slimebound:GrowthPunch","Slimebound:Teamwork+1"],"picked":"Slimebound:SamplingLick+1","floor":42},{"not_picked":["Slimebound:ItLooksTasty","Slimebound:SplitMire+1"],"picked":"Slimebound:SamplingLick+1","floor":45},{"not_picked":["Slimebound:Dissolve+1","Slimebound:FinishingTackle"],"picked":"Slimebound:LevelUp+1","floor":48},{"not_picked":["Slimebound:FinishingTackle","Slimebound:PressTheAttack"],"picked":"Slimebound:GrowthPunch+1","floor":49}],"player_experience":435594,"relics_obtained":[{"floor":5.0,"key":"Ginger"},{"floor":7.0,"key":"Pen Nib"},{"floor":12.0,"key":"Darkstone Periapt"},{"floor":20.0,"key":"Nilry\u0027s Codex"},{"floor":24.0,"key":"Thread and Needle"},{"floor":27.0,"key":"Oddly Smooth Stone"},{"floor":27.0,"key":"War Paint"},{"floor":37,"key":"TungstenRod"},{"floor":41,"key":"Bronze Scales"}],"event_choices":[{"damage_healed":0.0,"max_hp_gain":0.0,"max_hp_loss":0.0,"gold_gain":0.0,"event_name":"Ghosts","player_choice":"Ignored","floor":19.0,"gold_loss":0.0,"damage_taken":0.0},{"cards_removed":["Slimebound:SplitMire"],"damage_healed":0,"gold_gain":0,"player_choice":"Removed Skill","damage_taken":0,"max_hp_gain":0,"max_hp_loss":0,"event_name":"Falling","floor":40,"gold_loss":0}],"is_beta":false,"boss_relics":[{"not_picked":["Calling Bell","Runic Pyramid"],"picked":"Black Star"},{"not_picked":["Philosopher\u0027s Stone","Busted Crown"],"picked":"Slimebound:AbsorbEndCombatUpgraded"}],"items_purged_floors":[],"is_endless":false,"potions_floor_spawned":[2,11,12,14,21,26,27,32,36,45,48],"killed_by":"DF_ARCHETYPE_ORBS","ascension_level":0}}