{"host":"r9v0g0iwbsx9dzwu","time":1613720674,"event":{"mods":["ATMod(°¢èªMod)","Act Like it!","Arknights","Aspiration","BaseMod","Minty Spire (QoL Compilation)","MostiFishMod","Reliquary","Replay The Spire","RumiaBox-Â¶Ã×æ«µÄÉñÃØºÐ×Ó","StSLib","TestMod","[IsaacMod]ÒÔÈö¼âËþ","¡¾ÒÅÎï¿¨ÅÆ¡¿REMEMod"],"gold_per_floor":[491,440,453,463,483,483,483],"floor_reached":6,"language":"ZHS","playtime":241,"items_purged":[],"score":42,"play_id":"4a4227dc-c534-4bf5-9953-d34bd2020fd3","local_time":"20210219154434","is_ascension_mode":true,"campfire_choices":[],"circlet_count":0,"master_deck":["ats:Strike C","ats:Strike G","ats:Strike S","ats:Strike V","ats:Armor Crushing Shot","ats:Defend","ats:Defend","ats:Defend","ats:Defend","ats:Emotion Absorption","ats:Emotion Absorption+1"],"relics":["AT_ATBox","DaveBox","testmod-TestBox","HushsDoor","REME_ComplimentaryCards","BloodBag","testmod-CardMagician","RhineSuit","ReplayTheSpireMod:DimensionalGlitch","Baka","Iron Hammer","aspiration:AnachronicSnailShell","aspiration:AnachronicSnailShell"],"acts_visited":["Exordium"],"potions_floor_usage":[],"damage_taken":[{"damage":0,"enemies":"Small Slimes","floor":1,"turns":2},{"damage":0,"enemies":"Cultist","floor":3,"turns":2},{"damage":0,"enemies":"Jaw Worm","floor":4,"turns":1},{"damage":0,"enemies":"Exordium Wildlife","floor":5,"turns":2},{"damage":24,"enemies":"Gremlin Nob","floor":6,"turns":5}],"seed_played":"5827387411205762274","potions_obtained":[{"floor":4,"key":"DuplicationPotion"}],"is_trial":false,"path_per_floor":["M","?","M","M","M","E"],"character_chosen":"DOCTOR_CLASS","items_purchased":[],"campfire_rested":0,"item_purchase_floors":[],"current_hp_per_floor":[20,20,20,20,20,0,0],"gold":483,"neow_bonus":"BOSS_RELIC","is_daily":false,"chose_seed":false,"campfire_upgraded":0,"win_rate":0.0,"timestamp":1613720674,"path_taken":["M","?","M","M","M","E"],"items_purchased_type":[],"build_version":"2020-12-22","purchased_purges":0,"victory":false,"max_hp_per_floor":[79,79,79,79,79,79,79],"card_choices":[{"not_picked":["ats:Blood Oath","ats:Flame Of Heaven","ats:Powerful Strike"],"picked":"SKIP","floor":1},{"not_picked":["ats:Guardian Obelisk","ats:Shell Defense","ats:Durian"],"picked":"SKIP","floor":3},{"not_picked":["ats:Shell Defense","ats:Assault Order","ats:Revitalization"],"picked":"SKIP","floor":4},{"not_picked":["ats:Blood Oath","ats:Directed Diagnosis","ats:Assault Order"],"picked":"SKIP","floor":5}],"player_experience":70080,"relics_obtained":[{"floor":1,"key":"Baka"},{"floor":3,"key":"aspiration:AnachronicSnailShell"},{"floor":3,"key":"aspiration:AnachronicSnailShell"}],"event_choices":[{"damage_healed":0,"gold_gain":0,"player_choice":"Paid Gold","damage_taken":0,"relics_obtained":["Iron Hammer"],"max_hp_gain":0,"max_hp_loss":0,"event_name":"WeMeetAgain","floor":2,"gold_loss":51}],"is_beta":false,"boss_relics":[],"items_purged_floors":[],"is_endless":false,"potions_floor_spawned":[4],"killed_by":"Gremlin Nob","ascension_level":2}}