{"host":"sccdx89hs6cnwb1o","time":1613778246,"event":{"mods":["AchievementEnabler","BaseMod","Block Reminder","Colored Powertips","Highlight Path","Minty Spire (QoL Compilation)","Rare Cards Sparkle"],"gold_per_floor":[118,118,133,145,159,194,194,10,10,41,51,51,69,97,97,200,200,219,219,10,10,23,54,54,69,116,131,131,151,170,185,185,287,287,301,319,244,262,162,162,174,174,201,201,211,211,236,236,236,236,236,236,18,45,45,45],"floor_reached":55,"language":"DEU","playtime":6000,"items_purged":["Defend_G","Strike_G","Strike_G"],"score":713,"play_id":"dca7eb78-ac48-4472-a170-577da15412a5","local_time":"20210220004406","is_ascension_mode":false,"campfire_choices":[{"floor":7,"key":"REST"},{"floor":12,"key":"REST"},{"floor":15,"key":"REST"},{"floor":24,"key":"REST"},{"floor":28,"key":"REST"},{"floor":32,"key":"REST"},{"floor":40,"key":"REST"},{"floor":42,"key":"REST"},{"floor":46,"key":"REST"},{"floor":49,"key":"RECALL"},{"data":"Apotheosis","floor":52,"key":"SMITH"}],"circlet_count":0,"master_deck":["Strike_G","Defend_G","Defend_G","Defend_G","Defend_G","Survivor","Neutralize","Dagger Spray","Catalyst","Escape Plan","Noxious Fumes","Footwork","Apotheosis+1","Dodge and Roll","Backflip","Cloak And Dagger","Malaise","PiercingWail","Envenom","Noxious Fumes","Calculated Gamble","Underhanded Strike","Crippling Poison","Bullet Time","Backflip","Blade Dance","Footwork","Poisoned Stab+1","Catalyst","Deadly Poison","Riddle With Holes+1","Burst","Deadly Poison+1","PiercingWail+1","Dark Shackles","Acrobatics+1"],"relics":["Ring of the Serpent","Pantograph","White Beast Statue","Dream Catcher","InkBottle","Oddly Smooth Stone","Happy Flower","SlaversCollar","Pen Nib","Whetstone","Anchor"],"acts_visited":["Exordium","TheCity","TheBeyond","TheEnding"],"potions_floor_usage":[10,14,14,14,30,33,33,33,38,45,48,50,50],"damage_taken":[{"damage":3,"enemies":"2 Louse","floor":1,"turns":3},{"damage":0,"enemies":"Cultist","floor":3,"turns":3},{"damage":2,"enemies":"Small Slimes","floor":4,"turns":3},{"damage":1,"enemies":"Exordium Wildlife","floor":5,"turns":3},{"damage":54,"enemies":"Gremlin Nob","floor":6,"turns":6},{"damage":7,"enemies":"Lagavulin","floor":10,"turns":4},{"damage":10,"enemies":"Looter","floor":11,"turns":4},{"damage":13,"enemies":"2 Fungi Beasts","floor":13,"turns":3},{"damage":5,"enemies":"Gremlin Nob","floor":14,"turns":6},{"damage":50,"enemies":"Slime Boss","floor":16,"turns":15},{"damage":8,"enemies":"3 Byrds","floor":18,"turns":7},{"damage":17,"enemies":"Spheric Guardian","floor":22,"turns":5},{"damage":46,"enemies":"Gremlin Leader","floor":23,"turns":7},{"damage":16,"enemies":"Snake Plant","floor":25,"turns":6},{"damage":27,"enemies":"Sentry and Sphere","floor":27,"turns":8},{"damage":0,"enemies":"Cultist and Chosen","floor":29,"turns":5},{"damage":7,"enemies":"Snake Plant","floor":30,"turns":5},{"damage":4,"enemies":"Centurion and Healer","floor":31,"turns":7},{"damage":33,"enemies":"Collector","floor":33,"turns":10},{"damage":1,"enemies":"3 Shapes","floor":35,"turns":7},{"damage":40,"enemies":"3 Darklings","floor":36,"turns":5},{"damage":9,"enemies":"Maw","floor":38,"turns":8},{"damage":34,"enemies":"Spire Growth","floor":41,"turns":6},{"damage":3,"enemies":"Transient","floor":45,"turns":5},{"damage":13,"enemies":"Sphere and 2 Shapes","floor":48,"turns":4},{"damage":21,"enemies":"Awakened One","floor":50,"turns":13},{"damage":45,"enemies":"Shield and Spear","floor":54,"turns":7},{"damage":57,"enemies":"The Heart","floor":55,"turns":5}],"seed_played":"-7824130041433213","potions_obtained":[{"floor":1,"key":"SkillPotion"},{"floor":2,"key":"Dexterity Potion"},{"floor":2,"key":"EntropicBrew"},{"floor":10,"key":"Weak Potion"},{"floor":22,"key":"FairyPotion"},{"floor":25,"key":"CunningPotion"},{"floor":27,"key":"Swift Potion"},{"floor":29,"key":"Dexterity Potion"},{"floor":30,"key":"FearPotion"},{"floor":31,"key":"DuplicationPotion"},{"floor":33,"key":"Dexterity Potion"},{"floor":35,"key":"AttackPotion"},{"floor":36,"key":"SkillPotion"},{"floor":38,"key":"SpeedPotion"},{"floor":45,"key":"SmokeBomb"},{"floor":54,"key":"Fire Potion"}],"is_trial":false,"path_per_floor":["M","?","M","M","M","E","R","$","T","E","M","R","M","E","R","B",null,"M","?","$","?","M","E","R","M","T","M","R","M","M","M","R","B",null,"M","M","$","M","$","R","M","R","T","?","M","R","T","M","R","B",null,"R","$","E","B"],"character_chosen":"THE_SILENT","items_purchased":["Apotheosis","Crippling Poison","Bullet Time","Dark Shackles"],"campfire_rested":9,"item_purchase_floors":[8,20,20,53],"current_hp_per_floor":[74,74,74,72,71,17,40,40,40,33,23,46,33,28,51,26,77,69,69,69,69,52,6,29,13,13,10,33,33,26,22,45,37,77,76,36,36,27,27,50,16,39,39,39,36,59,59,46,46,50,77,77,77,32,0,0],"gold":45,"neow_bonus":"TEN_PERCENT_HP_BONUS","is_daily":false,"chose_seed":false,"campfire_upgraded":1,"win_rate":0.0,"timestamp":1613778246,"path_taken":["M","?","M","M","M","E","R","$","T","E","M","R","M","E","R","BOSS","M","?","$","?","?","E","R","M","T","M","R","M","M","M","R","BOSS","M","M","$","M","$","R","M","R","T","?","M","R","?","M","R","BOSS","R","$","E","BOSS"],"items_purchased_type":["Card","Card","Card","Card"],"build_version":"2020-12-22","purchased_purges":3,"victory":false,"max_hp_per_floor":[77,77,77,77,77,77,77,77,77,77,77,77,77,77,77,77,77,77,77,77,77,77,77,77,77,77,77,77,77,77,77,77,77,77,77,77,77,77,77,77,77,77,77,77,77,77,77,77,77,77,77,77,77,77,77,77],"card_choices":[{"not_picked":["Backstab","Slice"],"picked":"Dagger Spray","floor":1},{"not_picked":["Flechettes","Terror"],"picked":"Catalyst","floor":3},{"not_picked":["Blade Dance","Deflect"],"picked":"Escape Plan","floor":4},{"not_picked":["Slice","Outmaneuver"],"picked":"Noxious Fumes","floor":5},{"not_picked":["Reflex","Dagger Throw"],"picked":"Footwork","floor":6},{"not_picked":["Caltrops","After Image"],"picked":"Dodge and Roll","floor":10},{"not_picked":["Sucker Punch","Dagger Spray"],"picked":"Backflip","floor":11},{"not_picked":["Dagger Spray","Tactician"],"picked":"Cloak And Dagger","floor":13},{"not_picked":["Dodge and Roll","Acrobatics"],"picked":"Malaise","floor":14},{"not_picked":["Flechettes","Quick Slash"],"picked":"PiercingWail","floor":15},{"not_picked":["Phantasmal Killer","Adrenaline"],"picked":"Envenom","floor":16},{"not_picked":["Leg Sweep+1","Dagger Throw"],"picked":"Noxious Fumes","floor":18},{"not_picked":["Sucker Punch","Bane"],"picked":"Backflip","floor":22},{"not_picked":["Backstab","Well Laid Plans"],"picked":"Blade Dance","floor":23},{"not_picked":["Tactician","Calculated Gamble+1"],"picked":"Footwork","floor":25},{"not_picked":["Envenom","Dagger Spray"],"picked":"Poisoned Stab","floor":27},{"not_picked":["Calculated Gamble","Well Laid Plans+1"],"picked":"Catalyst","floor":29},{"not_picked":["All Out Attack+1","Masterful Stab"],"picked":"Deadly Poison","floor":30},{"not_picked":["Crippling Poison","Cloak And Dagger+1"],"picked":"Riddle With Holes","floor":31},{"not_picked":["Malaise","Envenom"],"picked":"Burst","floor":33},{"not_picked":["Accuracy+1","Endless Agony"],"picked":"Deadly Poison+1","floor":35},{"not_picked":["Endless Agony+1","Slice+1","Acrobatics"],"picked":"SKIP","floor":36},{"not_picked":["Riddle With Holes","Skewer"],"picked":"PiercingWail+1","floor":38},{"not_picked":["Deadly Poison","Leg Sweep+1","Dash"],"picked":"SKIP","floor":41},{"not_picked":["A Thousand Cuts","Flechettes","Dagger Throw+1"],"picked":"SKIP","floor":45},{"not_picked":["Masterful Stab+1","Blade Dance"],"picked":"Acrobatics+1","floor":54}],"player_experience":78923,"relics_obtained":[{"floor":6,"key":"Pantograph"},{"floor":10,"key":"White Beast Statue"},{"floor":14,"key":"Dream Catcher"},{"floor":23,"key":"Oddly Smooth Stone"},{"floor":26,"key":"Happy Flower"},{"floor":43,"key":"Pen Nib"},{"floor":47,"key":"Whetstone"},{"floor":54,"key":"Anchor"}],"event_choices":[{"damage_healed":0,"gold_gain":0,"player_choice":"Got Potions","damage_taken":0,"max_hp_gain":0,"max_hp_loss":0,"event_name":"Lab","floor":2,"gold_loss":0},{"damage_healed":0,"gold_gain":0,"cards_transformed":["Strike_G","Strike_G"],"player_choice":"Became Test Subject","damage_taken":0,"max_hp_gain":0,"max_hp_loss":0,"event_name":"Drug Dealer","floor":19,"gold_loss":0,"cards_obtained":["Calculated Gamble","Underhanded Strike"]},{"damage_healed":0,"gold_gain":0,"player_choice":"Gave Potion","damage_taken":0,"relics_obtained":["InkBottle"],"max_hp_gain":0,"max_hp_loss":0,"event_name":"WeMeetAgain","floor":21,"gold_loss":0},{"damage_healed":0,"gold_gain":0,"player_choice":"Ignored","damage_taken":0,"max_hp_gain":0,"max_hp_loss":0,"event_name":"Tomb of Lord Red Mask","floor":44,"gold_loss":0}],"is_beta":false,"boss_relics":[{"not_picked":["Sozu","Velvet Choker"],"picked":"Ring of the Serpent"},{"not_picked":["Snecko Eye","HoveringKite"],"picked":"SlaversCollar"}],"items_purged_floors":[37,39,53],"is_endless":false,"potions_floor_spawned":[1,4,6,10,11,13,14,16,18,22,23,25,27,29,30,31,33,35,36,38,41,45,48,54],"killed_by":"The Heart","ascension_level":0}}