{"host":"ywif2ugnepgiw45s","time":1613700277,"event":{"mods":["Act Like it!","BaseMod","Better Skull","Downfall","Elementarium","GifTheSpireLib","Hermit","Lobotomy","Minty Spire (QoL Compilation)","READ ME - Guardian Mod","Shade Mod","Shop Mod","StSLib","The Cursed","The Exalted","The Jungle","The Servant 0.9.4"],"gold_per_floor":[119,135,60,135,152,185,185,185,185,185,204,248,248,310,310,430,430,445,470,470,508,498,542,542,542,542],"floor_reached":25,"language":"ENG","playtime":987,"items_purged":["Shame"],"score":237,"play_id":"eb6d6ba2-c7b3-40dc-9054-0aa1b888ea6b","local_time":"20210218210437","is_ascension_mode":true,"campfire_choices":[{"floor":7,"key":"REST"},{"data":"hermit:Maintenance","floor":10,"key":"SMITH"},{"data":"hermit:TakeCover","floor":13,"key":"SMITH"},{"floor":15,"key":"REST"},{"floor":24,"key":"REST"}],"circlet_count":0,"master_deck":["hermit:Strike_Hermit","hermit:Strike_Hermit","hermit:Strike_Hermit","hermit:Strike_Hermit","hermit:Defend_Hermit","hermit:Defend_Hermit","hermit:Defend_Hermit","hermit:Defend_Hermit","hermit:Snapshot","hermit:Covet","hermit:Maintenance+1","hermit:TakeCover+1","Injury","hermit:Showdown","hermit:Roughhouse","Elementarium:GildedEssence","hermit:Shortfuse"],"relics":["hermit:Momento","Incense Burner","Bromod:ArcaneAwakening","Golden Idol","hermit:RyeStalk","PreservedInsect","Bromod:ArcaneGrace","Juzu Bracelet","Art of War","Meat on the Bone"],"acts_visited":["Exordium","Exordium"],"potions_floor_usage":[25],"damage_taken":[{"damage":1,"enemies":"Jaw Worm","floor":1,"turns":3},{"damage":7,"enemies":"Small Slimes","floor":2,"turns":5},{"damage":0,"enemies":"2 Louse","floor":5,"turns":2},{"damage":33,"enemies":"Gremlin Nob","floor":6,"turns":5},{"damage":11,"enemies":"Lots of Slimes","floor":11,"turns":4},{"damage":2,"enemies":"Lagavulin","floor":12,"turns":8},{"damage":10,"enemies":"Slime Boss","floor":16,"turns":12},{"damage":2,"enemies":"Elementarium:2_ELEMENTALS","floor":18,"turns":6},{"damage":0,"enemies":"Elementarium:VoidCorruption","floor":19,"turns":6},{"damage":62,"enemies":"Slavers","floor":21,"turns":9},{"damage":7,"enemies":"Elementarium:WarGolem","floor":23,"turns":6},{"damage":41,"enemies":"Elementarium:ElementalPortal","floor":25,"turns":9}],"seed_played":"8363112011837951543","potions_obtained":[{"floor":2,"key":"bronze:BurnAndBuffPotion"},{"floor":11,"key":"Weak Potion"},{"floor":12,"key":"EssenceOfSteel"},{"floor":16,"key":"CultistPotion"},{"floor":21,"key":"Block Potion"}],"is_trial":false,"path_per_floor":["M","M","$","?","M","E","R","?","T","R","M","E","R","?","R","B",null,"M","M","?","?","?","E","R","E"],"character_chosen":"HERMIT","items_purchased":[],"campfire_rested":3,"item_purchase_floors":[],"current_hp_per_floor":[74,67,67,56,56,23,45,45,45,45,34,32,32,32,54,44,75,74,74,59,14,14,9,31,0,0],"gold":542,"neow_bonus":"ONE_RARE_RELIC","is_daily":false,"chose_seed":false,"campfire_upgraded":2,"win_rate":0.0,"timestamp":1613700277,"path_taken":["M","M","$","?","M","E","R","?","T","R","M","E","R","?","R","BOSS","M","M","?","?","?","E","R","E"],"items_purchased_type":[],"build_version":"2020-12-22","purchased_purges":1,"victory":false,"max_hp_per_floor":[75,75,75,75,75,75,75,75,75,75,75,75,75,75,75,75,75,75,75,75,75,75,75,75,75,75],"card_choices":[{"not_picked":["hermit:Horror","hermit:SprayPray","hermit:Desperado"],"picked":"SKIP","floor":1},{"not_picked":["hermit:ItchyTrigger","hermit:Quickdraw"],"picked":"hermit:Maintenance","floor":2},{"not_picked":["hermit:HighCaliber","hermit:SprayPray","hermit:CursedWeapon"],"picked":"SKIP","floor":5},{"not_picked":["hermit:Midnight","hermit:Manifest"],"picked":"hermit:TakeCover","floor":6},{"not_picked":["hermit:Ricochet","hermit:SprayPray","hermit:CalledShot"],"picked":"SKIP","floor":11},{"not_picked":["hermit:DeadMansHand","hermit:NoHoldsBarred"],"picked":"hermit:Showdown","floor":12},{"not_picked":["hermit:FinalCanter","hermit:BlackWind"],"picked":"hermit:Roughhouse","floor":16},{"not_picked":["hermit:TakeAim","hermit:CursedWeapon","hermit:Headshot"],"picked":"SKIP","floor":18},{"not_picked":["hermit:GoldenBullet","hermit:Midnight","hermit:HoleUp+1"],"picked":"SKIP","floor":19},{"not_picked":["hermit:SprayPray+1","hermit:Horror"],"picked":"hermit:Shortfuse","floor":23}],"player_experience":1808975,"relics_obtained":[{"floor":6,"key":"Bromod:ArcaneAwakening"},{"floor":9,"key":"hermit:RyeStalk"},{"floor":12,"key":"PreservedInsect"},{"floor":21,"key":"Art of War"},{"floor":23,"key":"Meat on the Bone"}],"event_choices":[{"damage_healed":0,"gold_gain":75,"player_choice":"Gather Gold","damage_taken":11,"max_hp_gain":0,"max_hp_loss":0,"event_name":"World of Goop","floor":4,"gold_loss":0},{"damage_healed":0,"gold_gain":0,"player_choice":"Take Wound","damage_taken":0,"relics_obtained":["Golden Idol"],"max_hp_gain":0,"max_hp_loss":0,"event_name":"Golden Idol","floor":8,"gold_loss":0,"cards_obtained":["Injury"]},{"damage_healed":0,"gold_gain":62,"player_choice":"Gained Gold","damage_taken":0,"max_hp_gain":0,"max_hp_loss":0,"event_name":"Golden Wing","floor":14,"gold_loss":0},{"damage_healed":0,"gold_gain":0,"player_choice":"RE ","damage_taken":17,"relics_obtained":["Juzu Bracelet"],"max_hp_gain":0,"max_hp_loss":0,"event_name":"betterSkull:BetterSkull","floor":20,"gold_loss":0,"cards_upgraded":[]},{"damage_healed":0,"gold_gain":0,"player_choice":"Enter","damage_taken":0,"max_hp_gain":0,"max_hp_loss":0,"event_name":"Elementarium:OtherworldlyPassage","floor":21,"gold_loss":0},{"damage_healed":0,"gold_gain":0,"player_choice":"Toss","damage_taken":0,"max_hp_gain":0,"max_hp_loss":0,"event_name":"Elementarium:OnrushingOffering","floor":22,"gold_loss":10,"cards_obtained":["Elementarium:GildedEssence"]}],"is_beta":false,"boss_relics":[{"not_picked":["Pandora\u0027s Box","Tiny House"],"picked":"Bromod:ArcaneGrace"}],"items_purged_floors":[3],"is_endless":false,"potions_floor_spawned":[2,11,12,16,18,21],"killed_by":"Elementarium:ElementalPortal","ascension_level":1}}