{"host":"dcj2yvrgcvh5dl2s","time":1613736107,"event":{"mods":["BaseMod","Bestiary","Better Note","Block Reminder","Colored Powertips","Curses Come First","DeckTracker","Displayed Cursed Tome","Minty Spire (QoL Compilation)","Quick Restart","Rare Cards Sparkle","Relic Stats","StSLib"],"gold_per_floor":[117,117,136,5,16,16,91,124,124,151,310,310,16,41,50,132,132,132,53,53,53,53,53,53,16,16,16,16,16,16,16,16,16,16,16,16,16,16,16,16,16,16,16,16,16,16,16,16,16,16,16],"floor_reached":50,"language":"ENG","playtime":2471,"items_purged":["Clumsy","Doubt"],"score":1247,"play_id":"ef1b436b-14de-44b9-936a-ceb46cdaf621","local_time":"20210219220147","is_ascension_mode":true,"campfire_choices":[{"data":"Body Slam","floor":6.0,"key":"SMITH"},{"floor":15.0,"key":"REST"},{"data":"True Grit","floor":23.0,"key":"SMITH"},{"floor":27.0,"key":"REST"},{"data":"Entrench","floor":32.0,"key":"SMITH"},{"data":"Armaments","floor":40.0,"key":"SMITH"},{"floor":44.0,"key":"REST"},{"data":"Barricade","floor":47.0,"key":"SMITH"},{"data":"Body Slam","floor":49.0,"key":"SMITH"}],"circlet_count":0,"master_deck":["AscendersBane","Strike_R","Strike_R","Strike_R","Strike_R","Strike_R","Defend_R","Defend_R","Defend_R","Defend_R","Bash","Uppercut+1","True Grit+1","Body Slam+1","Ghostly Armor","Entrench+1","Shrug It Off","Juggernaut","Metallicize","Whirlwind+1","Armaments+1","Infernal Blade","Second Wind","Impervious","Iron Wave","Infernal Blade","Juggernaut","Juggernaut","Pummel+1","Jack Of All Trades","Dramatic Entrance","Finesse","Iron Wave","Infernal Blade","Entrench+1","Fire Breathing+1","Barricade+1","Body Slam+1"],"relics":["Burning Blood","StoneCalendar","Thread and Needle","CeramicFish","Ornamental Fan","Dream Catcher","PreservedInsect","Ectoplasm","Torii","Tiny Chest","Self Forming Clay","Lantern","Sozu","Akabeko","Bottled Lightning","Juzu Bracelet","Blood Vial"],"acts_visited":["Exordium","TheCity","TheBeyond"],"potions_floor_usage":[50],"damage_taken":[{"damage":17.0,"enemies":"Small Slimes","floor":1.0,"turns":6.0},{"damage":5.0,"enemies":"2 Louse","floor":3.0,"turns":3.0},{"damage":5.0,"enemies":"Jaw Worm","floor":5.0,"turns":4.0},{"damage":39.0,"enemies":"Gremlin Nob","floor":8.0,"turns":5.0},{"damage":13.0,"enemies":"Lagavulin","floor":10.0,"turns":8.0},{"damage":11.0,"enemies":"Exordium Thugs","floor":14.0,"turns":7.0},{"damage":0.0,"enemies":"The Guardian","floor":16.0,"turns":8.0},{"damage":0.0,"enemies":"Chosen","floor":18.0,"turns":4.0},{"damage":21.0,"enemies":"Shell Parasite","floor":21.0,"turns":5.0},{"damage":11.0,"enemies":"Centurion and Healer","floor":22.0,"turns":7.0},{"damage":25.0,"enemies":"Slavers","floor":24.0,"turns":4.0},{"damage":17.0,"enemies":"Book of Stabbing","floor":28.0,"turns":5.0},{"damage":0.0,"enemies":"Snake Plant","floor":29.0,"turns":2.0},{"damage":2.0,"enemies":"Slavers","floor":30.0,"turns":6.0},{"damage":22.0,"enemies":"Automaton","floor":33.0,"turns":9.0},{"damage":18.0,"enemies":"3 Shapes","floor":35.0,"turns":3.0},{"damage":8.0,"enemies":"Orb Walker","floor":39.0,"turns":4.0},{"damage":20.0,"enemies":"Jaw Worm Horde","floor":41.0,"turns":5.0},{"damage":2.0,"enemies":"Writhing Mass","floor":42.0,"turns":5.0},{"damage":15.0,"enemies":"Nemesis","floor":45.0,"turns":5.0},{"damage":0.0,"enemies":"Maw","floor":48.0,"turns":7.0},{"damage":73,"enemies":"Awakened One","floor":50,"turns":7}],"seed_played":"7255048897436168741","potions_obtained":[{"floor":3.0,"key":"Regen Potion"},{"floor":14.0,"key":"PowerPotion"},{"floor":18.0,"key":"AttackPotion"},{"floor":20.0,"key":"Strength Potion"},{"floor":21.0,"key":"LiquidBronze"},{"floor":24.0,"key":"Weak Potion"},{"floor":29.0,"key":"Regen Potion"},{"floor":33.0,"key":"DuplicationPotion"}],"is_trial":false,"path_per_floor":["M","?","M","$","M","R","?","E","T","E","?","?","$","M","R","B",null,"M","$","?","M","M","R","E","$","T","R","E","M","E","$","R","B",null,"M","?","T","T","M","R","M","M","T","R","E","$","R","M","R","B"],"character_chosen":"IRONCLAD","items_purchased":["Body Slam","PreservedInsect","Ghostly Armor","Metallicize","Second Wind"],"campfire_rested":3,"item_purchase_floors":[4,13,13,19,25],"current_hp_per_floor":[57,52,53,53,54,54,43,24,24,17,17,17,17,12,34,40,66,72,72,72,57,52,52,33,33,33,55,44,50,69,69,69,53,70,58,48,48,48,46,46,32,36,36,58,49,49,49,57,57,0,0],"gold":16,"neow_bonus":"ONE_RARE_RELIC","is_daily":false,"chose_seed":false,"campfire_upgraded":6,"win_rate":0.0,"timestamp":1613736107,"path_taken":["M","?","M","$","M","R","?","E","T","E","?","?","$","?","R","BOSS","M","$","?","?","?","R","E","$","T","R","E","M","E","?","R","BOSS","M","?","?","?","?","R","M","M","T","R","E","$","R","M","R","BOSS"],"items_purchased_type":["Card","Relic","Card","Card","Card"],"build_version":"2020-12-22","purchased_purges":2,"victory":false,"max_hp_per_floor":[75,75,75,75,75,75,75,75,75,75,75,75,75,75,75,75,75,75,75,75,75,75,75,75,75,75,75,75,75,75,75,75,75,75,75,75,75,75,75,75,75,75,75,75,75,75,75,75,75,75,75],"relic_stats":{"Torii":12,"counters":[22,119],"Self Forming Clay":[48],"CeramicFish":45,"StoneCalendar":[254],"PreservedInsect":175,"Juzu Bracelet":0,"Burning Blood":126,"Sozu":3,"Blood Vial":4,"Dream Catcher":3,"Ornamental Fan":[64],"Tiny Chest":1,"Ectoplasm":623,"obtain_stats":[{"Lantern":30,"Torii":24,"Self Forming Clay":28,"CeramicFish":8,"StoneCalendar":0,"Thread and Needle":2,"PreservedInsect":13,"Juzu Bracelet":43,"Burning Blood":0,"Akabeko":37,"Sozu":34,"Blood Vial":45,"Dream Catcher":10,"Ornamental Fan":9,"Tiny Chest":26,"Ectoplasm":17,"Bottled Lightning":38},{"Lantern":14,"Torii":11,"Self Forming Clay":12,"CeramicFish":4,"StoneCalendar":0,"Thread and Needle":1,"PreservedInsect":5,"Juzu Bracelet":19,"Burning Blood":0,"Akabeko":16,"Sozu":15,"Blood Vial":20,"Dream Catcher":5,"Ornamental Fan":4,"Tiny Chest":11,"Ectoplasm":7,"Bottled Lightning":16},{"Lantern":74,"Torii":61,"Self Forming Clay":66,"CeramicFish":18,"StoneCalendar":0,"Thread and Needle":6,"PreservedInsect":26,"Juzu Bracelet":100,"Burning Blood":0,"Akabeko":86,"Sozu":83,"Blood Vial":105,"Dream Catcher":26,"Ornamental Fan":18,"Tiny Chest":61,"Ectoplasm":41,"Bottled Lightning":86}]},"card_choices":[{"not_picked":["Rampage","Cleave"],"picked":"Uppercut","floor":1.0},{"not_picked":["Headbutt","Wild Strike"],"picked":"True Grit","floor":3.0},{"not_picked":["Rampage","Carnage","Searing Blow"],"picked":"SKIP","floor":5.0},{"not_picked":["Perfected Strike","Bloodletting","Blood for Blood"],"picked":"SKIP","floor":8.0},{"not_picked":["Pommel Strike","Spot Weakness","Combust"],"picked":"SKIP","floor":10.0},{"not_picked":["Heavy Blade","Searing Blow"],"picked":"Entrench","floor":14.0},{"not_picked":["Twin Strike","Warcry"],"picked":"Shrug It Off","floor":15.0},{"not_picked":["Limit Break","Offering"],"picked":"Juggernaut","floor":16.0},{"not_picked":["Havoc","Flame Barrier","Perfected Strike"],"picked":"SKIP","floor":18.0},{"not_picked":["Iron Wave","Cleave"],"picked":"Whirlwind+1","floor":21.0},{"not_picked":["Infernal Blade","Flex"],"picked":"Armaments","floor":22.0},{"not_picked":["Heavy Blade","Clash"],"picked":"Infernal Blade","floor":24.0},{"not_picked":["Shrug It Off","Spot Weakness+1"],"picked":"Impervious","floor":27.0},{"not_picked":["Sentinel","Pommel Strike"],"picked":"Iron Wave","floor":28.0},{"not_picked":["Thunderclap","Anger"],"picked":"Infernal Blade","floor":29.0},{"not_picked":["Whirlwind","Havoc"],"picked":"Juggernaut","floor":30.0},{"not_picked":["Corruption","Fiend Fire"],"picked":"Juggernaut","floor":33.0},{"not_picked":["Armaments","Rage+1"],"picked":"Pummel+1","floor":35.0},{"not_picked":["Madness","Mayhem"],"picked":"Jack Of All Trades","floor":36.0},{"not_picked":["Purity","Transmutation"],"picked":"Dramatic Entrance","floor":36.0},{"not_picked":["Deep Breath","Magnetism"],"picked":"Finesse","floor":36.0},{"not_picked":["Clash","Sword Boomerang"],"picked":"Iron Wave","floor":39.0},{"not_picked":["Perfected Strike","Sword Boomerang"],"picked":"Infernal Blade","floor":41.0},{"not_picked":["Immolate","Thunderclap"],"picked":"Entrench+1","floor":42.0},{"not_picked":["Wild Strike+1","Havoc"],"picked":"Fire Breathing+1","floor":44.0},{"not_picked":["Burning Pact+1","Thunderclap"],"picked":"Barricade","floor":45.0},{"not_picked":["Clothesline","Heavy Blade"],"picked":"Body Slam","floor":48.0}],"player_experience":2449003,"relics_obtained":[{"floor":8.0,"key":"CeramicFish"},{"floor":9.0,"key":"Ornamental Fan"},{"floor":10.0,"key":"Dream Catcher"},{"floor":24.0,"key":"Torii"},{"floor":26.0,"key":"Tiny Chest"},{"floor":28.0,"key":"Self Forming Clay"},{"floor":30.0,"key":"Lantern"},{"floor":37.0,"key":"Akabeko"},{"floor":38.0,"key":"Bottled Lightning"},{"floor":43.0,"key":"Juzu Bracelet"},{"floor":45.0,"key":"Blood Vial"}],"event_choices":[{"damage_healed":0.0,"max_hp_gain":0.0,"max_hp_loss":0.0,"gold_gain":0.0,"event_name":"Scrap Ooze","player_choice":"Success","floor":2.0,"gold_loss":0.0,"damage_taken":5.0,"relics_obtained":["Thread and Needle"]},{"damage_healed":0.0,"max_hp_gain":0.0,"max_hp_loss":0.0,"gold_gain":75.0,"event_name":"World of Goop","player_choice":"Gather Gold","floor":7.0,"gold_loss":0.0,"damage_taken":11.0},{"damage_healed":0.0,"max_hp_gain":0.0,"max_hp_loss":0.0,"gold_gain":150.0,"event_name":"Liars Game","player_choice":"AGREE","floor":11.0,"gold_loss":0.0,"damage_taken":0.0,"cards_obtained":["Doubt"]},{"damage_healed":0.0,"max_hp_gain":0.0,"max_hp_loss":0.0,"gold_gain":0.0,"event_name":"Living Wall","player_choice":"Grow","floor":12.0,"gold_loss":0.0,"damage_taken":0.0,"cards_upgraded":["Uppercut"]},{"damage_healed":0.0,"max_hp_gain":0.0,"max_hp_loss":0.0,"gold_gain":0.0,"event_name":"Lab","player_choice":"Got Potions","floor":20.0,"gold_loss":0.0,"damage_taken":0.0},{"damage_healed":0.0,"max_hp_gain":0.0,"max_hp_loss":0.0,"gold_gain":0.0,"event_name":"SensoryStone","player_choice":"Memory 3","floor":36.0,"gold_loss":0.0,"damage_taken":10.0}],"is_beta":false,"boss_relics":[{"not_picked":["Tiny House","Runic Pyramid"],"picked":"Ectoplasm"},{"not_picked":["Snecko Eye","Fusion Hammer"],"picked":"Sozu"}],"items_purged_floors":[4,13],"is_endless":false,"potions_floor_spawned":[3,14,18,21,24,29,33,39,41,45],"killed_by":"Awakened One","ascension_level":20}}