{"host":"y1nstw52wejfnhs9","time":1613720903,"event":{"mods":["BaseMod","Bestiary","Better Note","Better Skull","Better Third Choice","Custom Start","Minty Spire (QoL Compilation)","Practice Mode","Replay The Spire","SOS???????","StSLib","SuperFastMode","The Bug Knight","The Forsaken","The Wild Card"],"gold_per_floor":[159,84,151,191,213,282,282,25,50,50,118,118,118,149,149,257,257,323,198,253,356,46,114,114,114,168,213,255,328,437,489,489,671,671,734,772,772,31,97,97,201,288,333,333,333,333,415,434,434,474,610],"floor_reached":52,"language":"ENG","playtime":1816,"items_purged":["Defend_Dante","Shoot","Shoot","Defend_Dante+1","Redorb"],"score":2581,"play_id":"828ff25d-abe2-406c-b338-db1ba42ea4bc","local_time":"20210218234823","is_ascension_mode":true,"campfire_choices":[{"data":"Attack_b","floor":7,"key":"SMITH"},{"data":"Provocation","floor":10,"key":"SMITH"},{"data":"Attack_a","floor":13,"key":"SMITH"},{"data":"Attack_a","floor":15,"key":"SMITH"},{"data":"Darkslayer","floor":24,"key":"SMITH"},{"data":"Swordmaster","floor":32,"key":"SMITH"},{"data":"Dash2","floor":40,"key":"SMITH"},{"data":"Swordcombo","floor":45,"key":"SMITH"},{"data":"SSScard","floor":49,"key":"SMITH"}],"circlet_count":0,"master_deck":["AscendersBane","Attack_a+1","Attack_a+1","Attack_b+1","Provocation+1","Defend_Dante+1","Darkslayer+1","Swordmaster+1","Dash2+1","Rebellion","Stinger","Swordcombo+1","SSScard+1","Royaldefend"],"relics":["SSS","Combocheck","Simple Rune","Replay:Bandana","CeramicFish","Anchor","ReplayTheSpireMod:DimensionalGlitch","Medical Kit","Centennial Puzzle","Orichalcum","Pen Nib","Blue Candle","Pantograph","SlaversCollar","Replay:Accelerometer","Chameleon Ring","Mango","ReplayTheSpireMod:Lightbulb","theForsaken:Gavel","Oddly Smooth Stone"],"acts_visited":["Exordium","TheCity","TheBeyond"],"potions_floor_usage":[6,6,50,50],"damage_taken":[{"damage":0,"enemies":"Cultist","floor":1,"turns":3},{"damage":0,"enemies":"2 Louse","floor":3,"turns":3},{"damage":4,"enemies":"Small Slimes","floor":4,"turns":4},{"damage":0,"enemies":"2 Fungi Beasts","floor":5,"turns":2},{"damage":0,"enemies":"Lagavulin","floor":6,"turns":4},{"damage":42,"enemies":"3 Sentries","floor":11,"turns":12},{"damage":0,"enemies":"Red Slaver","floor":14,"turns":1},{"damage":6,"enemies":"The Guardian","floor":16,"turns":7},{"damage":0,"enemies":"Spheric Guardian","floor":18,"turns":1},{"damage":0,"enemies":"Shell Parasite","floor":20,"turns":3},{"damage":9,"enemies":"Centurion and Healer","floor":21,"turns":2},{"damage":0,"enemies":"Slavers","floor":23,"turns":1},{"damage":0,"enemies":"HollowMod:Nosk","floor":27,"turns":3},{"damage":0,"enemies":"3 Cultists","floor":29,"turns":2},{"damage":0,"enemies":"Gremlin Leader","floor":30,"turns":2},{"damage":0,"enemies":"Sentry and Sphere","floor":31,"turns":2},{"damage":0,"enemies":"Pondfish","floor":33,"turns":2},{"damage":22,"enemies":"3 Shapes","floor":35,"turns":3},{"damage":0,"enemies":"3 Darklings","floor":36,"turns":1},{"damage":0,"enemies":"Mind Bloom Boss Battle","floor":39,"turns":1},{"damage":0,"enemies":"Reptomancer","floor":41,"turns":2},{"damage":0,"enemies":"Maw","floor":42,"turns":2},{"damage":0,"enemies":"HollowMod:StalkingDevout","floor":47,"turns":1},{"damage":0,"enemies":"4 Shapes","floor":48,"turns":2},{"damage":14,"enemies":"Time Eater","floor":50,"turns":4},{"damage":0,"enemies":"Awakened One","floor":51,"turns":2}],"seed_played":"-7762531875875986870","potions_obtained":[{"floor":3,"key":"DuplicationPotion"},{"floor":4,"key":"DuplicationPotion"},{"floor":11,"key":"PowerPotion"},{"floor":12,"key":"Flashbang"},{"floor":16,"key":"Elixir"}],"is_trial":false,"path_per_floor":["M","$","M","M","M","E","R","$","T","R","E","?","R","M","R","B",null,"M","$","M","M","$","E","R","?","T","E","?","M","E","M","R","B",null,"M","M","?","$","?","R","E","M","T","?","R","?","E","M","R","B","B",null],"character_chosen":"DANTE","items_purchased":["Replay:Bandana","Medical Kit","Replay:Accelerometer","Chameleon Ring"],"campfire_rested":0,"item_purchase_floors":[8,22,38,38],"current_hp_per_floor":[68,68,68,64,64,64,64,64,64,64,22,22,22,22,22,16,60,60,60,60,51,51,51,51,51,51,51,21,21,21,21,21,34,65,43,43,43,43,70,70,70,70,70,70,70,62,62,62,62,61,74],"gold":610,"neow_bonus":"RANDOM_EVENT","is_daily":false,"chose_seed":false,"campfire_upgraded":9,"win_rate":0.0,"timestamp":1613720903,"path_taken":["M","$","M","?","M","E","R","$","T","R","E","?","R","M","R","BOSS","M","$","M","?","$","E","R","?","T","E","?","M","E","?","R","BOSS","M","M","?","$","?","R","E","M","T","?","R","?","E","M","R","BOSS","BOSS"],"items_purchased_type":["Relic","Relic","Relic","Relic"],"build_version":"2020-12-22","purchased_purges":5,"victory":true,"max_hp_per_floor":[75,75,75,75,75,75,75,75,75,75,75,75,75,75,75,75,75,75,75,75,75,75,75,75,75,75,75,75,75,75,75,75,75,75,75,75,75,75,89,89,89,89,89,89,89,89,89,89,89,89,89],"card_choices":[{"not_picked":["VitalstarS","BeastUppercut","LucifercomboB"],"picked":"SKIP","floor":1},{"not_picked":["Whiteorb","DT","VitalstarS"],"picked":"SKIP","floor":3},{"not_picked":["Unrisingdragon","Airhike","Chargeshoot2"],"picked":"SKIP","floor":4},{"not_picked":["VitalstarM","Whiteorb","Weaponupgrade"],"picked":"SKIP","floor":5},{"not_picked":["Hightime","Whiteorb","Chargeshoot"],"picked":"SKIP","floor":6},{"not_picked":["Pandora","Chargeshoot2","BeastUppercut"],"picked":"SKIP","floor":11},{"not_picked":["Blueorb","Millionkick","Unrisingdragon"],"picked":"SKIP","floor":14},{"not_picked":["Goldorb","DevilstarL"],"picked":"Darkslayer","floor":16},{"not_picked":["Ecstasy","Whiteorb","VitalstarM"],"picked":"SKIP","floor":18},{"not_picked":["Gunslinger","Pandora","Millionkick"],"picked":"SKIP","floor":20},{"not_picked":["LucifercomboC","BeastUppercut"],"picked":"Swordmaster","floor":21},{"not_picked":["Fullhouse","Holywater","Hightime"],"picked":"SKIP","floor":23},{"not_picked":["LucifercomboB+1","Chargeshoot2","Dash2"],"picked":"SKIP","floor":27},{"not_picked":["LucifercomboB+1","Chargeshoot2"],"picked":"Dash2","floor":27},{"not_picked":["Chargeshoot","Weaponupgrade"],"picked":"Rebellion","floor":28},{"not_picked":["Chargeshoot+1","Shock","Splesh"],"picked":"SKIP","floor":29},{"not_picked":["Lucifer","Weaponchange","Dash1"],"picked":"SKIP","floor":30},{"not_picked":["Weaponupgrade","Lucifer"],"picked":"Stinger","floor":31},{"not_picked":["VitalstarL","Trickster"],"picked":"Swordcombo","floor":33},{"not_picked":["Ecstasy","Pandora"],"picked":"SSScard","floor":35},{"not_picked":["Dash1+1","Chargeshoot+1","LucifercomboB+1"],"picked":"SKIP","floor":36},{"not_picked":["Ecstasy+1","Lucifer+1"],"picked":"Royaldefend","floor":39},{"not_picked":["Gilgamesh+1","Gunslinger","DT"],"picked":"SKIP","floor":41},{"not_picked":["Millionkick+1","Doubleshoot","Airhike"],"picked":"SKIP","floor":42},{"not_picked":["Darkslayer","Unrisingdragon+1"],"picked":"Royaldefend","floor":47},{"not_picked":["EbonyIvory","Greenorb","Fullhouse"],"picked":"SKIP","floor":48}],"player_experience":451379,"relics_obtained":[{"floor":6,"key":"Simple Rune"},{"floor":9,"key":"CeramicFish"},{"floor":11,"key":"Anchor"},{"floor":23,"key":"Centennial Puzzle"},{"floor":26,"key":"Orichalcum"},{"floor":27,"key":"Pen Nib"},{"floor":28,"key":"Blue Candle"},{"floor":30,"key":"Pantograph"},{"floor":39,"key":"Mango"},{"floor":41,"key":"ReplayTheSpireMod:Lightbulb"},{"floor":43,"key":"theForsaken:Gavel"},{"floor":47,"key":"Oddly Smooth Stone"}],"event_choices":[{"cards_removed":["Defend_Dante"],"damage_healed":0,"gold_gain":0,"player_choice":"Forget","damage_taken":0,"max_hp_gain":0,"max_hp_loss":0,"event_name":"Living Wall","floor":0,"gold_loss":0},{"damage_healed":0,"gold_gain":0,"player_choice":"Got Potions","damage_taken":0,"max_hp_gain":0,"max_hp_loss":0,"event_name":"Lab","floor":12,"gold_loss":0},{"damage_healed":0,"gold_gain":0,"player_choice":"Ignored","damage_taken":0,"max_hp_gain":0,"max_hp_loss":0,"event_name":"Ghosts","floor":25,"gold_loss":0},{"damage_healed":0,"gold_gain":0,"player_choice":"Fight","damage_taken":0,"max_hp_gain":0,"max_hp_loss":0,"event_name":"MindBloom","floor":39,"gold_loss":0},{"cards_removed":["Royaldefend"],"damage_healed":0,"gold_gain":0,"player_choice":"Removed Skill","damage_taken":0,"max_hp_gain":0,"max_hp_loss":0,"event_name":"Falling","floor":44,"gold_loss":0},{"damage_healed":0,"gold_gain":0,"player_choice":"Bought 0 Potions","damage_taken":0,"max_hp_gain":0,"max_hp_loss":0,"event_name":"The Woman in Blue","floor":46,"gold_loss":0}],"is_beta":false,"boss_relics":[{"not_picked":["Replay:Wanted Poster","Busted Crown"],"picked":"ReplayTheSpireMod:DimensionalGlitch"},{"not_picked":["Replay:Bronze Core","Replay:Ancient Bell"],"picked":"SlaversCollar"}],"items_purged_floors":[2,8,19,22,38],"is_endless":false,"potions_floor_spawned":[3,4,11,16,20,21,30,31,35,39,42,47],"ascension_level":20}}