{"host":"n1v11un6j7y72mz7","time":1613735004,"event":{"mods":["Act Like it!","BaseMod","Downfall","Minty Spire (QoL Compilation)","Reliquary","StSLib","The Animator","Waifu the Spire"],"gold_per_floor":[117,192,68,87,103,103,117,136,182,182,182,4,4,17,33,33,33,33],"floor_reached":17,"language":"ZHS","playtime":437,"items_purged":["Strike_G","Defend_G"],"score":119,"play_id":"d044ec47-54b6-4b61-a616-45b0db726f21","local_time":"20210219194324","is_ascension_mode":true,"campfire_choices":[{"data":"Prepared","floor":6,"key":"SMITH"},{"data":"Acrobatics","floor":11,"key":"SMITH"},{"data":"Calculated Gamble","floor":16,"key":"SMITH"}],"circlet_count":0,"master_deck":["Strike_G","Strike_G","Strike_G","Defend_G","Defend_G","Defend_G","Defend_G","Survivor","Neutralize","Prepared+1","Acrobatics","Dagger Spray","Acrobatics+1","Calculated Gamble+1"],"relics":["Ring of the Snake","Ancient Tea Set","Ninja Scroll"],"acts_visited":["Exordium"],"potions_floor_usage":[7,13,17,17,17],"damage_taken":[{"damage":4,"enemies":"Small Slimes","floor":1,"turns":4},{"damage":8,"enemies":"Cultist","floor":4,"turns":5},{"damage":4,"enemies":"Jaw Worm","floor":5,"turns":5},{"damage":0,"enemies":"Lots of Slimes","floor":7,"turns":2},{"damage":5,"enemies":"3 Louse","floor":8,"turns":2},{"damage":0,"enemies":"Large Slime","floor":14,"turns":5},{"damage":4,"enemies":"Red Slaver","floor":15,"turns":4},{"damage":0,"enemies":"Hexaghost","floor":17,"turns":2}],"seed_played":"3606416062966695364","potions_obtained":[{"floor":5,"key":"DistilledChaos"},{"floor":7,"key":"Poison Potion"},{"floor":13,"key":"Fruit Juice"},{"floor":13,"key":"FearPotion"},{"floor":13,"key":"SpeedPotion"},{"floor":14,"key":"Ancient Potion"}],"is_trial":false,"path_per_floor":["M","?","$","M","M","R","M","M","T","T","R","$","?","M","M","R","B"],"character_chosen":"THE_SILENT","items_purchased":["Acrobatics","Calculated Gamble"],"campfire_rested":0,"item_purchase_floors":[3,12],"current_hp_per_floor":[66,59,59,51,47,47,47,42,42,42,42,42,47,47,43,43,43,43],"gold":33,"neow_bonus":"REMOVE_CARD","is_daily":false,"chose_seed":false,"campfire_upgraded":3,"win_rate":0.0,"timestamp":1613735004,"path_taken":["M","?","$","M","?","R","M","M","T","T","R","?","?","?","M","R","BOSS"],"items_purchased_type":["Card","Card"],"build_version":"2020-12-22","purchased_purges":2,"victory":false,"max_hp_per_floor":[70,70,70,70,70,70,70,70,70,70,70,70,75,75,75,75,75,75],"card_choices":[{"not_picked":["Blade Dance","Backflip"],"picked":"Prepared","floor":1},{"not_picked":["Bane","Setup","Expertise"],"picked":"SKIP","floor":4},{"not_picked":["Cloak And Dagger","Leg Sweep"],"picked":"Dagger Spray","floor":5},{"not_picked":["Quick Slash","Underhanded Strike","Dagger Throw"],"picked":"SKIP","floor":7},{"not_picked":["Noxious Fumes","Endless Agony"],"picked":"Acrobatics","floor":8},{"not_picked":["Cloak And Dagger","Expertise","Dagger Throw"],"picked":"SKIP","floor":14},{"not_picked":["Bouncing Flask","Quick Slash","Skewer"],"picked":"SKIP","floor":15}],"player_experience":220684,"relics_obtained":[{"floor":9,"key":"Ancient Tea Set"},{"floor":10,"key":"Ninja Scroll"}],"event_choices":[{"damage_healed":0,"gold_gain":75,"player_choice":"Touch","damage_taken":7,"max_hp_gain":0,"max_hp_loss":0,"event_name":"FaceTrader","floor":2,"gold_loss":0},{"damage_healed":0,"gold_gain":0,"player_choice":"Got Potions","damage_taken":0,"max_hp_gain":0,"max_hp_loss":0,"event_name":"Lab","floor":13,"gold_loss":0}],"is_beta":false,"boss_relics":[],"items_purged_floors":[3,12],"is_endless":false,"potions_floor_spawned":[5,7,14],"killed_by":"Hexaghost","ascension_level":4}}