{"host":"i0avyit1s6jb1siw","time":1613747150,"event":{"mods":["BaseMod","DeckTracker","Dota2Spire","Highlight Path","Minty Spire (QoL Compilation)","Quick Restart","StSLib","SuperFastMode"],"gold_per_floor":[116,88,101,101,66,66,100,100,129,129,129,162,219,235,235,267,280,280,354,354,374,404,329,339,254,254,287,306,306,381,381,406,406,256,268,168,168,168,246,246,264,139,186,206,220,220,250,250,250,250,300,311,330,355,355,355,355,355,355,355,36,64,64],"floor_reached":64,"language":"ENG","playtime":2611,"items_purged":["Accuracy","All Out Attack+1","Underhanded Strike","Dash"],"score":3572,"play_id":"71d87b3f-14d9-4e3e-a1ac-51a618cfbc68","local_time":"20210219160550","is_ascension_mode":true,"campfire_choices":[{"data":"Venomology","floor":6.0,"key":"SMITH"},{"data":"All Out Attack","floor":8.0,"key":"SMITH"},{"data":"Prepared","floor":15.0,"key":"SMITH"},{"data":"Tactician","floor":18.0,"key":"SMITH"},{"floor":26.0,"key":"REST"},{"data":"Reflex","floor":29.0,"key":"SMITH"},{"data":"Well Laid Plans","floor":38,"key":"SMITH"},{"floor":46,"key":"RECALL"},{"data":"Wraith Form v2","floor":48,"key":"SMITH"},{"data":"Calculated Gamble","floor":50,"key":"SMITH"},{"data":"After Image","floor":55,"key":"SMITH"},{"data":"Burst","floor":56,"key":"SMITH"},{"data":"Dodge and Roll","floor":60,"key":"SMITH"}],"circlet_count":0,"master_deck":["AscendersBane","Survivor","Neutralize","Escape Plan","Terror","Infinite Blades+1","Venomology+1","Reflex+1","Tactician+1","Deflect","Dodge and Roll+1","Escape Plan","Prepared+1","Reflex+1","Burst+1","Calculated Gamble+1","Grand Finale","Acrobatics+1","Wraith Form v2+1","Well Laid Plans+1","After Image+1"],"relics":["Pandora\u0027s Box","Gremlin Horn","Dota2Spire:DrumOfEndurance","Potion Belt","Dota2Spire:MantaStyle","StoneCalendar","Toy Ornithopter","Dota2Spire:RefresherOrb","Red Mask","Pantograph","Dota2Spire:CrimsonGuard","Toxic Egg 2","Dota2Spire:AghanimScepter","Bird Faced Urn","SacredBark","TungstenRod","Bottled Tornado","Tough Bandages","Dota2Spire:PowerTreads","ClockworkSouvenir","Lantern"],"acts_visited":["Exordium","TheCity","TheBeyond","TheEnding"],"potions_floor_usage":[32,35,39,41,43,44,44,45,47,52,54,57,58,63],"damage_taken":[{"damage":0.0,"enemies":"2 Louse","floor":1.0,"turns":2.0},{"damage":9.0,"enemies":"Jaw Worm","floor":3.0,"turns":3.0},{"damage":7.0,"enemies":"Gremlin Nob","floor":7.0,"turns":3.0},{"damage":0.0,"enemies":"Lagavulin","floor":9.0,"turns":4.0},{"damage":10.0,"enemies":"Gremlin Nob","floor":12.0,"turns":3.0},{"damage":8.0,"enemies":"Gremlin Nob","floor":13.0,"turns":3.0},{"damage":4.0,"enemies":"Small Slimes","floor":14.0,"turns":2.0},{"damage":0.0,"enemies":"Lagavulin","floor":16.0,"turns":3.0},{"damage":10.0,"enemies":"Exordium Wildlife","floor":17.0,"turns":4.0},{"damage":8.0,"enemies":"Hexaghost","floor":19.0,"turns":8.0},{"damage":6.0,"enemies":"3 Byrds","floor":21.0,"turns":3.0},{"damage":45.0,"enemies":"Masked Bandits","floor":22.0,"turns":4.0},{"damage":0.0,"enemies":"Chosen","floor":24.0,"turns":3.0},{"damage":9.0,"enemies":"Book of Stabbing","floor":27.0,"turns":4.0},{"damage":11.0,"enemies":"3 Cultists","floor":28.0,"turns":5.0},{"damage":0,"enemies":"Slavers","floor":32,"turns":1},{"damage":18,"enemies":"Sentry and Sphere","floor":35,"turns":5},{"damage":0,"enemies":"Automaton","floor":39,"turns":3},{"damage":12,"enemies":"Orb Walker","floor":41,"turns":2},{"damage":0,"enemies":"2 Orb Walkers","floor":43,"turns":2},{"damage":9,"enemies":"3 Darklings","floor":44,"turns":3},{"damage":14,"enemies":"Transient","floor":45,"turns":5},{"damage":0,"enemies":"Giant Head","floor":47,"turns":2},{"damage":0,"enemies":"Spire Growth","floor":52,"turns":2},{"damage":0,"enemies":"Jaw Worm Horde","floor":53,"turns":2},{"damage":0,"enemies":"Reptomancer","floor":54,"turns":1},{"damage":0,"enemies":"Time Eater","floor":57,"turns":6},{"damage":11,"enemies":"Donu and Deca","floor":58,"turns":3},{"damage":0,"enemies":"Shield and Spear","floor":62,"turns":1},{"damage":0,"enemies":"The Heart","floor":63,"turns":6}],"seed_played":"188609892849774764","potions_obtained":[{"floor":3.0,"key":"DistilledChaos"},{"floor":12.0,"key":"Dota2Spire:HealingSalve"},{"floor":13.0,"key":"DistilledChaos"},{"floor":19.0,"key":"LiquidBronze"},{"floor":22.0,"key":"AttackPotion"},{"floor":28.0,"key":"EntropicBrew"}],"is_trial":false,"path_per_floor":["M","$","M","?","?","R","E","R","E","T","T","E","?","M","R","E","M","R","B",null,"M","?","?","M","?","R","E","M","R","T","T","E","?","$","M","$","?","R","B",null,"M","$","?","M","M","R","E","R","T","R","?","M","M","E","R","R","B","B",null,"R","$","E","B",null],"character_chosen":"THE_SILENT","items_purchased":["Deflect","Well Laid Plans","ClockworkSouvenir"],"campfire_rested":1,"item_purchase_floors":[2,34,61],"current_hp_per_floor":[59,59,50,30,46,46,39,39,39,39,39,29,21,17,17,17,18,18,20,55,54,14,14,19,19,38,43,37,37,37,37,42,42,42,35,35,35,35,66,66,59,59,66,60,57,57,66,66,66,66,66,66,66,66,66,66,66,60,65,65,65,66,66],"gold":64,"neow_bonus":"BOSS_RELIC","is_daily":false,"chose_seed":false,"campfire_upgraded":11,"win_rate":0.0,"timestamp":1613747150,"path_taken":["M","$","M","?","?","R","E","R","E","T","T","E","?","M","R","E","M","R","BOSS","M","?","?","?","?","R","E","M","R","T","T","E","?","$","M","$","?","R","BOSS","M","$","?","M","M","R","E","R","T","R","?","M","?","E","R","R","BOSS","BOSS","R","$","E","BOSS"],"items_purchased_type":["Card","Card","Relic"],"build_version":"2020-12-22","purchased_purges":4,"victory":true,"max_hp_per_floor":[66,66,66,66,66,66,66,66,66,66,66,66,66,66,66,66,66,66,66,66,66,66,66,66,66,66,66,66,66,66,66,66,66,66,66,66,66,66,66,66,66,66,66,66,66,66,66,66,66,66,66,66,66,66,66,66,66,66,66,66,66,66,66],"card_choices":[{"not_picked":["Finisher","Well Laid Plans"],"picked":"Underhanded Strike","floor":1.0},{"not_picked":["Dagger Spray","Riddle With Holes"],"picked":"Dodge and Roll","floor":3.0},{"not_picked":["Dodge and Roll","PiercingWail"],"picked":"Escape Plan","floor":7.0},{"not_picked":["Skewer","Deflect"],"picked":"Dash","floor":9.0},{"not_picked":["Footwork","Tactician"],"picked":"Prepared","floor":12.0},{"not_picked":["Infinite Blades","Crippling Poison"],"picked":"Reflex","floor":14.0},{"not_picked":["Poisoned Stab","Outmaneuver"],"picked":"Burst","floor":16.0},{"not_picked":["Flying Knee","Poisoned Stab"],"picked":"Calculated Gamble","floor":17.0},{"not_picked":["Adrenaline","Envenom"],"picked":"Grand Finale","floor":19.0},{"not_picked":["Endless Agony","Dagger Spray+1","Dash+1"],"picked":"SKIP","floor":21.0},{"not_picked":["Footwork+1","Quick Slash","Deflect"],"picked":"SKIP","floor":24.0},{"not_picked":["Blur","Reflex","Accuracy"],"picked":"SKIP","floor":27.0},{"not_picked":["Cloak And Dagger","Bouncing Flask"],"picked":"Acrobatics+1","floor":28.0},{"not_picked":["Predator","Crippling Poison+1"],"picked":"Wraith Form v2","floor":32},{"not_picked":["Dodge and Roll+1","Dagger Spray","Heel Hook"],"picked":"SKIP","floor":35},{"not_picked":["Quick Slash","Concentrate+1","Skewer"],"picked":"SKIP","floor":41},{"not_picked":["Reflex+1","Slice+1","PiercingWail+1"],"picked":"SKIP","floor":44},{"not_picked":["Underhanded Strike","Slice","Concentrate+1"],"picked":"SKIP","floor":45},{"not_picked":["Dagger Throw+1","Setup+1","Eviscerate"],"picked":"SKIP","floor":47},{"not_picked":["Caltrops+1","Tactician+1","Heel Hook"],"picked":"SKIP","floor":52},{"not_picked":["Predator+1","Leg Sweep+1","Poisoned Stab+1"],"picked":"SKIP","floor":53},{"not_picked":["Sucker Punch","Outmaneuver+1"],"picked":"After Image","floor":54},{"not_picked":["Choke+1","Bane","Eviscerate"],"picked":"SKIP","floor":62}],"player_experience":2466154,"relics_obtained":[{"floor":7.0,"key":"Gremlin Horn"},{"floor":9.0,"key":"Dota2Spire:DrumOfEndurance"},{"floor":11.0,"key":"Potion Belt"},{"floor":12.0,"key":"Dota2Spire:MantaStyle"},{"floor":13.0,"key":"StoneCalendar"},{"floor":16.0,"key":"Toy Ornithopter"},{"floor":22.0,"key":"Red Mask"},{"floor":27.0,"key":"Dota2Spire:CrimsonGuard"},{"floor":30.0,"key":"Toxic Egg 2"},{"floor":31.0,"key":"Dota2Spire:AghanimScepter"},{"floor":32,"key":"Bird Faced Urn"},{"floor":43,"key":"TungstenRod"},{"floor":47,"key":"Bottled Tornado"},{"floor":49,"key":"Tough Bandages"},{"floor":54,"key":"Dota2Spire:PowerTreads"},{"floor":62,"key":"Lantern"}],"event_choices":[{"damage_healed":0.0,"max_hp_gain":0.0,"max_hp_loss":0.0,"gold_gain":0.0,"event_name":"Shining Light","player_choice":"Entered Light","floor":4.0,"gold_loss":0.0,"damage_taken":20.0,"cards_upgraded":["Reflex","Infinite Blades"]},{"damage_healed":16.0,"max_hp_gain":0.0,"max_hp_loss":0.0,"gold_gain":0.0,"event_name":"The Cleric","player_choice":"Healed","floor":5.0,"gold_loss":35.0,"damage_taken":0.0},{"damage_healed":0.0,"max_hp_gain":0.0,"max_hp_loss":0.0,"gold_gain":0.0,"event_name":"Dead Adventurer","player_choice":"Searched \u00271\u0027 times","floor":13.0,"gold_loss":0.0,"damage_taken":0.0},{"damage_healed":0.0,"max_hp_gain":0.0,"max_hp_loss":0.0,"gold_gain":0.0,"event_name":"Masked Bandits","player_choice":"Fought Bandits","floor":22.0,"gold_loss":0.0,"damage_taken":0.0},{"cards_removed":["Dagger Spray"],"damage_healed":0.0,"max_hp_gain":0.0,"max_hp_loss":0.0,"gold_gain":0.0,"event_name":"Beggar","player_choice":"Gave Gold","floor":23.0,"gold_loss":75.0,"damage_taken":0.0},{"damage_healed":0.0,"max_hp_gain":0.0,"max_hp_loss":0.0,"gold_gain":0.0,"event_name":"Addict","player_choice":"Obtained Relic","floor":25.0,"gold_loss":85.0,"damage_taken":0.0,"relics_obtained":["Pantograph"]},{"cards_removed":["Unload"],"damage_healed":0,"gold_gain":0,"player_choice":"Elegance","damage_taken":0,"max_hp_gain":0,"max_hp_loss":0,"event_name":"Back to Basics","floor":33,"gold_loss":0},{"damage_healed":0,"gold_gain":0,"player_choice":"Ignored","damage_taken":0,"max_hp_gain":0,"max_hp_loss":0,"event_name":"The Mausoleum","floor":37,"gold_loss":0},{"damage_healed":0,"gold_gain":0,"player_choice":"Fight","damage_taken":0,"max_hp_gain":0,"max_hp_loss":0,"event_name":"Mysterious Sphere","floor":43,"gold_loss":0},{"damage_healed":0,"gold_gain":50,"player_choice":"Pray","damage_taken":0,"max_hp_gain":0,"max_hp_loss":0,"event_name":"Golden Shrine","floor":51,"gold_loss":0}],"is_beta":false,"boss_relics":[{"not_picked":["Philosopher\u0027s Stone","SlaversCollar"],"picked":"Dota2Spire:RefresherOrb"},{"not_picked":["Cursed Key","Velvet Choker"],"picked":"SacredBark"}],"items_purged_floors":[34,36,42,61],"is_endless":false,"potions_floor_spawned":[3,12,13,17,19,22,27,28,41,44,45,52,54],"ascension_level":20}}