{"host":"ut3q8wc68upnfjmc","time":1613758267,"event":{"mods":["BaseMod","Colored Map","Colored Powertips","Downfall","Minty Spire (QoL Compilation)","StSLib","Unceasing Turn Reminder"],"gold_per_floor":[116,116,291,311,61,61,136,136,136,165,178,178,143,160,160,259,309,328,347,23,23,0,0,0],"floor_reached":23,"language":"ENG","playtime":783,"items_purged":["Doubt"],"score":224,"play_id":"6f957b33-b3ac-4236-b744-1d9faa437970","local_time":"20210219121107","is_ascension_mode":true,"campfire_choices":[{"data":"Metamorphosis","floor":6,"key":"SMITH"},{"data":"Flex","floor":8,"key":"SMITH"},{"data":"Uppercut","floor":12,"key":"SMITH"},{"data":"Flame Barrier","floor":15,"key":"SMITH"}],"circlet_count":0,"master_deck":["Strike_R","Strike_R","Strike_R","Strike_R","Strike_R","Defend_R","Defend_R","Defend_R","Defend_R","Bash","Flex+1","Pommel Strike+1","Metamorphosis+1","Thunderclap","Uppercut+1","Flame Barrier+1","Demon Form","Heavy Blade","Entrench","Feel No Pain","Inflame","Writhe"],"relics":["Burning Blood","Toy Ornithopter","Mercury Hourglass","Gremlin Horn","Juzu Bracelet","Tiny House","Bottled Tornado","Dead Branch"],"acts_visited":["Exordium","TheCity"],"potions_floor_usage":[10,19],"damage_taken":[{"damage":16,"enemies":"Jaw Worm","floor":1,"turns":4},{"damage":0,"enemies":"2 Louse","floor":4,"turns":2},{"damage":20,"enemies":"3 Sentries","floor":10,"turns":5},{"damage":5,"enemies":"Small Slimes","floor":11,"turns":3},{"damage":3,"enemies":"Blue Slaver","floor":14,"turns":3},{"damage":38,"enemies":"Hexaghost","floor":16,"turns":8},{"damage":20,"enemies":"3 Byrds","floor":18,"turns":4},{"damage":28,"enemies":"Shell Parasite","floor":19,"turns":4},{"damage":57,"enemies":"Slavers","floor":23,"turns":3}],"seed_played":"399523152278480708","potions_obtained":[{"floor":1,"key":"GamblersBrew"},{"floor":16,"key":"FearPotion"},{"floor":17,"key":"FearPotion"},{"floor":19,"key":"Fire Potion"}],"is_trial":false,"path_per_floor":["M","?","?","M","$","R","?","R","T","E","M","R","?","M","R","B",null,"M","M","$","?","?","E"],"character_chosen":"IRONCLAD","items_purchased":["Metamorphosis","Bottled Tornado","Inflame"],"campfire_rested":0,"item_purchase_floors":[5,20,20],"current_hp_per_floor":[70,58,58,64,64,64,53,53,53,44,45,45,65,68,68,36,85,71,54,54,54,54,0,0],"gold":0,"neow_bonus":"RANDOM_COMMON_RELIC","is_daily":false,"chose_seed":false,"campfire_upgraded":4,"win_rate":0.0,"timestamp":1613758267,"path_taken":["M","?","?","?","$","R","?","R","T","E","M","R","?","M","R","BOSS","M","M","$","?","?","E"],"items_purchased_type":["Card","Relic","Card"],"build_version":"2020-12-22","purchased_purges":1,"victory":false,"max_hp_per_floor":[80,80,80,80,80,80,80,80,80,80,80,80,80,80,80,80,85,85,85,85,85,85,85,85],"card_choices":[{"not_picked":["Disarm","Headbutt"],"picked":"Flex","floor":1},{"not_picked":["Iron Wave","Sword Boomerang"],"picked":"Pommel Strike","floor":4},{"not_picked":["Sever Soul","Burning Pact"],"picked":"Thunderclap","floor":10},{"not_picked":["Body Slam","Wild Strike"],"picked":"Uppercut","floor":11},{"not_picked":["Uppercut","Metallicize"],"picked":"Flame Barrier","floor":14},{"not_picked":["Reaper","Exhume"],"picked":"Demon Form","floor":16},{"not_picked":["Clash","Ghostly Armor"],"picked":"Heavy Blade","floor":17},{"not_picked":["Twin Strike","Thunderclap"],"picked":"Entrench","floor":18},{"not_picked":["Clash+1","Iron Wave"],"picked":"Feel No Pain","floor":19}],"player_experience":55352,"relics_obtained":[{"floor":9,"key":"Gremlin Horn"},{"floor":10,"key":"Juzu Bracelet"}],"event_choices":[{"damage_healed":0,"gold_gain":0,"player_choice":"Success","damage_taken":12,"relics_obtained":["Mercury Hourglass"],"max_hp_gain":0,"max_hp_loss":0,"event_name":"Scrap Ooze","floor":2,"gold_loss":0},{"damage_healed":0,"gold_gain":175,"player_choice":"AGREE","damage_taken":0,"max_hp_gain":0,"max_hp_loss":0,"event_name":"Liars Game","floor":3,"gold_loss":0,"cards_obtained":["Doubt"]},{"damage_healed":0,"gold_gain":75,"player_choice":"Gather Gold","damage_taken":11,"max_hp_gain":0,"max_hp_loss":0,"event_name":"World of Goop","floor":7,"gold_loss":0},{"damage_healed":20,"gold_gain":0,"player_choice":"Healed","damage_taken":0,"max_hp_gain":0,"max_hp_loss":0,"event_name":"The Cleric","floor":13,"gold_loss":35},{"damage_healed":0,"gold_gain":0,"player_choice":"Opened","damage_taken":0,"relics_obtained":["Dead Branch"],"max_hp_gain":0,"max_hp_loss":0,"event_name":"The Mausoleum","floor":21,"gold_loss":0,"cards_obtained":["Writhe"]},{"damage_healed":0,"gold_gain":0,"player_choice":"Paid Fearfully","damage_taken":0,"max_hp_gain":0,"max_hp_loss":0,"event_name":"Masked Bandits","floor":22,"gold_loss":23}],"is_beta":false,"boss_relics":[{"not_picked":["Runic Cube","Philosopher\u0027s Stone"],"picked":"Tiny House"}],"items_purged_floors":[5],"is_endless":false,"potions_floor_spawned":[1,16,19],"killed_by":"Slavers","ascension_level":4}}