{"host":"4qr60s3ga38mn892","time":1613731915,"event":{"mods":["BaseMod","Colored Map","Colored Powertips","Highlight Path","Minty Spire (QoL Compilation)","Quick Restart","Rare Cards Sparkle"],"gold_per_floor":[115,115,131,147,167,210,210,210,263,287,287,303,319,360,360,480,480,504,524,574,106,130,173,209,230,301,319,319,319,339,362,362,481,481,500,500,518,534,534,534,549,549,549,549,584,334,334,9,9,9],"floor_reached":51,"language":"ENG","playtime":2533,"items_purged":[],"score":819,"play_id":"05eef193-ac45-45f1-8eb1-7d58e132d298","local_time":"20210219175155","is_ascension_mode":true,"campfire_choices":[{"data":"Uppercut","floor":7.0,"key":"SMITH"},{"data":"Perfected Strike","floor":11.0,"key":"SMITH"},{"data":"Perfected Strike","floor":15.0,"key":"SMITH"},{"data":"Offering","floor":32,"key":"SMITH"},{"data":"Offering","floor":40,"key":"SMITH"},{"data":"Double Tap","floor":42,"key":"SMITH"},{"data":"Double Tap","floor":44,"key":"SMITH"},{"data":"Berserk","floor":47,"key":"SMITH"},{"data":"Impervious","floor":49,"key":"SMITH"}],"circlet_count":0,"master_deck":["Strike_R","Strike_R","Strike_R","Strike_R","Defend_R","Defend_R","Defend_R","Defend_R","Bash+1","Flex","Perfected Strike+1","Pommel Strike","Uppercut+1","Perfected Strike+1","Reaper","Cleave","Inflame","Impervious+1","Double Tap+1","Whirlwind+1","Blood for Blood+1","Hemokinesis+1","Hemokinesis+1","Disarm","Iron Wave+1","Cleave+1","Double Tap+1","Clothesline+1","Offering+1","Offering+1","Twin Strike+1","Perfected Strike+1","Ghostly Armor+1","Berserk+1","Offering+1","Dramatic Entrance+1","Blood for Blood+1"],"relics":["Black Blood","Golden Idol","Paper Frog","Vajra","Oddly Smooth Stone","SlaversCollar","Molten Egg 2","CaptainsWheel","Red Mask","Eternal Feather","Pantograph","Letter Opener","HornCleat","DollysMirror"],"acts_visited":["Exordium","TheCity","TheBeyond"],"potions_floor_usage":[22,23,23,25,31,41,50,50],"damage_taken":[{"damage":2.0,"enemies":"Small Slimes","floor":1.0,"turns":4.0},{"damage":1.0,"enemies":"Cultist","floor":3.0,"turns":3.0},{"damage":6.0,"enemies":"Jaw Worm","floor":4.0,"turns":3.0},{"damage":6.0,"enemies":"Blue Slaver","floor":5.0,"turns":3.0},{"damage":26.0,"enemies":"Lagavulin","floor":6.0,"turns":6.0},{"damage":8.0,"enemies":"Red Slaver","floor":10.0,"turns":2.0},{"damage":8.0,"enemies":"3 Louse","floor":12.0,"turns":3.0},{"damage":5.0,"enemies":"Exordium Wildlife","floor":13.0,"turns":3.0},{"damage":27.0,"enemies":"3 Sentries","floor":14.0,"turns":5.0},{"damage":26.0,"enemies":"Hexaghost","floor":16.0,"turns":7.0},{"damage":45.0,"enemies":"3 Byrds","floor":18.0,"turns":7.0},{"damage":16.0,"enemies":"Shell Parasite","floor":19.0,"turns":3.0},{"damage":30,"enemies":"Snake Plant","floor":22,"turns":4},{"damage":7,"enemies":"Slavers","floor":23,"turns":3},{"damage":25,"enemies":"Masked Bandits","floor":24,"turns":3},{"damage":12,"enemies":"Centurion and Healer","floor":25,"turns":5},{"damage":8,"enemies":"Chosen and Byrds","floor":27,"turns":4},{"damage":16,"enemies":"Shelled Parasite and Fungi","floor":30,"turns":4},{"damage":4,"enemies":"Centurion and Healer","floor":31,"turns":4},{"damage":34,"enemies":"Automaton","floor":33,"turns":6},{"damage":16,"enemies":"3 Darklings","floor":35,"turns":2},{"damage":11,"enemies":"Orb Walker","floor":37,"turns":2},{"damage":32,"enemies":"Spire Growth","floor":38,"turns":3},{"damage":21,"enemies":"3 Darklings","floor":41,"turns":2},{"damage":22,"enemies":"Nemesis","floor":45,"turns":5},{"damage":53,"enemies":"Time Eater","floor":50,"turns":4}],"seed_played":"764083085651365862","potions_obtained":[{"floor":4.0,"key":"SpeedPotion"},{"floor":5.0,"key":"FairyPotion"},{"floor":12.0,"key":"BlessingOfTheForge"},{"floor":14.0,"key":"ColorlessPotion"},{"floor":19.0,"key":"DistilledChaos"},{"floor":22,"key":"SpeedPotion"},{"floor":25,"key":"Fruit Juice"},{"floor":30,"key":"FearPotion"},{"floor":33,"key":"Dexterity Potion"},{"floor":41,"key":"Fruit Juice"},{"floor":45,"key":"DuplicationPotion"}],"is_trial":false,"path_per_floor":["M","?","M","M","M","E","R","?","T","M","R","M","M","E","R","B",null,"M","M","?","$","M","E","?","M","T","M","?","?","M","M","R","B",null,"M","?","M","M","?","R","M","R","T","R","E","$","R","$","R","B",null],"character_chosen":"IRONCLAD","items_purchased":["Molten Egg 2","Fruit Juice","Blood for Blood+1","Hemokinesis+1","HornCleat","DollysMirror","Dramatic Entrance+1","Blood for Blood+1"],"campfire_rested":0,"item_purchase_floors":[21,21,21,21,46,48,48,48],"current_hp_per_floor":[80,60,65,65,65,45,45,45,45,43,43,41,42,31,31,11,80,49,39,39,39,27,26,22,28,28,26,56,56,46,56,74,46,90,86,86,87,67,67,85,81,95,95,95,85,85,95,95,95,54],"gold":9,"neow_bonus":"THREE_CARDS","is_daily":false,"chose_seed":false,"campfire_upgraded":9,"win_rate":0.0,"timestamp":1613731915,"path_taken":["M","?","M","M","M","E","R","?","T","?","R","M","M","E","R","BOSS","M","M","?","?","M","E","?","M","T","M","?","?","?","M","R","BOSS","M","?","M","M","?","R","?","R","T","R","E","$","R","$","R","BOSS"],"items_purchased_type":["Relic","Potion","Card","Card","Relic","Relic","Card","Card"],"build_version":"2020-12-22","purchased_purges":0,"victory":true,"max_hp_per_floor":[80,80,80,80,80,80,80,80,80,80,80,80,80,80,80,80,80,80,80,80,80,85,85,85,90,90,90,90,90,90,90,90,90,90,90,90,90,90,90,90,95,95,95,95,95,95,95,95,95,95],"card_choices":[{"not_picked":["Body Slam","Thunderclap"],"picked":"Flex","floor":0.0},{"not_picked":["Pommel Strike","Fire Breathing"],"picked":"Perfected Strike","floor":1.0},{"not_picked":["Armaments","Warcry"],"picked":"Pommel Strike","floor":3.0},{"not_picked":["Body Slam","Thunderclap"],"picked":"Uppercut","floor":4.0},{"not_picked":["Dark Embrace","Second Wind"],"picked":"Perfected Strike","floor":5.0},{"not_picked":["Rage","Shockwave"],"picked":"Reaper","floor":6.0},{"not_picked":["Dark Embrace","Shrug It Off"],"picked":"Cleave","floor":10.0},{"not_picked":["Heavy Blade","Anger"],"picked":"Inflame","floor":12.0},{"not_picked":["Clash","Thunderclap"],"picked":"Impervious","floor":13.0},{"not_picked":["Reckless Charge","True Grit","Flame Barrier"],"picked":"SKIP","floor":14.0},{"not_picked":["Berserk","Fiend Fire"],"picked":"Double Tap","floor":16.0},{"not_picked":["Clothesline+1","Pommel Strike"],"picked":"Whirlwind+1","floor":18.0},{"not_picked":["Clothesline","Flame Barrier+1","Power Through+1"],"picked":"SKIP","floor":19.0},{"not_picked":["Iron Wave+1","Heavy Blade+1"],"picked":"Hemokinesis+1","floor":22},{"not_picked":["Armaments","Reckless Charge+1"],"picked":"Disarm","floor":23},{"not_picked":["Ghostly Armor","Thunderclap+1"],"picked":"Iron Wave+1","floor":25},{"not_picked":["Pommel Strike+1","Rampage+1"],"picked":"Cleave+1","floor":27},{"not_picked":["Second Wind","Clash+1"],"picked":"Clothesline+1","floor":30},{"not_picked":["Warcry+1","Twin Strike+1"],"picked":"Offering","floor":31},{"not_picked":["Impervious","Juggernaut"],"picked":"Offering","floor":33},{"not_picked":["Carnage+1","Feel No Pain"],"picked":"Twin Strike+1","floor":35},{"not_picked":["Burning Pact","Pommel Strike+1"],"picked":"Perfected Strike+1","floor":37},{"not_picked":["Thunderclap+1","Clash+1"],"picked":"Ghostly Armor+1","floor":38},{"not_picked":["Dropkick+1","Heavy Blade+1","Clash+1"],"picked":"SKIP","floor":41},{"not_picked":["Uppercut+1","Power Through"],"picked":"Berserk","floor":45}],"player_experience":23124,"relics_obtained":[{"floor":6.0,"key":"Paper Frog"},{"floor":9.0,"key":"Vajra"},{"floor":14.0,"key":"Oddly Smooth Stone"},{"floor":23,"key":"CaptainsWheel"},{"floor":24,"key":"Red Mask"},{"floor":26,"key":"Eternal Feather"},{"floor":43,"key":"Pantograph"},{"floor":45,"key":"Letter Opener"}],"event_choices":[{"damage_healed":0.0,"max_hp_gain":0.0,"max_hp_loss":0.0,"gold_gain":0.0,"event_name":"Golden Idol","player_choice":"Take Damage","floor":2.0,"gold_loss":0.0,"damage_taken":20.0,"relics_obtained":["Golden Idol"]},{"damage_healed":0.0,"max_hp_gain":0.0,"max_hp_loss":0.0,"gold_gain":0.0,"event_name":"Upgrade Shrine","player_choice":"Upgraded","floor":8.0,"gold_loss":0.0,"damage_taken":0.0,"cards_upgraded":["Bash"]},{"damage_healed":0.0,"max_hp_gain":0.0,"max_hp_loss":0.0,"gold_gain":100.0,"event_name":"The Joust","player_choice":"Bet on Murderer","floor":20.0,"gold_loss":50.0,"damage_taken":0.0},{"damage_healed":0,"gold_gain":0,"player_choice":"Fought Bandits","damage_taken":0,"max_hp_gain":0,"max_hp_loss":0,"event_name":"Masked Bandits","floor":24,"gold_loss":0},{"damage_healed":30,"gold_gain":0,"player_choice":"Heal","damage_taken":0,"max_hp_gain":0,"max_hp_loss":0,"event_name":"The Library","floor":28,"gold_loss":0},{"damage_healed":0,"gold_gain":0,"player_choice":"Copied","damage_taken":0,"max_hp_gain":0,"max_hp_loss":0,"event_name":"Duplicator","floor":29,"gold_loss":0,"cards_obtained":["Double Tap"]},{"damage_healed":0,"gold_gain":0,"player_choice":"Ignored","damage_taken":0,"max_hp_gain":0,"max_hp_loss":0,"event_name":"Tomb of Lord Red Mask","floor":36,"gold_loss":0},{"cards_removed":["Strike_R"],"damage_healed":0,"gold_gain":0,"player_choice":"Offered Basic","damage_taken":0,"max_hp_gain":0,"max_hp_loss":0,"event_name":"Bonfire Elementals","floor":39,"gold_loss":0}],"is_beta":false,"boss_relics":[{"not_picked":["Sozu","Mark of Pain"],"picked":"SlaversCollar"},{"not_picked":["Empty Cage","Busted Crown"],"picked":"Black Blood"}],"items_purged_floors":[],"is_endless":false,"potions_floor_spawned":[4,5,12,14,19,22,25,30,33,41,45],"ascension_level":1}}