{"host":"jegehu1t82aiec5j","time":1613745139,"event":{"mods":["BaseMod","Colored Map","Minty Spire (QoL Compilation)","Relic Stats","StSLib"],"gold_per_floor":[14,34,52,127,127,155,155,171,171,63,78,107,107,168,168,241,241,255,266,286,4,24,24,24,55,55,55,55,73,73,73,73,145,145,164,181,7,27,27,58,70,70,70,70,89,89,114,94,94,94],"floor_reached":51,"language":"ENG","playtime":2924,"items_purged":["Strike_R","Strike_R","Strike_R"],"score":1265,"play_id":"093a96ea-e36f-4128-bb52-137f52b7c959","local_time":"20210219093219","is_ascension_mode":true,"campfire_choices":[{"data":"Pommel Strike","floor":7,"key":"SMITH"},{"data":"Shockwave","floor":13,"key":"SMITH"},{"floor":15,"key":"REST"},{"data":"True Grit","floor":23,"key":"SMITH"},{"floor":28,"key":"REST"},{"data":"Demon Form","floor":32,"key":"SMITH"},{"floor":42,"key":"REST"},{"floor":44,"key":"REST"},{"data":"Evolve","floor":46,"key":"SMITH"},{"floor":49,"key":"REST"}],"circlet_count":0,"master_deck":["AscendersBane","Defend_R","Defend_R","Defend_R","Bash","Pommel Strike+1","Headbutt","Feel No Pain","Limit Break+1","Shockwave+1","Uppercut","Shrug It Off","Rampage","True Grit+1","Feed","Cleave","Flex","Shrug It Off","Battle Trance","Evolve+1","Demon Form+1","Sword Boomerang","Corruption","Flame Barrier","Body Slam","Disarm","Ghostly Armor","Pummel"],"relics":["Burning Blood","WarpedTongs","Bottled Tornado","Darkstone Periapt","Matryoshka","Lantern","Velvet Choker","ClockworkSouvenir","Shuriken","Red Skull","Dead Branch","Cursed Key","Toy Ornithopter","Gambling Chip"],"acts_visited":["Exordium","TheCity","TheBeyond"],"potions_floor_usage":[6,14,16,19,27,50],"damage_taken":[{"damage":5,"enemies":"Cultist","floor":1,"turns":4},{"damage":2,"enemies":"Jaw Worm","floor":2,"turns":3},{"damage":7,"enemies":"Small Slimes","floor":3,"turns":3},{"damage":14,"enemies":"Lagavulin","floor":6,"turns":6},{"damage":11,"enemies":"Blue Slaver","floor":8,"turns":4},{"damage":1,"enemies":"3 Louse","floor":11,"turns":4},{"damage":24,"enemies":"Gremlin Nob","floor":12,"turns":4},{"damage":27,"enemies":"Lagavulin Event","floor":14,"turns":4},{"damage":1,"enemies":"Hexaghost","floor":16,"turns":9},{"damage":7,"enemies":"Shell Parasite","floor":18,"turns":8},{"damage":7,"enemies":"Spheric Guardian","floor":19,"turns":4},{"damage":3,"enemies":"Centurion and Healer","floor":20,"turns":5},{"damage":30,"enemies":"Sentry and Sphere","floor":22,"turns":7},{"damage":26,"enemies":"Book of Stabbing","floor":25,"turns":5},{"damage":9,"enemies":"Colosseum Slavers","floor":27,"turns":5},{"damage":12,"enemies":"Snake Plant","floor":29,"turns":6},{"damage":42,"enemies":"Champ","floor":33,"turns":7},{"damage":14,"enemies":"3 Shapes","floor":35,"turns":5},{"damage":8,"enemies":"3 Darklings","floor":36,"turns":10},{"damage":26,"enemies":"4 Shapes","floor":38,"turns":5},{"damage":27,"enemies":"Reptomancer","floor":40,"turns":7},{"damage":29,"enemies":"Spire Growth","floor":41,"turns":4},{"damage":19,"enemies":"Maw","floor":45,"turns":6},{"damage":0,"enemies":"Mind Bloom Boss Battle","floor":47,"turns":5},{"damage":30,"enemies":"Donu and Deca","floor":50,"turns":9}],"seed_played":"-8571860621235698505","potions_obtained":[{"floor":2,"key":"ColorlessPotion"},{"floor":6,"key":"Explosive Potion"},{"floor":12,"key":"DuplicationPotion"},{"floor":14,"key":"Energy Potion"},{"floor":16,"key":"SkillPotion"},{"floor":19,"key":"Strength Potion"},{"floor":22,"key":"PowerPotion"},{"floor":25,"key":"Fruit Juice"},{"floor":35,"key":"Weak Potion"},{"floor":45,"key":"FairyPotion"}],"is_trial":false,"path_per_floor":["M","M","M","?","?","E","R","M","T","$","M","E","R","?","R","B",null,"M","M","M","$","M","R","$","E","T","?","R","M","?","?","R","B",null,"M","M","$","M","?","E","M","R","T","R","M","R","?","?","R","B",null],"character_chosen":"IRONCLAD","items_purchased":["Uppercut","ClockworkSouvenir","Battle Trance","Body Slam"],"campfire_rested":5,"item_purchase_floors":[10,21,21,37],"current_hp_per_floor":[69,73,72,61,54,46,46,41,41,41,46,28,28,7,29,34,65,68,70,76,76,55,55,55,39,39,45,75,72,72,72,72,39,90,85,87,87,70,70,49,29,65,65,101,88,88,94,94,120,96],"gold":94,"neow_bonus":"REMOVE_TWO","is_daily":false,"chose_seed":false,"campfire_upgraded":5,"win_rate":0.0,"timestamp":1613745139,"path_taken":["M","?","M","?","?","E","R","M","T","$","M","E","R","?","R","BOSS","M","M","M","$","M","R","$","E","T","?","R","M","?","?","R","BOSS","M","M","$","M","?","E","M","R","T","R","?","R","?","?","R","BOSS"],"items_purchased_type":["Card","Relic","Card","Card"],"build_version":"2020-12-22","purchased_purges":3,"victory":true,"max_hp_per_floor":[75,75,75,75,75,75,75,75,75,75,75,75,75,75,75,75,75,79,82,85,85,88,88,88,92,92,101,101,104,104,104,104,107,107,110,114,114,117,117,117,120,120,120,120,120,120,120,120,120,120],"relic_stats":{"Darkstone Periapt":0,"counters":[25,139],"Shuriken":[7],"Dead Branch":[124],"Gambling Chip":[2],"Cursed Key":0,"obtain_stats":[{"Darkstone Periapt":9,"Lantern":14,"Dead Branch":26,"Velvet Choker":17,"Bottled Tornado":6,"Cursed Key":34,"Burning Blood":0,"WarpedTongs":0,"ClockworkSouvenir":21,"Matryoshka":12,"Shuriken":25,"Gambling Chip":47,"Red Skull":26,"Toy Ornithopter":40},{"Darkstone Periapt":5,"Lantern":7,"Dead Branch":14,"Velvet Choker":9,"Bottled Tornado":4,"Cursed Key":17,"Burning Blood":0,"WarpedTongs":0,"ClockworkSouvenir":12,"Matryoshka":7,"Shuriken":14,"Gambling Chip":24,"Red Skull":14,"Toy Ornithopter":21},{"Darkstone Periapt":20,"Lantern":28,"Dead Branch":70,"Velvet Choker":41,"Bottled Tornado":16,"Cursed Key":88,"Burning Blood":0,"WarpedTongs":0,"ClockworkSouvenir":58,"Matryoshka":28,"Shuriken":70,"Gambling Chip":130,"Red Skull":70,"Toy Ornithopter":115}],"Burning Blood":150,"Toy Ornithopter":0,"WarpedTongs":[139]},"card_choices":[{"not_picked":["Dropkick","Wild Strike"],"picked":"Pommel Strike","floor":1},{"not_picked":["Warcry","Armaments"],"picked":"Headbutt","floor":2},{"not_picked":["Pummel","Infernal Blade"],"picked":"Feel No Pain","floor":3},{"not_picked":["Clash","Dropkick"],"picked":"Limit Break","floor":6},{"not_picked":["Body Slam","Thunderclap"],"picked":"Shockwave","floor":8},{"not_picked":["True Grit","Twin Strike"],"picked":"Shrug It Off","floor":11},{"not_picked":["Juggernaut","Shockwave"],"picked":"Rampage","floor":12},{"not_picked":["Cleave","Wild Strike"],"picked":"True Grit","floor":14},{"not_picked":["Limit Break","Corruption"],"picked":"Feed","floor":16},{"not_picked":["Clash","Havoc"],"picked":"Cleave","floor":18},{"not_picked":["Second Wind","True Grit"],"picked":"Flex","floor":19},{"not_picked":["Flex","Iron Wave"],"picked":"Shrug It Off","floor":20},{"not_picked":["Juggernaut","Fire Breathing"],"picked":"Evolve","floor":22},{"not_picked":["Dual Wield","Entrench+1"],"picked":"Demon Form","floor":25},{"not_picked":["Dual Wield","Anger"],"picked":"Sword Boomerang","floor":29},{"not_picked":["Brutality","Fiend Fire"],"picked":"Corruption","floor":33},{"not_picked":["Flex","Perfected Strike"],"picked":"Flame Barrier","floor":35},{"not_picked":["Heavy Blade+1","Headbutt","Wild Strike"],"picked":"SKIP","floor":36},{"not_picked":["Warcry","Cleave+1"],"picked":"Disarm","floor":38},{"not_picked":["Dual Wield","Demon Form","Flex"],"picked":"SKIP","floor":40},{"not_picked":["Whirlwind","Burning Pact","Havoc+1"],"picked":"SKIP","floor":41},{"not_picked":["Armaments","Anger+1"],"picked":"Ghostly Armor","floor":45},{"not_picked":["Clash+1","Blood for Blood"],"picked":"Pummel","floor":47}],"player_experience":2611691,"relics_obtained":[{"floor":6,"key":"Bottled Tornado"},{"floor":9,"key":"Darkstone Periapt"},{"floor":12,"key":"Matryoshka"},{"floor":25,"key":"Shuriken"},{"floor":26,"key":"Red Skull"},{"floor":26,"key":"Dead Branch"},{"floor":40,"key":"Toy Ornithopter"},{"floor":47,"key":"Gambling Chip"}],"event_choices":[{"damage_healed":0,"gold_gain":75,"player_choice":"Gather Gold","damage_taken":11,"max_hp_gain":0,"max_hp_loss":0,"event_name":"World of Goop","floor":4,"gold_loss":0},{"cards_removed":["Strike_R"],"damage_healed":0,"gold_gain":0,"player_choice":"Card Removal","damage_taken":7,"max_hp_gain":0,"max_hp_loss":0,"event_name":"Golden Wing","floor":5,"gold_loss":0},{"damage_healed":0,"gold_gain":0,"player_choice":"Searched \u00272\u0027 times","damage_taken":0,"relics_obtained":["Lantern"],"max_hp_gain":0,"max_hp_loss":0,"event_name":"Dead Adventurer","floor":14,"gold_loss":0},{"damage_healed":0,"gold_gain":0,"player_choice":"Fight","damage_taken":0,"max_hp_gain":0,"max_hp_loss":0,"event_name":"Colosseum","floor":27,"gold_loss":0},{"damage_healed":0,"gold_gain":0,"player_choice":"Fled From Nobs","damage_taken":0,"max_hp_gain":0,"max_hp_loss":0,"event_name":"Colosseum","floor":27,"gold_loss":0},{"damage_healed":0,"gold_gain":0,"player_choice":"Ignored","damage_taken":0,"max_hp_gain":0,"max_hp_loss":0,"event_name":"Ghosts","floor":30,"gold_loss":0},{"damage_healed":0,"gold_gain":0,"player_choice":"Ignored","damage_taken":0,"max_hp_gain":0,"max_hp_loss":0,"event_name":"Vampires","floor":31,"gold_loss":0},{"damage_healed":0,"gold_gain":0,"player_choice":"Upgraded","damage_taken":0,"max_hp_gain":0,"max_hp_loss":0,"event_name":"Upgrade Shrine","floor":39,"gold_loss":0,"cards_upgraded":["Limit Break"]},{"damage_healed":0,"gold_gain":0,"player_choice":"Fight","damage_taken":0,"max_hp_gain":0,"max_hp_loss":0,"event_name":"MindBloom","floor":47,"gold_loss":0},{"damage_healed":0,"gold_gain":0,"player_choice":"Bought 1 Potion","damage_taken":0,"max_hp_gain":0,"max_hp_loss":0,"event_name":"The Woman in Blue","floor":48,"gold_loss":0}],"is_beta":false,"boss_relics":[{"not_picked":["Tiny House","Fusion Hammer"],"picked":"Velvet Choker"},{"not_picked":["Busted Crown","Black Blood"],"picked":"Cursed Key"}],"items_purged_floors":[10,21,37],"is_endless":false,"potions_floor_spawned":[2,6,12,14,16,18,19,22,25,35,40,45,47],"ascension_level":15}}