{"host":"30jsp143e4v19aze","time":1613705166,"event":{"mods":["BaseMod","Colored Map","Colored Powertips","Curses Come First","DeckTracker","Highlight Path","Minty Spire (QoL Compilation)","Quick Restart","Relic Stats","StSLib","everything is the same but u backflip on backflip","slay the spire mod where everything is the same but ironclad has a cowboy hat"],"gold_per_floor":[109,125,125,139,139,139,139,139],"floor_reached":7,"language":"ENG","playtime":193,"items_purged":[],"score":82,"play_id":"ebeb2be9-13e5-45a6-83ff-d69a3df10186","local_time":"20210219042606","is_ascension_mode":true,"campfire_choices":[{"data":"Whirlwind","floor":6,"key":"SMITH"}],"circlet_count":0,"master_deck":["AscendersBane","Strike_R","Strike_R","Strike_R","Strike_R","Strike_R","Defend_R","Defend_R","Defend_R","Defend_R","Bash","Whirlwind+1","Pommel Strike","Evolve","Ghostly Armor"],"relics":["Burning Blood","GremlinMask","Shuriken"],"acts_visited":["Exordium"],"potions_floor_usage":[7,7],"damage_taken":[{"damage":7,"enemies":"Small Slimes","floor":1,"turns":4},{"damage":6,"enemies":"Cultist","floor":2,"turns":3},{"damage":16,"enemies":"Jaw Worm","floor":4,"turns":4},{"damage":56,"enemies":"Gremlin Nob","floor":7,"turns":4}],"seed_played":"8700563081996992341","potions_obtained":[{"floor":2,"key":"ColorlessPotion"},{"floor":4,"key":"Swift Potion"}],"is_trial":false,"path_per_floor":["M","M","?","M","?","R","E"],"character_chosen":"IRONCLAD","items_purchased":[],"campfire_rested":0,"item_purchase_floors":[],"current_hp_per_floor":[67,67,67,57,52,52,0,0],"gold":139,"neow_bonus":"THREE_CARDS","is_daily":false,"chose_seed":false,"campfire_upgraded":1,"win_rate":0.0,"timestamp":1613705166,"path_taken":["M","M","?","?","?","R","E"],"items_purchased_type":[],"build_version":"2020-12-22","purchased_purges":0,"victory":false,"max_hp_per_floor":[75,75,75,75,75,75,75,75],"relic_stats":{"counters":[4,15],"Shuriken":[1],"obtain_stats":[{"Shuriken":5,"GremlinMask":3,"Burning Blood":0},{"Shuriken":3,"GremlinMask":2,"Burning Blood":0},{"Shuriken":11,"GremlinMask":7,"Burning Blood":0}],"Burning Blood":18},"card_choices":[{"not_picked":["Sword Boomerang","Evolve"],"picked":"Whirlwind","floor":0},{"not_picked":["Iron Wave","Metallicize"],"picked":"Pommel Strike","floor":1},{"not_picked":["Dark Embrace","Pommel Strike"],"picked":"Evolve","floor":2},{"not_picked":["Iron Wave","Rampage"],"picked":"Ghostly Armor","floor":4}],"player_experience":3286650,"relics_obtained":[],"event_choices":[{"damage_healed":0,"gold_gain":0,"player_choice":"Trade","damage_taken":0,"relics_obtained":["GremlinMask"],"max_hp_gain":0,"max_hp_loss":0,"event_name":"FaceTrader","floor":3,"gold_loss":0},{"damage_healed":0,"gold_gain":0,"player_choice":"Success","damage_taken":5,"relics_obtained":["Shuriken"],"max_hp_gain":0,"max_hp_loss":0,"event_name":"Scrap Ooze","floor":5,"gold_loss":0}],"is_beta":false,"boss_relics":[],"items_purged_floors":[],"is_endless":false,"potions_floor_spawned":[2,4],"killed_by":"Gremlin Nob","ascension_level":20}}