{"host":"rtw1tnr74gozsrw1","time":1613708407,"event":{"mods":["BaseMod","Colored Map","Colored Powertips","Highlight Path","Infinite Spire","Minty Spire (QoL Compilation)","StSLib","The Cursed","The Jungle"],"gold_per_floor":[114,39,49,66,66,66,66,66,66,66,85,85,96,124,124,227,227,152,152],"floor_reached":18,"language":"ENG","playtime":521,"items_purged":["Strike_B"],"score":208,"play_id":"e6001b0c-05e6-4cb5-bfcd-0ce8e4345343","local_time":"20210219052007","is_ascension_mode":true,"campfire_choices":[{"data":"Capacitor","floor":6,"key":"SMITH"},{"data":"Conserve Battery","floor":8,"key":"SMITH"},{"data":"Dualcast","floor":10,"key":"SMITH"},{"floor":12,"key":"REST"},{"floor":15,"key":"REST"}],"circlet_count":0,"master_deck":["Zap+1","Dualcast+1","Capacitor+1","Conserve Battery+1","Chaos","Creative AI","Capacitor","Redo","Static Discharge","Beam Cell","Redo","Conserve Battery","Stack"],"relics":["Cracked Core","Sundial","infinitespire:Freezer","Pandora\u0027s Box"],"acts_visited":["Exordium","TheCity"],"potions_floor_usage":[16,18],"damage_taken":[{"damage":6,"enemies":"2 Louse","floor":1,"turns":2},{"damage":1,"enemies":"Cultist","floor":3,"turns":3},{"damage":4,"enemies":"Jaw Worm","floor":4,"turns":3},{"damage":8,"enemies":"Lots of Slimes","floor":11,"turns":4},{"damage":7,"enemies":"Looter","floor":13,"turns":3},{"damage":50,"enemies":"3 Sentries","floor":14,"turns":8},{"damage":31,"enemies":"The Guardian","floor":16,"turns":8},{"damage":20,"enemies":"2 Thieves","floor":18,"turns":4}],"seed_played":"-3010654180340212246","potions_obtained":[{"floor":11,"key":"PowerPotion"},{"floor":16,"key":"ColorlessPotion"}],"is_trial":false,"path_per_floor":["M","$","M","M","?","R","$","R","T","R","M","R","M","E","R","B",null,"M"],"character_chosen":"DEFECT","items_purchased":[],"campfire_rested":2,"item_purchase_floors":[],"current_hp_per_floor":[62,62,61,57,57,57,57,57,57,57,49,71,64,14,36,5,58,38,38],"gold":152,"neow_bonus":"UPGRADE_CARD","is_daily":false,"chose_seed":false,"campfire_upgraded":3,"win_rate":0.0,"timestamp":1613708407,"path_taken":["M","$","M","M","?","R","?","R","T","R","M","R","?","E","R","BOSS","M"],"items_purchased_type":[],"build_version":"2020-12-22","purchased_purges":1,"victory":false,"max_hp_per_floor":[75,75,75,75,75,75,75,75,75,75,75,75,75,75,75,75,75,75,75],"card_choices":[{"not_picked":["Turbo","Sweeping Beam","Go for the Eyes"],"picked":"SKIP","floor":1},{"not_picked":["Conserve Battery","Fusion"],"picked":"Capacitor","floor":3},{"not_picked":["Leap","Reboot"],"picked":"Conserve Battery","floor":4},{"not_picked":["Compile Driver","Gash","Go for the Eyes"],"picked":"SKIP","floor":11},{"not_picked":["Lockon","Steam"],"picked":"Chaos","floor":13},{"not_picked":["Ball Lightning","Sweeping Beam"],"picked":"Creative AI","floor":14}],"player_experience":176020,"relics_obtained":[{"floor":9,"key":"Sundial"},{"floor":14,"key":"infinitespire:Freezer"}],"event_choices":[{"damage_healed":0,"gold_gain":0,"player_choice":"Ignored","damage_taken":0,"max_hp_gain":0,"max_hp_loss":0,"event_name":"WeMeetAgain","floor":5,"gold_loss":0}],"is_beta":false,"boss_relics":[{"not_picked":["Black Star","Empty Cage"],"picked":"Pandora\u0027s Box"}],"items_purged_floors":[2],"is_endless":false,"potions_floor_spawned":[11,16],"killed_by":"2 Thieves","ascension_level":6}}