{"host":"zdcz0a6aak4rnx0s","time":1613771712,"event":{"mods":["AchievementEnabler","BaseMod","Colored Map","Colored Powertips","Minty Spire (QoL Compilation)","StSLib"],"gold_per_floor":[118,118,268,268,20,20,34,34,59,59,59,72,83,139,139,211,211,223,223,148,48,59,59,73,73,73,86,86,86,136,136,136,136,136],"floor_reached":33,"language":"ENG","playtime":1949,"items_purged":["Strike_R"],"score":439,"play_id":"97b7958d-9459-4c08-81be-176302e153f0","local_time":"20210219155512","is_ascension_mode":true,"campfire_choices":[{"data":"Shrug It Off","floor":6,"key":"SMITH"},{"data":"Sentinel","floor":8,"key":"SMITH"},{"floor":11,"key":"REST"},{"data":"True Grit","floor":15,"key":"SMITH"},{"data":"Barricade","floor":23,"key":"SMITH"},{"data":"Ghostly Armor","floor":25,"key":"SMITH"},{"data":"Uppercut","floor":32,"key":"SMITH"}],"circlet_count":0,"master_deck":["AscendersBane","Strike_R","Strike_R+1","Strike_R+1","Defend_R","Defend_R","Defend_R","Defend_R","Bash","Sentinel+1","Shrug It Off+1","Doubt","Evolve","Cleave","True Grit+1","Barricade+1","Ghostly Armor+1","Uppercut+1"],"relics":["Black Blood","Art of War","Oddly Smooth Stone","Orichalcum","Champion Belt","Potion Belt","White Beast Statue"],"acts_visited":["Exordium","TheCity"],"potions_floor_usage":[21,24,27,27],"damage_taken":[{"damage":9,"enemies":"Jaw Worm","floor":1,"turns":6},{"damage":2,"enemies":"2 Louse","floor":7,"turns":4},{"damage":0,"enemies":"Cultist","floor":12,"turns":4},{"damage":9,"enemies":"3 Louse","floor":13,"turns":6},{"damage":15,"enemies":"3 Sentries","floor":14,"turns":9},{"damage":26,"enemies":"The Guardian","floor":16,"turns":20},{"damage":30,"enemies":"Chosen","floor":18,"turns":15},{"damage":14,"enemies":"2 Thieves","floor":21,"turns":5},{"damage":3,"enemies":"Snecko","floor":22,"turns":21},{"damage":25,"enemies":"Cultist and Chosen","floor":24,"turns":17},{"damage":20,"enemies":"Snake Plant","floor":27,"turns":8},{"damage":70,"enemies":"Collector","floor":33,"turns":6}],"seed_played":"-2410304698053011733","potions_obtained":[{"floor":12,"key":"BloodPotion"},{"floor":16,"key":"FearPotion"},{"floor":18,"key":"Regen Potion"},{"floor":22,"key":"DistilledChaos"},{"floor":24,"key":"DistilledChaos"}],"is_trial":false,"path_per_floor":["M","$","?","?","$","R","M","R","T","?","R","M","M","?","R","B",null,"M","?","$","M","M","R","M","R","T","M","T","$","?","?","R","B"],"character_chosen":"IRONCLAD","items_purchased":["Evolve","Oddly Smooth Stone"],"campfire_rested":1,"item_purchase_floors":[5,5],"current_hp_per_floor":[65,65,65,65,65,65,69,69,69,46,68,74,71,62,62,42,67,49,49,49,62,71,71,58,58,58,65,65,65,65,65,65,0,0],"gold":136,"neow_bonus":"TRANSFORM_CARD","is_daily":false,"chose_seed":false,"campfire_upgraded":6,"win_rate":0.0,"timestamp":1613771712,"path_taken":["M","$","?","?","$","R","?","R","T","?","R","M","M","?","R","BOSS","M","?","$","M","M","R","M","R","T","M","?","$","?","?","R","BOSS"],"items_purchased_type":["Card","Relic"],"build_version":"2020-12-22","purchased_purges":1,"victory":false,"max_hp_per_floor":[75,75,75,75,75,75,75,75,75,75,75,75,75,75,75,75,75,75,75,75,75,75,75,75,75,75,75,75,75,75,75,75,75,75],"card_choices":[{"not_picked":["Sever Soul","Sword Boomerang"],"picked":"Shrug It Off","floor":1},{"not_picked":["Clash","Combust","Second Wind"],"picked":"SKIP","floor":7},{"not_picked":["Intimidate","Body Slam","Warcry"],"picked":"SKIP","floor":12},{"not_picked":["Feel No Pain","Warcry"],"picked":"Cleave","floor":13},{"not_picked":["Sentinel","Dark Embrace"],"picked":"True Grit","floor":14},{"not_picked":["Bludgeon","Juggernaut"],"picked":"Barricade","floor":16},{"not_picked":["Burning Pact","Headbutt","Second Wind"],"picked":"SKIP","floor":18},{"not_picked":["Pommel Strike+1","Clash"],"picked":"Ghostly Armor","floor":21},{"not_picked":["Heavy Blade","Havoc"],"picked":"Uppercut","floor":22},{"not_picked":["Second Wind","Clothesline","Evolve"],"picked":"SKIP","floor":24},{"not_picked":["Sentinel","Clothesline","Cleave+1"],"picked":"SKIP","floor":27}],"player_experience":1042719,"relics_obtained":[{"floor":4,"key":"Art of War"},{"floor":9,"key":"Orichalcum"},{"floor":14,"key":"Champion Belt"},{"floor":26,"key":"Potion Belt"},{"floor":28,"key":"White Beast Statue"}],"event_choices":[{"damage_healed":0,"gold_gain":150,"player_choice":"AGREE","damage_taken":0,"max_hp_gain":0,"max_hp_loss":0,"event_name":"Liars Game","floor":3,"gold_loss":0,"cards_obtained":["Doubt"]},{"damage_healed":0,"gold_gain":0,"player_choice":"Relic","damage_taken":0,"max_hp_gain":0,"max_hp_loss":0,"event_name":"Wheel of Change","floor":4,"gold_loss":0},{"damage_healed":0,"gold_gain":0,"player_choice":"Entered Light","damage_taken":23,"max_hp_gain":0,"max_hp_loss":0,"event_name":"Shining Light","floor":10,"gold_loss":0,"cards_upgraded":["Strike_R","Strike_R"]},{"damage_healed":0,"gold_gain":30,"player_choice":"Searched \u00272\u0027 times","damage_taken":0,"max_hp_gain":0,"max_hp_loss":0,"event_name":"Dead Adventurer","floor":14,"gold_loss":0},{"damage_healed":0,"gold_gain":0,"player_choice":"Ignored","damage_taken":0,"max_hp_gain":0,"max_hp_loss":0,"event_name":"Vampires","floor":19,"gold_loss":0},{"damage_healed":0,"gold_gain":50,"player_choice":"Stole From Cult","damage_taken":0,"max_hp_gain":0,"max_hp_loss":0,"event_name":"Nest","floor":30,"gold_loss":0},{"damage_healed":0,"gold_gain":0,"player_choice":"Ignored","damage_taken":0,"max_hp_gain":0,"max_hp_loss":0,"event_name":"Ghosts","floor":31,"gold_loss":0}],"is_beta":false,"boss_relics":[{"not_picked":["Runic Pyramid","Runic Cube"],"picked":"Black Blood"}],"items_purged_floors":[20],"is_endless":false,"potions_floor_spawned":[12,16,18,22,24],"killed_by":"Collector","ascension_level":18}}