{"host":"d6oxvn0vsgxeumax","time":1613719054,"event":{"mods":["BaseMod","Better Altar","Better Match","Better Note","Better Sensory Stone","Better Skull","Better Third Choice","BetterRewards","Bossed Relics","Colored Map","Colored Powertips","Defuse TimeMaze Blight","Downfall","Hubris","Infinite Spire","Minty Spire (QoL Compilation)","Relic Sorter","Replay The Spire","Shop Mod","Spicy Shops","Spire Arcade","StSLib","The Bug Knight","Uncapped"],"gold_per_floor":[110,185,198,198,198,229,229,129,129,129,159,159,38,38,38,160,160,170,170,170,170,95,143,19,19,19,19,66,53,53,70,70,177,177,199,225,85,85,85,131,135,188,188,221,253,47,47,33,33,168,168,168],"floor_reached":51,"language":"ENG","playtime":1871,"items_purged":["Burst+1","Strike_B","Defend_B","Defend_B","Defend_B"],"score":1371,"play_id":"a5d0ebb2-2c97-47d2-baeb-0cccb8bcd72d","local_time":"20210219011734","is_ascension_mode":true,"campfire_choices":[{"data":"ReplayGash","floor":7,"key":"SMITH"},{"data":"Gash","floor":7,"key":"SMITH"},{"data":"Zap","floor":10,"key":"SMITH"},{"data":"Dualcast","floor":10,"key":"SMITH"},{"data":"Tempest","floor":15,"key":"SMITH"},{"data":"Gash","floor":15,"key":"SMITH"},{"data":"hubris:PowerSurge","floor":25,"key":"SMITH"},{"data":"ReplayTheSpireMod:Omega Cannon","floor":25,"key":"SMITH"},{"data":"Gash","floor":27,"key":"SMITH"},{"data":"Beam Cell","floor":27,"key":"SMITH"},{"data":"Gash","floor":30,"key":"SMITH"},{"data":"Reboot","floor":30,"key":"SMITH"},{"data":"Strike_B+1","floor":32,"key":"PURGE"},{"data":"infinitespire:Gouge","floor":47,"key":"SMITH"},{"data":"Conserve Battery","floor":47,"key":"SMITH"},{"floor":49,"key":"REST"}],"circlet_count":0,"master_deck":["Burst+1","ReplayTheSpireMod:Reroute Power+1","Gash+1","ReplayGash+1","hubris:EnhanceAbility+1","Beam Cell+1","Gash+1","Gash+1","Reboot+1","Tempest+1","ReplayTheSpireMod:Omega Cannon+1","CurseOfTheBell","CurseOfTheBell","hubris:PowerSurge+1","ReplayGash+1","infinitespire:Gouge+1","Gash+1","hubris:Wrath","Clumsy"],"relics":["Cracked Core","Chemical X","MerchantsRug","FossilizedHelix","hubris:64BitClover","Replay:Arrowhead","infinitespire:Lucky Rock","Replay:Antivirus Software","hubris:Zylophone","Question Card","WingedGreaves","Juzu Bracelet","ReplayTheSpireMod:CursedCoin","hexamod:BolsterEngine","champ:DuelingGlove","Bag of Preparation","Membership Card","hubris:BallOfYels","Orichalcum","hubris:SlimyHat","ReplayTheSpireMod:Ring of Exchange","Calipers","Mirror","Peace Pipe","Replay:Bandana","infinitespire:EmpoweringShard","Sozu","downfall:ExtraCursedBell","MealTicket","ReplayTheSpireMod:Ninjato","Carrot","Regal Pillow","Akabeko","hubris:SphereOfDissonance","Slimebound:StickyStick","hubris:RGBLights","hubris:EvacipatedBox","hubris:FruitBowl","Replay:Baseball","hubris:TenFootPole","sneckomod:BlankCard","Replay:Ringing Soul","hubris:DisguiseKit","bronze:BronzeIdol","Prayer Wheel","Boot","infinitespire:Golems Mask","ReplayTheSpireMod:Lightbulb","Kintsugi"],"acts_visited":["Exordium","TheCity","TheBeyond","Exordium"],"potions_floor_usage":[],"damage_taken":[{"damage":0,"enemies":"Jaw Worm","floor":1,"turns":2},{"damage":0,"enemies":"Cultist","floor":3,"turns":1},{"damage":0,"enemies":"3 Sentries","floor":6,"turns":5},{"damage":0,"enemies":"Gremlin Nob","floor":11,"turns":3},{"damage":0,"enemies":"Slime Boss","floor":16,"turns":2},{"damage":0,"enemies":"2 Thieves","floor":18,"turns":1},{"damage":0,"enemies":"Book of Stabbing","floor":23,"turns":2},{"damage":0,"enemies":"Slavers","floor":28,"turns":1},{"damage":0,"enemies":"Spheric Guardian","floor":31,"turns":1},{"damage":0,"enemies":"Collector","floor":33,"turns":2},{"damage":0,"enemies":"Orb Walker","floor":35,"turns":2},{"damage":0,"enemies":"Nightmare","floor":40,"turns":1},{"damage":0,"enemies":"infinitespire:Three Voidlings","floor":41,"turns":1},{"damage":0,"enemies":"R_Hoarder","floor":42,"turns":1},{"damage":0,"enemies":"3 Darklings","floor":44,"turns":1},{"damage":0,"enemies":"Spire Growth","floor":45,"turns":1},{"damage":5,"enemies":"Time Eater","floor":50,"turns":3}],"seed_played":"7705454748639376279","potions_obtained":[{"floor":11,"key":"Fire Potion"}],"is_trial":false,"path_per_floor":["M","?","M","?","?","E","R","$","T","R","E","?","$","?","R","B",null,"M","?","?","?","?","E","$","R","T","R","E","$","R","M","R","B",null,"M","T","$","?","$","NM","?","E","T","M","M","$","R","$","R","B",null],"character_chosen":"DEFECT","items_purchased":["Chemical X","Pear","MerchantsRug","ReplayTheSpireMod:Reroute Power","Gash","ReplayGash","hubris:64BitClover","Omamori","infinitespire:Lucky Rock","Replay:Antivirus Software","hubris:Zylophone","Question Card","Juzu Bracelet","Gash","ReplayTheSpireMod:CursedCoin","hexamod:BolsterEngine","hubris:EnhanceAbility","Guide Book","Mango","champ:DuelingGlove","Bag of Preparation","Membership Card","hubris:BallOfYels","Orichalcum","hubris:SlimyHat","Gash","Reboot","infinitespire:EmpoweringShard","Simple Rune","ReplayTheSpireMod:Ninjato","Akabeko","DollysMirror","hubris:RGBLights","hubris:EvacipatedBox","hubris:FruitBowl","Replay:Baseball","hubris:TenFootPole","sneckomod:BlankCard","Replay:Ringing Soul","hubris:DisguiseKit","infinitespire:Golems Mask","ReplayTheSpireMod:Lightbulb","hubris:Spice"],"campfire_rested":1,"item_purchase_floors":[0,0,0,0,0,0,0,0,0,0,0,0,0,0,0,0,0,0,0,0,0,0,0,0,0,8,8,13,24,24,29,29,37,39,39,39,39,39,39,39,46,46,46],"current_hp_per_floor":[99,88,88,88,88,88,88,88,88,88,88,88,88,81,81,81,99,99,99,75,75,75,84,99,99,99,99,101,106,106,106,106,106,106,106,106,106,106,6,10,15,29,29,29,33,60,60,78,134,129,142,142],"gold":168,"neow_bonus":"","is_daily":false,"chose_seed":false,"campfire_upgraded":14,"win_rate":0.0,"timestamp":1613719054,"path_taken":["M","?","M","?","?","E","R","$","T","R","E","?","$","?","R","BOSS","M","?","?","?","?","E","$","R","T","R","E","?","R","M","R","BOSS","M","?","$","?","?","NM","?","E","T","M","M","$","R","?","R","BOSS"],"items_purchased_type":["Relic","Relic","Relic","Card","Card","Card","Relic","Relic","Relic","Relic","Relic","Relic","Relic","Card","Relic","Relic","Card","Relic","Relic","Relic","Relic","Relic","Relic","Relic","Relic","Card","Card","Relic","Relic","Relic","Relic","Relic","Relic","Relic","Relic","Relic","Relic","Relic","Relic","Relic","Relic","Relic","Relic"],"build_version":"2020-12-22","purchased_purges":5,"victory":false,"max_hp_per_floor":[99,99,99,99,99,99,99,99,99,99,99,99,99,99,99,99,99,99,99,99,99,99,106,106,106,106,106,106,106,106,106,106,106,106,106,106,106,106,106,110,110,122,122,122,126,138,138,138,138,138,142,142],"card_choices":[{"not_picked":["Consume","Sweeping Beam","Darkness"],"picked":"Beam Cell","floor":1},{"not_picked":["ReplayTheSpireMod:Calculation Training","Hello World","Defragment"],"picked":"Conserve Battery","floor":3},{"not_picked":["ReplayTheSpireMod:GoodbyeWorld","Stack","ReplayTheSpireMod:System Scan","Darkness"],"picked":"SKIP","floor":6},{"not_picked":["Sweeping Beam","hubris:Prefetch","hubris:Ukulele"],"picked":"Tempest","floor":11},{"not_picked":["Mirror Shield","Meteor Strike","Thunder Strike"],"picked":"ReplayTheSpireMod:Omega Cannon","floor":16},{"not_picked":["Streamline","Turbo+1","Genetic Algorithm","Conserve Battery"],"picked":"SKIP","floor":18},{"not_picked":["Hello World+1","Beam Cell","Sweeping Beam+1"],"picked":"hubris:PowerSurge","floor":23},{"not_picked":["Rip and Tear","Glacier+1","Leap","Genetic Algorithm"],"picked":"SKIP","floor":28},{"not_picked":["Rebound+1","Sunder","Panic Button","Self Repair+1"],"picked":"SKIP","floor":31},{"not_picked":["Biased Cognition","hubris:Prefetch","Multi-Cast"],"picked":"ReplayTheSpireMod:Fabricate Wheel","floor":33},{"not_picked":["Ball Lightning","Conserve Battery","Hello World+1","BasicCrystalCard+1"],"picked":"SKIP","floor":35},{"not_picked":["infinitespire:Punishment","infinitespire:Oblivion"],"picked":"infinitespire:Gouge","floor":40},{"not_picked":["Steam Power+1","Streamline","Self Repair+1","Double Energy+1","Spot Weakness"],"picked":"SKIP","floor":40},{"not_picked":["ReplayTheSpireMod:System Scan","ReplayTheSpireMod:Repulse","Panic Button+1","Doom and Gloom","Ghostly Armor"],"picked":"SKIP","floor":42},{"not_picked":["Genetic Algorithm","Streamline","BootSequence","Storm","hubris:CleavingFinish"],"picked":"SKIP","floor":44},{"not_picked":["Go for the Eyes","Panic Button","ReplaySort","Turbo+1","Abandon"],"picked":"SKIP","floor":44},{"not_picked":["Defragment+1","Sweeping Beam+1","Coolheaded+1","Stack+1","Brutality"],"picked":"SKIP","floor":45},{"not_picked":["Go for the Eyes","Meteor Strike","Melter+1","Gash+1","Anger"],"picked":"SKIP","floor":45},{"not_picked":["Go for the Eyes","Meteor Strike","Melter+1","Anger"],"picked":"Gash+1","floor":45},{"not_picked":["Defragment+1","Sweeping Beam+1","Coolheaded+1","Stack+1","Brutality"],"picked":"SKIP","floor":45}],"player_experience":1115454,"relics_obtained":[{"floor":5,"key":"ReplayTheSpireMod:Ring of Exchange"},{"floor":6,"key":"Calipers"},{"floor":9,"key":"Mirror"},{"floor":11,"key":"Peace Pipe"},{"floor":19,"key":"MealTicket"},{"floor":19,"key":"InkBottle"},{"floor":19,"key":"Bird Faced Urn"},{"floor":23,"key":"Strawberry"},{"floor":26,"key":"Carrot"},{"floor":28,"key":"Regal Pillow"},{"floor":35,"key":"hubris:SphereOfDissonance"},{"floor":36,"key":"Slimebound:StickyStick"},{"floor":40,"key":"bronze:BronzeIdol"},{"floor":42,"key":"hubris:Spice"},{"floor":43,"key":"Boot"}],"event_choices":[{"damage_healed":0,"gold_gain":75,"player_choice":"Gold","damage_taken":11,"max_hp_gain":1,"max_hp_loss":0,"event_name":"betterThird:BetterGoop","floor":2,"gold_loss":0},{"damage_healed":0,"gold_gain":0,"player_choice":"Ignored","damage_taken":0,"max_hp_gain":0,"max_hp_loss":0,"event_name":"betterNote:BetterNote","floor":4,"gold_loss":0,"cards_obtained":["ReplayTheSpireMod:Book of Names"]},{"damage_healed":0,"gold_gain":0,"player_choice":"Gave Potion","damage_taken":0,"relics_obtained":["Replay:Bandana"],"max_hp_gain":0,"max_hp_loss":0,"event_name":"WeMeetAgain","floor":12,"gold_loss":0},{"cards_removed":["Strike_B"],"damage_healed":0,"gold_gain":0,"player_choice":"Card Removal","damage_taken":7,"max_hp_gain":0,"max_hp_loss":0,"event_name":"Golden Wing","floor":14,"gold_loss":0},{"cards_removed":["Strike_B"],"damage_healed":0,"gold_gain":0,"player_choice":"Gave Gold","damage_taken":0,"max_hp_gain":0,"max_hp_loss":0,"event_name":"Beggar","floor":22,"gold_loss":75},{"damage_healed":0,"gold_gain":0,"player_choice":"Ignored","damage_taken":0,"max_hp_gain":0,"max_hp_loss":0,"event_name":"Tomb of Lord Red Mask","floor":38,"gold_loss":0}],"is_beta":false,"boss_relics":[{"not_picked":["hubris:BlackHole","Replay:Bronze Core"],"picked":"Sozu"},{"not_picked":["hubris:CrackedHourglass","Snecko Heart"],"picked":"Replay:Frozen Program"},{"not_picked":["bronze:DonusWashers","Astrolabe","Abe\u0027s Treasure"],"picked":"Kintsugi"}],"items_purged_floors":[0,8,37,46,48],"is_endless":true,"potions_floor_spawned":[11,28,31,41,42,45,50],"ascension_level":1}}