{"host":"bpr07pynnqpe5ded","time":1613752139,"event":{"mods":["2.2 Compatiblity","Aspiration","BaseMod","Better Note","Better Third Choice","BetterRewards","Downfall","Infinite Spire","Jorbs\u0027s Wanderer Trilogy","Minty Spire (QoL Compilation)","Replay The Spire","Shop Mod","StSLib","The Marked","??????REMEMod"],"gold_per_floor":[99,111,111,111,14,41,120,20,50,50,62,62,62,74,91,189,189,189,205,220,233,143,155,200,231,231,246,46,65,65,79,89,192,192,192,211,227,244,244,273,296,296,323,81,81,94,111,111,128,128,128,128],"floor_reached":50,"language":"ENG","playtime":4412,"items_purged":["Guardian:Strike_Guardian","Guardian:Strike_Guardian"],"score":636,"play_id":"1fb26dd4-ae02-4d23-a67a-5d222a3ccf2c","local_time":"20210219162859","is_ascension_mode":false,"campfire_choices":[{"data":"Dramatic Entrance","floor":1,"key":"SMITH"},{"floor":8,"key":"RECALL"},{"data":"REME_FirmDetermination","floor":13,"key":"SMITH"},{"data":"Guardian:DecasProtection","floor":18,"key":"SMITH"},{"data":"Panacea","floor":28,"key":"SMITH"},{"data":"Guardian:BronzeArmor","floor":35,"key":"SMITH"}],"circlet_count":0,"master_deck":["Guardian:Strike_Guardian","Guardian:Strike_Guardian","Guardian:Defend_Guardian","Guardian:Defend_Guardian","Guardian:Defend_Guardian","Guardian:CurlUp","Guardian:TwinSlam","Dramatic Entrance+1","Guardian:BronzeArmor","Guardian:ShieldSpikes+1","REME_FirmDetermination+1","Guardian:BronzeArmor+1","Guardian:BronzeArmor+1","Guardian:DecasProtection+1","Guardian:ExploitGems","Specialist","Panacea+1","Guardian:DonusPower","Guardian:PrimingBeam+1","REME_MawOfCthun","Guardian:SpikerProtocol+1","Guardian:PrismaticBarrier","Guardian:PrimingBeam+1","REME_FirmDetermination+1","Guardian:ShieldSpikes+1","Guardian:EvasiveProtocol+1","Guardian:Gem_Green","REME_Flogging+1","Guardian:Gem_Green","Panacea"],"relics":["Guardian:ModeShifter","REME_ComplimentaryCards","MealTicket","Sundial","downfall:HeartBlessingGreen","infinitespire:PuzzleCube","REME_LowDesire","Bronze Scales","aspiration:TomeofQuesting","ReplayTheSpireMod:TigerMarble","downfall:HeartBlessingBlue","downfall:HeartBlessingRed","Guardian:StasisSlotReductionRelic","Simple Rune","Oddly Smooth Stone","Blue Candle","War Paint"],"acts_visited":["Exordium","TheCity","TheBeyond"],"potions_floor_usage":[9,15,16,16,25,25,33,33,38,40,40,43],"damage_taken":[{"damage":6,"enemies":"Jaw Worm","floor":2,"turns":4},{"damage":0,"enemies":"downfall:FleeingMerchant","floor":5,"turns":4},{"damage":31,"enemies":"Replay:BlueRogue","floor":6,"turns":14},{"damage":3,"enemies":"3 Sentries","floor":9,"turns":5},{"damage":0,"enemies":"2 Louse","floor":11,"turns":2},{"damage":0,"enemies":"Small Slimes","floor":14,"turns":1},{"damage":0,"enemies":"3 Louse","floor":15,"turns":1},{"damage":0,"enemies":"WA_ARCHETYPE_RETAIN","floor":16,"turns":17},{"damage":13,"enemies":"downfall:LooterAlt2","floor":19,"turns":3},{"damage":10,"enemies":"Spheric Guardian","floor":20,"turns":6},{"damage":16,"enemies":"Chosen and Byrds","floor":21,"turns":7},{"damage":0,"enemies":"downfall:FleeingMerchant","floor":22,"turns":4},{"damage":3,"enemies":"Centurion and Healer","floor":23,"turns":10},{"damage":0,"enemies":"Gremlin Leader","floor":25,"turns":6},{"damage":4,"enemies":"3 Cultists","floor":27,"turns":7},{"damage":0,"enemies":"Sentry and Sphere","floor":29,"turns":5},{"damage":0,"enemies":"Centurion and Healer","floor":31,"turns":8},{"damage":0,"enemies":"Snecko","floor":32,"turns":6},{"damage":26,"enemies":"IC_MUSHROOM_ARCHETYPE","floor":33,"turns":9},{"damage":0,"enemies":"3 Darklings","floor":36,"turns":6},{"damage":23,"enemies":"3 Shapes","floor":37,"turns":6},{"damage":0,"enemies":"Sphere and 2 Shapes","floor":38,"turns":5},{"damage":17,"enemies":"Nightmare","floor":40,"turns":7},{"damage":0,"enemies":"Reptomancer","floor":43,"turns":8},{"damage":0,"enemies":"downfall:FleeingMerchant","floor":44,"turns":4},{"damage":0,"enemies":"Transient","floor":46,"turns":5},{"damage":0,"enemies":"Maw","floor":47,"turns":7},{"damage":13,"enemies":"Jaw Worm Horde","floor":49,"turns":4},{"damage":52,"enemies":"DF_ARCHETYPE_ORBS","floor":50,"turns":6}],"seed_played":"4309801512679838852","potions_obtained":[{"floor":6,"key":"DistilledChaos"},{"floor":9,"key":"Guardian:BlockOnCardUsePotion"},{"floor":14,"key":"FearPotion"},{"floor":15,"key":"REME_GoldPotion"},{"floor":16,"key":"Cursed Concoction"},{"floor":19,"key":"Toxic Potion"},{"floor":21,"key":"Explosive Potion"},{"floor":25,"key":"DuplicationPotion"},{"floor":27,"key":"SteroidPotion"},{"floor":31,"key":"LiquidMemories"},{"floor":33,"key":"AttackPotion"},{"floor":36,"key":"Adrenaline Potion"},{"floor":38,"key":"Reflective Coating"},{"floor":43,"key":"Explosive Potion"},{"floor":46,"key":"champ:CounterPotion"}],"is_trial":false,"path_per_floor":["R","M","?","?","$","E","T","R","E","?","M","?","R","M","M","B",null,"R","M","M","M","$","M","T","E","?","M","R","M","?","M","M","B",null,"R","M","M","M","?","NM","T","?","E","$","?","M","M","AVR","M","B"],"character_chosen":"GUARDIAN","items_purchased":["REME_FirmDetermination","Guardian:Gem_Green","REME_Flogging"],"campfire_rested":0,"item_purchase_floors":[5,44,44],"current_hp_per_floor":[80,74,74,74,74,43,43,43,40,40,40,40,40,40,40,40,80,80,67,57,41,56,53,53,53,53,49,59,59,59,59,59,33,90,90,90,67,67,67,50,50,45,45,60,60,60,60,60,47,0,0,0],"gold":128,"neow_bonus":"RANDOM_COLORLESS","is_daily":false,"chose_seed":false,"campfire_upgraded":5,"win_rate":0.0,"timestamp":1613752139,"path_taken":["R","M","?","?","$","E","T","R","E","?","?","?","R","M","M","BOSS","R","M","M","M","$","M","T","E","?","M","R","?","?","M","M","BOSS","R","M","M","M","?","NM","T","?","E","$","?","M","?","AVR","M","BOSS"],"items_purchased_type":["Card","Card","Card"],"build_version":"2020-12-22","purchased_purges":2,"victory":false,"max_hp_per_floor":[80,80,80,80,80,80,80,80,80,80,80,80,80,80,80,80,80,80,80,80,80,80,80,80,80,80,80,90,90,90,90,90,90,90,90,90,90,90,90,90,90,90,90,90,90,90,90,90,90,90,90,90],"card_choices":[{"not_picked":["Enlightenment","Jack Of All Trades"],"picked":"Dramatic Entrance","floor":0},{"not_picked":["Guardian:Gem_Red","Guardian:GuardianWhirl"],"picked":"Guardian:BronzeArmor","floor":2},{"not_picked":["Guardian:Gem_Red","Guardian:Orbwalk"],"picked":"Guardian:ShieldSpikes","floor":5},{"not_picked":["Guardian:ShieldCharger","Guardian:ChargeCore"],"picked":"Guardian:BronzeArmor","floor":6},{"not_picked":["Guardian:Gem_White","Guardian:Planning"],"picked":"Guardian:BronzeArmor","floor":9},{"not_picked":["Guardian:CrystalBeam","Guardian:TemporalStrike","Guardian:Gem_Red"],"picked":"SKIP","floor":11},{"not_picked":["Guardian:Gem_Lightblue","Guardian:Recover"],"picked":"Guardian:DecasProtection","floor":14},{"not_picked":["Guardian:Reroute","Guardian:ChargeCore","Guardian:PrismaticBeam"],"picked":"SKIP","floor":15},{"not_picked":["Guardian:ConstructionForm","Guardian:StasisField"],"picked":"Guardian:ExploitGems","floor":16},{"not_picked":["Guardian:BronzeOrb","Guardian:DonusPower","HandOfGreed"],"picked":"Guardian:Gem_Blue","floor":19},{"not_picked":["Guardian:RollAttack","Guardian:Reroute","Guardian:ChargeUp"],"picked":"Specialist","floor":20},{"not_picked":["Guardian:Gem_Crimson","Guardian:Recover","Guardian:Gem_Red"],"picked":"Panacea","floor":21},{"not_picked":["Guardian:TemporalStrike+1","Guardian:FuturePlans","PanicButton"],"picked":"Guardian:DonusPower","floor":22},{"not_picked":["Guardian:TimeBomb","Guardian:DonusPower","Guardian:RefractedBeam+1","ReplayTheSpireMod:Trickstab+1"],"picked":"SKIP","floor":23},{"not_picked":["Guardian:CompilePackage","Guardian:RefractedBeam","Guardian:Emergency","Dramatic Entrance"],"picked":"SKIP","floor":25},{"not_picked":["Guardian:Gem_Crimson","Guardian:Incinerate+1","Guardian:CrystalBeam","Discovery"],"picked":"SKIP","floor":27},{"not_picked":["Guardian:Gem_Crimson","Guardian:Incinerate+1","Guardian:CrystalBeam","Discovery"],"picked":"SKIP","floor":27},{"not_picked":["Guardian:CrystalBeam+1","Guardian:Planning","Dark Shackles"],"picked":"Guardian:PrimingBeam+1","floor":29},{"not_picked":["Guardian:TemporalStrike","Guardian:Incinerate","Forethought"],"picked":"Guardian:Gem_Green","floor":31},{"not_picked":["Guardian:TimeCapacitor","Guardian:Gem_Purple","Guardian:PiercingHide"],"picked":"REME_MawOfCthun","floor":32},{"not_picked":["Guardian:Gem_Blue","Guardian:Planning","Swift Strike"],"picked":"Guardian:SpikerProtocol+1","floor":36},{"not_picked":["Guardian:Gem_Fragmented","Guardian:Gem_Red","Flash of Steel+1"],"picked":"Guardian:PrismaticBarrier","floor":37},{"not_picked":["Guardian:ChargeCore","Guardian:Orbwalk","Guardian:Gem_White"],"picked":"REME_FirmDetermination+1","floor":38},{"not_picked":["Guardian:MultiBeam","Guardian:Gem_Red","Guardian:Reroute","Replay:Dark Deal"],"picked":"SKIP","floor":40},{"not_picked":["Guardian:MultiBeam","Guardian:Gem_Red","Guardian:Reroute","Replay:Dark Deal"],"picked":"SKIP","floor":40},{"not_picked":["Guardian:Recover","Guardian:ShieldCharger+1","Panache"],"picked":"Guardian:ShieldSpikes+1","floor":43},{"not_picked":["Guardian:Gem_Cyan","Guardian:SphericShield","REME_ProfessionalPlagiarism"],"picked":"Guardian:EvasiveProtocol+1","floor":44},{"not_picked":["Guardian:Gem_Yellow","Guardian:Repulse+1","ReplayTheSpireMod:Uncanny Aura+1"],"picked":"Guardian:Gem_Green","floor":46},{"not_picked":["Guardian:Reroute","Guardian:ShieldCharger","Guardian:PrimingBeam+1","REME_MagicPocketWatch+1"],"picked":"SKIP","floor":47},{"not_picked":["Guardian:WalkerClaw+1","Guardian:CompilePackage","Guardian:PrimingBeam"],"picked":"Panacea","floor":49}],"player_experience":1155991,"relics_obtained":[{"floor":6,"key":"MealTicket"},{"floor":7,"key":"Sundial"},{"floor":9,"key":"infinitespire:PuzzleCube"},{"floor":17,"key":"Bronze Scales"},{"floor":17,"key":"aspiration:TomeofQuesting"},{"floor":25,"key":"ReplayTheSpireMod:TigerMarble"},{"floor":40,"key":"Simple Rune"},{"floor":41,"key":"Oddly Smooth Stone"},{"floor":43,"key":"War Paint"}],"event_choices":[{"damage_healed":0,"gold_gain":0,"player_choice":"Ignored","damage_taken":0,"max_hp_gain":0,"max_hp_loss":0,"event_name":"betterNote:BetterNote","floor":26,"gold_loss":0,"cards_obtained":["REME_EyeOfCthun"]}],"is_beta":false,"boss_relics":[{"not_picked":["Calling Bell","Snecko Eye"],"picked":"REME_LowDesire"},{"not_picked":["ReplayTheSpireMod:DimensionalGlitch","ChewingGum"],"picked":"Guardian:StasisSlotReductionRelic"}],"items_purged_floors":[22,48],"is_endless":true,"potions_floor_spawned":[6,9,14,15,16,19,21,25,27,31,33,36,38,43,46],"killed_by":"DF_ARCHETYPE_ORBS","ascension_level":0}}