{"host":"8is2j71l4wmybkoi","time":1613725316,"event":{"mods":["AchievementEnabler","BaseMod","Colored Map","DeckTracker","Minty Spire (QoL Compilation)","Rare Cards Sparkle","Relic Stats","StSLib","SuperFastMode"],"gold_per_floor":[16,16,16,30,44,44,68,143,212,88,88,121,139,162,162,258,258,277,300,215,165,6,46,70,70,97,97,110,146,166,166,166,259,259,283,304,304,317,317,317,317],"floor_reached":40,"language":"KOR","playtime":1272,"items_purged":["Strike_G"],"score":793,"play_id":"fe082c0f-39bc-4874-a9bf-16ebe3e8ecd7","local_time":"20210219180156","is_ascension_mode":true,"campfire_choices":[{"data":"Neutralize","floor":6,"key":"SMITH"},{"data":"Blade Dance","floor":11,"key":"SMITH"},{"data":"Well Laid Plans","floor":15,"key":"SMITH"},{"data":"Reflex","floor":25,"key":"SMITH"},{"floor":27,"key":"REST"},{"data":"Prepared","floor":32,"key":"SMITH"}],"circlet_count":0,"master_deck":["AscendersBane","Strike_G","Strike_G","Strike_G","Strike_G","Defend_G","Defend_G","Defend_G","Defend_G","Defend_G","Survivor","Neutralize+1","Grand Finale","Underhanded Strike","Quick Slash","Well Laid Plans+1","Blade Dance+1","Corpse Explosion","Reflex+1","After Image","Flash of Steel","Backflip","Prepared+1","Blur"],"relics":["Ring of the Snake","Golden Idol","Mercury Hourglass","Orichalcum","Busted Crown","Omamori","Meat on the Bone","Lantern","Pear","Snake Skull","Cursed Key"],"acts_visited":["Exordium","TheCity","TheBeyond"],"potions_floor_usage":[4,12,13,16,19,23,24,24,28,29,33,40],"damage_taken":[{"damage":0,"enemies":"2 Louse","floor":1,"turns":2},{"damage":0,"enemies":"Small Slimes","floor":4,"turns":3},{"damage":1,"enemies":"Cultist","floor":5,"turns":4},{"damage":8,"enemies":"Blue Slaver","floor":7,"turns":4},{"damage":12,"enemies":"3 Sentries","floor":12,"turns":5},{"damage":0,"enemies":"Large Slime","floor":13,"turns":6},{"damage":0,"enemies":"Lots of Slimes","floor":14,"turns":2},{"damage":25,"enemies":"Slime Boss","floor":16,"turns":10},{"damage":12,"enemies":"Chosen","floor":18,"turns":7},{"damage":2,"enemies":"Shell Parasite","floor":19,"turns":3},{"damage":25,"enemies":"Gremlin Leader","floor":23,"turns":6},{"damage":17,"enemies":"Snake Plant","floor":24,"turns":5},{"damage":0,"enemies":"Centurion and Healer","floor":28,"turns":3},{"damage":7,"enemies":"Book of Stabbing","floor":29,"turns":5},{"damage":7,"enemies":"3 Cultists","floor":30,"turns":4},{"damage":12,"enemies":"Collector","floor":33,"turns":7},{"damage":0,"enemies":"Orb Walker","floor":35,"turns":4},{"damage":15,"enemies":"3 Shapes","floor":36,"turns":4},{"damage":22,"enemies":"3 Darklings","floor":38,"turns":3},{"damage":80,"enemies":"Nemesis","floor":40,"turns":9}],"seed_played":"7543488131602568361","potions_obtained":[{"floor":3,"key":"EssenceOfSteel"},{"floor":3,"key":"EssenceOfSteel"},{"floor":7,"key":"AttackPotion"},{"floor":13,"key":"Fire Potion"},{"floor":14,"key":"Weak Potion"},{"floor":18,"key":"LiquidMemories"},{"floor":23,"key":"FearPotion"},{"floor":24,"key":"GamblersBrew"},{"floor":28,"key":"AttackPotion"},{"floor":30,"key":"LiquidMemories"},{"floor":36,"key":"Explosive Potion"}],"is_trial":false,"path_per_floor":["M","?","?","M","M","R","M","?","T","$","R","E","M","M","R","B",null,"M","M","?","?","$","E","M","R","T","R","M","E","M","T","R","B",null,"M","M","?","M","?","E"],"character_chosen":"THE_SILENT","items_purchased":["Blade Dance","Flash of Steel","Regen Potion"],"campfire_rested":1,"item_purchase_floors":[10,22,22],"current_hp_per_floor":[59,59,59,59,58,58,50,39,39,39,39,27,27,27,27,2,46,34,32,32,32,32,22,17,17,17,35,35,50,43,43,43,43,63,63,48,48,38,52,0,0],"gold":317,"neow_bonus":"THREE_RARE_CARDS","is_daily":false,"chose_seed":false,"campfire_upgraded":5,"win_rate":0.0,"timestamp":1613725316,"path_taken":["M","?","?","M","?","R","M","?","T","$","R","E","M","M","R","BOSS","M","M","?","?","$","E","?","R","T","R","M","E","M","?","R","BOSS","M","M","?","M","?","E"],"items_purchased_type":["Card","Card","Potion"],"build_version":"2020-12-22","purchased_purges":1,"victory":false,"max_hp_per_floor":[66,60,60,60,60,60,60,60,60,60,60,60,60,60,60,60,60,60,60,60,60,60,60,60,60,60,60,60,70,70,70,70,70,70,70,70,70,70,70,70,70],"relic_stats":{"Busted Crown":22,"counters":[20,96],"Golden Idol":113,"Snake Skull":[7],"Orichalcum":[60],"Cursed Key":0,"obtain_stats":[{"Lantern":26,"Busted Crown":17,"Pear":29,"Golden Idol":2,"Snake Skull":31,"Omamori":20,"Orichalcum":12,"Cursed Key":34,"Ring of the Snake":0,"Mercury Hourglass":9,"Meat on the Bone":23},{"Lantern":12,"Busted Crown":8,"Pear":14,"Golden Idol":1,"Snake Skull":15,"Omamori":10,"Orichalcum":5,"Cursed Key":16,"Ring of the Snake":0,"Mercury Hourglass":4,"Meat on the Bone":11},{"Lantern":57,"Busted Crown":36,"Pear":65,"Golden Idol":2,"Snake Skull":69,"Omamori":46,"Orichalcum":18,"Cursed Key":76,"Ring of the Snake":0,"Mercury Hourglass":13,"Meat on the Bone":52}],"Ring of the Snake":[40],"Mercury Hourglass":[377],"Meat on the Bone":48},"card_choices":[{"not_picked":["Tools of the Trade","Glass Knife"],"picked":"Grand Finale","floor":0},{"not_picked":["PiercingWail","Bane"],"picked":"Underhanded Strike","floor":1},{"not_picked":["Poisoned Stab","Sucker Punch","Concentrate"],"picked":"SKIP","floor":4},{"not_picked":["Tools of the Trade","Bane"],"picked":"Quick Slash","floor":5},{"not_picked":["Bouncing Flask","Flechettes"],"picked":"Well Laid Plans","floor":7},{"not_picked":["All Out Attack","PiercingWail"],"picked":"Corpse Explosion","floor":12},{"not_picked":["Flying Knee","Flechettes","Deadly Poison"],"picked":"SKIP","floor":13},{"not_picked":["Dagger Spray","Backflip"],"picked":"Reflex","floor":14},{"not_picked":["Envenom","Wraith Form v2"],"picked":"After Image","floor":16},{"not_picked":["Deadly Poison+1"],"picked":"SKIP","floor":18},{"not_picked":["Outmaneuver"],"picked":"SKIP","floor":19},{"not_picked":["Slice+1"],"picked":"SKIP","floor":23},{"not_picked":[],"picked":"Backflip","floor":24},{"not_picked":[],"picked":"Prepared","floor":28},{"not_picked":["Outmaneuver+1"],"picked":"SKIP","floor":29},{"not_picked":["Deflect"],"picked":"SKIP","floor":30},{"not_picked":[],"picked":"Blur","floor":35},{"not_picked":["Underhanded Strike"],"picked":"SKIP","floor":36},{"not_picked":["Flying Knee+1"],"picked":"SKIP","floor":38}],"player_experience":1246284,"relics_obtained":[{"floor":9,"key":"Mercury Hourglass"},{"floor":12,"key":"Orichalcum"},{"floor":23,"key":"Meat on the Bone"},{"floor":26,"key":"Lantern"},{"floor":29,"key":"Pear"},{"floor":31,"key":"Snake Skull"}],"event_choices":[{"damage_healed":0,"gold_gain":0,"player_choice":"Lose Max HP","damage_taken":0,"relics_obtained":["Golden Idol"],"max_hp_gain":0,"max_hp_loss":6,"event_name":"Golden Idol","floor":2,"gold_loss":0},{"damage_healed":0,"gold_gain":0,"player_choice":"Got Potions","damage_taken":0,"max_hp_gain":0,"max_hp_loss":0,"event_name":"Lab","floor":3,"gold_loss":0},{"damage_healed":0,"gold_gain":75,"player_choice":"Gather Gold","damage_taken":11,"max_hp_gain":0,"max_hp_loss":0,"event_name":"World of Goop","floor":8,"gold_loss":0},{"damage_healed":0,"gold_gain":0,"player_choice":"Obtained Relic","damage_taken":0,"relics_obtained":["Omamori"],"max_hp_gain":0,"max_hp_loss":0,"event_name":"Addict","floor":20,"gold_loss":85},{"damage_healed":0,"gold_gain":0,"player_choice":"Bet on Murderer","damage_taken":0,"max_hp_gain":0,"max_hp_loss":0,"event_name":"The Joust","floor":21,"gold_loss":50},{"damage_healed":0,"gold_gain":0,"player_choice":"Ignored","damage_taken":0,"max_hp_gain":0,"max_hp_loss":0,"event_name":"Tomb of Lord Red Mask","floor":37,"gold_loss":0},{"damage_healed":14,"gold_gain":0,"player_choice":"Writhe","damage_taken":0,"max_hp_gain":0,"max_hp_loss":0,"event_name":"Winding Halls","floor":39,"gold_loss":0,"cards_obtained":["Writhe"]}],"is_beta":false,"boss_relics":[{"not_picked":["Ectoplasm","Philosopher\u0027s Stone"],"picked":"Busted Crown"},{"not_picked":["WristBlade","Velvet Choker"],"picked":"Cursed Key"}],"items_purged_floors":[10],"is_endless":false,"potions_floor_spawned":[7,13,14,18,23,24,28,30,36],"killed_by":"Nemesis","ascension_level":15}}