{"host":"w5thk1acqacem6ba","time":1613739444,"event":{"mods":["AchievementEnabler","BaseMod","Colored Map","KOR Keyword Fix","Minty Spire (QoL Compilation)","SuperFastMode"],"gold_per_floor":[109,59,59,59,159,159,174,199,250,265,299,299,313,332,332,458,458,483,502,601,617,175,175,209,209,236,236,135,153,167,167,167,293,293,314,377,377,396,396,396,44,62,62,62,76,91,91,91],"floor_reached":47,"language":"KOR","playtime":1809,"items_purged":["Defend_G","Defend_G","Strike_G"],"score":671,"play_id":"87b15534-0aaa-45b1-91e2-1f6ec77b9da9","local_time":"20210219215724","is_ascension_mode":true,"campfire_choices":[{"data":"Neutralize","floor":6.0,"key":"SMITH"},{"data":"Accuracy","floor":12.0,"key":"SMITH"},{"floor":15.0,"key":"REST"},{"floor":23.0,"key":"REST"},{"data":"Backflip","floor":25.0,"key":"SMITH"},{"data":"Footwork","floor":27.0,"key":"SMITH"},{"data":"Blade Dance","floor":32.0,"key":"SMITH"},{"floor":40.0,"key":"REST"},{"data":"1","floor":44.0,"key":"LIFT"}],"circlet_count":0,"master_deck":["Defend_G","Defend_G","Defend_G","Survivor","Neutralize+1","Blade Dance","Accuracy+1","After Image","Backflip+1","Footwork+1","After Image","Well Laid Plans+1","Dagger Spray+1","Cloak And Dagger","Infinite Blades","Backstab","Blade Dance+1","Cloak And Dagger+1","Cloak And Dagger+1","Slice","Infinite Blades+1","Parasite","Deflect+1","Cloak And Dagger+1"],"relics":["WristBlade","Golden Idol","Oddly Smooth Stone","Sundial","Astrolabe","Ornamental Fan","Smiling Mask","MealTicket","Cursed Key","Girya","Paper Crane","Art of War"],"acts_visited":["Exordium","TheCity","TheBeyond"],"potions_floor_usage":[],"damage_taken":[{"damage":1.0,"enemies":"2 Louse","floor":1.0,"turns":3.0},{"damage":3.0,"enemies":"Jaw Worm","floor":7.0,"turns":4.0},{"damage":0.0,"enemies":"Small Slimes","floor":8.0,"turns":2.0},{"damage":0.0,"enemies":"Looter","floor":10.0,"turns":2.0},{"damage":10.0,"enemies":"3 Sentries","floor":11.0,"turns":8.0},{"damage":11.0,"enemies":"3 Louse","floor":13.0,"turns":4.0},{"damage":0.0,"enemies":"2 Fungi Beasts","floor":14.0,"turns":3.0},{"damage":0.0,"enemies":"Hexaghost","floor":16.0,"turns":11.0},{"damage":7.0,"enemies":"3 Byrds","floor":18.0,"turns":6.0},{"damage":8.0,"enemies":"Spheric Guardian","floor":19.0,"turns":4.0},{"damage":0.0,"enemies":"Snecko","floor":21.0,"turns":4.0},{"damage":18.0,"enemies":"Book of Stabbing","floor":24.0,"turns":6.0},{"damage":1.0,"enemies":"Snake Plant","floor":29.0,"turns":6.0},{"damage":0.0,"enemies":"Cultist and Chosen","floor":30.0,"turns":5.0},{"damage":28.0,"enemies":"Automaton","floor":33.0,"turns":7.0},{"damage":7.0,"enemies":"Orb Walker","floor":35.0,"turns":3.0},{"damage":0.0,"enemies":"Mind Bloom Boss Battle","floor":36.0,"turns":5.0},{"damage":29.0,"enemies":"3 Darklings","floor":38.0,"turns":4.0},{"damage":7.0,"enemies":"Maw","floor":42.0,"turns":5.0},{"damage":16.0,"enemies":"Writhing Mass","floor":45.0,"turns":6.0},{"damage":20.0,"enemies":"4 Shapes","floor":46.0,"turns":2.0},{"damage":21,"enemies":"Transient","floor":47,"turns":1}],"seed_played":"-1409696021268010493","potions_obtained":[{"floor":1.0,"key":"Weak Potion"},{"floor":10.0,"key":"Fire Potion"},{"floor":13.0,"key":"AttackPotion"},{"floor":16.0,"key":"CultistPotion"},{"floor":29.0,"key":"SkillPotion"},{"floor":33.0,"key":"DistilledChaos"},{"floor":42.0,"key":"CunningPotion"}],"is_trial":false,"path_per_floor":["M","?","?","$","?","R","M","M","T","M","E","R","M","M","R","B",null,"M","M","?","M","$","R","E","R","T","R","$","M","M","?","R","B",null,"M","?","?","M","?","R","$","M","T","R","M","M","M"],"character_chosen":"THE_SILENT","items_purchased":["Ornamental Fan","Cloak And Dagger","Infinite Blades","Blade Dance","Slice","Paper Crane"],"campfire_rested":3,"item_purchase_floors":[22,22,22,28,41,41],"current_hp_per_floor":[62,62,45,45,45,45,42,42,42,42,32,32,21,21,42,42,63,56,48,48,48,48,69,51,51,51,51,66,65,65,65,65,37,62,55,55,55,26,26,47,62,55,55,55,39,19,0,0],"gold":91,"neow_bonus":"BOSS_RELIC","is_daily":false,"chose_seed":false,"campfire_upgraded":5,"win_rate":0.0,"timestamp":1613739444,"path_taken":["M","?","?","?","?","R","?","M","T","M","E","R","M","M","R","BOSS","M","M","?","M","$","R","E","R","T","R","$","M","M","?","R","BOSS","BOSS","M","?","?","M","?","R","$","M","T","R","M","M","M"],"items_purchased_type":["Relic","Card","Card","Card","Card","Relic"],"build_version":"2020-12-22","purchased_purges":3,"victory":false,"max_hp_per_floor":[70,70,70,70,70,70,70,70,70,70,70,70,70,70,70,70,70,70,70,70,70,70,70,70,70,70,70,70,70,70,70,70,70,70,70,70,70,70,70,70,70,70,70,70,70,70,70,70],"card_choices":[{"not_picked":["Bouncing Flask","Dagger Throw","Flechettes"],"picked":"SKIP","floor":1.0},{"not_picked":["Backstab","Dagger Throw"],"picked":"Blade Dance","floor":7.0},{"not_picked":["Flying Knee","Dodge and Roll","Quick Slash"],"picked":"SKIP","floor":8.0},{"not_picked":["Dash","Backflip"],"picked":"Accuracy","floor":10.0},{"not_picked":["Dagger Throw","Deflect"],"picked":"After Image","floor":11.0},{"not_picked":["Bane","Underhanded Strike"],"picked":"Backflip","floor":13.0},{"not_picked":["Bane","Skewer"],"picked":"Footwork","floor":14.0},{"not_picked":["Doppelganger","Night Terror"],"picked":"After Image","floor":16.0},{"not_picked":["Sucker Punch+1","Expertise","Acrobatics"],"picked":"SKIP","floor":18.0},{"not_picked":["Distraction","All Out Attack","Bouncing Flask+1"],"picked":"SKIP","floor":19.0},{"not_picked":["Outmaneuver","Dagger Spray","Dodge and Roll"],"picked":"SKIP","floor":21.0},{"not_picked":["Outmaneuver","Footwork"],"picked":"Backstab","floor":24.0},{"not_picked":["Crippling Poison+1","Eviscerate+1","Reflex"],"picked":"SKIP","floor":29.0},{"not_picked":["Die Die Die","Setup","Prepared"],"picked":"SKIP","floor":30.0},{"not_picked":["Flying Knee+1","Dagger Spray"],"picked":"Cloak And Dagger+1","floor":35.0},{"not_picked":["Sucker Punch+1","Phantasmal Killer"],"picked":"Cloak And Dagger+1","floor":36.0},{"not_picked":["Skewer+1","Sucker Punch+1","Dagger Throw+1"],"picked":"SKIP","floor":38.0},{"not_picked":["Bane","Slice"],"picked":"Infinite Blades+1","floor":42.0},{"not_picked":["Predator","Underhanded Strike+1"],"picked":"Deflect+1","floor":45.0},{"not_picked":["Quick Slash+1","Riddle With Holes+1"],"picked":"Cloak And Dagger+1","floor":46.0}],"player_experience":424067,"relics_obtained":[{"floor":9.0,"key":"Oddly Smooth Stone"},{"floor":11.0,"key":"Sundial"},{"floor":24.0,"key":"Smiling Mask"},{"floor":26.0,"key":"MealTicket"},{"floor":36.0,"key":"Girya"},{"floor":43.0,"key":"Art of War"}],"event_choices":[{"cards_removed":["Strike_G"],"damage_healed":0.0,"max_hp_gain":0.0,"max_hp_loss":0.0,"gold_gain":0.0,"event_name":"The Cleric","player_choice":"Card Removal","floor":2.0,"gold_loss":50.0,"damage_taken":0.0},{"damage_healed":0.0,"max_hp_gain":0.0,"max_hp_loss":0.0,"gold_gain":0.0,"event_name":"Golden Idol","player_choice":"Take Damage","floor":3.0,"gold_loss":0.0,"damage_taken":17.0,"relics_obtained":["Golden Idol"]},{"damage_healed":0.0,"max_hp_gain":0.0,"max_hp_loss":0.0,"gold_gain":100.0,"event_name":"Wheel of Change","player_choice":"Gold","floor":5.0,"gold_loss":0.0,"damage_taken":0.0},{"damage_healed":0.0,"max_hp_gain":0.0,"max_hp_loss":0.0,"gold_gain":99.0,"event_name":"Nest","player_choice":"Stole From Cult","floor":20.0,"gold_loss":0.0,"damage_taken":0.0},{"damage_healed":0.0,"max_hp_gain":0.0,"max_hp_loss":0.0,"gold_gain":0.0,"event_name":"Vampires","player_choice":"Ignored","floor":31.0,"gold_loss":0.0,"damage_taken":0.0},{"damage_healed":0.0,"max_hp_gain":0.0,"max_hp_loss":0.0,"gold_gain":0.0,"event_name":"MindBloom","player_choice":"Fight","floor":36.0,"gold_loss":0.0,"damage_taken":0.0},{"damage_healed":0.0,"max_hp_gain":0.0,"max_hp_loss":0.0,"gold_gain":0.0,"event_name":"Tomb of Lord Red Mask","player_choice":"Ignored","floor":37.0,"gold_loss":0.0,"damage_taken":0.0},{"cards_removed":["Riddle With Holes"],"damage_healed":0.0,"max_hp_gain":0.0,"max_hp_loss":0.0,"gold_gain":0.0,"event_name":"Falling","player_choice":"Removed Attack","floor":39.0,"gold_loss":0.0,"damage_taken":0.0}],"is_beta":false,"boss_relics":[{"not_picked":["Black Star","HoveringKite"],"picked":"Astrolabe"},{"not_picked":["Philosopher\u0027s Stone","Coffee Dripper"],"picked":"Cursed Key"}],"items_purged_floors":[22,28,41],"is_endless":false,"potions_floor_spawned":[1,10,13,16,29,33,35,42],"killed_by":"Transient","ascension_level":6}}