{"host":"cbq8yyebcqrqowe9","time":1613703425,"event":{"mods":["BaseMod","Better Altar","Better Match","Better Note","Better Sensory Stone","Better Skull","Better Third Choice","Hermit","Hubris","Minty Spire (QoL Compilation)","StSLib","The Blue Laboratory"],"gold_per_floor":[111,123,142,142,205,234,234,263,263,66,116,14,31,49,49,154,154,166,216,266,316,378,378,389,439,466,466,493,504,538,557,557,557,557],"floor_reached":33,"language":"ENG","playtime":1608,"items_purged":[],"score":297,"play_id":"f7953c14-b7de-4244-9cff-676f5229ccf6","local_time":"20210218185705","is_ascension_mode":false,"campfire_choices":[{"data":"hermit:CursedWeapon","floor":7,"key":"SMITH"},{"data":"hermit:BigShot","floor":15,"key":"SMITH"},{"floor":23,"key":"REST"},{"data":"Venomology","floor":27,"key":"SMITH"},{"floor":32,"key":"REST"}],"circlet_count":0,"master_deck":["hermit:Strike_Hermit","hermit:Strike_Hermit","hermit:Strike_Hermit","hermit:Strike_Hermit","hermit:Defend_Hermit","hermit:Defend_Hermit","hermit:Defend_Hermit","hermit:Snapshot","hermit:Covet","hermit:Headshot","hermit:Snipe","hermit:Snipe","hermit:CursedWeapon+1","hermit:Brawl","hermit:TrackingShot","hermit:BigShot","hermit:Misfire","hermit:Brawl","hermit:BigShot+1","hermit:Adapt","hermit:CursedWeapon","Venomology+1","hermit:GhostlyPresence+1","hermit:BodyArmor+1","hermit:Deadeye","hermit:Maintenance","hermit:EyeOfTheStorm"],"relics":["hubris:ScarierMask","SsserpentHead","hubris:SphereOfDissonance","Omamori","Vajra","Lee\u0027s Waffle","Velvet Choker","Membership Card","hubris:EvacipatedBox","hubris:FruitBowl","Nloth\u0027s Gift","Juzu Bracelet","Bottled Lightning","hubris:Zylophone"],"acts_visited":["Exordium","TheCity"],"potions_floor_usage":[6,14,22,22,22,24,28,29,30,31,33,33],"damage_taken":[{"damage":1,"enemies":"Jaw Worm","floor":1,"turns":3},{"damage":0,"enemies":"Cultist","floor":2,"turns":3},{"damage":0,"enemies":"Small Slimes","floor":3,"turns":2},{"damage":6,"enemies":"Exordium Wildlife","floor":5,"turns":3},{"damage":16,"enemies":"Gremlin Nob","floor":6,"turns":3},{"damage":38,"enemies":"Lagavulin","floor":8,"turns":5},{"damage":0,"enemies":"Gremlin Gang","floor":13,"turns":2},{"damage":14,"enemies":"Exordium Thugs","floor":14,"turns":2},{"damage":46,"enemies":"Hexaghost","floor":16,"turns":7},{"damage":2,"enemies":"3 Byrds","floor":18,"turns":4},{"damage":14,"enemies":"Shell Parasite","floor":22,"turns":3},{"damage":3,"enemies":"Snecko","floor":24,"turns":3},{"damage":39,"enemies":"Book of Stabbing","floor":28,"turns":5},{"damage":2,"enemies":"Chosen and Byrds","floor":29,"turns":3},{"damage":9,"enemies":"Slavers","floor":30,"turns":4},{"damage":23,"enemies":"Snake Plant","floor":31,"turns":2},{"damage":103,"enemies":"Automaton","floor":33,"turns":8}],"seed_played":"-3090059252816832029","potions_obtained":[{"floor":1,"key":"blueLaboratory:RememoryPotion"},{"floor":2,"key":"Ancient Potion"},{"floor":5,"key":"FairyPotion"},{"floor":6,"key":"blueLaboratory:PhilterOfMotion"},{"floor":16,"key":"Dexterity Potion"},{"floor":22,"key":"Regen Potion"},{"floor":28,"key":"blueLaboratory:NullPotion"},{"floor":30,"key":"Energy Potion"},{"floor":31,"key":"blueLaboratory:RememoryPotion"}],"is_trial":false,"path_per_floor":["M","M","M","?","M","E","R","E","T","$","?","$","M","M","R","B",null,"M","?","$","?","M","R","M","?","T","R","E","M","E","M","R","B"],"character_chosen":"HERMIT","items_purchased":["hermit:BigShot","Vajra","Lee\u0027s Waffle","Membership Card","hubris:EvacipatedBox","hubris:FruitBowl"],"campfire_rested":2,"item_purchase_floors":[10,10,12,20,20,20],"current_hp_per_floor":[74,74,74,74,68,52,52,14,14,14,14,82,82,68,68,22,82,80,80,32,59,48,73,79,79,79,79,40,38,29,6,31,0,0],"gold":557,"neow_bonus":"BOSS_RELIC","is_daily":false,"chose_seed":false,"campfire_upgraded":3,"win_rate":0.0,"timestamp":1613703425,"path_taken":["M","M","M","?","?","E","R","E","T","$","?","?","M","M","R","BOSS","M","?","?","?","?","R","M","?","T","R","E","M","E","M","R","BOSS"],"items_purchased_type":["Card","Relic","Relic","Relic","Relic","Relic"],"build_version":"2020-12-22","purchased_purges":0,"victory":false,"max_hp_per_floor":[75,75,75,75,75,75,75,75,75,75,75,82,82,82,82,82,82,82,82,82,82,85,85,85,85,85,85,85,85,85,85,85,85,85],"card_choices":[{"not_picked":["hermit:Scavenge","hermit:Misfire"],"picked":"hermit:Headshot","floor":1},{"not_picked":["hermit:Scavenge","hermit:Cheat"],"picked":"hermit:Snipe","floor":2},{"not_picked":["hermit:WideOpen","hermit:TakeCover"],"picked":"hermit:Snipe","floor":3},{"not_picked":["hermit:Snipe","hermit:HoleUp"],"picked":"hermit:CursedWeapon","floor":5},{"not_picked":["hermit:HighCaliber","hermit:Roulette"],"picked":"hermit:Brawl","floor":6},{"not_picked":["hermit:Scavenge","hermit:Misfire"],"picked":"hermit:TrackingShot","floor":8},{"not_picked":["hermit:Snipe","hermit:HighCaliber"],"picked":"hermit:Brawl","floor":13},{"not_picked":["hermit:HighCaliber","hermit:ShadowCloak"],"picked":"hermit:BigShot","floor":14},{"not_picked":["hermit:HighNoon","hermit:FinalCanter"],"picked":"hermit:Adapt","floor":16},{"not_picked":["hermit:Enervate","hermit:HoleUp"],"picked":"hermit:CursedWeapon","floor":18},{"not_picked":["hermit:Headshot","hermit:Roulette"],"picked":"hermit:GhostlyPresence+1","floor":22},{"not_picked":["hermit:TakeCover","hermit:Ricochet","hermit:CursedWeapon"],"picked":"SKIP","floor":24},{"not_picked":["hermit:Glare","hermit:Manifest"],"picked":"hermit:BodyArmor+1","floor":28},{"not_picked":["hermit:Dive+1","hermit:Gambit"],"picked":"hermit:Deadeye","floor":29},{"not_picked":["hermit:Manifest+1","hermit:BigShot"],"picked":"hermit:Maintenance","floor":30},{"not_picked":["hermit:Dive","hermit:BigShot"],"picked":"hermit:EyeOfTheStorm","floor":31}],"player_experience":229562,"relics_obtained":[{"floor":6,"key":"hubris:SphereOfDissonance"},{"floor":8,"key":"Omamori"},{"floor":9,"key":"Torii"},{"floor":26,"key":"Juzu Bracelet"},{"floor":28,"key":"Bottled Lightning"},{"floor":30,"key":"hubris:Zylophone"}],"event_choices":[{"damage_healed":0,"gold_gain":0,"player_choice":"Trade","damage_taken":0,"relics_obtained":["SsserpentHead"],"max_hp_gain":0,"max_hp_loss":0,"event_name":"FaceTrader","floor":4,"gold_loss":0},{"damage_healed":0,"gold_gain":0,"cards_transformed":["hermit:Defend_Hermit"],"player_choice":"Change","damage_taken":0,"max_hp_gain":0,"max_hp_loss":0,"event_name":"Living Wall","floor":11,"gold_loss":0,"cards_obtained":["hermit:Misfire"]},{"cards_removed":["hermit:CursedWeapon"],"damage_healed":0,"gold_gain":0,"player_choice":"Take \u0026 Give","damage_taken":0,"max_hp_gain":0,"max_hp_loss":0,"event_name":"betterNote:BetterNote","floor":19,"gold_loss":0,"cards_obtained":["Venomology"]},{"damage_healed":27,"gold_gain":0,"player_choice":"Heal","damage_taken":0,"max_hp_gain":0,"max_hp_loss":0,"event_name":"The Library","floor":21,"gold_loss":0},{"damage_healed":0,"gold_gain":0,"player_choice":"Traded Relic","damage_taken":0,"relics_obtained":["Nloth\u0027s Gift"],"max_hp_gain":0,"max_hp_loss":0,"event_name":"N\u0027loth","floor":25,"relics_lost":["Torii"],"gold_loss":0}],"is_beta":false,"boss_relics":[{"not_picked":["Cursed Key","hubris:Stopwatch"],"picked":"Velvet Choker"}],"items_purged_floors":[],"is_endless":false,"potions_floor_spawned":[1,2,5,6,16,22,28,30,31],"killed_by":"Automaton","ascension_level":0}}