{"host":"nwd160me4iqdtr8u","time":1613770413,"event":{"mods":["AchievementEnabler","Act Like it!","BaseMod","Colored Map","DeckTracker","Keyboard Shortcuts","Minty Spire (QoL Compilation)","Quick Restart","Rare Cards Sparkle","Smile Girya","StSLib","SuperFastMode","everything is the same but u backflip on backflip"],"gold_per_floor":[119,138,138,157,175,203,203,222,275,275,275,275,34,34,34,158,158,182,182,205,8,8,8,29,29,81,81,51,75,91,106,106,106,106],"floor_reached":33,"language":"KOR","playtime":1137,"items_purged":["Strike_B","Pain"],"score":371,"play_id":"b97ac4d9-f908-44c3-a018-6ea27f0491e0","local_time":"20210220063333","is_ascension_mode":true,"campfire_choices":[{"data":"Sunder","floor":7,"key":"SMITH"},{"floor":10,"key":"REST"},{"data":"Dualcast","floor":12,"key":"SMITH"},{"data":"Beam Cell","floor":15,"key":"SMITH"},{"floor":23,"key":"REST"},{"data":"Defragment","floor":25,"key":"SMITH"},{"data":"Loop","floor":27,"key":"SMITH"},{"floor":32,"key":"REST"}],"circlet_count":0,"master_deck":["AscendersBane","Strike_B","Strike_B","Strike_B","Defend_B","Defend_B","Defend_B","Defend_B","Zap+1","Dualcast+1","Doom and Gloom","Rebound","Streamline","Beam Cell+1","Sunder+1","Coolheaded","Genetic Algorithm","Electrodynamics","Fusion","Loop+1","Defragment+1","Tempest","Consume","Capacitor","Hologram","Compile Driver+1"],"relics":["Cracked Core","NeowsBlessing","The Courier","Regal Pillow","Golden Idol","Blood Vial","WarpedTongs","Snecko Eye","Akabeko","Dream Catcher"],"acts_visited":["Exordium","TheCity"],"potions_floor_usage":[6,16,16,30,33],"damage_taken":[{"damage":0,"enemies":"Small Slimes","floor":1,"turns":1},{"damage":0,"enemies":"Cultist","floor":2,"turns":1},{"damage":0,"enemies":"Jaw Worm","floor":4,"turns":1},{"damage":16,"enemies":"Blue Slaver","floor":5,"turns":3},{"damage":30,"enemies":"Lagavulin","floor":6,"turns":4},{"damage":9,"enemies":"Red Slaver","floor":8,"turns":2},{"damage":34,"enemies":"The Guardian","floor":16,"turns":10},{"damage":26,"enemies":"Spheric Guardian","floor":18,"turns":4},{"damage":13,"enemies":"Chosen","floor":20,"turns":3},{"damage":15,"enemies":"3 Cultists","floor":24,"turns":4},{"damage":23,"enemies":"Snecko","floor":29,"turns":5},{"damage":12,"enemies":"Cultist and Chosen","floor":30,"turns":4},{"damage":9,"enemies":"Shelled Parasite and Fungi","floor":31,"turns":3},{"damage":63,"enemies":"Champ","floor":33,"turns":6}],"seed_played":"6871396895351648397","potions_obtained":[{"floor":4,"key":"PowerPotion"},{"floor":6,"key":"Swift Potion"},{"floor":8,"key":"Regen Potion"},{"floor":18,"key":"AttackPotion"},{"floor":29,"key":"FocusPotion"}],"is_trial":false,"path_per_floor":["M","M","?","M","M","E","R","M","T","R","?","R","$","?","R","B",null,"M","T","M","$","?","R","M","R","T","R","$","M","M","M","R","B"],"character_chosen":"DEFECT","items_purchased":["Genetic Algorithm","Blood Vial","Loop","Defragment","Consume"],"campfire_rested":3,"item_purchase_floors":[13,13,21,21,28],"current_hp_per_floor":[68,68,68,68,52,22,22,13,13,50,50,50,50,50,50,33,60,36,36,25,25,25,60,47,47,47,47,47,26,16,9,44,0,0],"gold":106,"neow_bonus":"THREE_ENEMY_KILL","is_daily":false,"chose_seed":false,"campfire_upgraded":5,"win_rate":0.0,"timestamp":1613770413,"path_taken":["M","M","?","M","?","E","R","M","T","R","?","R","$","?","R","BOSS","M","?","M","$","?","R","?","R","T","R","?","M","M","M","R","BOSS"],"items_purchased_type":["Card","Relic","Card","Card","Card"],"build_version":"2020-12-22","purchased_purges":2,"victory":false,"max_hp_per_floor":[75,75,75,75,75,75,75,75,75,75,69,69,69,69,69,69,69,69,69,69,69,69,69,69,69,69,69,69,69,69,69,69,69,69],"card_choices":[{"not_picked":["Gash","Steam"],"picked":"Doom and Gloom","floor":1},{"not_picked":["Stack","Sweeping Beam"],"picked":"Rebound","floor":2},{"not_picked":["Hologram","Lockon"],"picked":"Streamline","floor":4},{"not_picked":["Streamline","Leap"],"picked":"Beam Cell","floor":5},{"not_picked":["Redo","Buffer"],"picked":"Sunder","floor":6},{"not_picked":["Steam","Leap"],"picked":"Coolheaded","floor":8},{"not_picked":["Reboot","Meteor Strike"],"picked":"Electrodynamics","floor":16},{"not_picked":["Heatsinks","Gash","Coolheaded+1"],"picked":"SKIP","floor":18},{"not_picked":["Go for the Eyes+1","Beam Cell+1"],"picked":"Fusion","floor":20},{"not_picked":["Static Discharge+1","Auto Shields+1"],"picked":"Tempest","floor":24},{"not_picked":["Scrape","Consume","Static Discharge"],"picked":"SKIP","floor":29},{"not_picked":["Redo+1","Compile Driver"],"picked":"Capacitor","floor":30},{"not_picked":["Conserve Battery+1","Stack+1"],"picked":"Hologram","floor":31},{"not_picked":["Turbo","Sweeping Beam"],"picked":"Compile Driver+1","floor":32}],"player_experience":431864,"relics_obtained":[{"floor":6,"key":"The Courier"},{"floor":9,"key":"Regal Pillow"},{"floor":19,"key":"Akabeko"},{"floor":26,"key":"Dream Catcher"}],"event_choices":[{"damage_healed":0,"gold_gain":0,"player_choice":"Upgraded","damage_taken":0,"max_hp_gain":0,"max_hp_loss":0,"event_name":"Upgrade Shrine","floor":3,"gold_loss":0,"cards_upgraded":["Zap"]},{"damage_healed":0,"gold_gain":0,"player_choice":"Lose Max HP","damage_taken":0,"relics_obtained":["Golden Idol"],"max_hp_gain":0,"max_hp_loss":6,"event_name":"Golden Idol","floor":11,"gold_loss":0},{"damage_healed":0,"gold_gain":0,"player_choice":"Rummage","damage_taken":0,"relics_obtained":["WarpedTongs"],"max_hp_gain":0,"max_hp_loss":0,"event_name":"Accursed Blacksmith","floor":14,"gold_loss":0,"cards_obtained":["Pain"]},{"damage_healed":0,"gold_gain":0,"player_choice":"Ignored","damage_taken":0,"max_hp_gain":0,"max_hp_loss":0,"event_name":"Vampires","floor":22,"gold_loss":0}],"is_beta":false,"boss_relics":[{"not_picked":["Ectoplasm","Runic Pyramid"],"picked":"Snecko Eye"}],"items_purged_floors":[13,21],"is_endless":false,"potions_floor_spawned":[4,6,8,18,29],"killed_by":"Champ","ascension_level":10}}