{"host":"opdum64sdiqzxm7l","time":1613746388,"event":{"mods":["Act Like it!","Ascension Reborn","Aspiration","BaseMod","CapriCore","Conspire","Energized Spire","Friendly Minions","Jedi Mod","LagranYue(拉格朗・月)","Minty Spire (QoL Compilation)","MostiFishMod","Pale of the Ancients","Reliquary","Replay The Spire","RumiaBox-露米娅的神秘盒子","Spicy Shops","StSLib","TestMod","Waifu the Spire","[功能]功能增强和修复MOD","【功能Mod】混沌之环修复补丁","【功能Mod】聪明的最终Boss","【遗物卡牌】REMEMod"],"gold_per_floor":[112,8,8,23,23,48,74,112,124,136,148,160,8,21,108,212,212,222,2,15,15,15,15,49,49,76,89,89,123,136,164,164,259,259,274,274,-1395,-1395,-1395,-1395,-1395,-1370,-1370,-1370,-1370,-1370,-1344,-1344,-1344,-1344,-1344,-1344,-1344,-1314,-1314],"floor_reached":56,"language":"ZHS","playtime":4123,"items_purged":["LagranYue:BaseDefendCard","LagranYue:SkillExplosiveArmorCard"],"score":1443,"play_id":"2078aa25-483c-4110-876c-ac98f548ea81","local_time":"20210219225308","is_ascension_mode":true,"campfire_choices":[{"data":"LagranYue:AttackDevilCard","floor":10,"key":"SMITH"},{"data":"LagranYue:EmeraldRemorseCard","floor":12,"key":"SMITH"},{"data":"LagranYue:PowerDreamCard","floor":23,"key":"SMITH"},{"data":"LagranYue:SkillVictorySwordCard","floor":25,"key":"SMITH"},{"data":"LagranYue:AttackGodSwordCard","floor":32,"key":"SMITH"},{"data":"LagranYue:SkillHeartWaterCard","floor":44,"key":"SMITH"},{"data":"LagranYue:SkillGanJiangMoYeSwordCard","floor":46,"key":"SMITH"},{"floor":49,"key":"RECALL"},{"data":"LagranYue:TestChooseCard","floor":52,"key":"SMITH"}],"circlet_count":0,"master_deck":["LagranYue:AttackTopazCard","LagranYue:SkillBrokenSwordCard","testmod-Reflect+1","LagranYue:AttackDevilCard+1","LagranYue:SkillLiberationCard+1","LagranYue:SkillExplosiveArmorCard","LagranYue:EmeraldRemorseCard+1","LagranYue:AttackRavagedCard","LagranYue:PowerDreamCard+1","LagranYue:AttackBetterCard","LagranYue:PowerDarkTempleCard","LagranYue:SkillCocoonEvolutionCard","LagranYue:AttackIceCard","LagranYue:SkillGanJiangMoYeSwordCard+1","LagranYue:SkillVictorySwordCard+1","LagranYue:AttackEngravingRoseCard","LagranYue:SkillDeadlyBloomCard","LagranYue:SapphirePrayerCard","LagranYue:AttackTopazCard","LagranYue:SkillBrokenSwordCard","testmod-Reflect+1","LagranYue:AttackDevilCard+1","LagranYue:SkillLiberationCard+1","LagranYue:EmeraldRemorseCard+1","LagranYue:AttackRavagedCard","LagranYue:PowerDreamCard+1","LagranYue:AttackBetterCard","LagranYue:PowerDarkTempleCard","LagranYue:SkillCocoonEvolutionCard","LagranYue:AttackIceCard","LagranYue:SkillGanJiangMoYeSwordCard+1","LagranYue:SkillVictorySwordCard+1","LagranYue:AttackEngravingRoseCard","LagranYue:SkillDeadlyBloomCard","LagranYue:SapphirePrayerCard","LagranYue:AttackGodSwordCard+1","LagranYue:PowerTwelveTrialsCard+1","LagranYue:AttackKillerCard+1","LagranYue:AttackGodArchCard+1","Madness","Madness","LagranYue:SkillDistortionCard","LagranYue:TestChooseCard+1","LagranYue:AttackFireCard","LagranYue:SkillHeartWaterCard+1","LagranYue:PurpleNightmareCard"],"relics":["LagranYue:ArmsProficiencyRelics","REME_ComplimentaryCards","DaveBox","testmod-TestBox","LagranYue:RandomDrawCardRelic","aspiration:Nostalgia","Replay:M_StaffOfTheSnake","ChiXiaoBlade","aspiration:FrozenJewel","MawBank","conspire:GlowingRock","Eternal Feather","LagranYue:RuleBreakerRelics","Pet Ghost","Pandora\u0027s Box","Matryoshka","Durian","Strawberry","Ccalipers","Bag of Preparation","Potion Belt","Vajra","BloodWine","jedi:shrinkray","Juzu Bracelet","Technique","reliquary:Aerogel","SynthV:MejaisSoulstealer","conspire:TopHat","Thread and Needle","reliquary:WeakTea","MealTicket","reliquary:Spinner","Pear","reliquary:SharkskinSheath"],"acts_visited":["Exordium","TheCity","TheBeyond","TheEnding"],"potions_floor_usage":[6,8,16,20,29,47,55,55,55],"damage_taken":[{"damage":0,"enemies":"Small Slimes","floor":1,"turns":6},{"damage":0,"enemies":"Cultist","floor":4,"turns":3},{"damage":12,"enemies":"Gremlin Nob","floor":6,"turns":4},{"damage":0,"enemies":"Jaw Worm","floor":7,"turns":4},{"damage":2,"enemies":"Lagavulin","floor":8,"turns":4},{"damage":0,"enemies":"Lots of Slimes","floor":14,"turns":5},{"damage":31,"enemies":"The Guardian","floor":16,"turns":4},{"damage":0,"enemies":"Spheric Guardian","floor":18,"turns":1},{"damage":0,"enemies":"Shell Parasite","floor":20,"turns":2},{"damage":6,"enemies":"Gremlin Leader","floor":24,"turns":8},{"damage":11,"enemies":"3 Cultists","floor":27,"turns":4},{"damage":27,"enemies":"Replay:Snechameleon","floor":29,"turns":5},{"damage":0,"enemies":"Centurion and Healer","floor":30,"turns":6},{"damage":0,"enemies":"conspire:MimicChest","floor":31,"turns":6},{"damage":54,"enemies":"Automaton","floor":33,"turns":9},{"damage":0,"enemies":"Orb Walker","floor":35,"turns":2},{"damage":0,"enemies":"Giant Head","floor":42,"turns":3},{"damage":0,"enemies":"Reptomancer","floor":47,"turns":3},{"damage":1,"enemies":"conspire:OrnateMirror","floor":50,"turns":4},{"damage":0,"enemies":"Shield and Spear","floor":54,"turns":3},{"damage":4,"enemies":"The Heart","floor":55,"turns":5}],"seed_played":"6824082902916764291","potions_obtained":[{"floor":1,"key":"SteroidPotion"},{"floor":6,"key":"Death Potion"},{"floor":7,"key":"AttackPotion"},{"floor":8,"key":"BlessingOfTheForge"},{"floor":14,"key":"Adrenaline Potion"},{"floor":18,"key":"BlessingOfTheForge"},{"floor":20,"key":"REME_GoldPotion"},{"floor":24,"key":"Adrenaline Potion"},{"floor":27,"key":"Elixir"},{"floor":30,"key":"DuplicationPotion"},{"floor":31,"key":"SpeedPotion"},{"floor":33,"key":"testmod-TestPotion"},{"floor":33,"key":"conspire:TimeTravelPotion"},{"floor":47,"key":"Dexterity Potion"}],"is_trial":false,"path_per_floor":["M","$","?","M","?","E","M","E","T","R","?","R","$","M","R","B",null,"M","$","M","?","?","R","E","R","T","M","?","E","M","?","R","B",null,"M","?","$","?","?","?","?","E","T","R","$","R","E","T","R","B",null,"R","$","E","B",null],"character_chosen":"LagranYueCharacter","items_purchased":["aspiration:FrozenJewel","LagranYue:RuleBreakerRelics","Pet Ghost","Matryoshka","Durian","Juzu Bracelet","Technique","reliquary:Aerogel","LagranYue:SkillDistortionCard","LagranYue:TestChooseCard","SynthV:MejaisSoulstealer"],"campfire_rested":0,"item_purchase_floors":[2,13,13,19,19,37,37,37,37,37,37],"current_hp_per_floor":[75,75,75,75,75,63,63,61,61,70,70,75,75,75,75,44,75,75,80,80,80,80,80,87,93,93,82,82,63,64,65,86,34,105,107,94,94,94,94,84,84,93,93,107,107,107,108,118,118,119,120,120,120,121,119],"gold":-1314,"neow_bonus":"NOSTALGIA","is_daily":false,"chose_seed":false,"campfire_upgraded":8,"win_rate":0.0,"timestamp":1613746388,"path_taken":["M","$","?","?","?","E","?","E","T","R","?","R","?","?","R","BOSS","M","$","?","?","?","R","E","R","T","?","?","E","?","?","R","BOSS","M","?","$","?","?","?","?","E","T","R","?","R","E","?","R","BOSS","R","$","E","BOSS"],"items_purchased_type":["Relic","Relic","Relic","Relic","Relic","Relic","Relic","Relic","Card","Card","Relic"],"build_version":"2020-12-22","purchased_purges":2,"victory":true,"max_hp_per_floor":[75,75,75,75,75,75,75,75,75,75,75,75,75,75,75,75,75,75,80,80,80,80,80,93,93,93,93,93,101,102,103,103,105,105,107,107,107,107,107,107,107,107,107,107,107,107,108,118,118,120,120,120,120,121,123],"card_choices":[{"not_picked":["LagranYue:AttackFutureCard","Acrobatics"],"picked":"LagranYue:AttackDevilCard","floor":1},{"not_picked":["LagranYue:PrematureBurialCard","LagranYue:AttackRubyCard"],"picked":"LagranYue:SkillLiberationCard","floor":4},{"not_picked":["Flying Knee","Dagger Throw"],"picked":"LagranYue:SkillExplosiveArmorCard","floor":6},{"not_picked":["LagranYue:SkillTestamentCard","Setup"],"picked":"LagranYue:EmeraldRemorseCard","floor":7},{"not_picked":["CutThroughFate","Establishment"],"picked":"LagranYue:AttackRavagedCard","floor":8},{"not_picked":["JustLucky","InnerPeace","LagranYue:ForgingCard"],"picked":"SKIP","floor":14},{"not_picked":["Glass Knife","LagranYue:SkillCocoonEvolutionCard"],"picked":"LagranYue:PowerDreamCard","floor":16},{"not_picked":["LagranYue:SkillTestamentCard","LagranYue:SkillDevilKissCard"],"picked":"LagranYue:AttackEngravingRoseCard","floor":18},{"not_picked":["LagranYue:DefendBetterCard","LagranYue:SkillExplosiveArmorCard","LagranYue:PrematureBurialCard+1"],"picked":"SKIP","floor":20},{"not_picked":["LagranYue:SkillBrokenSwordCard","LagranYue:AttackDevilCard"],"picked":"LagranYue:SkillDeadlyBloomCard","floor":24},{"not_picked":["LagranYue:MultipleThornsCard","LagranYue:SkillBrokenShieldCard"],"picked":"LagranYue:SapphirePrayerCard","floor":27},{"not_picked":["LagranYue:AttackFutureCard","LagranYue:RoseCard"],"picked":"LagranYue:AttackGodSwordCard","floor":29},{"not_picked":["LagranYue:AttackDevilCard","LagranYue:SkillTestamentCard"],"picked":"LagranYue:PowerTwelveTrialsCard+1","floor":30},{"not_picked":["LagranYue:SkillIncompleteArchCard","LagranYue:SkillLiberationCard+1"],"picked":"LagranYue:AttackKillerCard+1","floor":31},{"not_picked":["LagranYue:PowerDoubleArmsCard","LagranYue:AttackGalacticZeroCard"],"picked":"LagranYue:AttackGodArchCard","floor":33},{"not_picked":["LagranYue:AttackBetterCard+1","LagranYue:AttackRavagedCard+1","LagranYue:SapphirePrayerCard"],"picked":"SKIP","floor":35},{"not_picked":["LagranYue:SkillWoodSpearCard","LagranYue:PowerGoldStartCard"],"picked":"LagranYue:AttackFireCard","floor":42},{"not_picked":["LagranYue:SkillDeadlyBloomCard","LagranYue:SkillWoodSpearCard+1"],"picked":"LagranYue:SkillHeartWaterCard","floor":42},{"not_picked":["LagranYue:AttackEngravingRoseCard","LagranYue:SkillKadeboSwordCard"],"picked":"LagranYue:PurpleNightmareCard","floor":47},{"not_picked":["LagranYue:AttackDevilCard+1","LagranYue:AttackRavagedCard","LagranYue:AttackBetterCard"],"picked":"SKIP","floor":47},{"not_picked":["LagranYue:AttackIceCard","LagranYue:SkillCocoonEvolutionCard","LagranYue:PrematureBurialCard"],"picked":"SKIP","floor":54},{"not_picked":["LagranYue:AttackTopazCard+1","LagranYue:AttackDevilCard+1","LagranYue:AttackBetterCard"],"picked":"SKIP","floor":54}],"player_experience":37,"relics_obtained":[{"floor":6,"key":"MawBank"},{"floor":8,"key":"conspire:GlowingRock"},{"floor":9,"key":"Eternal Feather"},{"floor":24,"key":"Strawberry"},{"floor":26,"key":"Ccalipers"},{"floor":29,"key":"Bag of Preparation"},{"floor":31,"key":"Potion Belt"},{"floor":33,"key":"Vajra"},{"floor":35,"key":"jedi:shrinkray"},{"floor":42,"key":"conspire:TopHat"},{"floor":42,"key":"Thread and Needle"},{"floor":43,"key":"reliquary:WeakTea"},{"floor":43,"key":"MealTicket"},{"floor":47,"key":"reliquary:Spinner"},{"floor":48,"key":"Pear"},{"floor":54,"key":"reliquary:SharkskinSheath"}],"event_choices":[{"damage_healed":0,"gold_gain":0,"player_choice":"Forge","damage_taken":0,"max_hp_gain":0,"max_hp_loss":0,"event_name":"Accursed Blacksmith","floor":3,"gold_loss":0,"cards_upgraded":["testmod-Reflect"]},{"cards_removed":["LagranYue:BaseAttackCard"],"damage_healed":0,"gold_gain":0,"player_choice":"Purged","damage_taken":0,"max_hp_gain":0,"max_hp_loss":0,"event_name":"Purifier","floor":5,"gold_loss":0},{"damage_healed":0,"gold_gain":0,"player_choice":"Ignored","damage_taken":0,"max_hp_gain":0,"max_hp_loss":0,"event_name":"Ghosts","floor":21,"gold_loss":0},{"damage_healed":0,"gold_gain":0,"player_choice":"Ignored","damage_taken":0,"max_hp_gain":0,"max_hp_loss":0,"event_name":"Vampires","floor":22,"gold_loss":0},{"damage_healed":0,"gold_gain":0,"player_choice":"Embrace Madness","damage_taken":13,"max_hp_gain":0,"max_hp_loss":0,"event_name":"Winding Halls","floor":36,"gold_loss":0,"cards_obtained":["Madness","Madness"]},{"damage_healed":0,"gold_gain":0,"player_choice":"Ignored","damage_taken":0,"max_hp_gain":0,"max_hp_loss":0,"event_name":"NoteForYourself","floor":38,"gold_loss":0},{"damage_healed":0,"gold_gain":0,"player_choice":"Ignored","damage_taken":10,"max_hp_gain":0,"max_hp_loss":0,"event_name":"恩洛斯的盘子","floor":40,"gold_loss":0},{"damage_healed":0,"gold_gain":0,"player_choice":"Leave","damage_taken":0,"max_hp_gain":0,"max_hp_loss":0,"event_name":"conspire:Investor","floor":41,"gold_loss":0}],"is_beta":false,"boss_relics":[{"not_picked":["energizedSpire:DeadBattery","Replay:Wanted Poster"],"picked":"Pandora\u0027s Box"},{"not_picked":["testmod-StringDisintegrator","OneHitWonderSystem"],"picked":"BloodWine"}],"items_purged_floors":[13,37],"is_endless":false,"potions_floor_spawned":[1,6,7,8,14,18,20,24,27,27,30,31,33,33,35,47],"ascension_level":0}}