{"host":"z39atn33tyek63fd","time":1613692939,"event":{"mods":["BaseMod","Minty Spire (QoL Compilation)","everything is the same but u backflip on backflip"],"gold_per_floor":[111,75,90,90,90,121,140,140,140,171,188,188,208,237,237,237,237],"floor_reached":16,"language":"ENG","playtime":620,"items_purged":[],"score":230,"play_id":"751ea6d4-6155-4ebc-b3cd-f7e9f1670756","local_time":"20210218180219","is_ascension_mode":true,"campfire_choices":[{"data":"Rainbow","floor":8.0,"key":"SMITH"},{"floor":15,"key":"REST"}],"circlet_count":0,"master_deck":["AscendersBane","Strike_B","Strike_B","Strike_B","Strike_B","Defend_B","Defend_B","Defend_B","Defend_B","Zap","Dualcast","Turbo","Doom and Gloom+1","Redo","Rainbow+1","Leap","Self Repair","Chaos","Static Discharge"],"relics":["Cracked Core","NeowsBlessing","Eternal Feather","StrikeDummy","Blue Candle","Odd Mushroom"],"acts_visited":["Exordium"],"potions_floor_usage":[14,16],"damage_taken":[{"damage":0.0,"enemies":"Small Slimes","floor":1.0,"turns":1.0},{"damage":0.0,"enemies":"Jaw Worm","floor":3.0,"turns":1.0},{"damage":0.0,"enemies":"Gremlin Nob","floor":6.0,"turns":1.0},{"damage":0.0,"enemies":"2 Louse","floor":7.0,"turns":2.0},{"damage":22.0,"enemies":"Lagavulin","floor":10.0,"turns":7.0},{"damage":17.0,"enemies":"Exordium Wildlife","floor":11.0,"turns":4.0},{"damage":15.0,"enemies":"2 Fungi Beasts","floor":13.0,"turns":3.0},{"damage":5,"enemies":"The Mushroom Lair","floor":14,"turns":2},{"damage":55,"enemies":"Slime Boss","floor":16,"turns":8}],"seed_played":"-4367862398388101834","potions_obtained":[{"floor":6.0,"key":"GamblersBrew"},{"floor":13,"key":"AttackPotion"},{"floor":14,"key":"LiquidBronze"}],"is_trial":false,"path_per_floor":["M","$","M","?","?","E","M","R","T","E","M","?","M","?","R","B"],"character_chosen":"DEFECT","items_purchased":["Doom and Gloom"],"campfire_rested":1,"item_purchase_floors":[2],"current_hp_per_floor":[64,64,64,64,69,69,69,76,76,54,37,37,29,24,55,0,0],"gold":237,"neow_bonus":"THREE_ENEMY_KILL","is_daily":false,"chose_seed":false,"campfire_upgraded":1,"win_rate":0.0,"timestamp":1613692939,"path_taken":["M","$","M","?","?","E","M","R","T","E","M","?","M","?","R","BOSS"],"items_purchased_type":["Card"],"build_version":"2020-12-22","purchased_purges":0,"victory":false,"max_hp_per_floor":[71,71,71,71,76,76,76,76,76,76,76,76,76,76,76,76,76],"card_choices":[{"not_picked":["Stack","Barrage"],"picked":"Turbo","floor":1.0},{"not_picked":["Barrage","Stack"],"picked":"Redo","floor":3.0},{"not_picked":["Coolheaded","Redo"],"picked":"Rainbow","floor":6.0},{"not_picked":["Stack","Ball Lightning"],"picked":"Leap","floor":7.0},{"not_picked":["All For One","Lockon"],"picked":"Self Repair","floor":10.0},{"not_picked":["Compile Driver","Streamline","Recycle"],"picked":"SKIP","floor":11.0},{"not_picked":["Doom and Gloom","Stack"],"picked":"Chaos","floor":13},{"not_picked":["Stack","Cold Snap"],"picked":"Static Discharge","floor":14}],"player_experience":815074,"relics_obtained":[{"floor":6.0,"key":"Eternal Feather"},{"floor":9.0,"key":"StrikeDummy"},{"floor":10.0,"key":"Blue Candle"},{"floor":14,"key":"Odd Mushroom"}],"event_choices":[{"damage_healed":0.0,"max_hp_gain":0.0,"max_hp_loss":0.0,"gold_gain":0.0,"event_name":"Living Wall","player_choice":"Grow","floor":4.0,"gold_loss":0.0,"damage_taken":0.0,"cards_upgraded":["Doom and Gloom"]},{"damage_healed":0.0,"max_hp_gain":5.0,"max_hp_loss":0.0,"gold_gain":0.0,"event_name":"Big Fish","player_choice":"Donut","floor":5.0,"gold_loss":0.0,"damage_taken":0.0},{"damage_healed":0.0,"max_hp_gain":0.0,"max_hp_loss":0.0,"gold_gain":0.0,"event_name":"Dead Adventurer","player_choice":"Searched \u00270\u0027 times","floor":12.0,"gold_loss":0.0,"damage_taken":0.0},{"damage_healed":0,"gold_gain":0,"player_choice":"Fought Mushrooms","damage_taken":0,"max_hp_gain":0,"max_hp_loss":0,"event_name":"Mushrooms","floor":14,"gold_loss":0}],"is_beta":false,"boss_relics":[],"items_purged_floors":[],"is_endless":false,"potions_floor_spawned":[6,13,14],"killed_by":"Slime Boss","ascension_level":14}}