{"host":"rupmf8lnk599ormj","time":1613776925,"event":{"mods":["2.2 Compatiblity","AchievementEnabler","BaseMod","Better Match","Better Third Choice","BetterRewards","Colored Map","Colored Powertips","Conspire","Downfall","Evolution","Gold Saver","Googly Eyes","Hero for Fun","Hubris","Minty Spire (QoL Compilation)","Quick Restart","Rare Cards Sparkle","Replay The Spire","Shade Mod","Spicy Shops","StSLib","The Cursed"],"gold_per_floor":[2250,2250,2250,2250,2260,2260,2260,2276,2276,2276],"floor_reached":9,"language":"ENG","playtime":349,"items_purged":[],"score":51,"play_id":"2fa04dbd-c53f-4aaf-bb67-c5cc0497a15d","local_time":"20210219182205","is_ascension_mode":true,"campfire_choices":[{"floor":1,"key":"DIG"}],"circlet_count":0,"master_deck":["Strike_B","Strike_B","Strike_B","Strike_B","Defend_B","Defend_B","Defend_B","Defend_B","Zap","Dualcast","BasicCrystalCard+1","Redo","Melter","Reinforced Body"],"relics":["Cracked Core","EVO:Axolotl","downfall:HeartsMalice","Replay:Bottled Flurry","The Courier"],"acts_visited":["Exordium"],"potions_floor_usage":[9],"damage_taken":[{"damage":0,"enemies":"2 Louse","floor":2,"turns":1},{"damage":0,"enemies":"Cultist","floor":3,"turns":1},{"damage":0,"enemies":"Small Slimes","floor":4,"turns":1},{"damage":17,"enemies":"Exordium Thugs","floor":5,"turns":5},{"damage":17,"enemies":"Lots of Slimes","floor":8,"turns":4},{"damage":41,"enemies":"3 Sentries","floor":9,"turns":8}],"seed_played":"7472921525308019203","potions_obtained":[{"floor":5,"key":"hexamod:SoulburnPotion"}],"is_trial":false,"path_per_floor":["R_BF","M","M","M","M","?","T","M","E"],"character_chosen":"DEFECT","items_purchased":[],"campfire_rested":0,"item_purchase_floors":[],"current_hp_per_floor":[75,75,75,75,58,58,58,41,0,0],"gold":2276,"neow_bonus":"THREE_ENEMY_KILL","is_daily":false,"chose_seed":false,"campfire_upgraded":0,"win_rate":0.0,"timestamp":1613776925,"path_taken":["R_BF","M","M","M","M","?","T","M","E"],"items_purchased_type":[],"build_version":"2020-12-22","purchased_purges":0,"victory":false,"max_hp_per_floor":[75,75,75,75,75,75,75,75,75,75],"card_choices":[{"not_picked":["Loop","Turbo"],"picked":"BasicCrystalCard","floor":2},{"not_picked":["Go for the Eyes","Reprogram"],"picked":"Redo","floor":3},{"not_picked":["Force Field","White Noise"],"picked":"Melter","floor":4},{"not_picked":["Tempest","FIFO Queue"],"picked":"Reinforced Body","floor":5},{"not_picked":["Steam Power","Fusion","Static Discharge"],"picked":"SKIP","floor":8}],"player_experience":257864,"relics_obtained":[{"floor":1,"key":"Replay:Bottled Flurry"},{"floor":7,"key":"The Courier"}],"event_choices":[{"damage_healed":0,"gold_gain":0,"player_choice":"Upgraded","damage_taken":0,"max_hp_gain":0,"max_hp_loss":0,"event_name":"Upgrade Shrine","floor":6,"gold_loss":0,"cards_upgraded":["BasicCrystalCard"]}],"is_beta":false,"boss_relics":[],"items_purged_floors":[],"is_endless":false,"potions_floor_spawned":[5],"killed_by":"3 Sentries","ascension_level":1}}