{"host":"cz96naaoibjp08st","time":1613757084,"event":{"mods":["Act Like it!","BaseMod","BetterRewards","GifTheSpireLib","Minty Spire (QoL Compilation)","Replay The Spire","Shop Mod","StSLib","The Bug Knight"],"gold_per_floor":[112,187,202,202,47,81,98,130,183,133,133,133,158,74,74,177,177,207,232,316,316,339,12,56,78,105,105,105,137,183,218,218,341,341,375,149,172,22,0,42,67,67,67,118,153,181,181,214,214,226],"floor_reached":51,"language":"ZHS","playtime":2133,"items_purged":["Strike_R"],"score":1057,"play_id":"dad416e7-4bed-4bcb-90e5-5553ec0453a9","local_time":"20210220015124","is_ascension_mode":false,"campfire_choices":[{"data":"True Grit","floor":12,"key":"SMITH"},{"data":"Uppercut","floor":15,"key":"SMITH"},{"data":"Bash","floor":27,"key":"SMITH"},{"data":"Rupture","floor":32,"key":"SMITH"},{"data":"Brutality","floor":47,"key":"SMITH"},{"data":"Hemogenesis","floor":49,"key":"SMITH"}],"circlet_count":0,"master_deck":["Strike_R+1","Strike_R","Defend_R","Defend_R","Defend_R+1","Defend_R","Bash+1","True Grit+1","Shockwave+1","Cleave+1","ReplayTheSpireMod:Strike From Hell","Uppercut+1","ReplayTheSpireMod:Stacked","Hemogenesis","ReplayTheSpireMod:Limb From Limb","Rupture+1","Shrug It Off","Hemokinesis","Disarm+1","Brutality+1","Defy Death+1","Hemogenesis+1","ReplayTheSpireMod:Muscle Training+1","True Grit+1","Rupture+1"],"relics":["Burning Blood","Happy Flower","ReplayTheSpireMod:Shallot","War Paint","Replay:Bandana","Replay:Wax Seal","Coffee Dripper","Gremlin Food","HornCleat","Another Sword","Orichalcum","King of Hearts","Electric Blood","Whetstone","Red Skull","Red Mask","Bag of Preparation","Frozen Egg 2","Pocketwatch","Pen Nib"],"acts_visited":["Exordium","TheCity","TheBeyond"],"potions_floor_usage":[],"damage_taken":[{"damage":2.0,"enemies":"Small Slimes","floor":1.0,"turns":4.0},{"damage":8.0,"enemies":"Jaw Worm","floor":3.0,"turns":4.0},{"damage":33,"enemies":"3 Sentries","floor":6,"turns":11},{"damage":1,"enemies":"2 Louse","floor":7,"turns":3},{"damage":0,"enemies":"Replay:BlueRogue","floor":8,"turns":6},{"damage":6,"enemies":"Exordium Wildlife","floor":13,"turns":4},{"damage":17,"enemies":"Hexaghost","floor":16,"turns":13},{"damage":0,"enemies":"2 Thieves","floor":18,"turns":5},{"damage":0,"enemies":"Chosen","floor":19,"turns":4},{"damage":1,"enemies":"Snake Plant","floor":22,"turns":4},{"damage":23,"enemies":"Gremlin Leader","floor":24,"turns":8},{"damage":2,"enemies":"Cultist and Chosen","floor":25,"turns":6},{"damage":11,"enemies":"3 Cultists","floor":29,"turns":7},{"damage":10,"enemies":"Replay:Snechameleon","floor":30,"turns":5},{"damage":5,"enemies":"Centurion and Healer","floor":31,"turns":6},{"damage":20,"enemies":"Pondfish","floor":33,"turns":7},{"damage":24,"enemies":"3 Darklings","floor":35,"turns":5},{"damage":9,"enemies":"Orb Walker","floor":37,"turns":2},{"damage":45,"enemies":"Nemesis","floor":40,"turns":7},{"damage":22,"enemies":"Maw","floor":41,"turns":6},{"damage":22,"enemies":"Reptomancer","floor":44,"turns":4},{"damage":15,"enemies":"Sphere and 2 Shapes","floor":45,"turns":4},{"damage":14,"enemies":"4 Shapes","floor":46,"turns":4},{"damage":20,"enemies":"Maw","floor":48,"turns":4},{"damage":22,"enemies":"Time Eater","floor":50,"turns":5}],"seed_played":"4486889280599899173","potions_obtained":[{"floor":3.0,"key":"SteroidPotion"},{"floor":6,"key":"AttackPotion"},{"floor":8,"key":"DuplicationPotion"},{"floor":22,"key":"Ancient Potion"}],"is_trial":false,"path_per_floor":["M","?","M","?","$","E","M","E","T","?","?","R","M","$","R","B",null,"M","M","?","?","M","$","E","M","T","R","?","M","E","M","R","B",null,"M","$","M","$","?","E","M","T","T","E","M","M","R","M","R","B",null],"character_chosen":"IRONCLAD","items_purchased":["Happy Flower","Replay:Wax Seal","HornCleat","Hemokinesis","Whetstone","Red Skull"],"campfire_rested":0,"item_purchase_floors":[5,14,23,23,36,38],"current_hp_per_floor":[96,85,83,83,83,56,61,67,67,67,67,67,67,67,67,56,96,96,96,58,58,63,63,46,55,55,55,55,57,53,61,61,60,96,89,89,93,93,93,71,73,73,73,79,70,69,69,79,79,63],"gold":226,"neow_bonus":"TWENTY_PERCENT_HP_BONUS","is_daily":false,"chose_seed":false,"campfire_upgraded":6,"win_rate":0.0,"timestamp":1613757084,"path_taken":["M","?","M","?","$","E","M","E","T","?","?","R","?","?","R","BOSS","M","M","?","?","M","$","E","M","T","R","?","M","E","M","R","BOSS","M","$","M","$","?","E","M","?","T","E","M","M","R","M","R","BOSS"],"items_purchased_type":["Relic","Relic","Relic","Card","Relic","Relic"],"build_version":"2020-12-22","purchased_purges":1,"victory":true,"max_hp_per_floor":[96,96,96,96,96,96,96,96,96,96,96,96,96,96,96,96,96,96,96,96,96,96,96,96,96,96,96,96,96,96,96,96,96,96,96,96,96,96,96,96,96,96,96,96,96,96,96,96,96,96],"card_choices":[{"not_picked":["Thunderclap","Clash"],"picked":"True Grit","floor":1.0},{"not_picked":["Evolve","Combust"],"picked":"Shockwave","floor":3.0},{"not_picked":["Blood for Blood","Warcry"],"picked":"ReplayTheSpireMod:Strike From Hell","floor":6},{"not_picked":["Twin Strike","Havoc","Thunderclap"],"picked":"SKIP","floor":7},{"not_picked":["Twin Strike","Havoc"],"picked":"Uppercut","floor":8},{"not_picked":["Anger","Cleave"],"picked":"ReplayTheSpireMod:Stacked","floor":13},{"not_picked":["Replay:Many Hands","Corruption"],"picked":"Hemogenesis","floor":16},{"not_picked":["Perfected Strike+1","ReplayReversal"],"picked":"ReplayTheSpireMod:Limb From Limb","floor":18},{"not_picked":["Shrug It Off","Headbutt"],"picked":"Rupture","floor":19},{"not_picked":["Fiend Fire","Fire Breathing"],"picked":"Shrug It Off","floor":20},{"not_picked":["Sentinel","Evolve","ReplayTheSpireMod:LeadingStrike"],"picked":"SKIP","floor":22},{"not_picked":["Sentinel","Evolve","ReplayTheSpireMod:LeadingStrike"],"picked":"SKIP","floor":22},{"not_picked":["Infernal Blade+1","Searing Blow"],"picked":"Disarm+1","floor":24},{"not_picked":["Dropkick","Cleave","Shrug It Off"],"picked":"SKIP","floor":25},{"not_picked":["Clothesline","Iron Wave","Uppercut+1"],"picked":"SKIP","floor":29},{"not_picked":["ReplayTheSpireMod:Strike From Hell+1","Headbutt+1"],"picked":"Brutality","floor":30},{"not_picked":["Heavy Blade","Disarm"],"picked":"Defy Death+1","floor":31},{"not_picked":["Juggernaut","Double Tap"],"picked":"Hemogenesis","floor":33},{"not_picked":["Searing Blow","Hemokinesis+1"],"picked":"ReplayTheSpireMod:Muscle Training+1","floor":35},{"not_picked":["Spot Weakness","Dropkick+1","Replay:Undeath\u0027s Touch"],"picked":"SKIP","floor":37},{"not_picked":["Headbutt","Abandon+1","Rampage"],"picked":"SKIP","floor":40},{"not_picked":["Blood for Blood+1","Sword Boomerang+1","ReplayTheSpireMod:Strike From Hell+1"],"picked":"SKIP","floor":41},{"not_picked":["Combust+1","Run Through+1","Dropkick+1"],"picked":"SKIP","floor":44},{"not_picked":["Shockwave","Warcry+1"],"picked":"True Grit+1","floor":45},{"not_picked":["Shockwave+1","Wild Strike+1"],"picked":"Rupture+1","floor":46},{"not_picked":["Defy Death","Dual Wield","Power Through"],"picked":"SKIP","floor":48}],"player_experience":300459,"relics_obtained":[{"floor":6,"key":"ReplayTheSpireMod:Shallot"},{"floor":8,"key":"War Paint"},{"floor":9,"key":"Replay:Bandana"},{"floor":20,"key":"Gremlin Food"},{"floor":24,"key":"Another Sword"},{"floor":26,"key":"Orichalcum"},{"floor":30,"key":"King of Hearts"},{"floor":40,"key":"Bag of Preparation"},{"floor":42,"key":"Frozen Egg 2"},{"floor":43,"key":"Pocketwatch"},{"floor":44,"key":"Pen Nib"}],"event_choices":[{"damage_healed":0.0,"max_hp_gain":0.0,"max_hp_loss":0.0,"gold_gain":75.0,"event_name":"World of Goop","player_choice":"Gather Gold","floor":2.0,"gold_loss":0.0,"damage_taken":11.0},{"damage_healed":0.0,"max_hp_gain":0.0,"max_hp_loss":0.0,"gold_gain":0.0,"cards_transformed":["Strike_R"],"event_name":"Living Wall","player_choice":"Change","floor":4.0,"gold_loss":0.0,"damage_taken":0.0,"cards_obtained":["Cleave"]},{"cards_removed":["Strike_R"],"damage_healed":0,"gold_gain":0,"player_choice":"Card Removal","damage_taken":0,"max_hp_gain":0,"max_hp_loss":0,"event_name":"The Cleric","floor":10,"gold_loss":50},{"damage_healed":0,"gold_gain":0,"player_choice":"Ignored","damage_taken":0,"max_hp_gain":0,"max_hp_loss":0,"event_name":"Ghosts","floor":28,"gold_loss":0},{"damage_healed":0,"gold_gain":0,"player_choice":"Paid","damage_taken":0,"relics_obtained":["Red Mask"],"max_hp_gain":0,"max_hp_loss":0,"event_name":"Tomb of Lord Red Mask","floor":39,"gold_loss":22}],"is_beta":false,"boss_relics":[{"not_picked":["Tiny House","Runic Cube"],"picked":"Coffee Dripper"},{"not_picked":["Ooze Armor","Astrolabe"],"picked":"Electric Blood"}],"items_purged_floors":[36],"is_endless":false,"potions_floor_spawned":[3,6,8,22,29,30,37,40],"ascension_level":0}}