{"host":"ypphcgdomtfqpc2w","time":1613745126,"event":{"mods":["BaseMod","Minty Spire (QoL Compilation)","StSLib"],"gold_per_floor":[114,114,132,132,150,150,166,203,252,281,281,42,64,101,101,101,101],"floor_reached":16,"language":"ENG","playtime":505,"items_purged":["Strike_B"],"score":224,"play_id":"09dcb559-d743-4b64-bf06-6c4c73991da8","local_time":"20210219233206","is_ascension_mode":true,"campfire_choices":[{"data":"Ball Lightning","floor":6.0,"key":"SMITH"},{"floor":11.0,"key":"REST"},{"data":"Genetic Algorithm","floor":15.0,"key":"SMITH"}],"circlet_count":0,"master_deck":["AscendersBane","Strike_B","Strike_B","Strike_B","Defend_B","Defend_B","Defend_B","Defend_B","Dualcast","Static Discharge","Genetic Algorithm+1","Ball Lightning+1","Rip and Tear","Electrodynamics","FTL","Auto Shields","Glacier"],"relics":["Cracked Core","Pear","CeramicFish","Anchor","Medical Kit","Smiling Mask"],"acts_visited":["Exordium"],"potions_floor_usage":[16],"damage_taken":[{"damage":1.0,"enemies":"Cultist","floor":1.0,"turns":3.0},{"damage":7.0,"enemies":"Small Slimes","floor":3.0,"turns":4.0},{"damage":12.0,"enemies":"Jaw Worm","floor":5.0,"turns":3.0},{"damage":3.0,"enemies":"Exordium Wildlife","floor":7.0,"turns":3.0},{"damage":4.0,"enemies":"Gremlin Nob","floor":8.0,"turns":3.0},{"damage":2.0,"enemies":"Lots of Slimes","floor":10.0,"turns":2.0},{"damage":0.0,"enemies":"Large Slime","floor":13.0,"turns":3.0},{"damage":15.0,"enemies":"Lagavulin","floor":14.0,"turns":5.0},{"damage":37,"enemies":"Slime Boss","floor":16,"turns":6}],"seed_played":"-1310547156836576190","potions_obtained":[{"floor":5.0,"key":"DistilledChaos"},{"floor":14.0,"key":"Swift Potion"}],"is_trial":false,"path_per_floor":["M","?","M","?","M","R","M","E","T","M","R","$","M","E","R","B"],"character_chosen":"DEFECT","items_purchased":["Medical Kit"],"campfire_rested":1,"item_purchase_floors":[12],"current_hp_per_floor":[63,55,48,48,36,36,33,29,29,27,51,51,51,36,36,0,0],"gold":101,"neow_bonus":"TRANSFORM_CARD","is_daily":false,"chose_seed":false,"campfire_upgraded":2,"win_rate":0.0,"timestamp":1613745126,"path_taken":["M","?","M","?","M","R","M","E","T","M","R","$","M","E","R","BOSS"],"items_purchased_type":["Relic"],"build_version":"2020-12-22","purchased_purges":1,"victory":false,"max_hp_per_floor":[71,81,81,81,81,81,81,81,81,81,81,81,81,81,81,81,81],"card_choices":[{"not_picked":["Rebound","Blizzard"],"picked":"Genetic Algorithm","floor":1.0},{"not_picked":["Hologram","Cold Snap"],"picked":"Ball Lightning","floor":3.0},{"not_picked":["Gash","Blizzard"],"picked":"Rip and Tear","floor":5.0},{"not_picked":["Darkness","Rip and Tear","Recycle"],"picked":"SKIP","floor":7.0},{"not_picked":["Steam","Beam Cell"],"picked":"Electrodynamics","floor":8.0},{"not_picked":["Blizzard","Leap"],"picked":"FTL","floor":10.0},{"not_picked":["Scrape","Gash"],"picked":"Auto Shields","floor":13.0},{"not_picked":["Gash","Rip and Tear"],"picked":"Glacier","floor":14.0}],"player_experience":2196126,"relics_obtained":[{"floor":8.0,"key":"CeramicFish"},{"floor":9.0,"key":"Anchor"},{"floor":14.0,"key":"Smiling Mask"}],"event_choices":[{"damage_healed":0.0,"max_hp_gain":0.0,"max_hp_loss":0.0,"gold_gain":0.0,"event_name":"Scrap Ooze","player_choice":"Success","floor":2.0,"gold_loss":0.0,"damage_taken":18.0,"relics_obtained":["Pear"]},{"damage_healed":0.0,"max_hp_gain":0.0,"max_hp_loss":0.0,"gold_gain":0.0,"event_name":"Liars Game","player_choice":"Ignored","floor":4.0,"gold_loss":0.0,"damage_taken":0.0}],"is_beta":false,"boss_relics":[],"items_purged_floors":[12],"is_endless":false,"potions_floor_spawned":[5,14],"killed_by":"Slime Boss","ascension_level":20}}