{"host":"snczp9esof91ppiq","time":1613713610,"event":{"mods":["AchievementEnabler","BaseMod","Better Match","Better Note","Better Sensory Stone","Better Skull","Colored Map","Colored Powertips","Hermit","Minty Spire (QoL Compilation)","Relic Stats","StSLib"],"gold_per_floor":[118,136,203,128,203,213,213,225,237,249,278,315,327,57,57,57,57],"floor_reached":16,"language":"ENG","playtime":546,"items_purged":["Defend_R","Strike_R"],"score":167,"play_id":"04a1b6c1-44df-43c8-87ad-921f609fc819","local_time":"20210218234650","is_ascension_mode":true,"campfire_choices":[{"data":"Armaments","floor":8,"key":"SMITH"},{"data":"Rampage","floor":10,"key":"SMITH"},{"data":"Hemokinesis","floor":13,"key":"SMITH"},{"data":"Pummel","floor":15,"key":"SMITH"}],"circlet_count":0,"master_deck":["AscendersBane","Strike_R","Strike_R","Strike_R","Strike_R","Defend_R","Defend_R","Defend_R+1","Bash","Rampage+1","Armaments+1","Hemokinesis+1","Burning Pact+1","Cleave","Pummel+1"],"relics":["Burning Blood","MawBank","War Paint","Art of War","Blood Vial"],"acts_visited":["Exordium"],"potions_floor_usage":[12],"damage_taken":[{"damage":0,"enemies":"Small Slimes","floor":1,"turns":3},{"damage":9,"enemies":"Jaw Worm","floor":2,"turns":5},{"damage":3,"enemies":"2 Louse","floor":6,"turns":3},{"damage":7,"enemies":"Red Slaver","floor":11,"turns":3},{"damage":16,"enemies":"Lagavulin","floor":12,"turns":5},{"damage":59,"enemies":"Hexaghost","floor":16,"turns":7}],"seed_played":"-3741509825465231017","potions_obtained":[{"floor":6,"key":"Explosive Potion"}],"is_trial":false,"path_per_floor":["M","M","?","$","?","M","T","R","T","R","M","E","R","$","R","B"],"character_chosen":"IRONCLAD","items_purchased":["Blood Vial","Pummel"],"campfire_rested":0,"item_purchase_floors":[14,14],"current_hp_per_floor":[74,71,71,71,60,63,63,63,63,63,62,52,52,52,52,0,0],"gold":57,"neow_bonus":"THREE_CARDS","is_daily":false,"chose_seed":false,"campfire_upgraded":4,"win_rate":0.0,"timestamp":1613713610,"path_taken":["M","M","?","$","?","M","?","R","T","R","?","E","R","$","R","BOSS"],"items_purchased_type":["Relic","Card"],"build_version":"2020-12-22","purchased_purges":2,"victory":false,"max_hp_per_floor":[75,75,75,75,75,75,75,75,75,75,75,75,75,75,75,75,75],"relic_stats":{"Blood Vial":2,"counters":[6,26],"Art of War":[0],"War Paint":["Defend_R","Burning Pact"],"MawBank":84,"obtain_stats":[{"Blood Vial":14,"Art of War":12,"War Paint":9,"MawBank":7,"Burning Blood":0},{"Blood Vial":5,"Art of War":5,"War Paint":3,"MawBank":3,"Burning Blood":0},{"Blood Vial":19,"Art of War":19,"War Paint":11,"MawBank":11,"Burning Blood":0}],"Burning Blood":30},"card_choices":[{"not_picked":["True Grit","Rage"],"picked":"Rampage","floor":0},{"not_picked":["Perfected Strike","Clash"],"picked":"Armaments","floor":1},{"not_picked":["Clash","Headbutt"],"picked":"Hemokinesis","floor":2},{"not_picked":["Armaments","Iron Wave"],"picked":"Burning Pact","floor":6},{"not_picked":["Blood for Blood","Flex"],"picked":"Cleave","floor":11},{"not_picked":["Second Wind","Heavy Blade","Headbutt"],"picked":"SKIP","floor":12}],"player_experience":923929,"relics_obtained":[{"floor":7,"key":"MawBank"},{"floor":9,"key":"War Paint"},{"floor":12,"key":"Art of War"}],"event_choices":[{"damage_healed":0,"gold_gain":67,"player_choice":"Gained Gold","damage_taken":0,"max_hp_gain":0,"max_hp_loss":0,"event_name":"Golden Wing","floor":3,"gold_loss":0},{"damage_healed":0,"gold_gain":75,"player_choice":"Gather Gold","damage_taken":11,"max_hp_gain":0,"max_hp_loss":0,"event_name":"World of Goop","floor":5,"gold_loss":0}],"is_beta":false,"boss_relics":[],"items_purged_floors":[4,14],"is_endless":false,"potions_floor_spawned":[6],"killed_by":"Hexaghost","ascension_level":14}}