{"host":"tlbbab9afexrkdtf","time":1613773648,"event":{"mods":["2.2 Compatiblity","AchievementEnabler","BaseMod","Colored Map","Colored Powertips","Minty Spire (QoL Compilation)","Rare Cards Sparkle","StSLib"],"gold_per_floor":[118,118,193,193,18,46,46,73,126,126,138,11,11,43,43,142,142,157,157,256,6,32,32,51,51,51,69,69,80,107,121,121,219,219,234,281,281,306,318,318,318],"floor_reached":40,"language":"ENG","playtime":768,"items_purged":[],"score":650,"play_id":"ea0e7bc5-8456-43a5-8a09-47bdd6d69e23","local_time":"20210219172728","is_ascension_mode":true,"campfire_choices":[{"floor":7,"key":"REST"},{"data":"1","floor":10,"key":"LIFT"},{"floor":15,"key":"REST"},{"floor":23,"key":"REST"},{"data":"2","floor":25,"key":"LIFT"},{"floor":28,"key":"REST"},{"floor":32,"key":"REST"}],"circlet_count":0,"master_deck":["Zap+1","Dualcast","Beam Cell","Beam Cell","Machine Learning","Storm","Coolheaded","Loop","Leap","Sweeping Beam","Electrodynamics","Storm+1","Lockon+1","Amplify+1","Cold Snap","Redo+1","Conserve Battery+1","Cold Snap+1","Defragment+1","Glacier+1","Machine Learning+1","Meteor Strike","Rainbow","Reprogram","Reboot","Go for the Eyes","Genetic Algorithm+1","White Noise","Writhe","Chill"],"relics":["Cracked Core","NeowsBlessing","Bronze Scales","Juzu Bracelet","Girya","Toy Ornithopter","Tiny Chest","Pen Nib","Orichalcum","Astrolabe","Gremlin Horn","Oddly Smooth Stone","Frozen Egg 2","Red Mask","Pandora\u0027s Box","Bird Faced Urn"],"acts_visited":["Exordium","TheCity","TheBeyond"],"potions_floor_usage":[29,29,33,33,36,39],"damage_taken":[{"damage":0,"enemies":"Cultist","floor":1,"turns":1},{"damage":0,"enemies":"3 Sentries","floor":6,"turns":1},{"damage":0,"enemies":"Gremlin Nob","floor":8,"turns":1},{"damage":7,"enemies":"Small Slimes","floor":11,"turns":3},{"damage":29,"enemies":"3 Sentries","floor":14,"turns":6},{"damage":35,"enemies":"Hexaghost","floor":16,"turns":9},{"damage":0,"enemies":"3 Byrds","floor":18,"turns":2},{"damage":6,"enemies":"Shell Parasite","floor":24,"turns":2},{"damage":22,"enemies":"Snecko","floor":27,"turns":4},{"damage":0,"enemies":"Snake Plant","floor":29,"turns":2},{"damage":21,"enemies":"Masked Bandits","floor":30,"turns":3},{"damage":5,"enemies":"Centurion and Healer","floor":31,"turns":2},{"damage":75,"enemies":"Champ","floor":33,"turns":9},{"damage":15,"enemies":"Orb Walker","floor":35,"turns":3},{"damage":49,"enemies":"2 Orb Walkers","floor":36,"turns":5},{"damage":0,"enemies":"3 Darklings","floor":39,"turns":2},{"damage":49,"enemies":"Reptomancer","floor":40,"turns":2}],"seed_played":"-165589381433822076","potions_obtained":[{"floor":11,"key":"SteroidPotion"},{"floor":16,"key":"BlessingOfTheForge"},{"floor":24,"key":"Swift Potion"},{"floor":27,"key":"AttackPotion"},{"floor":29,"key":"SmokeBomb"},{"floor":30,"key":"BlessingOfTheForge"},{"floor":31,"key":"AttackPotion"},{"floor":36,"key":"PowerPotion"}],"is_trial":false,"path_per_floor":["M","?","?","?","$","E","R","E","T","R","M","$","?","E","R","B",null,"M","?","?","$","T","R","M","R","T","M","R","M","?","M","R","B",null,"M","?","?","T","M","E"],"character_chosen":"DEFECT","items_purchased":["Juzu Bracelet","Beam Cell","Loop","Leap","Gremlin Horn"],"campfire_rested":5,"item_purchase_floors":[5,5,12,12,21],"current_hp_per_floor":[68,56,45,45,45,45,67,67,67,67,60,60,60,31,53,18,61,61,47,47,47,47,71,65,65,65,43,67,77,56,51,75,5,61,46,2,22,22,37,0,0],"gold":318,"neow_bonus":"THREE_ENEMY_KILL","is_daily":false,"chose_seed":false,"campfire_upgraded":0,"win_rate":0.0,"timestamp":1613773648,"path_taken":["M","?","?","?","$","E","R","E","T","R","M","$","?","E","R","BOSS","M","?","?","$","?","R","M","R","T","M","R","M","?","M","R","BOSS","M","?","?","?","M","E"],"items_purchased_type":["Relic","Card","Card","Card","Relic"],"build_version":"2020-12-22","purchased_purges":0,"victory":false,"max_hp_per_floor":[75,75,75,75,75,75,75,75,75,75,75,75,75,75,75,75,75,75,80,80,80,80,80,80,80,80,80,80,80,80,80,80,80,80,80,80,80,80,80,80,80],"card_choices":[{"not_picked":["Aggregate","Fusion"],"picked":"Beam Cell","floor":1},{"not_picked":["Hologram","Go for the Eyes"],"picked":"Machine Learning","floor":6},{"not_picked":["Turbo","Chill"],"picked":"Storm","floor":8},{"not_picked":["Conserve Battery","Barrage"],"picked":"Coolheaded","floor":11},{"not_picked":["Gash","Rebound"],"picked":"Sweeping Beam","floor":14},{"not_picked":["Reboot","Seek"],"picked":"Electrodynamics","floor":16},{"not_picked":["Go for the Eyes","Compile Driver+1"],"picked":"Cold Snap","floor":18},{"not_picked":["Cold Snap+1","Beam Cell"],"picked":"Redo+1","floor":24},{"not_picked":["Consume+1","Blizzard"],"picked":"Conserve Battery+1","floor":27},{"not_picked":["Conserve Battery","Coolheaded"],"picked":"Cold Snap+1","floor":29},{"not_picked":["White Noise","Conserve Battery"],"picked":"Defragment+1","floor":30},{"not_picked":["Rip and Tear","Tempest+1"],"picked":"Glacier+1","floor":31},{"not_picked":["Multi-Cast","Rainbow"],"picked":"Machine Learning+1","floor":33},{"not_picked":["Compile Driver","Leap"],"picked":"Genetic Algorithm+1","floor":35},{"not_picked":["Compile Driver","Doom and Gloom+1"],"picked":"White Noise","floor":36},{"not_picked":["Streamline","Barrage+1"],"picked":"Chill","floor":39}],"player_experience":339207,"relics_obtained":[{"floor":6,"key":"Girya"},{"floor":8,"key":"Toy Ornithopter"},{"floor":9,"key":"Tiny Chest"},{"floor":14,"key":"Orichalcum"},{"floor":22,"key":"Oddly Smooth Stone"},{"floor":26,"key":"Frozen Egg 2"},{"floor":30,"key":"Red Mask"},{"floor":36,"key":"Bird Faced Urn"}],"event_choices":[{"damage_healed":0,"gold_gain":0,"player_choice":"Success","damage_taken":12,"relics_obtained":["Bronze Scales"],"max_hp_gain":0,"max_hp_loss":0,"event_name":"Scrap Ooze","floor":2,"gold_loss":0},{"damage_healed":0,"gold_gain":75,"player_choice":"Gather Gold","damage_taken":11,"max_hp_gain":0,"max_hp_loss":0,"event_name":"World of Goop","floor":3,"gold_loss":0},{"damage_healed":0,"gold_gain":0,"player_choice":"Grow","damage_taken":0,"max_hp_gain":0,"max_hp_loss":0,"event_name":"Living Wall","floor":4,"gold_loss":0,"cards_upgraded":["Zap"]},{"damage_healed":0,"gold_gain":0,"player_choice":"Gave Potion","damage_taken":0,"relics_obtained":["Pen Nib"],"max_hp_gain":0,"max_hp_loss":0,"event_name":"WeMeetAgain","floor":13,"gold_loss":0},{"damage_healed":0,"gold_gain":0,"player_choice":"Shed Blood","damage_taken":19,"max_hp_gain":5,"max_hp_loss":0,"event_name":"Forgotten Altar","floor":19,"gold_loss":0},{"damage_healed":0,"gold_gain":99,"player_choice":"Stole From Cult","damage_taken":0,"max_hp_gain":0,"max_hp_loss":0,"event_name":"Nest","floor":20,"gold_loss":0},{"damage_healed":0,"gold_gain":0,"player_choice":"Fought Bandits","damage_taken":0,"max_hp_gain":0,"max_hp_loss":0,"event_name":"Masked Bandits","floor":30,"gold_loss":0},{"damage_healed":0,"gold_gain":0,"player_choice":"Fight","damage_taken":0,"max_hp_gain":0,"max_hp_loss":0,"event_name":"Mysterious Sphere","floor":36,"gold_loss":0},{"damage_healed":20,"gold_gain":0,"player_choice":"Writhe","damage_taken":0,"max_hp_gain":0,"max_hp_loss":0,"event_name":"Winding Halls","floor":37,"gold_loss":0,"cards_obtained":["Writhe"]}],"is_beta":false,"boss_relics":[{"not_picked":["Cursed Key","Runic Dome"],"picked":"Astrolabe"},{"not_picked":["Busted Crown","FrozenCore"],"picked":"Pandora\u0027s Box"}],"items_purged_floors":[],"is_endless":false,"potions_floor_spawned":[11,16,24,27,29,30,31,36],"killed_by":"Reptomancer","ascension_level":9}}