{"host":"8p5c6x4qt9411139","time":1613762094,"event":{"mods":["Aspiration","BaseMod","Better Third Choice","BetterRewards","Conspire","Friendly Minions","Hubris","Infinite Spire","Minty Spire (QoL Compilation)","Quick Restart","Relic Stats","Reliquary","Replay The Spire","Shop Mod","Spicy Shops","Spire Arcade","StSLib","The Jungle"],"gold_per_floor":[114,14,14,29,46,46,81,131,131,213,213,213],"floor_reached":11,"language":"ENG","playtime":349,"items_purged":["Strike_R"],"score":124,"play_id":"85e5a3cb-74ce-49fa-8e58-3329ae8bf1ae","local_time":"20210219111454","is_ascension_mode":true,"campfire_choices":[{"floor":6.0,"key":"REST"}],"circlet_count":0,"master_deck":["AscendersBane","Strike_R","Strike_R","Strike_R","Strike_R","Defend_R","Defend_R","Defend_R","Defend_R","Bash","hubris:EnhanceAbility+1","Sword Boomerang","Crescendo","Ghostly","Shrug It Off","Flex"],"relics":["Burning Blood","reliquary:SilkGlove","Replay:Wax Seal","aspiration:Nostalgia","Replay:M_SmolderingBlood","hubris:SlimyHat","reliquary:NewFriend","Bottled Flame"],"acts_visited":["Exordium"],"potions_floor_usage":[],"damage_taken":[{"damage":24.0,"enemies":"Jaw Worm","floor":1.0,"turns":5.0},{"damage":3.0,"enemies":"Small Slimes","floor":4.0,"turns":4.0},{"damage":0.0,"enemies":"Cultist","floor":5.0,"turns":2.0},{"damage":9.0,"enemies":"Replay:BlueRogue","floor":7.0,"turns":4.0},{"damage":3,"enemies":"Gremlin Nob","floor":11,"turns":4}],"seed_played":"-6547733934233568904","potions_obtained":[],"is_trial":false,"path_per_floor":["M","?","?","M","M","R","E","?","T","T","E"],"character_chosen":"IRONCLAD","items_purchased":["reliquary:SilkGlove","hubris:EnhanceAbility","Replay:Wax Seal","aspiration:Nostalgia","Sword Boomerang"],"campfire_rested":1,"item_purchase_floors":[0,0,0,0,0],"current_hp_per_floor":[15,15,15,18,24,46,43,36,36,36,33,33],"gold":213,"neow_bonus":"","is_daily":false,"chose_seed":false,"campfire_upgraded":0,"win_rate":0.0,"timestamp":1613762094,"path_taken":["M","?","?","M","M","R","E","?","T","T","E"],"items_purchased_type":["Relic","Card","Relic","Relic","Card"],"build_version":"2020-12-22","purchased_purges":1,"victory":false,"max_hp_per_floor":[75,75,75,75,75,75,75,75,75,75,75,75],"relic_stats":{"counters":[86,332],"obtain_stats":[{"Ice Cream":0,"Gremlin Horn":22,"Vajra":0,"hubris:VirtuousBlindfold":35,"Whetstone":0,"Ginger":0,"Bottled Tornado":0,"Boot":9,"infinitespire:ShieldingShard":6,"Sundial":43,"aspiration:BabyByrd":12,"Replay:Bronze Core":17,"infinitespire:Golems Mask":42,"MealTicket":26,"HandDrill":0,"Replay:Wax Seal":0,"hubris:DuctTape":49,"aspiration:Nostalgia":0,"Dead Branch":27,"infinitespire:Magic Flask":0,"Replay:Kaleidoscope":7,"Question Card":38,"Akabeko":0,"infinitespire:EvilPickle":34,"hubris:Zylophone":38,"Runic Dome":18,"Bottled Flame":35,"Brimstone":22,"infinitespire:Lychee Nut":42,"MutagenicStrength":32,"Bronze Scales":44,"Simple Rune":0,"infinitespire:EmpoweringShard":22,"Grinning Jar":41,"aspiration:HatOfInfinitePower":45,"Mirror":20,"StrikeDummy":41,"Abe\u0027s Treasure":35,"Regal Pillow":14,"aspiration:Lifesprig":48,"Lantern":38,"Replay:PocketPolymizer":0,"reliquary:SilkGlove":0,"Enchiridion":32,"hubris:SlimyHat":46,"Juzu Bracelet":48,"Replay:Multitool":49,"hubris:RunicObelisk":17,"hubris:EmptyBottle":38,"Ancient Tea Set":26,"Burning Blood":0,"Nunchaku":10,"Shovel":30,"hubris:Backtick":35,"Replay:M_SmolderingBlood":0,"Pantograph":0,"Ring of Peace":4,"reliquary:NewFriend":9,"hubris:ChampionShield":0,"InkBottle":8,"Gremlin Food":0,"BargainBundle":0,"Lee\u0027s Waffle":0,"Replay:Towering Pillar of Hats":0,"Guide Book":0,"Replay:WaspNest":44,"aspiration:HummingbirdHeart":0,"infinitespire:Lucky Rock":44,"MawBank":24,"White Beast Statue":9,"infinitespire:DarkRift":0,"Ornamental Fan":27,"Another Sword":39,"Art of War":0,"Durian":0,"Bag of Marbles":0,"Membership Card":0,"Bottled Lightning":43,"PureWater":0,"FossilizedHelix":3,"hubris:Potato":0},{"Ice Cream":0,"Gremlin Horn":42,"Vajra":3,"hubris:VirtuousBlindfold":22,"Whetstone":3,"Ginger":57,"Bottled Tornado":56,"Boot":10,"infinitespire:ShieldingShard":36,"Sundial":26,"aspiration:BabyByrd":38,"Replay:Bronze Core":66,"infinitespire:Golems Mask":25,"MealTicket":43,"HandDrill":3,"Replay:Wax Seal":81,"hubris:DuctTape":55,"aspiration:Nostalgia":3,"Dead Branch":43,"infinitespire:Magic Flask":3,"Replay:Kaleidoscope":10,"Question Card":23,"Akabeko":6,"infinitespire:EvilPickle":22,"hubris:Zylophone":75,"Runic Dome":14,"Bottled Flame":74,"Brimstone":16,"infinitespire:Lychee Nut":52,"MutagenicStrength":21,"Bronze Scales":78,"Simple Rune":3,"infinitespire:EmpoweringShard":69,"Grinning Jar":24,"aspiration:HatOfInfinitePower":27,"Mirror":42,"StrikeDummy":77,"Abe\u0027s Treasure":48,"Regal Pillow":13,"aspiration:Lifesprig":29,"Lantern":50,"Replay:PocketPolymizer":56,"reliquary:SilkGlove":81,"Enchiridion":73,"hubris:SlimyHat":27,"Juzu Bracelet":55,"Replay:Multitool":80,"hubris:RunicObelisk":40,"hubris:EmptyBottle":75,"Ancient Tea Set":71,"Burning Blood":0,"Nunchaku":11,"Shovel":21,"hubris:Backtick":74,"Replay:M_SmolderingBlood":81,"Pantograph":0,"Ring of Peace":5,"reliquary:NewFriend":85,"hubris:ChampionShield":3,"InkBottle":37,"Gremlin Food":31,"BargainBundle":0,"Lee\u0027s Waffle":3,"Replay:Towering Pillar of Hats":57,"Guide Book":31,"Replay:WaspNest":52,"aspiration:HummingbirdHeart":57,"infinitespire:Lucky Rock":26,"MawBank":43,"White Beast Statue":63,"infinitespire:DarkRift":3,"Ornamental Fan":19,"Another Sword":51,"Art of War":0,"Durian":6,"Bag of Marbles":57,"Membership Card":57,"Bottled Lightning":78,"PureWater":56,"FossilizedHelix":3,"hubris:Potato":56},{"Ice Cream":0,"Gremlin Horn":166,"Vajra":8,"hubris:VirtuousBlindfold":82,"Whetstone":8,"Ginger":222,"Bottled Tornado":218,"Boot":26,"infinitespire:ShieldingShard":127,"Sundial":93,"aspiration:BabyByrd":142,"Replay:Bronze Core":255,"infinitespire:Golems Mask":89,"MealTicket":171,"HandDrill":8,"Replay:Wax Seal":313,"hubris:DuctTape":211,"aspiration:Nostalgia":8,"Dead Branch":171,"infinitespire:Magic Flask":8,"Replay:Kaleidoscope":26,"Question Card":84,"Akabeko":16,"infinitespire:EvilPickle":82,"hubris:Zylophone":293,"Runic Dome":49,"Bottled Flame":288,"Brimstone":57,"infinitespire:Lychee Nut":202,"MutagenicStrength":76,"Bronze Scales":303,"Simple Rune":8,"infinitespire:EmpoweringShard":267,"Grinning Jar":87,"aspiration:HatOfInfinitePower":96,"Mirror":166,"StrikeDummy":300,"Abe\u0027s Treasure":191,"Regal Pillow":42,"aspiration:Lifesprig":103,"Lantern":195,"Replay:PocketPolymizer":218,"reliquary:SilkGlove":313,"Enchiridion":283,"hubris:SlimyHat":96,"Juzu Bracelet":211,"Replay:Multitool":309,"hubris:RunicObelisk":157,"hubris:EmptyBottle":293,"Ancient Tea Set":276,"Burning Blood":0,"Nunchaku":33,"Shovel":76,"hubris:Backtick":288,"Replay:M_SmolderingBlood":313,"Pantograph":0,"Ring of Peace":15,"reliquary:NewFriend":328,"hubris:ChampionShield":8,"InkBottle":136,"Gremlin Food":109,"BargainBundle":0,"Lee\u0027s Waffle":8,"Replay:Towering Pillar of Hats":222,"Guide Book":109,"Replay:WaspNest":202,"aspiration:HummingbirdHeart":222,"infinitespire:Lucky Rock":93,"MawBank":171,"White Beast Statue":242,"infinitespire:DarkRift":8,"Ornamental Fan":69,"Another Sword":199,"Art of War":0,"Durian":16,"Bag of Marbles":222,"Membership Card":222,"Bottled Lightning":303,"PureWater":218,"FossilizedHelix":8,"hubris:Potato":218}],"Burning Blood":445},"card_choices":[{"not_picked":["hubris:SharpeningStone","EmptyFist"],"picked":"Crescendo","floor":1.0},{"not_picked":["Body Slam","Perfected Strike"],"picked":"Shrug It Off","floor":4.0},{"not_picked":["Warcry","Havoc","Clash"],"picked":"SKIP","floor":5.0},{"not_picked":["Clothesline","Replay:Many Hands"],"picked":"Flex","floor":7.0}],"player_experience":444616,"relics_obtained":[{"floor":7.0,"key":"hubris:SlimyHat"},{"floor":9.0,"key":"reliquary:NewFriend"},{"floor":10.0,"key":"Bottled Flame"}],"event_choices":[{"damage_healed":0.0,"max_hp_gain":0.0,"max_hp_loss":0.0,"gold_gain":0.0,"event_name":"conspire:LoneGhost","player_choice":"Argue","floor":2.0,"gold_loss":0.0,"damage_taken":0.0},{"damage_healed":0.0,"max_hp_gain":0.0,"max_hp_loss":0.0,"gold_gain":50.0,"event_name":"FaceTrader","player_choice":"Touch","floor":8.0,"gold_loss":0.0,"damage_taken":7.0}],"is_beta":false,"boss_relics":[],"items_purged_floors":[0],"is_endless":false,"potions_floor_spawned":[],"killed_by":"Gremlin Nob","ascension_level":15}}