{"host":"r9v0g0iwbsx9dzwu","time":1613720422,"event":{"mods":["ATMod(°¢èªMod)","Act Like it!","Arknights","Aspiration","BaseMod","Minty Spire (QoL Compilation)","MostiFishMod","Reliquary","Replay The Spire","RumiaBox-Â¶Ã×æ«µÄÉñÃØºÐ×Ó","StSLib","TestMod","[IsaacMod]ÒÔÈö¼âËþ","¡¾ÒÅÎï¿¨ÅÆ¡¿REMEMod"],"gold_per_floor":[111,207,23,40,52,86,86,86,86,86,86,86,119,32,32,133,133,153,173,173,173,173],"floor_reached":21,"language":"ZHS","playtime":821,"items_purged":["ats:Strike S","ats:Strike V","ats:Strike C"],"score":235,"play_id":"98f3423a-c0f0-4690-8940-f13a6a54c412","local_time":"20210219154022","is_ascension_mode":true,"campfire_choices":[{"data":"ats:Emotion Absorption","floor":7.0,"key":"SMITH"},{"data":"ats:Cat Scratch","floor":10.0,"key":"SMITH"},{"data":"ats:Overload","floor":15.0,"key":"SMITH"}],"circlet_count":0,"master_deck":["ats:Armor Crushing Shot","ats:Defend","ats:Defend","ats:Defend","ats:Defend","ats:Emotion Absorption+1","ats:Hook Shot+1","AT_Dispersion","ats:Overload+1","ats:Phantom","ats:Hook Shot+1","ats:Cat Scratch+1","ats:Song Of Battle","ats:Chain Hook","ats:Rat Pack","ats:Thorns+1"],"relics":["ats:Sanity","AT_ATBox","DaveBox","testmod-TestBox","HushsDoor","REME_ComplimentaryCards","BookofShadows","testmod-IndustrialRevolution","xbg","aspiration:Nostalgia","Burning Blood","Baka2","ats:Originium","Replay:Wax Seal","reliquary:OuijaBoard","Pear","aspiration:FutureDiary","Damocles","GuppysHead","Dead Branch","Replay:Bottled Eggs"],"acts_visited":["Exordium","TheCity"],"potions_floor_usage":[],"damage_taken":[{"damage":0.0,"enemies":"2 Louse","floor":1.0,"turns":3.0},{"damage":0.0,"enemies":"Cultist","floor":4.0,"turns":3.0},{"damage":0.0,"enemies":"Jaw Worm","floor":5.0,"turns":5.0},{"damage":28.0,"enemies":"Gremlin Nob","floor":6.0,"turns":6.0},{"damage":5.0,"enemies":"Red Slaver","floor":8.0,"turns":5.0},{"damage":0.0,"enemies":"3 Sentries","floor":13.0,"turns":3.0},{"damage":0.0,"enemies":"Blue Slaver","floor":14.0,"turns":3.0},{"damage":22.0,"enemies":"The Guardian","floor":16.0,"turns":7.0},{"damage":0.0,"enemies":"Shell Parasite","floor":18.0,"turns":4.0},{"damage":0.0,"enemies":"Chosen","floor":19.0,"turns":3.0},{"damage":3,"enemies":"Snake Plant","floor":21,"turns":2}],"seed_played":"-2989831043578517805","potions_obtained":[{"floor":5.0,"key":"Weak Potion"},{"floor":16.0,"key":"AttackPotion"},{"floor":19.0,"key":"Swift Potion"}],"is_trial":false,"path_per_floor":["M","?","$","M","M","E","R","M","T","R","$","?","E","M","R","B",null,"M","M","?","M"],"character_chosen":"DOCTOR_CLASS","items_purchased":["ats:Phantom","ats:Hook Shot","Damocles","GuppysHead"],"campfire_rested":0,"item_purchase_floors":[3,3,17,17],"current_hp_per_floor":[72,57,57,69,72,50,50,51,51,51,51,51,57,63,63,60,57,57,57,57,0,0],"gold":173,"neow_bonus":"NOSTALGIA","is_daily":false,"chose_seed":false,"campfire_upgraded":3,"win_rate":0.0,"timestamp":1613720422,"path_taken":["M","?","?","M","M","E","R","M","T","R","?","?","E","M","R","BOSS","M","M","?","M"],"items_purchased_type":["Card","Card","Relic","Relic"],"build_version":"2020-12-22","purchased_purges":3,"victory":false,"max_hp_per_floor":[72,72,72,72,72,72,72,72,72,72,72,72,72,72,72,82,57,57,57,57,57,57],"card_choices":[{"not_picked":[],"picked":"Bomb","floor":0.0},{"not_picked":["ats:Guard Mode","ats:Leaping Hammer"],"picked":"ats:Overload","floor":1.0},{"not_picked":["ats:LN2 Cannon","ats:Encircling Forest","ats:Collapsing Strike"],"picked":"SKIP","floor":4.0},{"not_picked":["ats:Hammer On","ats:Blood Oath","ats:Very Hot Blade"],"picked":"SKIP","floor":5.0},{"not_picked":["ats:Steam Pump","ats:Collapsing Strike"],"picked":"ats:Cat Scratch","floor":6.0},{"not_picked":["ats:Consecutive Shot Auto","ats:Leaping Hammer","ats:Guard Mode"],"picked":"SKIP","floor":8.0},{"not_picked":["ats:Spore Proliferation","ats:LN2 Cannon"],"picked":"ats:Chain Hook","floor":13.0},{"not_picked":["ats:Flexible Camouflage","ats:Assault Order","ats:Beaten Up"],"picked":"SKIP","floor":14.0},{"not_picked":["ats:Volcano","ats:Calcification"],"picked":"ats:Rat Pack","floor":16.0},{"not_picked":["ats:Revitalization+1","ats:Defend Order"],"picked":"ats:Thorns+1","floor":18.0},{"not_picked":["ats:Automatic Cover+1","ats:Leaping Hammer+1","ats:Healing Drone"],"picked":"SKIP","floor":19.0}],"player_experience":69259,"relics_obtained":[{"floor":1.0,"key":"Baka"},{"floor":4.0,"key":"Baka2"},{"floor":6.0,"key":"ats:Originium"},{"floor":6.0,"key":"Replay:Wax Seal"},{"floor":13.0,"key":"ats:Originium"},{"floor":13.0,"key":"reliquary:OuijaBoard"},{"floor":16.0,"key":"Pear"},{"floor":18.0,"key":"Dead Branch"},{"floor":19.0,"key":"Replay:Bottled Eggs"}],"event_choices":[{"damage_healed":0.0,"max_hp_gain":0.0,"max_hp_loss":0.0,"gold_gain":0.0,"cards_transformed":["ats:Strike G"],"event_name":"Living Wall","player_choice":"Change","floor":12.0,"gold_loss":0.0,"damage_taken":0.0,"cards_obtained":["ats:Song Of Battle"]}],"is_beta":false,"boss_relics":[{"not_picked":["Astrolabe","Philosopher\u0027s Stone"],"picked":"aspiration:FutureDiary"},{"not_picked":[]}],"items_purged_floors":[3,11,17],"is_endless":false,"potions_floor_spawned":[5,16,19],"killed_by":"Snake Plant","ascension_level":2}}