{"host":"9kaxb8gkmgtddido","time":1613719700,"event":{"mods":["2.2 Compatiblity","AchievementEnabler","AlwaysNeverKeys","Aspiration","BaseMod","Card Forge","Colored Map","Colored Powertips","Custom Start","DeckTracker","Gremlin Mod","Gremlin Skip","Hubris","Mimic Mod","Minty Spire (QoL Compilation)","Permanent Neow","Quick Restart","Rare Cards Sparkle","Relic Filter","Replay The Spire","Shop Mod","StSLib","SuperFastMode","Synergy Search","TheBandit"],"gold_per_floor":[112,112,112,132,132,166,166,200,200,200,214,247,262,282,282,384,384,403,417,431,448,156,156,156],"floor_reached":23,"language":"ENG","playtime":974,"items_purged":["Strike_B"],"score":418,"play_id":"1fbabc0c-0fbf-4be9-ac22-bbfff84e7275","local_time":"20210219152820","is_ascension_mode":true,"campfire_choices":[{"data":"Buffer","floor":7,"key":"SMITH"},{"floor":10,"key":"REST"},{"floor":15,"key":"REST"}],"circlet_count":0,"master_deck":["Strike_B","Strike_B","Defend_B","Defend_B","Defend_B","Zap","Dualcast","Core Surge","Rebound","Core Surge","Force Field","Buffer+1","Static Discharge","ReplayTheSpireMod:Calculation Training","Conserve Battery","Glacier","Biased Cognition","Turbo+1","ReplayTheSpireMod:Calculation Training+1","Self Repair+1"],"relics":["Cracked Core","Hammer of Thor","Seething Fire","Anvil of the Gods","hubris:Towel","Bottled Flame","Replay:Bottled Snecko","Blood Vial","aspiration:BursterCore","MerchantsRug","MealTicket"],"acts_visited":["Exordium","TheCity"],"potions_floor_usage":[12,16,18,20],"damage_taken":[{"damage":0,"enemies":"Small Slimes","floor":1,"turns":2},{"damage":0,"enemies":"2 Louse","floor":4,"turns":2},{"damage":31,"enemies":"Replay:BlueRogue","floor":6,"turns":6},{"damage":30,"enemies":"3 Sentries","floor":8,"turns":12},{"damage":0,"enemies":"Cultist","floor":11,"turns":5},{"damage":18,"enemies":"Replay:BlueRogue","floor":12,"turns":6},{"damage":1,"enemies":"Looter","floor":13,"turns":4},{"damage":2,"enemies":"Red Slaver","floor":14,"turns":3},{"damage":0,"enemies":"The Guardian","floor":16,"turns":11},{"damage":11,"enemies":"Shell Parasite","floor":18,"turns":7},{"damage":0,"enemies":"Spheric Guardian","floor":19,"turns":4},{"damage":1,"enemies":"3 Cultists","floor":20,"turns":5},{"damage":29,"enemies":"Centurion and Healer","floor":21,"turns":8},{"damage":38,"enemies":"Gremlin Leader","floor":23,"turns":2}],"seed_played":"-6398390244875303710","potions_obtained":[{"floor":8,"key":"Adrenaline Potion"},{"floor":11,"key":"Milkshake"},{"floor":12,"key":"Doom Potion"},{"floor":16,"key":"AttackPotion"},{"floor":18,"key":"SkillPotion"}],"is_trial":false,"path_per_floor":["M","?","?","M","?","E","R","E","T","R","M","E","M","M","R","B",null,"M","M","M","M","$","E"],"character_chosen":"DEFECT","items_purchased":["MerchantsRug","MealTicket"],"campfire_rested":2,"item_purchase_floors":[22,22],"current_hp_per_floor":[68,68,68,68,68,37,37,7,7,29,29,11,12,12,34,36,65,56,58,59,32,32,0,0],"gold":156,"neow_bonus":"ONE_RANDOM_RARE_CARD","is_daily":false,"chose_seed":false,"campfire_upgraded":1,"win_rate":0.0,"timestamp":1613719700,"path_taken":["M","?","?","M","?","E","R","E","T","R","M","E","M","?","R","BOSS","M","M","M","M","$","E"],"items_purchased_type":["Relic","Relic"],"build_version":"2020-12-22","purchased_purges":1,"victory":false,"max_hp_per_floor":[75,75,75,75,75,75,75,75,75,75,75,75,75,75,75,75,75,75,75,75,75,75,75,75],"card_choices":[{"not_picked":["Coolheaded","Go for the Eyes"],"picked":"Rebound","floor":1},{"not_picked":["Chaos","Sweeping Beam"],"picked":"Force Field","floor":4},{"not_picked":["Stack","Steam"],"picked":"Buffer","floor":6},{"not_picked":["Go for the Eyes","Meteor Strike"],"picked":"Static Discharge","floor":8},{"not_picked":["ReplayTheSpireMod:Repulse","Compile Driver","aspiration:Polymerization"],"picked":"SKIP","floor":11},{"not_picked":["BasicCrystalCard","Capacitor"],"picked":"ReplayTheSpireMod:Calculation Training","floor":12},{"not_picked":["Heatsinks","Coolheaded"],"picked":"Conserve Battery","floor":13},{"not_picked":["Hologram","Echo Form"],"picked":"Glacier","floor":14},{"not_picked":["hubris:Prefetch","Multi-Cast"],"picked":"Biased Cognition","floor":16},{"not_picked":["Rebound","Beam Cell+1"],"picked":"Turbo+1","floor":18},{"not_picked":["Rebound","Fusion","Stack+1"],"picked":"SKIP","floor":19},{"not_picked":["Rip and Tear","Echo Form"],"picked":"ReplayTheSpireMod:Calculation Training+1","floor":20},{"not_picked":["Hologram","Ball Lightning"],"picked":"Self Repair+1","floor":21}],"player_experience":686806,"relics_obtained":[{"floor":6,"key":"Bottled Flame"},{"floor":8,"key":"Replay:Bottled Snecko"},{"floor":9,"key":"hubris:SoftwareUpdate"},{"floor":12,"key":"Blood Vial"}],"event_choices":[{"damage_healed":0,"gold_gain":0,"cards_transformed":["Defend_B"],"player_choice":"Change","damage_taken":0,"max_hp_gain":0,"max_hp_loss":0,"event_name":"Living Wall","floor":2,"gold_loss":0,"cards_obtained":["Core Surge"]},{"cards_removed":["Strike_B"],"damage_healed":0,"gold_gain":0,"player_choice":"Purged","damage_taken":0,"max_hp_gain":0,"max_hp_loss":0,"event_name":"Purifier","floor":5,"gold_loss":0}],"is_beta":false,"boss_relics":[{"not_picked":["Abe\u0027s Treasure","ReplayTheSpireMod:DimensionalGlitch"],"picked":"aspiration:BursterCore"}],"items_purged_floors":[22],"is_endless":false,"potions_floor_spawned":[8,11,12,16,18],"killed_by":"Gremlin Leader","ascension_level":9}}