{"host":"i0avyit1s6jb1siw","time":1613744111,"event":{"mods":["BaseMod","DeckTracker","Dota2Spire","Highlight Path","Minty Spire (QoL Compilation)","Quick Restart","StSLib","SuperFastMode"],"gold_per_floor":[114,134,154,164,164,164,192,192,209,209,209,209,228,228,13,33,33,107,107,122,133,133,148,175,191,226,246,246,246,275,11,42,53,65,65,143,143,143,218,218,231,249,264,264,284,311,331,362,362,391,391,403,403,403,403,403,403,403,403,42,73,73],"floor_reached":63,"language":"ENG","playtime":1766,"items_purged":["Strike_R","Strike_R"],"score":3555,"play_id":"6228c9a8-b0c2-4f0a-974f-84657db99505","local_time":"20210219151511","is_ascension_mode":true,"campfire_choices":[{"data":"Body Slam","floor":6,"key":"SMITH"},{"data":"Shockwave","floor":8,"key":"SMITH"},{"data":"Flame Barrier","floor":14,"key":"SMITH"},{"floor":17,"key":"REST"},{"data":"Burning Pact","floor":35,"key":"SMITH"},{"data":"Corruption","floor":38,"key":"SMITH"},{"floor":51,"key":"RECALL"},{"data":"Evolve","floor":53,"key":"SMITH"},{"data":"Armaments","floor":55,"key":"SMITH"},{"data":"Deep Breath","floor":59,"key":"SMITH"}],"circlet_count":0,"master_deck":["AscendersBane","Strike_R","Strike_R","Strike_R","Defend_R","Defend_R","Defend_R","Defend_R","Bash","Flame Barrier+1","Pommel Strike","Body Slam+1","Shockwave+1","Burning Pact+1","Disarm+1","Power Through","Inflame","True Grit","Seeing Red","Shrug It Off","Body Slam+1","Shrug It Off","Second Wind","Corruption+1","CurseOfTheBell","Exhume","Double Tap","Wild Strike+1","Dark Shackles","Deep Breath+1","Panacea","Armaments+1","Power Through","Evolve+1","Madness","Madness","Feel No Pain","Shrug It Off"],"relics":["Burning Blood","Mango","Dota2Spire:PowerTreads","Dota2Spire:BattleFury","Dota2Spire:Bloodstone","Enchiridion","Boot","Anchor","Molten Egg 2","Self Forming Clay","Calipers","Toolbox","Centennial Puzzle","Calling Bell","Dota2Spire:EchoSabre","Eternal Feather","Charon\u0027s Ashes","Runic Pyramid","Ice Cream","Nunchaku","Bag of Marbles","Dota2Spire:OctarineCore","Bottled Tornado","Dota2Spire:Butterfly"],"acts_visited":["Exordium","TheCity","TheBeyond","TheEnding"],"potions_floor_usage":[7,18,36,56],"damage_taken":[{"damage":7,"enemies":"Cultist","floor":1,"turns":4},{"damage":15,"enemies":"Small Slimes","floor":2,"turns":3},{"damage":14,"enemies":"Jaw Worm","floor":3,"turns":5},{"damage":17,"enemies":"Gremlin Gang","floor":4,"turns":7},{"damage":15,"enemies":"Lagavulin","floor":7,"turns":6},{"damage":12,"enemies":"3 Louse","floor":9,"turns":6},{"damage":8,"enemies":"2 Fungi Beasts","floor":13,"turns":3},{"damage":16,"enemies":"Exordium Thugs","floor":16,"turns":4},{"damage":10,"enemies":"The Guardian","floor":18,"turns":13},{"damage":0,"enemies":"3 Byrds","floor":20,"turns":3},{"damage":3,"enemies":"Shell Parasite","floor":21,"turns":5},{"damage":2,"enemies":"3 Cultists","floor":23,"turns":4},{"damage":9,"enemies":"Snake Plant","floor":25,"turns":4},{"damage":8,"enemies":"Book of Stabbing","floor":26,"turns":6},{"damage":9,"enemies":"Shelled Parasite and Fungi","floor":27,"turns":5},{"damage":8,"enemies":"Slavers","floor":30,"turns":4},{"damage":0,"enemies":"Book of Stabbing","floor":32,"turns":5},{"damage":0,"enemies":"Snecko","floor":33,"turns":5},{"damage":0,"enemies":"Snake Plant","floor":34,"turns":2},{"damage":22,"enemies":"Collector","floor":36,"turns":11},{"damage":4,"enemies":"Collector","floor":39,"turns":5},{"damage":0,"enemies":"3 Darklings","floor":41,"turns":2},{"damage":0,"enemies":"3 Shapes","floor":42,"turns":3},{"damage":0,"enemies":"Spire Growth","floor":43,"turns":3},{"damage":0,"enemies":"Maw","floor":45,"turns":4},{"damage":15,"enemies":"Reptomancer","floor":46,"turns":6},{"damage":6,"enemies":"Jaw Worm Horde","floor":47,"turns":3},{"damage":32,"enemies":"Giant Head","floor":48,"turns":7},{"damage":2,"enemies":"Reptomancer","floor":50,"turns":2},{"damage":0,"enemies":"Sphere and 2 Shapes","floor":52,"turns":1},{"damage":27,"enemies":"Awakened One","floor":56,"turns":7},{"damage":11,"enemies":"Time Eater","floor":57,"turns":4},{"damage":16,"enemies":"Shield and Spear","floor":61,"turns":4},{"damage":24,"enemies":"The Heart","floor":62,"turns":7}],"seed_played":"8181089080753666204","potions_obtained":[{"floor":1,"key":"HeartOfIron"},{"floor":4,"key":"Explosive Potion"},{"floor":5,"key":"CultistPotion"},{"floor":7,"key":"CultistPotion"},{"floor":23,"key":"Fire Potion"},{"floor":30,"key":"CultistPotion"},{"floor":33,"key":"DuplicationPotion"},{"floor":42,"key":"Dota2Spire:HealingSalve"},{"floor":43,"key":"Regen Potion"},{"floor":61,"key":"Regen Potion"}],"is_trial":false,"path_per_floor":["M","M","M","M","?","R","E","R","M","T","T","?","M","R","$","M","R","B",null,"M","M","?","M","T","M","E","M","T","T","E","$","E","M","M","R","B",null,"R","B",null,"M","M","M","?","M","E","M","E","T","E","R","M","R","?","R","B","B",null,"R","$","E","B",null],"character_chosen":"IRONCLAD","items_purchased":["Inflame","True Grit","Toolbox","Feel No Pain","Bottled Tornado"],"campfire_rested":1,"item_purchase_floors":[15,15,31,60,60],"current_hp_per_floor":[63,54,46,35,35,35,26,26,20,20,20,20,18,18,18,8,34,30,74,80,83,62,66,66,63,61,58,58,58,56,56,62,68,74,74,58,58,73,75,86,89,89,89,79,85,76,76,50,50,54,72,78,89,73,89,68,63,83,89,89,79,61],"gold":73,"neow_bonus":"ONE_RARE_RELIC","is_daily":false,"chose_seed":false,"campfire_upgraded":8,"win_rate":0.0,"timestamp":1613744111,"path_taken":["M","M","?","M","?","R","E","R","?","T","T","?","M","R","$","M","R","BOSS","M","M","?","M","?","M","E","M","T","T","E","$","E","M","M","R","BOSS","R","BOSS","M","?","M","?","M","E","M","E","T","E","R","M","R","?","R","BOSS","BOSS","R","$","E","BOSS"],"items_purchased_type":["Card","Card","Relic","Card","Relic"],"build_version":"2020-12-22","purchased_purges":2,"victory":true,"max_hp_per_floor":[89,89,89,89,89,89,89,89,89,89,89,89,89,89,89,89,89,89,89,89,89,89,89,89,89,89,89,89,89,89,89,89,89,89,89,89,89,89,89,89,89,89,89,89,89,89,89,89,89,89,89,89,89,89,89,89,89,89,89,89,89,89],"card_choices":[{"not_picked":["Evolve","Sword Boomerang"],"picked":"Flame Barrier","floor":1},{"not_picked":["Thunderclap","Armaments"],"picked":"Pommel Strike","floor":2},{"not_picked":["Thunderclap","Clothesline"],"picked":"Body Slam","floor":3},{"not_picked":["Warcry","Body Slam"],"picked":"Shockwave","floor":4},{"not_picked":["Cleave","Clothesline"],"picked":"Burning Pact","floor":7},{"not_picked":["Carnage","Warcry"],"picked":"Disarm","floor":9},{"not_picked":["Second Wind","Evolve"],"picked":"Power Through","floor":13},{"not_picked":["Headbutt","Twin Strike","True Grit"],"picked":"SKIP","floor":16},{"not_picked":["Cleave","Sword Boomerang","Perfected Strike+1"],"picked":"SKIP","floor":20},{"not_picked":["Combust","Pummel","Sword Boomerang"],"picked":"SKIP","floor":21},{"not_picked":["Perfected Strike","Iron Wave"],"picked":"Seeing Red","floor":23},{"not_picked":["Iron Wave","Combust","Anger"],"picked":"SKIP","floor":25},{"not_picked":["Dropkick","Twin Strike","Heavy Blade"],"picked":"SKIP","floor":26},{"not_picked":["Clash","Carnage"],"picked":"Shrug It Off","floor":27},{"not_picked":["Thunderclap+1","Iron Wave+1"],"picked":"Body Slam+1","floor":30},{"not_picked":["Iron Wave+1","Juggernaut"],"picked":"Shrug It Off","floor":32},{"not_picked":["Iron Wave+1","Flex","Cleave+1"],"picked":"SKIP","floor":33},{"not_picked":["Disarm","Headbutt+1"],"picked":"Second Wind","floor":34},{"not_picked":["Impervious","Brutality"],"picked":"Corruption","floor":36},{"not_picked":["Feed+1","Juggernaut"],"picked":"Exhume","floor":39},{"not_picked":["Sword Boomerang+1","Clash+1","Iron Wave+1"],"picked":"SKIP","floor":41},{"not_picked":["Cleave+1","Headbutt+1"],"picked":"Double Tap","floor":42},{"not_picked":["Twin Strike+1","Cleave+1"],"picked":"Wild Strike+1","floor":43},{"not_picked":["Sadistic Nature","Madness"],"picked":"Dark Shackles","floor":44},{"not_picked":["Blind","Swift Strike+1"],"picked":"Deep Breath","floor":44},{"not_picked":["Discovery","Secret Technique"],"picked":"Panacea","floor":44},{"not_picked":["Iron Wave+1","Spot Weakness","Sword Boomerang+1"],"picked":"SKIP","floor":45},{"not_picked":["Brutality","Thunderclap+1"],"picked":"Armaments","floor":46},{"not_picked":["Sword Boomerang+1","Armaments","Reckless Charge+1"],"picked":"SKIP","floor":47},{"not_picked":["Wild Strike+1","Headbutt+1"],"picked":"Power Through","floor":48},{"not_picked":["Whirlwind+1","Heavy Blade+1"],"picked":"Evolve","floor":50},{"not_picked":["Bludgeon+1","Thunderclap+1","Sword Boomerang+1"],"picked":"SKIP","floor":52},{"not_picked":["Sentinel","Whirlwind+1"],"picked":"Shrug It Off","floor":61}],"player_experience":2464159,"relics_obtained":[{"floor":7,"key":"Dota2Spire:PowerTreads"},{"floor":10,"key":"Dota2Spire:BattleFury"},{"floor":22,"key":"Enchiridion"},{"floor":24,"key":"Boot"},{"floor":26,"key":"Anchor"},{"floor":28,"key":"Molten Egg 2"},{"floor":29,"key":"Self Forming Clay"},{"floor":30,"key":"Calipers"},{"floor":32,"key":"Centennial Puzzle"},{"floor":37,"key":"Dota2Spire:EchoSabre"},{"floor":37,"key":"Eternal Feather"},{"floor":37,"key":"Charon\u0027s Ashes"},{"floor":46,"key":"Ice Cream"},{"floor":48,"key":"Nunchaku"},{"floor":49,"key":"Bag of Marbles"},{"floor":50,"key":"Dota2Spire:OctarineCore"},{"floor":61,"key":"Dota2Spire:Butterfly"}],"event_choices":[{"damage_healed":0,"gold_gain":0,"player_choice":"Got Potions","damage_taken":0,"max_hp_gain":0,"max_hp_loss":0,"event_name":"Lab","floor":5,"gold_loss":0},{"damage_healed":0,"gold_gain":0,"player_choice":"Grow","damage_taken":0,"max_hp_gain":0,"max_hp_loss":0,"event_name":"Living Wall","floor":12,"gold_loss":0,"cards_upgraded":["Disarm"]},{"damage_healed":0,"gold_gain":0,"player_choice":"Obtained Book","damage_taken":21,"max_hp_gain":0,"max_hp_loss":0,"event_name":"Cursed Tome","floor":22,"gold_loss":0},{"damage_healed":0,"gold_gain":0,"player_choice":"Memory 3","damage_taken":10,"max_hp_gain":0,"max_hp_loss":0,"event_name":"SensoryStone","floor":44,"gold_loss":0},{"damage_healed":0,"gold_gain":0,"player_choice":"Embrace Madness","damage_taken":16,"max_hp_gain":0,"max_hp_loss":0,"event_name":"Winding Halls","floor":54,"gold_loss":0,"cards_obtained":["Madness","Madness"]}],"is_beta":false,"boss_relics":[{"not_picked":["Tiny House","Coffee Dripper"],"picked":"Dota2Spire:Bloodstone"},{"not_picked":["Busted Crown","Dota2Spire:RefresherOrb"],"picked":"Calling Bell"},{"not_picked":["Sozu","Mark of Pain"],"picked":"Runic Pyramid"}],"items_purged_floors":[15,31],"is_endless":false,"potions_floor_spawned":[1,4,7,9,23,26,30,33,34,42,43,50,61],"ascension_level":20}}