{"host":"mwb0clku6crgv6yl","time":1613718294,"event":{"mods":["AchievementEnabler","BaseMod","Highlight Path","Minty Spire (QoL Compilation)","StSLib","The Cursed"],"gold_per_floor":[119,119,119,134,152,152,227,177,177,177,193,212,137,151,151,252,252,264,278,278,203,203,203,231,231,254,272,287,287,303,303,303],"floor_reached":31,"language":"ZHS","playtime":1116,"items_purged":["Strike_R"],"score":247,"play_id":"a8e03bc5-f7a9-4d2d-95cf-f05db01fe818","local_time":"20210219150454","is_ascension_mode":false,"campfire_choices":[{"data":"True Grit","floor":6.0,"key":"SMITH"},{"data":"Bash","floor":10.0,"key":"SMITH"},{"floor":15.0,"key":"REST"},{"data":"Body Slam","floor":23,"key":"SMITH"},{"data":"Feel No Pain","floor":25,"key":"SMITH"}],"circlet_count":0,"master_deck":["Strike_R","Defend_R","Bash+1","Dual Wield+1","Dark Embrace+1","Wild Strike+1","True Grit+1","Body Slam+1","Feel No Pain+1","Fiend Fire","Second Wind","Decay"],"relics":["Astrolabe","Eternal Feather","Sozu","MutagenicStrength","InkBottle","Lantern"],"acts_visited":["Exordium","TheCity"],"potions_floor_usage":[28],"damage_taken":[{"damage":8.0,"enemies":"Small Slimes","floor":1.0,"turns":3.0},{"damage":11.0,"enemies":"Jaw Worm","floor":4.0,"turns":2.0},{"damage":6.0,"enemies":"Cultist","floor":5.0,"turns":3.0},{"damage":8.0,"enemies":"Large Slime","floor":11.0,"turns":4.0},{"damage":13.0,"enemies":"2 Fungi Beasts","floor":12.0,"turns":3.0},{"damage":0.0,"enemies":"3 Louse","floor":14.0,"turns":3.0},{"damage":42.0,"enemies":"The Guardian","floor":16.0,"turns":11.0},{"damage":14.0,"enemies":"Shell Parasite","floor":18.0,"turns":4.0},{"damage":15.0,"enemies":"Spheric Guardian","floor":19.0,"turns":5.0},{"damage":16,"enemies":"Book of Stabbing","floor":24,"turns":5},{"damage":35,"enemies":"Shelled Parasite and Fungi","floor":27,"turns":4},{"damage":0,"enemies":"Snake Plant","floor":28,"turns":2},{"damage":0,"enemies":"Centurion and Healer","floor":30,"turns":6},{"damage":12,"enemies":"Shelled Parasite and Fungi","floor":31,"turns":1}],"seed_played":"1439356756706630373","potions_obtained":[{"floor":5.0,"key":"Fire Potion"},{"floor":12.0,"key":"SkillPotion"},{"floor":14.0,"key":"PowerPotion"}],"is_trial":false,"path_per_floor":["M","?","?","M","M","R","?","?","T","R","M","M","$","M","R","B",null,"M","M","?","?","?","R","E","R","T","M","M","?","M","M"],"character_chosen":"IRONCLAD","items_purchased":[],"campfire_rested":1,"item_purchase_floors":[],"current_hp_per_floor":[72,65,65,54,48,48,37,37,37,40,32,19,19,19,49,7,80,66,51,51,51,51,57,41,47,47,12,12,12,12,0,0],"gold":303,"neow_bonus":"BOSS_RELIC","is_daily":false,"chose_seed":false,"campfire_upgraded":4,"win_rate":0.0,"timestamp":1613718294,"path_taken":["M","?","?","?","M","R","?","?","T","R","M","M","$","M","R","BOSS","M","M","?","?","?","R","E","R","T","M","M","?","M","?"],"items_purchased_type":[],"build_version":"2020-12-22","purchased_purges":1,"victory":false,"max_hp_per_floor":[80,80,80,80,80,80,80,80,80,80,80,80,80,80,80,80,80,80,80,80,80,80,80,80,80,80,80,80,80,80,80,80],"card_choices":[{"not_picked":["Warcry","Disarm","Clash"],"picked":"SKIP","floor":1.0},{"not_picked":["Clash","Rupture","Intimidate"],"picked":"SKIP","floor":4.0},{"not_picked":["Iron Wave","Warcry"],"picked":"True Grit","floor":5.0},{"not_picked":["Flex","Perfected Strike"],"picked":"Body Slam","floor":11.0},{"not_picked":["Cleave","Warcry","Body Slam"],"picked":"SKIP","floor":12.0},{"not_picked":["Twin Strike","Armaments"],"picked":"Feel No Pain","floor":14.0},{"not_picked":["Reaper","Immolate"],"picked":"Fiend Fire","floor":16.0},{"not_picked":["Blood for Blood","Seeing Red+1"],"picked":"Second Wind","floor":18.0},{"not_picked":["Carnage","Clothesline","Bloodletting"],"picked":"SKIP","floor":19.0},{"not_picked":["Clash+1","Pommel Strike","Thunderclap"],"picked":"SKIP","floor":24},{"not_picked":["Wild Strike","Heavy Blade","Carnage"],"picked":"SKIP","floor":27},{"not_picked":["Headbutt","Armaments","Flex"],"picked":"SKIP","floor":28},{"not_picked":["Flame Barrier","True Grit","Shrug It Off"],"picked":"SKIP","floor":30}],"player_experience":349370,"relics_obtained":[{"floor":9.0,"key":"Eternal Feather"},{"floor":24,"key":"InkBottle"},{"floor":26,"key":"Lantern"}],"event_choices":[{"cards_removed":["Strike_R"],"damage_healed":0.0,"max_hp_gain":0.0,"max_hp_loss":0.0,"gold_gain":0.0,"event_name":"Golden Wing","player_choice":"Card Removal","floor":2.0,"gold_loss":0.0,"damage_taken":7.0},{"damage_healed":0.0,"max_hp_gain":0.0,"max_hp_loss":0.0,"gold_gain":0.0,"event_name":"NoteForYourself","player_choice":"Ignored","floor":3.0,"gold_loss":0.0,"damage_taken":0.0},{"damage_healed":0.0,"max_hp_gain":0.0,"max_hp_loss":0.0,"gold_gain":75.0,"event_name":"World of Goop","player_choice":"Gather Gold","floor":7.0,"gold_loss":0.0,"damage_taken":11.0},{"cards_removed":["Strike_R"],"damage_healed":0.0,"max_hp_gain":0.0,"max_hp_loss":0.0,"gold_gain":0.0,"event_name":"The Cleric","player_choice":"Card Removal","floor":8.0,"gold_loss":50.0,"damage_taken":0.0},{"damage_healed":0.0,"max_hp_gain":0.0,"max_hp_loss":0.0,"gold_gain":0.0,"event_name":"Vampires","player_choice":"Ignored","floor":20.0,"gold_loss":0.0,"damage_taken":0.0},{"cards_removed":["Defend_R"],"damage_healed":0.0,"max_hp_gain":0.0,"max_hp_loss":0.0,"gold_gain":0.0,"event_name":"Beggar","player_choice":"Gave Gold","floor":21.0,"gold_loss":75.0,"damage_taken":0.0},{"damage_healed":0,"gold_gain":0,"player_choice":"Inject Mutagens","damage_taken":0,"relics_obtained":["MutagenicStrength"],"max_hp_gain":0,"max_hp_loss":0,"event_name":"Drug Dealer","floor":22,"gold_loss":0},{"damage_healed":0,"gold_gain":0,"player_choice":"Smashed Altar","damage_taken":0,"max_hp_gain":0,"max_hp_loss":0,"event_name":"Forgotten Altar","floor":29,"gold_loss":0,"cards_obtained":["Decay"]}],"is_beta":false,"boss_relics":[{"not_picked":["Ectoplasm","SlaversCollar"],"picked":"Sozu"}],"items_purged_floors":[13],"is_endless":false,"potions_floor_spawned":[5,12,14,18,24],"killed_by":"Shelled Parasite and Fungi","ascension_level":0}}