{"host":"6z6y4ky8uzsz1dpj","time":1613759459,"event":{"mods":["AchievementEnabler","BaseMod","BetterRewards","Challenge The Spire","Colored Map","Hubris","Minty Spire (QoL Compilation)","Quick Restart","Relic Stats","Replay The Spire","StSLib"],"gold_per_floor":[114,35,49,69,84,84,113,113,113,139,161,185,185,202,202,286,286,307,165,186,166,180,180,180],"floor_reached":23,"language":"ENG","playtime":1510,"items_purged":["Strike_G","Strike_G"],"score":338,"play_id":"ae22fb74-ed05-45b8-a753-c070682823fc","local_time":"20210219133059","is_ascension_mode":true,"campfire_choices":[{"data":"Noxious Fumes","floor":6.0,"key":"SMITH"},{"data":"Catalyst","floor":8.0,"key":"SMITH"},{"data":"Fluid Movement","floor":13.0,"key":"SMITH"},{"data":"Poisoned Stab","floor":15.0,"key":"SMITH"}],"circlet_count":0,"master_deck":["AscendersBane","Strike_G","Strike_G","Strike_G","Defend_G","Defend_G","Defend_G","Defend_G","Defend_G","Survivor","Neutralize","Noxious Fumes+1","Poisoned Stab+1","Catalyst+1","Fluid Movement+1","After Image","Fluid Movement","Poisoned Stab","Die Die Die","Deadly Poison","Dodge and Roll","Noxious Fumes"],"relics":["Ring of the Snake","Bag of Preparation","Thread and Needle","hubris:AstralHammer","Snack Pack","CeramicFish"],"acts_visited":["Exordium","TheCity"],"potions_floor_usage":[22],"damage_taken":[{"damage":0.0,"enemies":"2 Louse","floor":1.0,"turns":4.0},{"damage":0.0,"enemies":"Cultist","floor":3.0,"turns":4.0},{"damage":5.0,"enemies":"Small Slimes","floor":4.0,"turns":4.0},{"damage":3.0,"enemies":"Exordium Thugs","floor":5.0,"turns":4.0},{"damage":3.0,"enemies":"3 Sentries","floor":7.0,"turns":5.0},{"damage":17.0,"enemies":"Gremlin Nob","floor":10.0,"turns":4.0},{"damage":0.0,"enemies":"Red Slaver","floor":11.0,"turns":3.0},{"damage":4.0,"enemies":"Large Slime","floor":12.0,"turns":6.0},{"damage":0.0,"enemies":"Looter","floor":14.0,"turns":4.0},{"damage":9.0,"enemies":"The Guardian","floor":16.0,"turns":7.0},{"damage":4.0,"enemies":"Spheric Guardian","floor":18.0,"turns":4.0},{"damage":11.0,"enemies":"3 Byrds","floor":20.0,"turns":5.0},{"damage":15,"enemies":"Cultist and Chosen","floor":22,"turns":8},{"damage":30,"enemies":"Book of Stabbing","floor":23,"turns":5}],"seed_played":"-8947215261247216182","potions_obtained":[{"floor":3.0,"key":"FearPotion"},{"floor":5.0,"key":"Toxic Potion"},{"floor":7.0,"key":"Strength Potion"},{"floor":11.0,"key":"SkillPotion"},{"floor":16.0,"key":"Poison Potion"},{"floor":20.0,"key":"Death Potion"},{"floor":21.0,"key":"LifebloodPotion"}],"is_trial":false,"path_per_floor":["M","$","M","M","M","R","E","R","T","E","M","M","R","M","R","B",null,"M","$","M","?","M","E"],"character_chosen":"THE_SILENT","items_purchased":["Noxious Fumes","Bag of Preparation","Catalyst","Dodge and Roll"],"campfire_rested":0,"item_purchase_floors":[0,0,2,19],"current_hp_per_floor":[56,56,56,51,48,48,45,45,45,30,30,32,32,32,32,23,58,54,54,43,43,28,0,0],"gold":180,"neow_bonus":"","is_daily":false,"chose_seed":false,"campfire_upgraded":4,"win_rate":0.0,"timestamp":1613759459,"path_taken":["M","$","M","M","M","R","E","R","T","E","M","M","R","M","R","BOSS","M","$","M","?","?","E"],"items_purchased_type":["Card","Relic","Card","Card"],"build_version":"2020-12-22","purchased_purges":2,"victory":false,"max_hp_per_floor":[70,70,70,70,70,70,70,70,70,70,70,70,70,70,70,70,70,70,70,70,70,70,70,70],"relic_stats":{"counters":[174,788],"CeramicFish":54,"Bag of Preparation":[28],"obtain_stats":[{"TwistedFunnel":0,"Golden Egg":6,"Bottled Tornado":45,"Boot":8,"Blood Vial":47,"Replay:Ringing Soul":2,"hubris:AstralHammer":7,"Replay:Bronze Core":17,"Kunai":43,"Replay:Bottled Steam":26,"Counterbalance":0,"hubris:SphereOfDissonance":48,"Pen Nib":43,"Replay:Ancient Bell":17,"Paper Crane":9,"Akabeko":24,"SlaversCollar":34,"MutagenicStrength":21,"Pandora\u0027s Box":17,"Unceasing Top":0,"Lantern":28,"Regal Pillow":4,"hubris:Metronome":26,"StoneCalendar":0,"Blue Doll":49,"Bag of Preparation":25,"Replay:Multitool":24,"Ancient Tea Set":10,"Cursed Key":17,"Smiling Mask":28,"Pet Ghost":7,"Ninja Scroll":27,"WingedGreaves":0,"hubris:CuriousFeather":17,"Ring of the Snake":0,"hubris:GlazedTorus":47,"Golden Idol":3,"Basket Of Snakes":0,"Thread and Needle":0,"hubris:Towel":21,"Frozen Egg 2":28,"MawBank":26,"Ectoplasm":17,"Turnip":0,"ReplayTheSpireMod:Lightbulb":20,"Toy Ornithopter":20,"Tiny House":17,"Calipers":0,"Gremlin Horn":23,"CeramicFish":23,"hubris:VirtuousBlindfold":17,"HornCleat":38,"Prayer Wheel":0,"Iron Hammer":9,"Toxic Egg 2":28,"Byrd Skull":0,"Girya":43,"ReplayTheSpireMod:CursedCoin":5,"Oddly Smooth Stone":25,"Letter Opener":2,"Question Card":19,"Du-Vu Doll":0,"hubris:Zylophone":0,"ReplayTheSpireMod:Shallot":26,"Shuriken":13,"Bronze Scales":9,"hubris:PeanutButter":28,"Onion Ring":46,"ReplayTheSpireMod:TigerMarble":23,"hubris:ToyBattleship":17,"Pocketwatch":11,"ReplayFunnel":43,"Snake Skull":9,"hubris:SlimyHat":25,"Juzu Bracelet":40,"Tough Bandages":41,"Nunchaku":34,"Replay:Bandana":7,"hubris:Icosahedron":11,"Chameleon Ring":25,"Mummified Hand":40,"Pantograph":9,"Tiny Chest":31,"Red Mask":39,"Gremlin Food":8,"hubris:DisguiseKit":34,"ReplayTheSpireMod:Ninjato":6,"Replay:Towering Pillar of Hats":0,"Quantum Egg":31,"Guide Book":36,"Orichalcum":29,"White Beast Statue":12,"Mercury Hourglass":14,"Calling Bell":34,"Peace Pipe":0,"CaptainsWheel":0,"Anchor":9,"Snack Pack":9,"Membership Card":0,"hubris:Potato":14,"hubris:OldNail":10,"TungstenRod":14},{"TwistedFunnel":147,"Golden Egg":100,"Bottled Tornado":145,"Boot":44,"Blood Vial":146,"Replay:Ringing Soul":119,"hubris:AstralHammer":165,"Replay:Bronze Core":79,"Kunai":39,"Replay:Bottled Steam":56,"Counterbalance":16,"hubris:SphereOfDissonance":41,"Pen Nib":115,"Replay:Ancient Bell":156,"Paper Crane":124,"Akabeko":29,"SlaversCollar":35,"MutagenicStrength":105,"Pandora\u0027s Box":93,"Unceasing Top":118,"Lantern":14,"Regal Pillow":98,"hubris:Metronome":134,"StoneCalendar":71,"Blue Doll":117,"Bag of Preparation":30,"Replay:Multitool":106,"Ancient Tea Set":90,"Cursed Key":104,"Smiling Mask":136,"Pet Ghost":4,"Ninja Scroll":107,"WingedGreaves":96,"hubris:CuriousFeather":156,"Ring of the Snake":0,"hubris:GlazedTorus":69,"Golden Idol":73,"Basket Of Snakes":42,"Thread and Needle":71,"hubris:Towel":11,"Frozen Egg 2":31,"MawBank":30,"Ectoplasm":50,"Turnip":96,"ReplayTheSpireMod:Lightbulb":105,"Toy Ornithopter":130,"Tiny House":8,"Calipers":16,"Gremlin Horn":12,"CeramicFish":83,"hubris:VirtuousBlindfold":25,"HornCleat":37,"Prayer Wheel":96,"Iron Hammer":4,"Toxic Egg 2":58,"Byrd Skull":84,"Girya":65,"ReplayTheSpireMod:CursedCoin":149,"Oddly Smooth Stone":13,"Letter Opener":97,"Question Card":157,"Du-Vu Doll":71,"hubris:Zylophone":160,"ReplayTheSpireMod:Shallot":13,"Shuriken":77,"Bronze Scales":89,"hubris:PeanutButter":31,"Onion Ring":115,"ReplayTheSpireMod:TigerMarble":55,"hubris:ToyBattleship":156,"Pocketwatch":101,"ReplayFunnel":143,"Snake Skull":76,"hubris:SlimyHat":56,"Juzu Bracelet":114,"Tough Bandages":39,"Nunchaku":60,"Replay:Bandana":76,"hubris:Icosahedron":125,"Chameleon Ring":134,"Mummified Hand":63,"Pantograph":100,"Tiny Chest":109,"Red Mask":62,"Gremlin Food":21,"hubris:DisguiseKit":60,"ReplayTheSpireMod:Ninjato":44,"Replay:Towering Pillar of Hats":96,"Quantum Egg":34,"Guide Book":36,"Orichalcum":32,"White Beast Statue":126,"Mercury Hourglass":103,"Calling Bell":60,"Peace Pipe":160,"CaptainsWheel":0,"Anchor":44,"Snack Pack":165,"Membership Card":16,"hubris:Potato":7,"hubris:OldNail":22,"TungstenRod":49},{"TwistedFunnel":678,"Golden Egg":454,"Bottled Tornado":665,"Boot":251,"Blood Vial":670,"Replay:Ringing Soul":551,"hubris:AstralHammer":742,"Replay:Bronze Core":370,"Kunai":223,"Replay:Bottled Steam":294,"Counterbalance":85,"hubris:SphereOfDissonance":235,"Pen Nib":533,"Replay:Ancient Bell":708,"Paper Crane":574,"Akabeko":162,"SlaversCollar":201,"MutagenicStrength":488,"Pandora\u0027s Box":429,"Unceasing Top":546,"Lantern":76,"Regal Pillow":447,"hubris:Metronome":619,"StoneCalendar":332,"Blue Doll":540,"Bag of Preparation":168,"Replay:Multitool":493,"Ancient Tea Set":415,"Cursed Key":485,"Smiling Mask":628,"Pet Ghost":17,"Ninja Scroll":499,"WingedGreaves":441,"hubris:CuriousFeather":708,"Ring of the Snake":0,"hubris:GlazedTorus":327,"Golden Idol":338,"Basket Of Snakes":243,"Thread and Needle":332,"hubris:Towel":56,"Frozen Egg 2":173,"MawBank":168,"Ectoplasm":271,"Turnip":441,"ReplayTheSpireMod:Lightbulb":488,"Toy Ornithopter":605,"Tiny House":42,"Calipers":85,"Gremlin Horn":65,"CeramicFish":384,"hubris:VirtuousBlindfold":140,"HornCleat":211,"Prayer Wheel":441,"Iron Hammer":17,"Toxic Egg 2":299,"Byrd Skull":388,"Girya":319,"ReplayTheSpireMod:CursedCoin":685,"Oddly Smooth Stone":70,"Letter Opener":443,"Question Card":712,"Du-Vu Doll":332,"hubris:Zylophone":721,"ReplayTheSpireMod:Shallot":70,"Shuriken":359,"Bronze Scales":409,"hubris:PeanutButter":173,"Onion Ring":533,"ReplayTheSpireMod:TigerMarble":291,"hubris:ToyBattleship":708,"Pocketwatch":465,"ReplayFunnel":655,"Snake Skull":355,"hubris:SlimyHat":294,"Juzu Bracelet":527,"Tough Bandages":223,"Nunchaku":305,"Replay:Bandana":355,"hubris:Icosahedron":585,"Chameleon Ring":619,"Mummified Hand":313,"Pantograph":454,"Tiny Chest":506,"Red Mask":310,"Gremlin Food":113,"hubris:DisguiseKit":305,"ReplayTheSpireMod:Ninjato":251,"Replay:Towering Pillar of Hats":441,"Quantum Egg":190,"Guide Book":206,"Orichalcum":179,"White Beast Statue":590,"Mercury Hourglass":472,"Calling Bell":305,"Peace Pipe":721,"CaptainsWheel":0,"Anchor":251,"Snack Pack":742,"Membership Card":85,"hubris:Potato":31,"hubris:OldNail":121,"TungstenRod":265}],"Ring of the Snake":[348]},"card_choices":[{"not_picked":["Underhanded Strike","Outmaneuver"],"picked":"Poisoned Stab","floor":1.0},{"not_picked":["Reflex","Sucker Punch","Deflect"],"picked":"SKIP","floor":3.0},{"not_picked":["Dagger Throw","hubris:TrickCloak","Bane"],"picked":"SKIP","floor":4.0},{"not_picked":["Cloak And Dagger","Finisher"],"picked":"Fluid Movement","floor":5.0},{"not_picked":["Dagger Throw","Cloak And Dagger"],"picked":"After Image","floor":7.0},{"not_picked":["Calculated Gamble","Dagger Throw","Terror"],"picked":"SKIP","floor":10.0},{"not_picked":["Quick Slash","Flying Knee"],"picked":"Fluid Movement","floor":11.0},{"not_picked":["Dagger Spray","Dagger Throw"],"picked":"Poisoned Stab","floor":12.0},{"not_picked":["Cloak And Dagger","ReplayTheSpireMod:The Works","Quick Slash"],"picked":"SKIP","floor":14.0},{"not_picked":["Phantasmal Killer","Storm of Steel"],"picked":"Die Die Die","floor":16.0},{"not_picked":["Backflip+1","Endless Agony"],"picked":"Deadly Poison","floor":18.0},{"not_picked":["Poisoned Stab+1","Toxin Wave"],"picked":"Noxious Fumes","floor":20.0},{"not_picked":["PiercingWail","Slice","Wraith Form v2"],"picked":"SKIP","floor":22}],"player_experience":650985,"relics_obtained":[{"floor":7.0,"key":"hubris:AstralHammer"},{"floor":9.0,"key":"Snack Pack"},{"floor":10.0,"key":"CeramicFish"}],"event_choices":[{"damage_healed":0.0,"max_hp_gain":0.0,"max_hp_loss":0.0,"gold_gain":0.0,"event_name":"The Woman in Blue","player_choice":"Bought 1 Potion","floor":21.0,"gold_loss":0.0,"damage_taken":0.0}],"is_beta":false,"boss_relics":[{"not_picked":["hubris:GrandSneckoEye","Honey Jar","Snecko Scales"]}],"items_purged_floors":[0,19],"is_endless":false,"potions_floor_spawned":[3,5,7,11,16,20],"killed_by":"Book of Stabbing","ascension_level":13}}