{"host":"vzugls1u57eppbds","time":1613759215,"event":{"mods":["AchievementEnabler","BaseMod","Better Third Choice","Ironclad Rager","Minty Spire (QoL Compilation)","Relic Stats","Shop Mod","StSLib"],"gold_per_floor":[109,184,16,16,16,42,42,217,241,241,261,261,110,110,110,110,110],"floor_reached":16,"language":"ENG","playtime":333,"items_purged":[],"score":136,"play_id":"470e46c0-1da4-4b65-a332-e188846ae999","local_time":"20210219192655","is_ascension_mode":true,"campfire_choices":[{"floor":7.0,"key":"REST"},{"data":"True Grit","floor":10.0,"key":"SMITH"},{"floor":12.0,"key":"REST"},{"data":"Feel No Pain","floor":15.0,"key":"SMITH"}],"circlet_count":0,"master_deck":["Strike_R","Strike_R","Strike_R","Strike_R","Strike_R","Defend_R","Defend_R","Defend_R","Defend_R","Bash","Fiend Fire","Infernal Blade+1","Feel No Pain+1","True Grit+1","Doubt","Pommel Strike"],"relics":["Burning Blood","Ancient Tea Set","Orichalcum","CeramicFish","Bag of Preparation","FaceOfCleric"],"acts_visited":["Exordium"],"potions_floor_usage":[16],"damage_taken":[{"damage":7.0,"enemies":"Small Slimes","floor":1.0,"turns":5.0},{"damage":42.0,"enemies":"Lagavulin","floor":6.0,"turns":8.0},{"damage":0.0,"enemies":"2 Louse","floor":11.0,"turns":3.0},{"damage":85,"enemies":"Slime Boss","floor":16,"turns":12}],"seed_played":"-7757602484379920340","potions_obtained":[{"floor":6.0,"key":"LiquidBronze"}],"is_trial":false,"path_per_floor":["M","?","$","?","?","E","R","?","T","R","M","R","$","?","R","B"],"character_chosen":"IRONCLAD","items_purchased":["Feel No Pain","FairyPotion","Bag of Preparation"],"campfire_rested":2,"item_purchase_floors":[3,3,13],"current_hp_per_floor":[71,60,60,60,42,30,54,54,54,54,60,80,80,80,80,0,0],"gold":110,"neow_bonus":"ONE_RANDOM_RARE_CARD","is_daily":false,"chose_seed":false,"campfire_upgraded":2,"win_rate":0.0,"timestamp":1613759215,"path_taken":["M","?","$","?","?","E","R","?","T","R","?","R","$","?","R","BOSS"],"items_purchased_type":["Card","Potion","Relic"],"build_version":"2020-12-22","purchased_purges":0,"victory":false,"max_hp_per_floor":[80,80,80,80,80,80,80,80,80,80,80,80,80,80,80,80,80],"relic_stats":{"FaceOfCleric":0,"counters":[4,28],"CeramicFish":9,"Bag of Preparation":[2],"Orichalcum":[18],"obtain_stats":[{"FaceOfCleric":14,"CeramicFish":9,"Bag of Preparation":13,"Orichalcum":6,"Ancient Tea Set":5,"Burning Blood":0},{"FaceOfCleric":3,"CeramicFish":2,"Bag of Preparation":3,"Orichalcum":2,"Ancient Tea Set":1,"Burning Blood":0},{"FaceOfCleric":16,"CeramicFish":13,"Bag of Preparation":16,"Orichalcum":13,"Ancient Tea Set":5,"Burning Blood":0}],"Burning Blood":18},"card_choices":[{"not_picked":["Clothesline","Metallicize"],"picked":"Infernal Blade","floor":1.0},{"not_picked":["Berserk","Havoc"],"picked":"True Grit","floor":6.0},{"not_picked":["Thunderclap","Clash"],"picked":"Pommel Strike","floor":11.0}],"player_experience":248850,"relics_obtained":[{"floor":6.0,"key":"Orichalcum"},{"floor":9.0,"key":"CeramicFish"}],"event_choices":[{"damage_healed":0.0,"max_hp_gain":0.0,"max_hp_loss":0.0,"gold_gain":75.0,"event_name":"betterThird:BetterGoop","player_choice":"Gold","floor":2.0,"gold_loss":0.0,"damage_taken":11.0},{"damage_healed":0.0,"max_hp_gain":0.0,"max_hp_loss":0.0,"gold_gain":0.0,"event_name":"Living Wall","player_choice":"Grow","floor":4.0,"gold_loss":0.0,"damage_taken":0.0,"cards_upgraded":["Infernal Blade"]},{"damage_healed":0.0,"max_hp_gain":0.0,"max_hp_loss":0.0,"gold_gain":0.0,"event_name":"betterThird:BetterScrap","player_choice":"Relic ","floor":5.0,"gold_loss":0.0,"damage_taken":18.0,"cards_obtained":["FTL"]},{"damage_healed":0.0,"max_hp_gain":0.0,"max_hp_loss":0.0,"gold_gain":175.0,"event_name":"betterThird:BetterSerpent","player_choice":"AGREE","floor":8.0,"gold_loss":0.0,"damage_taken":42.0},{"damage_healed":0.0,"max_hp_gain":0.0,"max_hp_loss":0.0,"gold_gain":0.0,"event_name":"FaceTrader","player_choice":"Trade","floor":14.0,"gold_loss":0.0,"damage_taken":0.0,"relics_obtained":["FaceOfCleric"]}],"is_beta":false,"boss_relics":[],"items_purged_floors":[],"is_endless":false,"potions_floor_spawned":[6],"killed_by":"Slime Boss","ascension_level":9}}