{"host":"4qkvkh7pd9qr2mca","time":1613748898,"event":{"mods":["AchievementEnabler","Act Like it!","BaseMod","Colored Map","Colored Powertips","Highlight Path","Minty Spire (QoL Compilation)","Pale of the Ancients","Permanent Neow","Quick Restart","Relic Stats","StSLib","SuperFastMode"],"gold_per_floor":[19,19,37,50,50,50,78,78,78,89,121,121,138,171,171,171,171],"floor_reached":16,"language":"ENG","playtime":616,"items_purged":[],"score":290,"play_id":"7e99fbd6-76ca-4b3e-9b48-0e3d1d5c9be0","local_time":"20210219163458","is_ascension_mode":true,"campfire_choices":[{"floor":6.0,"key":"REST"},{"floor":8.0,"key":"REST"},{"floor":12.0,"key":"REST"},{"data":"Well Laid Plans","floor":15.0,"key":"SMITH"}],"circlet_count":0,"master_deck":["AscendersBane","Strike_G+1","Strike_G","Strike_G","Strike_G+1","Strike_G","Defend_G","Defend_G","Defend_G","Defend_G","Defend_G","Survivor","Neutralize+1","Corpse Explosion","Terror","Flying Knee","Well Laid Plans+1","Infinite Blades","Eviscerate","Dagger Throw"],"relics":["Ring of the Snake","Mummified Hand","Lantern","Dream Catcher"],"acts_visited":["Exordium"],"potions_floor_usage":[],"damage_taken":[{"damage":2.0,"enemies":"2 Louse","floor":1.0,"turns":3.0},{"damage":0.0,"enemies":"Jaw Worm","floor":3.0,"turns":5.0},{"damage":4.0,"enemies":"Small Slimes","floor":4.0,"turns":4.0},{"damage":22.0,"enemies":"Lagavulin","floor":7.0,"turns":6.0},{"damage":9.0,"enemies":"3 Louse","floor":10.0,"turns":3.0},{"damage":4.0,"enemies":"Gremlin Nob","floor":11.0,"turns":3.0},{"damage":12.0,"enemies":"Blue Slaver","floor":13.0,"turns":4.0},{"damage":0.0,"enemies":"3 Sentries","floor":14.0,"turns":2.0},{"damage":43,"enemies":"The Guardian","floor":16,"turns":11}],"seed_played":"-8583321599387335948","potions_obtained":[{"floor":4.0,"key":"SkillPotion"},{"floor":10.0,"key":"Poison Potion"},{"floor":11.0,"key":"CunningPotion"}],"is_trial":false,"path_per_floor":["M","?","M","M","?","R","E","R","T","M","E","R","M","E","R","B"],"character_chosen":"THE_SILENT","items_purchased":[],"campfire_rested":3,"item_purchase_floors":[],"current_hp_per_floor":[57,57,57,53,33,52,30,49,49,40,36,55,43,43,43,0,0],"gold":171,"neow_bonus":"THREE_RARE_CARDS","is_daily":false,"chose_seed":false,"campfire_upgraded":1,"win_rate":0.0,"timestamp":1613748898,"path_taken":["M","?","M","M","?","R","E","R","T","M","E","R","M","E","R","BOSS"],"items_purchased_type":[],"build_version":"2020-12-22","purchased_purges":0,"victory":false,"max_hp_per_floor":[66,66,66,66,66,66,66,66,66,66,66,66,66,66,66,66,66],"relic_stats":{"Dream Catcher":0,"counters":[9,41],"Mummified Hand":[8],"obtain_stats":[{"Lantern":9,"Dream Catcher":14,"Mummified Hand":7,"Ring of the Snake":0},{"Lantern":4,"Dream Catcher":8,"Mummified Hand":4,"Ring of the Snake":0},{"Lantern":18,"Dream Catcher":30,"Mummified Hand":18,"Ring of the Snake":0}],"Ring of the Snake":[18]},"card_choices":[{"not_picked":["Storm of Steel","Grand Finale"],"picked":"Corpse Explosion","floor":0.0},{"not_picked":["Deflect","Tactician"],"picked":"Terror","floor":1.0},{"not_picked":["Dodge and Roll","Cloak And Dagger"],"picked":"Flying Knee","floor":3.0},{"not_picked":["Masterful Stab","Terror"],"picked":"Well Laid Plans","floor":4.0},{"not_picked":["Deadly Poison","Flechettes"],"picked":"Infinite Blades","floor":7.0},{"not_picked":["Riddle With Holes","Corpse Explosion","Dagger Spray"],"picked":"SKIP","floor":10.0},{"not_picked":["Predator","Outmaneuver"],"picked":"Eviscerate","floor":11.0},{"not_picked":["Backstab","Slice","Dagger Spray"],"picked":"SKIP","floor":13.0},{"not_picked":["Bullet Time","Infinite Blades"],"picked":"Dagger Throw","floor":14.0}],"player_experience":646715,"relics_obtained":[{"floor":7.0,"key":"Mummified Hand"},{"floor":9.0,"key":"Lantern"},{"floor":14.0,"key":"Dream Catcher"}],"event_choices":[{"damage_healed":0.0,"max_hp_gain":0.0,"max_hp_loss":0.0,"gold_gain":0.0,"event_name":"Living Wall","player_choice":"Grow","floor":2.0,"gold_loss":0.0,"damage_taken":0.0,"cards_upgraded":["Neutralize"]},{"damage_healed":0.0,"max_hp_gain":0.0,"max_hp_loss":0.0,"gold_gain":0.0,"event_name":"Shining Light","player_choice":"Entered Light","floor":5.0,"gold_loss":0.0,"damage_taken":20.0,"cards_upgraded":["Strike_G","Strike_G"]}],"is_beta":false,"boss_relics":[],"items_purged_floors":[],"is_endless":false,"potions_floor_spawned":[4,10,11],"killed_by":"The Guardian","ascension_level":20}}