{"host":"hbrjinenk1akq1dy","time":1613709067,"event":{"mods":["BaseMod","Colored Map","Colored Powertips","Highlight Path","Minty Spire (QoL Compilation)","Quick Restart","StSLib","SuperFastMode"],"gold_per_floor":[119,119,133,83,100,100,126,139,139,169,169,204,219,22,22,117,117,135,150,3,14,464,464,478,490,516,547,562,590,590,618,618,720,770,786,421,421,421],"floor_reached":37,"language":"ENG","playtime":2181,"items_purged":["Strike_R","Strike_R","Fire Breathing"],"score":680,"play_id":"449ade8e-6f59-4f41-9e6b-28d763793cd8","local_time":"20210219123107","is_ascension_mode":true,"campfire_choices":[{"data":"Spot Weakness","floor":6.0,"key":"SMITH"},{"floor":11.0,"key":"REST"},{"data":"Sword Boomerang","floor":15.0,"key":"SMITH"},{"data":"Limit Break","floor":23.0,"key":"SMITH"},{"data":"Brutality","floor":32,"key":"SMITH"}],"circlet_count":0,"master_deck":["Bash","Battle Trance","Spot Weakness+1","Hemokinesis","Sword Boomerang+1","Brutality+1","Spot Weakness","Limit Break+1","Warcry","Reaper","Searing Blow","Bloodletting","Bloodletting+1","Pummel","Shrug It Off","Ghostly Armor","Shrug It Off","Impervious","Berserk","Rupture"],"relics":["Burning Blood","Smiling Mask","Gremlin Horn","Toy Ornithopter","Oddly Smooth Stone","Boot","Happy Flower","Pandora\u0027s Box","Membership Card","Centennial Puzzle","Art of War","Regal Pillow","Enchiridion","Du-Vu Doll","Tiny House","Champion Belt","Ornamental Fan"],"acts_visited":["Exordium","TheCity","TheBeyond"],"potions_floor_usage":[33,37],"damage_taken":[{"damage":7.0,"enemies":"Jaw Worm","floor":1.0,"turns":3.0},{"damage":1.0,"enemies":"Cultist","floor":3.0,"turns":3.0},{"damage":0.0,"enemies":"Small Slimes","floor":5.0,"turns":3.0},{"damage":35.0,"enemies":"Lagavulin","floor":7.0,"turns":7.0},{"damage":8.0,"enemies":"Blue Slaver","floor":8.0,"turns":3.0},{"damage":34.0,"enemies":"Gremlin Nob","floor":10.0,"turns":4.0},{"damage":29.0,"enemies":"Lagavulin","floor":12.0,"turns":6.0},{"damage":10.0,"enemies":"Looter","floor":13.0,"turns":4.0},{"damage":9.0,"enemies":"Slime Boss","floor":16.0,"turns":6.0},{"damage":18.0,"enemies":"Chosen","floor":18.0,"turns":4.0},{"damage":20.0,"enemies":"3 Byrds","floor":19.0,"turns":3.0},{"damage":33.0,"enemies":"3 Cultists","floor":21.0,"turns":4.0},{"damage":19.0,"enemies":"Snecko","floor":24.0,"turns":3.0},{"damage":24.0,"enemies":"Centurion and Healer","floor":25.0,"turns":5.0},{"damage":27.0,"enemies":"Gremlin Leader","floor":27.0,"turns":4.0},{"damage":36.0,"enemies":"Snake Plant","floor":28.0,"turns":5.0},{"damage":10.0,"enemies":"Slavers","floor":29.0,"turns":6.0},{"damage":17,"enemies":"Gremlin Leader","floor":31,"turns":2},{"damage":44,"enemies":"Collector","floor":33,"turns":6},{"damage":7,"enemies":"Orb Walker","floor":35,"turns":3},{"damage":129,"enemies":"2 Orb Walkers","floor":37,"turns":7}],"seed_played":"-371694153003295847","potions_obtained":[{"floor":7.0,"key":"Explosive Potion"},{"floor":8.0,"key":"SpeedPotion"},{"floor":10.0,"key":"PowerPotion"},{"floor":16.0,"key":"SkillPotion"},{"floor":21.0,"key":"SkillPotion"},{"floor":25.0,"key":"FairyPotion"},{"floor":29.0,"key":"Dexterity Potion"},{"floor":31,"key":"Energy Potion"},{"floor":33,"key":"BlessingOfTheForge"},{"floor":34,"key":"Weak Potion"}],"is_trial":false,"path_per_floor":["M","?","M","$","M","R","E","M","T","E","R","E","M","$","R","B",null,"M","M","$","M","?","R","M","M","T","E","M","E","?","E","R","B",null,"M","$","?"],"character_chosen":"IRONCLAD","items_purchased":["Happy Flower","Membership Card","Champion Belt","Ornamental Fan","Rupture"],"campfire_rested":1,"item_purchase_floors":[14,20,36,36,36],"current_hp_per_floor":[87,87,88,88,88,88,59,57,57,29,55,32,28,28,28,25,72,66,67,67,82,36,36,34,48,48,48,70,88,72,80,80,47,83,93,93,0,0],"gold":421,"neow_bonus":"TEN_PERCENT_HP_BONUS","is_daily":false,"chose_seed":false,"campfire_upgraded":4,"win_rate":0.0,"timestamp":1613709067,"path_taken":["M","?","M","$","M","R","E","M","T","E","R","E","?","$","R","BOSS","M","M","$","M","?","R","?","M","T","E","M","E","?","E","R","BOSS","M","$","?"],"items_purchased_type":["Relic","Relic","Relic","Relic","Card"],"build_version":"2020-12-22","purchased_purges":3,"victory":false,"max_hp_per_floor":[88,88,88,88,88,88,88,88,88,88,88,88,88,88,88,88,88,88,88,88,88,88,88,88,88,88,88,88,88,88,88,88,88,93,93,93,93,93],"card_choices":[{"not_picked":["Heavy Blade","Rage"],"picked":"Ghostly Armor","floor":1.0},{"not_picked":["Twin Strike","Power Through"],"picked":"Battle Trance","floor":3.0},{"not_picked":["Fire Breathing","Warcry"],"picked":"Spot Weakness","floor":5.0},{"not_picked":["Clash","Clothesline"],"picked":"Hemokinesis","floor":7.0},{"not_picked":["Body Slam","Heavy Blade"],"picked":"Sword Boomerang","floor":8.0},{"not_picked":["Inflame","Pommel Strike"],"picked":"Brutality","floor":10.0},{"not_picked":["Flex","Pommel Strike","Heavy Blade"],"picked":"SKIP","floor":12.0},{"not_picked":["Battle Trance","Clash"],"picked":"Spot Weakness","floor":13.0},{"not_picked":["Juggernaut","Double Tap"],"picked":"Limit Break","floor":16.0},{"not_picked":["Burning Pact+1","Spot Weakness","Pommel Strike+1"],"picked":"SKIP","floor":18.0},{"not_picked":["Dark Embrace","Anger"],"picked":"Shrug It Off","floor":19.0},{"not_picked":["Power Through","Inflame"],"picked":"Ghostly Armor","floor":21.0},{"not_picked":["Headbutt","Clothesline+1"],"picked":"Shrug It Off","floor":24.0},{"not_picked":["Infernal Blade","Headbutt","Wild Strike"],"picked":"SKIP","floor":25.0},{"not_picked":["Heavy Blade","Evolve","Perfected Strike"],"picked":"SKIP","floor":27.0},{"not_picked":["Shrug It Off+1","Iron Wave+1"],"picked":"Impervious","floor":28.0},{"not_picked":["Cleave","Anger","Entrench"],"picked":"SKIP","floor":29.0},{"not_picked":["Evolve+1","Warcry","Headbutt"],"picked":"SKIP","floor":31},{"not_picked":["Impervious","Feed"],"picked":"Berserk","floor":33},{"not_picked":["Wild Strike","Power Through+1","Pommel Strike"],"picked":"SKIP","floor":35}],"player_experience":214764,"relics_obtained":[{"floor":7.0,"key":"Gremlin Horn"},{"floor":9.0,"key":"Toy Ornithopter"},{"floor":10.0,"key":"Oddly Smooth Stone"},{"floor":12.0,"key":"Boot"},{"floor":26.0,"key":"Centennial Puzzle"},{"floor":27.0,"key":"Art of War"},{"floor":29.0,"key":"Regal Pillow"},{"floor":30.0,"key":"Enchiridion"},{"floor":31,"key":"Du-Vu Doll"}],"event_choices":[{"cards_removed":["Ghostly Armor"],"damage_healed":0.0,"max_hp_gain":0.0,"max_hp_loss":0.0,"gold_gain":0.0,"event_name":"WeMeetAgain","player_choice":"Gave Card","floor":2.0,"gold_loss":0.0,"damage_taken":0.0,"relics_obtained":["Smiling Mask"]},{"damage_healed":0.0,"max_hp_gain":0.0,"max_hp_loss":0.0,"gold_gain":450.0,"event_name":"Knowing Skull","player_choice":"GOLD GOLD GOLD GOLD GOLD ","floor":22.0,"potions_obtained":[],"gold_loss":0.0,"damage_taken":46.0,"cards_obtained":[]},{"damage_healed":0.0,"max_hp_gain":0.0,"max_hp_loss":0.0,"gold_gain":0.0,"event_name":"Cursed Tome","player_choice":"Obtained Book","floor":30.0,"gold_loss":0.0,"damage_taken":16.0},{"damage_healed":0,"gold_gain":0,"player_choice":"Fight","damage_taken":0,"max_hp_gain":0,"max_hp_loss":0,"event_name":"Mysterious Sphere","floor":37,"gold_loss":0}],"is_beta":false,"boss_relics":[{"not_picked":["Runic Dome","Busted Crown"],"picked":"Pandora\u0027s Box"},{"not_picked":["Snecko Eye","Black Star"],"picked":"Tiny House"}],"items_purged_floors":[4,14,36],"is_endless":false,"potions_floor_spawned":[7,8,10,12,16,21,25,29,31,33],"killed_by":"2 Orb Walkers","ascension_level":5}}