{"host":"1focbxb2e8qu7ccd","time":1613771854,"event":{"mods":["AchievementEnabler","BaseMod","Bestiary","Highlight Path","Minty Spire (QoL Compilation)","Relic Stats"],"gold_per_floor":[116,116,16,16,35,62,62,91,91,103,103,130,31,51,51,122,122,138,53,53,64,77,77,277,277,277,277,306,323,350,56,56,56,56],"floor_reached":33,"language":"ENG","playtime":2028,"items_purged":["Strike_G","Strike_G"],"score":652,"play_id":"34c960ca-01a4-429f-96d1-fdf991d994b1","local_time":"20210219165734","is_ascension_mode":true,"campfire_choices":[{"data":"Blade Dance","floor":7.0,"key":"SMITH"},{"data":"Neutralize","floor":11.0,"key":"SMITH"},{"data":"Survivor","floor":15.0,"key":"SMITH"},{"floor":23.0,"key":"REST"},{"data":"Wraith Form v2","floor":25.0,"key":"SMITH"},{"floor":32.0,"key":"REST"}],"circlet_count":0,"master_deck":["AscendersBane","Strike_G+1","Strike_G+1","Strike_G","Defend_G","Defend_G","Defend_G","Defend_G","Defend_G","Survivor+1","Neutralize+1","Blade Dance+1","Dash+1","Deflect+1","Endless Agony","Crippling Poison+1","Catalyst+1","Outmaneuver+1","Cloak And Dagger+1","Blade Dance+1","Wraith Form v2+1","Escape Plan+1","Prepared+1","Prepared+1","Footwork","Wraith Form v2+1"],"relics":["Ring of the Snake","NeowsBlessing","Toxic Egg 2","Art of War","Oddly Smooth Stone","Blood Vial","Sozu","Juzu Bracelet","Paper Crane","PreservedInsect","Blue Candle","DollysMirror"],"acts_visited":["Exordium","TheCity"],"potions_floor_usage":[],"damage_taken":[{"damage":0.0,"enemies":"Jaw Worm","floor":1.0,"turns":1.0},{"damage":0.0,"enemies":"2 Louse","floor":5.0,"turns":1.0},{"damage":0.0,"enemies":"Gremlin Nob","floor":6.0,"turns":1.0},{"damage":12.0,"enemies":"Lagavulin","floor":8.0,"turns":6.0},{"damage":0.0,"enemies":"Cultist","floor":10.0,"turns":3.0},{"damage":24.0,"enemies":"Gremlin Nob","floor":12.0,"turns":4.0},{"damage":0.0,"enemies":"3 Louse","floor":14.0,"turns":2.0},{"damage":28.0,"enemies":"Slime Boss","floor":16.0,"turns":9.0},{"damage":13.0,"enemies":"Shell Parasite","floor":18.0,"turns":5.0},{"damage":0.0,"enemies":"Chosen","floor":21.0,"turns":5.0},{"damage":40.0,"enemies":"Snecko","floor":22.0,"turns":7.0},{"damage":2.0,"enemies":"Gremlin Leader","floor":28.0,"turns":6.0},{"damage":15.0,"enemies":"Sentry and Sphere","floor":29.0,"turns":8.0},{"damage":7.0,"enemies":"Book of Stabbing","floor":30.0,"turns":5.0},{"damage":35,"enemies":"Collector","floor":33,"turns":13}],"seed_played":"-705576050100306045","potions_obtained":[{"floor":1.0,"key":"ColorlessPotion"},{"floor":5.0,"key":"EntropicBrew"},{"floor":8.0,"key":"FairyPotion"}],"is_trial":false,"path_per_floor":["M","?","$","?","M","E","R","E","T","M","R","E","$","M","R","B",null,"M","?","?","M","M","R","?","R","T","?","E","M","E","$","R","B"],"character_chosen":"THE_SILENT","items_purchased":["Dash","Deflect","Cloak And Dagger+1","Footwork","DollysMirror"],"campfire_rested":2,"item_purchase_floors":[3,3,13,31,31],"current_hp_per_floor":[59,39,39,39,39,39,39,27,27,27,27,3,3,5,5,19,54,43,43,43,45,7,26,26,26,26,26,26,13,8,8,27,0,0],"gold":56,"neow_bonus":"THREE_ENEMY_KILL","is_daily":false,"chose_seed":false,"campfire_upgraded":4,"win_rate":0.0,"timestamp":1613771854,"path_taken":["M","?","$","?","M","E","R","E","T","M","R","E","$","M","R","BOSS","M","?","?","M","M","R","?","R","T","?","E","M","E","?","R","BOSS"],"items_purchased_type":["Card","Card","Card","Card","Relic"],"build_version":"2020-12-22","purchased_purges":2,"victory":false,"max_hp_per_floor":[66,66,66,66,66,66,66,66,66,66,66,66,66,66,66,66,66,66,66,66,66,66,66,66,66,66,66,66,66,66,66,66,66,66],"relic_stats":{"Blood Vial":18,"Sozu":3,"counters":[15,76],"Blue Candle":[0],"PreservedInsect":43,"Art of War":[3],"Juzu Bracelet":1,"obtain_stats":[{"Blood Vial":12,"Sozu":17,"NeowsBlessing":0,"DollysMirror":31,"Blue Candle":30,"Oddly Smooth Stone":9,"PreservedInsect":28,"Art of War":8,"Juzu Bracelet":19,"Toxic Egg 2":6,"Paper Crane":26,"Ring of the Snake":0},{"Blood Vial":6,"Sozu":8,"NeowsBlessing":0,"DollysMirror":14,"Blue Candle":14,"Oddly Smooth Stone":4,"PreservedInsect":12,"Art of War":4,"Juzu Bracelet":9,"Toxic Egg 2":3,"Paper Crane":11,"Ring of the Snake":0},{"Blood Vial":16,"Sozu":27,"NeowsBlessing":0,"DollysMirror":63,"Blue Candle":63,"Oddly Smooth Stone":9,"PreservedInsect":50,"Art of War":9,"Juzu Bracelet":32,"Toxic Egg 2":3,"Paper Crane":44,"Ring of the Snake":0}],"Ring of the Snake":[31]},"card_choices":[{"not_picked":["Endless Agony","Flechettes"],"picked":"Blade Dance","floor":1.0},{"not_picked":["Predator","Quick Slash"],"picked":"Endless Agony","floor":5.0},{"not_picked":["Poisoned Stab","Dagger Throw"],"picked":"Crippling Poison+1","floor":6.0},{"not_picked":["Expertise+1","Quick Slash","Poisoned Stab"],"picked":"SKIP","floor":8.0},{"not_picked":["Doppelganger+1","Dagger Throw"],"picked":"Catalyst+1","floor":10.0},{"not_picked":["Backstab","Finisher"],"picked":"Outmaneuver+1","floor":12.0},{"not_picked":["Dagger Throw","Dash"],"picked":"Blade Dance+1","floor":14.0},{"not_picked":["Die Die Die","Grand Finale"],"picked":"Wraith Form v2","floor":16.0},{"not_picked":["Heel Hook","Backflip+1"],"picked":"Escape Plan+1","floor":18.0},{"not_picked":["Quick Slash","Slice"],"picked":"Prepared+1","floor":21.0},{"not_picked":["Poisoned Stab+1","Noxious Fumes+1","Choke"],"picked":"SKIP","floor":22.0},{"not_picked":["Bane","Caltrops+1","Bullet Time+1"],"picked":"SKIP","floor":28.0},{"not_picked":["Noxious Fumes","Quick Slash","Caltrops"],"picked":"SKIP","floor":29.0},{"not_picked":["Bullet Time+1","Setup+1","Bane"],"picked":"SKIP","floor":30.0}],"player_experience":1028658,"relics_obtained":[{"floor":6.0,"key":"Toxic Egg 2"},{"floor":8.0,"key":"Art of War"},{"floor":9.0,"key":"Oddly Smooth Stone"},{"floor":12.0,"key":"Blood Vial"},{"floor":26.0,"key":"Paper Crane"},{"floor":28.0,"key":"PreservedInsect"},{"floor":30.0,"key":"Blue Candle"}],"event_choices":[{"damage_healed":0.0,"max_hp_gain":0.0,"max_hp_loss":0.0,"gold_gain":0.0,"event_name":"Shining Light","player_choice":"Entered Light","floor":2.0,"gold_loss":0.0,"damage_taken":20.0,"cards_upgraded":["Strike_G","Strike_G"]},{"damage_healed":0.0,"max_hp_gain":0.0,"max_hp_loss":0.0,"gold_gain":0.0,"event_name":"Upgrade Shrine","player_choice":"Upgraded","floor":4.0,"gold_loss":0.0,"damage_taken":0.0,"cards_upgraded":["Dash"]},{"damage_healed":0.0,"max_hp_gain":0.0,"max_hp_loss":0.0,"gold_gain":0.0,"event_name":"Addict","player_choice":"Obtained Relic","floor":19.0,"gold_loss":85.0,"damage_taken":0.0,"relics_obtained":["Juzu Bracelet"]},{"damage_healed":0.0,"max_hp_gain":0.0,"max_hp_loss":0.0,"gold_gain":0.0,"event_name":"The Library","player_choice":"Read","floor":20.0,"gold_loss":0.0,"damage_taken":0.0,"cards_obtained":["Prepared"]},{"damage_healed":0.0,"max_hp_gain":0.0,"max_hp_loss":0.0,"gold_gain":200.0,"event_name":"Wheel of Change","player_choice":"Gold","floor":24.0,"gold_loss":0.0,"damage_taken":0.0},{"damage_healed":0.0,"max_hp_gain":0.0,"max_hp_loss":0.0,"gold_gain":0.0,"event_name":"Accursed Blacksmith","player_choice":"Forge","floor":27.0,"gold_loss":0.0,"damage_taken":0.0,"cards_upgraded":["Deflect"]}],"is_beta":false,"boss_relics":[{"not_picked":["Velvet Choker","Busted Crown"],"picked":"Sozu"}],"items_purged_floors":[13,31],"is_endless":false,"potions_floor_spawned":[1,5,8,12,14,22,28,29],"killed_by":"Collector","ascension_level":20}}