{"host":"ow66nzv2xecjoor3","time":1613703022,"event":{"mods":["BaseMod","Bestiary","Block Reminder","Colored Powertips","Curses Come First","Highlight Path","Keyboard Shortcuts","Minty Spire (QoL Compilation)","Permanent Neow","Relic Stats","StSLib","UnlockEverythingMod"],"gold_per_floor":[367,81,81,81,98,98,108,136,136,156,156,183,200,13,13,87,87,97,44,44,44,76,88,129,141,199,230,267,279,39,64,64,143,143,153,165,185,197,117,152,169,194,194,194,206,206,237,237,237,237,237],"floor_reached":50,"language":"ENG","playtime":2547,"items_purged":["Normality","Strike_G"],"score":1421,"play_id":"573364d9-fc81-4ff2-a79f-e79dba68dee6","local_time":"20210218205022","is_ascension_mode":true,"campfire_choices":[{"data":"Masterful Stab","floor":6.0,"key":"SMITH"},{"data":"Footwork","floor":11.0,"key":"SMITH"},{"floor":15.0,"key":"REST"},{"data":"Caltrops","floor":23.0,"key":"SMITH"},{"data":"Corpse Explosion","floor":25.0,"key":"SMITH"},{"data":"Calculated Gamble","floor":32.0,"key":"SMITH"},{"floor":46,"key":"REST"},{"floor":49,"key":"RECALL"}],"circlet_count":0,"master_deck":["AscendersBane","Strike_G+1","Strike_G+1","Strike_G+1","Defend_G+1","Defend_G+1","Defend_G+1","Defend_G+1","Defend_G+1","Survivor","Neutralize","Crippling Poison+1","Leg Sweep","Footwork+1","Poisoned Stab","Dodge and Roll","Backflip","Blade Dance","Dodge and Roll","Caltrops+1","Malaise","Flechettes","Footwork","Corpse Explosion+1","Dash","Calculated Gamble+1","Backflip","Crippling Poison+1","Bouncing Flask+1","Blur","Footwork","Leg Sweep","Bouncing Flask","Parasite"],"relics":["Ring of the Snake","Orrery","Ginger","Pocketwatch","Mummified Hand","Snecko Eye","MawBank","Snake Skull","PreservedInsect","Lee\u0027s Waffle","Akabeko","Cursed Key","Anchor","HornCleat","Blood Vial"],"acts_visited":["Exordium","TheCity","TheBeyond"],"potions_floor_usage":[],"damage_taken":[{"damage":10.0,"enemies":"2 Louse","floor":1.0,"turns":5.0},{"damage":0.0,"enemies":"Small Slimes","floor":5.0,"turns":2.0},{"damage":0.0,"enemies":"Cultist","floor":7.0,"turns":2.0},{"damage":15.0,"enemies":"3 Sentries","floor":8.0,"turns":9.0},{"damage":5.0,"enemies":"3 Louse","floor":10.0,"turns":4.0},{"damage":25.0,"enemies":"Gremlin Nob","floor":12.0,"turns":4.0},{"damage":0.0,"enemies":"Red Slaver","floor":13.0,"turns":5.0},{"damage":20.0,"enemies":"Hexaghost","floor":16.0,"turns":12.0},{"damage":16.0,"enemies":"2 Thieves","floor":18.0,"turns":3.0},{"damage":0.0,"enemies":"Shell Parasite","floor":22.0,"turns":7.0},{"damage":0.0,"enemies":"Book of Stabbing","floor":24.0,"turns":7.0},{"damage":0.0,"enemies":"Snake Plant","floor":27.0,"turns":3.0},{"damage":20.0,"enemies":"Slavers","floor":28.0,"turns":3.0},{"damage":2.0,"enemies":"Gremlin Leader","floor":31.0,"turns":5.0},{"damage":31.0,"enemies":"Collector","floor":33.0,"turns":13.0},{"damage":5.0,"enemies":"3 Darklings","floor":35.0,"turns":3.0},{"damage":0.0,"enemies":"Orb Walker","floor":36.0,"turns":3.0},{"damage":5.0,"enemies":"Spire Growth","floor":37.0,"turns":6.0},{"damage":0.0,"enemies":"3 Darklings","floor":38.0,"turns":2.0},{"damage":0.0,"enemies":"Giant Head","floor":40.0,"turns":9.0},{"damage":0.0,"enemies":"Maw","floor":41.0,"turns":7.0},{"damage":53.0,"enemies":"Reptomancer","floor":42.0,"turns":5.0},{"damage":0,"enemies":"Writhing Mass","floor":45,"turns":8},{"damage":0,"enemies":"Nemesis","floor":47,"turns":7},{"damage":24,"enemies":"Time Eater","floor":50,"turns":14}],"seed_played":"-3289276280210382045","potions_obtained":[{"floor":1.0,"key":"Poison Potion"},{"floor":4.0,"key":"LiquidBronze"},{"floor":4.0,"key":"BlessingOfTheForge"},{"floor":7.0,"key":"FearPotion"},{"floor":12.0,"key":"DuplicationPotion"},{"floor":24.0,"key":"Explosive Potion"},{"floor":33.0,"key":"Strength Potion"},{"floor":36.0,"key":"Dexterity Potion"}],"is_trial":false,"path_per_floor":["M","$","?","?","M","R","M","E","T","M","R","E","M","$","R","B",null,"M","$","?","?","M","R","E","R","T","M","E","?","$","E","R","B",null,"M","M","M","M","$","E","M","E","T","?","M","R","E","?","R","B"],"character_chosen":"THE_SILENT","items_purchased":["Orrery","Masterful Stab","Footwork","SkillPotion","Lee\u0027s Waffle","Calculated Gamble","Footwork"],"campfire_rested":2,"item_purchase_floors":[2,2,14,19,30,30,39],"current_hp_per_floor":[49,49,49,49,49,49,49,34,34,29,29,4,4,4,23,3,50,34,34,34,34,34,34,34,34,34,34,14,14,73,71,71,40,65,60,60,55,55,55,55,55,2,2,2,2,22,22,22,22,0,0],"gold":237,"neow_bonus":"TWO_FIFTY_GOLD","is_daily":false,"chose_seed":false,"campfire_upgraded":5,"win_rate":0.0,"timestamp":1613703022,"path_taken":["M","$","?","?","M","R","M","E","T","M","R","E","M","$","R","BOSS","M","$","?","?","?","R","E","R","T","M","E","?","$","E","R","BOSS","M","M","M","M","$","E","M","E","T","?","M","R","E","?","R","BOSS"],"items_purchased_type":["Relic","Card","Card","Potion","Relic","Card","Card"],"build_version":"2020-12-22","purchased_purges":2,"victory":false,"max_hp_per_floor":[66,66,66,66,66,66,66,66,66,66,66,66,66,66,66,66,66,66,66,66,66,66,66,66,66,66,66,66,66,73,73,73,73,73,73,73,73,73,73,73,73,73,73,69,69,69,69,69,69,69,69],"relic_stats":{"Lee\u0027s Waffle":59,"counters":[25,148],"Snake Skull":[123],"PreservedInsect":319,"Ginger":[23],"MawBank":108,"Cursed Key":0,"Blood Vial":2,"Mummified Hand":[112],"Snecko Eye":[245,261,249,238],"obtain_stats":[{"Lee\u0027s Waffle":30,"Snake Skull":24,"PreservedInsect":28,"Ginger":8,"MawBank":21,"Cursed Key":34,"Akabeko":31,"Blood Vial":47,"Anchor":40,"HornCleat":42,"Mummified Hand":12,"Orrery":2,"Snecko Eye":17,"Ring of the Snake":0,"Pocketwatch":9},{"Lee\u0027s Waffle":13,"Snake Skull":11,"PreservedInsect":13,"Ginger":4,"MawBank":9,"Cursed Key":15,"Akabeko":14,"Blood Vial":24,"Anchor":20,"HornCleat":22,"Mummified Hand":6,"Orrery":1,"Snecko Eye":8,"Ring of the Snake":0,"Pocketwatch":4},{"Lee\u0027s Waffle":66,"Snake Skull":60,"PreservedInsect":66,"Ginger":18,"MawBank":46,"Cursed Key":84,"Akabeko":71,"Blood Vial":134,"Anchor":107,"HornCleat":119,"Mummified Hand":26,"Orrery":5,"Snecko Eye":43,"Ring of the Snake":0,"Pocketwatch":18}],"Ring of the Snake":[50],"Pocketwatch":[228]},"card_choices":[{"not_picked":["Setup","Flying Knee"],"picked":"Crippling Poison","floor":1.0},{"not_picked":["Deflect","Flechettes"],"picked":"Leg Sweep","floor":2.0},{"not_picked":["Slice","Prepared"],"picked":"Footwork","floor":2.0},{"not_picked":["Slice","Dodge and Roll"],"picked":"Poisoned Stab","floor":2.0},{"not_picked":["Cloak And Dagger","Choke"],"picked":"Dodge and Roll","floor":2.0},{"not_picked":["Outmaneuver","Well Laid Plans"],"picked":"Backflip","floor":5.0},{"not_picked":["Deadly Poison","Backflip"],"picked":"Blade Dance","floor":7.0},{"not_picked":["Backflip","Caltrops"],"picked":"Dodge and Roll","floor":8.0},{"not_picked":["Infinite Blades","Predator"],"picked":"Caltrops","floor":10.0},{"not_picked":["Choke","Dodge and Roll"],"picked":"Malaise","floor":12.0},{"not_picked":["Choke","Predator"],"picked":"Flechettes","floor":13.0},{"not_picked":["Unload","Storm of Steel"],"picked":"Corpse Explosion","floor":16.0},{"not_picked":["Sucker Punch","Flying Knee","Slice"],"picked":"SKIP","floor":18.0},{"not_picked":["Underhanded Strike","Escape Plan","Dagger Throw"],"picked":"SKIP","floor":22.0},{"not_picked":["Quick Slash","Poisoned Stab","Phantasmal Killer"],"picked":"SKIP","floor":24.0},{"not_picked":["Outmaneuver","Prepared","Flying Knee"],"picked":"SKIP","floor":27.0},{"not_picked":["Backstab","Sucker Punch","Eviscerate"],"picked":"SKIP","floor":28.0},{"not_picked":["Die Die Die","Sucker Punch"],"picked":"Backflip","floor":31.0},{"not_picked":["Backstab","Terror+1","Bane"],"picked":"SKIP","floor":35.0},{"not_picked":["Quick Slash","Choke"],"picked":"Crippling Poison+1","floor":36.0},{"not_picked":["Quick Slash","PiercingWail"],"picked":"Bouncing Flask+1","floor":37.0},{"not_picked":["PiercingWail","Blade Dance+1"],"picked":"Blur","floor":38.0},{"not_picked":["Concentrate","Acrobatics+1"],"picked":"Leg Sweep","floor":40.0},{"not_picked":["Poisoned Stab","Grand Finale"],"picked":"Bouncing Flask","floor":41.0},{"not_picked":["Deadly Poison","Poisoned Stab+1","Distraction"],"picked":"SKIP","floor":42.0},{"not_picked":["Blade Dance","Quick Slash","Masterful Stab"],"picked":"SKIP","floor":45},{"not_picked":["Cloak And Dagger+1","Dagger Throw","Deadly Poison"],"picked":"SKIP","floor":47}],"player_experience":2887263,"relics_obtained":[{"floor":8.0,"key":"Ginger"},{"floor":9.0,"key":"Pocketwatch"},{"floor":12.0,"key":"Mummified Hand"},{"floor":24.0,"key":"Snake Skull"},{"floor":28.0,"key":"PreservedInsect"},{"floor":31.0,"key":"Akabeko"},{"floor":40.0,"key":"Anchor"},{"floor":42.0,"key":"HornCleat"},{"floor":47,"key":"Blood Vial"}],"event_choices":[{"damage_healed":0.0,"max_hp_gain":0.0,"max_hp_loss":0.0,"gold_gain":0.0,"event_name":"Living Wall","player_choice":"Grow","floor":3.0,"gold_loss":0.0,"damage_taken":0.0,"cards_upgraded":["Crippling Poison"]},{"damage_healed":0.0,"max_hp_gain":0.0,"max_hp_loss":0.0,"gold_gain":0.0,"event_name":"Lab","player_choice":"Got Potions","floor":4.0,"gold_loss":0.0,"damage_taken":0.0},{"damage_healed":0.0,"max_hp_gain":0.0,"max_hp_loss":0.0,"gold_gain":0.0,"event_name":"The Library","player_choice":"Read","floor":20.0,"gold_loss":0.0,"damage_taken":0.0,"cards_obtained":["Dash"]},{"cards_removed":["Masterful Stab"],"damage_healed":0.0,"max_hp_gain":0.0,"max_hp_loss":0.0,"gold_gain":0.0,"event_name":"WeMeetAgain","player_choice":"Gave Card","floor":21.0,"gold_loss":0.0,"damage_taken":0.0,"relics_obtained":["MawBank"]},{"damage_healed":0.0,"max_hp_gain":0.0,"max_hp_loss":0.0,"gold_gain":0.0,"event_name":"Back to Basics","player_choice":"Simplicity","floor":29.0,"gold_loss":0.0,"damage_taken":0.0,"cards_upgraded":["Strike_G","Strike_G","Strike_G","Strike_G","Defend_G","Defend_G","Defend_G","Defend_G","Defend_G"]},{"damage_healed":0.0,"max_hp_gain":0.0,"max_hp_loss":4.0,"gold_gain":0.0,"event_name":"Winding Halls","player_choice":"Max HP","floor":44.0,"gold_loss":0.0,"damage_taken":0.0},{"cards_removed":["Strike_G"],"damage_healed":0,"gold_gain":0,"player_choice":"Removed Attack","damage_taken":0,"max_hp_gain":0,"max_hp_loss":0,"event_name":"Falling","floor":48,"gold_loss":0}],"is_beta":false,"boss_relics":[{"not_picked":["Ectoplasm","Fusion Hammer"],"picked":"Snecko Eye"},{"not_picked":["Runic Dome","Velvet Choker"],"picked":"Cursed Key"}],"items_purged_floors":[2,14],"is_endless":false,"potions_floor_spawned":[1,5,7,12,24,33,36,41,45],"killed_by":"Time Eater","ascension_level":20}}