{"host":"tod","time":1613740810,"event":{"mods":["ATMod(∞¢Ë™Mod)","AchievementEnabler","Act Like it!","BaseMod","CapriCore","Energized Spire","Highlight Path","Lobotomy","Marisa£®ÏF”Í°°ƒß¿Ì…≥£©","Minty Spire (QoL Compilation)","Quick Restart","Reimu£®≤©¿ˆ¡È√Œ£©","Relic Filter Mod","Relic Stats","Remilia£®¿Ÿ√◊¿Ú—«£©","Replay The Spire","Shop Mod","StSLib","The Cursed","The Immortal","Yakumo Yukari mod","Youmu£®ªÍ∆«—˝√Œ£©"],"gold_per_floor":[113,132,151,166,166,199,224,224,224,257,257,257,193,211,211,301,301,316,95,109,130,155,155,193,193,193,231,275,275,275,289,289,378,378,397,730,741,741,963,992,992,1007,1031,650,666,666,120,140,140,140,140,140,140,140,65,94,94,94],"floor_reached":57,"language":"ZHS","playtime":1162,"items_purged":["Strike_R","Corruption+1","Defend_R","Defend_R"],"score":2489,"play_id":"d0ce4402-fea9-4f44-8c24-5355f7bf05d2","local_time":"20210219212010","is_ascension_mode":true,"campfire_choices":[{"floor":8.0,"key":"REST"},{"data":"Sword Boomerang","floor":15.0,"key":"SMITH"},{"data":"Sword Boomerang","floor":23.0,"key":"SMITH"},{"data":"Pummel","floor":25.0,"key":"SMITH"},{"floor":30.0,"key":"REST"},{"floor":32.0,"key":"RECALL"},{"data":"Corruption","floor":41.0,"key":"SMITH"},{"data":"Replay:Undeath\u0027s Touch","floor":46.0,"key":"SMITH"},{"data":"Replay:Undeath\u0027s Touch","floor":49.0,"key":"SMITH"},{"data":"AT_CaressingTears","floor":54,"key":"SMITH"}],"circlet_count":0,"master_deck":["AscendersBane","Strike_R","Strike_R","Strike_R","Strike_R","Defend_R","Defend_R","Bash","AT_OneInchPunch","AT_EmpoweredMortalDraw","Cleave","Twin Strike","Sword Boomerang+1","Replay:Undeath\u0027s Touch+1","Sword Boomerang+1","ReplayTheSpireMod:Limb From Limb+1","Pummel+1","Twin Strike","Replay:Undeath\u0027s Touch+1","Carnage","AT_CaressingTears+1","ReplayTheSpireMod:Limb From Limb","AT_BreakingExtremeWeapon"],"relics":["AT_ATBox","AT_MortalBlade","Ginger","Mastiff:ReiMu","Akabeko","Onion Ring","AT_TrinityForce","Replay:Bottled Flurry","Bronze Scales","Red Mask","energizedSpire:StickyHand","Replay:Mystery Machine","Juzu Bracelet","Membership Card","MealTicket","Bag of Marbles","Replay:Rubber Ducky","AT_RabadonDeathcap","Cauldron","AT_GoldPhoenixTree"],"acts_visited":["Exordium","TheCity","TheBeyond","TheEnding"],"potions_floor_usage":[50],"damage_taken":[{"damage":2.0,"enemies":"Jaw Worm","floor":1.0,"turns":2.0},{"damage":0.0,"enemies":"Small Slimes","floor":2.0,"turns":1.0},{"damage":0.0,"enemies":"2 Louse","floor":3.0,"turns":1.0},{"damage":0.0,"enemies":"Large Slime","floor":4.0,"turns":2.0},{"damage":0.0,"enemies":"Gremlin Nob","floor":6.0,"turns":2.0},{"damage":3.0,"enemies":"Blue Slaver","floor":7.0,"turns":2.0},{"damage":0.0,"enemies":"3 Sentries","floor":10.0,"turns":1.0},{"damage":0.0,"enemies":"Gremlin Gang","floor":14.0,"turns":1.0},{"damage":42.0,"enemies":"Hexaghost","floor":16.0,"turns":4.0},{"damage":0.0,"enemies":"Shell Parasite","floor":18.0,"turns":1.0},{"damage":0.0,"enemies":"2 Thieves","floor":20.0,"turns":1.0},{"damage":0.0,"enemies":"Snecko","floor":21.0,"turns":1.0},{"damage":6.0,"enemies":"Chosen and Byrds","floor":22.0,"turns":2.0},{"damage":14.0,"enemies":"Book of Stabbing","floor":24.0,"turns":2.0},{"damage":0.0,"enemies":"Slavers","floor":27.0,"turns":1.0},{"damage":12.0,"enemies":"Masked Bandits","floor":28.0,"turns":2.0},{"damage":0.0,"enemies":"Centurion and Healer","floor":31.0,"turns":1.0},{"damage":32.0,"enemies":"Automaton","floor":33.0,"turns":4.0},{"damage":10.0,"enemies":"3 Shapes","floor":35.0,"turns":1.0},{"damage":0.0,"enemies":"3 Darklings","floor":37.0,"turns":1.0},{"damage":3.0,"enemies":"Giant Head","floor":40.0,"turns":4.0},{"damage":3.0,"enemies":"4 Shapes","floor":42.0,"turns":3.0},{"damage":0.0,"enemies":"Spire Growth","floor":45.0,"turns":1.0},{"damage":0.0,"enemies":"Writhing Mass","floor":48.0,"turns":1.0},{"damage":45,"enemies":"Donu and Deca","floor":50,"turns":3},{"damage":24,"enemies":"Replay:Hell Engine","floor":51,"turns":4},{"damage":8,"enemies":"Shield and Spear","floor":56,"turns":3},{"damage":74,"enemies":"The Heart","floor":57,"turns":2}],"seed_played":"-2268220206530159321","potions_obtained":[{"floor":4.0,"key":"SmokeBomb"},{"floor":6.0,"key":"Fire Potion"},{"floor":21.0,"key":"FearPotion"},{"floor":33.0,"key":"PowerPotion"},{"floor":45.0,"key":"Weak Potion"},{"floor":47.0,"key":"Strength Potion"}],"is_trial":false,"path_per_floor":["M","M","M","M","?","E","M","R","T","E","?","T","$","M","R","B",null,"M","$","M","M","M","R","E","R","T","E","?","?","R","M","R","B",null,"M","?","M","?","?","E","R","M","T","$","M","R","$","M","R","B","B",null,null,"R","$","E","B"],"character_chosen":"IRONCLAD","items_purchased":["ReplayTheSpireMod:Limb From Limb+1","Pummel","Twin Strike","Membership Card","MealTicket","Bag of Marbles","Replay:Rubber Ducky","AT_RabadonDeathcap","AT_BreakingExtremeWeapon","Cauldron","FairyPotion"],"campfire_rested":2,"item_purchase_floors":[13,19,19,44,44,44,47,47,47,47,47],"current_hp_per_floor":[66,66,66,66,40,40,37,59,59,59,64,64,64,64,64,22,66,66,66,66,66,60,60,46,46,46,46,34,34,58,58,58,26,67,57,57,57,57,57,54,54,51,51,51,51,51,66,66,66,21,24,24,66,66,80,72,0,0],"gold":94,"neow_bonus":"BOSS_RELIC","is_daily":false,"chose_seed":false,"campfire_upgraded":7,"win_rate":0.0,"timestamp":1613740810,"path_taken":["M","M","M","M","?","E","M","R","T","E","?","?","$","M","R","BOSS","M","$","M","M","M","R","E","R","T","E","?","?","R","M","R","BOSS","M","?","M","?","?","E","R","M","T","$","M","R","$","M","R","BOSS","BOSS","R","$","E","BOSS"],"items_purchased_type":["Card","Card","Card","Relic","Relic","Relic","Relic","Relic","Card","Relic","Potion"],"build_version":"2020-12-18","purchased_purges":4,"victory":false,"max_hp_per_floor":[75,75,75,75,75,75,75,75,75,75,80,80,80,80,80,80,80,80,80,80,80,80,80,80,80,80,80,80,80,80,80,80,80,80,80,80,80,80,80,80,80,80,80,80,80,80,80,80,80,80,80,80,80,80,80,80,80,80],"relic_stats":{"counters":[28,54],"Bronze Scales":[69],"MealTicket":29,"Juzu Bracelet":0,"Ginger":[6],"obtain_stats":[{"AT_RabadonDeathcap":47,"AT_ATBox":0,"Golden Idol":5,"AT_MortalBlade":0,"AT_GoldPhoenixTree":56,"Juzu Bracelet":43,"Ginger":6,"energizedSpire:StickyHand":34,"Replay:Mystery Machine":40,"Burning Blood":0,"Akabeko":10,"Replay:Rubber Ducky":47,"Cauldron":47,"Mastiff:ReiMu":9,"Bronze Scales":27,"AT_TrinityForce":17,"Onion Ring":12,"MealTicket":44,"Replay:Bottled Flurry":24,"Red Mask":28,"Bag of Marbles":44,"Membership Card":44},{"AT_RabadonDeathcap":23,"AT_ATBox":0,"Golden Idol":4,"AT_MortalBlade":0,"AT_GoldPhoenixTree":27,"Juzu Bracelet":22,"Ginger":5,"energizedSpire:StickyHand":18,"Replay:Mystery Machine":21,"Burning Blood":0,"Akabeko":7,"Replay:Rubber Ducky":23,"Cauldron":23,"Mastiff:ReiMu":6,"Bronze Scales":15,"AT_TrinityForce":9,"Onion Ring":7,"MealTicket":22,"Replay:Bottled Flurry":14,"Red Mask":16,"Bag of Marbles":22,"Membership Card":22},{"AT_RabadonDeathcap":41,"AT_ATBox":0,"Golden Idol":6,"AT_MortalBlade":0,"AT_GoldPhoenixTree":52,"Juzu Bracelet":40,"Ginger":8,"energizedSpire:StickyHand":31,"Replay:Mystery Machine":37,"Burning Blood":0,"Akabeko":11,"Replay:Rubber Ducky":41,"Cauldron":41,"Mastiff:ReiMu":10,"Bronze Scales":24,"AT_TrinityForce":16,"Onion Ring":11,"MealTicket":40,"Replay:Bottled Flurry":23,"Red Mask":26,"Bag of Marbles":40,"Membership Card":40}]},"card_choices":[{"not_picked":["Flex","Replay:Undeath\u0027s Touch"],"picked":"Cleave","floor":1.0},{"not_picked":["Hemokinesis","Burning Pact"],"picked":"Twin Strike","floor":2.0},{"not_picked":["ReplayTheSpireMod:Strike From Hell","Thunderclap"],"picked":"Sword Boomerang","floor":3.0},{"not_picked":["Perfected Strike","Defy Death"],"picked":"Replay:Undeath\u0027s Touch","floor":4.0},{"not_picked":["Wild Strike","Clothesline"],"picked":"Sword Boomerang","floor":6.0},{"not_picked":["Wild Strike","Inflame","Seeing Red"],"picked":"SKIP","floor":7.0},{"not_picked":["Demon Form","Evolve","Body Slam"],"picked":"SKIP","floor":10.0},{"not_picked":["Anger","Havoc","Run Through"],"picked":"SKIP","floor":14.0},{"not_picked":["Body Slam","True Grit","Heavy Blade"],"picked":"SKIP","floor":18.0},{"not_picked":["AT_DiedThrough","Body Slam","Iron Wave"],"picked":"SKIP","floor":20.0},{"not_picked":["Headbutt","AT_DiedThrough","Armaments"],"picked":"SKIP","floor":21.0},{"not_picked":["Shockwave","Clash","Bludgeon"],"picked":"SKIP","floor":22.0},{"not_picked":["Sentinel","Perfected Strike"],"picked":"Replay:Undeath\u0027s Touch","floor":24.0},{"not_picked":["Thunderclap","Headbutt","Clothesline"],"picked":"SKIP","floor":27.0},{"not_picked":["Clash","Anger","Armaments"],"picked":"SKIP","floor":31.0},{"not_picked":["Immolate","Eclipse"],"picked":"Corruption","floor":33.0},{"not_picked":["True Grit","Perfected Strike","AT_IchimonjiDouble"],"picked":"SKIP","floor":35.0},{"not_picked":["Carnage","AT_CaressingTears"],"picked":"ReplayTheSpireMod:Limb From Limb","floor":37.0},{"not_picked":["Clash","Pommel Strike+1","Blood for Blood+1"],"picked":"SKIP","floor":40.0},{"not_picked":["AT_IchimonjiDouble","Anger","Carnage"],"picked":"SKIP","floor":42.0},{"not_picked":["Wild Strike","Heavy Blade+1","Pummel"],"picked":"SKIP","floor":45.0},{"not_picked":["Sever Soul","Twin Strike","Spot Weakness"],"picked":"SKIP","floor":48.0},{"not_picked":["Headbutt","Twin Strike","Barricade"],"picked":"SKIP","floor":56}],"player_experience":411476,"relics_obtained":[{"floor":6.0,"key":"Ginger"},{"floor":9.0,"key":"Mastiff:ReiMu"},{"floor":10.0,"key":"Akabeko"},{"floor":12.0,"key":"Onion Ring"},{"floor":24.0,"key":"Replay:Bottled Flurry"},{"floor":27.0,"key":"Bronze Scales"},{"floor":28.0,"key":"Red Mask"},{"floor":40.0,"key":"Replay:Mystery Machine"},{"floor":43.0,"key":"Juzu Bracelet"},{"floor":56,"key":"AT_GoldPhoenixTree"}],"event_choices":[{"damage_healed":0.0,"max_hp_gain":0.0,"max_hp_loss":0.0,"gold_gain":0.0,"event_name":"Golden Idol","player_choice":"Take Damage","floor":5.0,"gold_loss":0.0,"damage_taken":26.0,"relics_obtained":["Golden Idol"]},{"damage_healed":0.0,"max_hp_gain":5.0,"max_hp_loss":0.0,"gold_gain":0.0,"event_name":"Big Fish","player_choice":"Donut","floor":11.0,"gold_loss":0.0,"damage_taken":0.0},{"damage_healed":0.0,"max_hp_gain":0.0,"max_hp_loss":0.0,"gold_gain":0.0,"event_name":"Masked Bandits","player_choice":"Fought Bandits","floor":28.0,"gold_loss":0.0,"damage_taken":0.0},{"damage_healed":0.0,"max_hp_gain":0.0,"max_hp_loss":0.0,"gold_gain":0.0,"event_name":"Cursed Tome","player_choice":"Ignored","floor":29.0,"gold_loss":0.0,"damage_taken":0.0},{"damage_healed":0.0,"max_hp_gain":0.0,"max_hp_loss":0.0,"gold_gain":333.0,"event_name":"The Moai Head","player_choice":"Gave Idol","floor":36.0,"relics_lost":["Golden Idol"],"gold_loss":0.0,"damage_taken":0.0},{"damage_healed":0.0,"max_hp_gain":0.0,"max_hp_loss":0.0,"gold_gain":222.0,"event_name":"Tomb of Lord Red Mask","player_choice":"Wore Mask","floor":39.0,"gold_loss":0.0,"damage_taken":0.0}],"is_beta":true,"boss_relics":[{"not_picked":["Replay:Grab Bag","ReplayTheSpireMod:DimensionalGlitch"],"picked":"AT_TrinityForce"},{"not_picked":["SacredBark","RedLine:ReiMu"],"picked":"energizedSpire:StickyHand"}],"items_purged_floors":[19,44,47,55],"is_endless":false,"potions_floor_spawned":[4,6,7,14,21,22,28,33,35,45,48],"killed_by":"The Heart","ascension_level":20}}