{"host":"vpaavrwbmey593fx","time":1613698503,"event":{"mods":["AchievementEnabler","BaseMod","Bestiary","Colored Map","Colored Powertips","DeckTracker","Minty Spire (QoL Compilation)","Relic Sorter"],"gold_per_floor":[112,112,125,142,160,160,160,188,215,215,215,215,249,266,266,365,365,378,378,395,80,97,97,125,125,125,125,135,145,162,193,193,289,289,306,319,370,390,390,416,51,51,51,51,11,24,38,38,38,38,38,38,38,63,63],"floor_reached":56,"language":"ENG","playtime":5939,"items_purged":["Writhe"],"score":1455,"play_id":"9f16acd1-d2e5-4d42-8e78-73f5198594b5","local_time":"20210218173503","is_ascension_mode":true,"campfire_choices":[{"data":"Sweeping Beam","floor":6.0,"key":"SMITH"},{"data":"Self Repair","floor":10.0,"key":"SMITH"},{"data":"Dualcast","floor":12.0,"key":"SMITH"},{"data":"Go for the Eyes","floor":15.0,"key":"SMITH"},{"floor":23.0,"key":"RECALL"},{"floor":25.0,"key":"REST"},{"floor":32.0,"key":"REST"},{"floor":42.0,"key":"REST"},{"floor":44.0,"key":"REST"},{"floor":49,"key":"REST"},{"floor":52,"key":"REST"}],"circlet_count":0,"master_deck":["Strike_B","Strike_B","Defend_B","Defend_B","Zap+1","Dualcast+1","Conserve Battery","Sweeping Beam+1","Core Surge","Self Repair+1","Conserve Battery","Go for the Eyes+1","FTL","Rainbow","Coolheaded","Steam Power","Sunder","All For One","BootSequence","White Noise","Cold Snap","Biased Cognition","Genetic Algorithm+1","Biased Cognition+1","Steam+1","Core Surge","Hologram+1","Double Energy+1","Chaos+1","Seek"],"relics":["Cracked Core","InkBottle","Pen Nib","Blood Vial","Lantern","Fusion Hammer","Cables","Orichalcum","Dream Catcher","HornCleat","Astrolabe","Eternal Feather","Runic Capacitor","Pantograph"],"acts_visited":["Exordium","TheCity","TheBeyond","TheEnding"],"potions_floor_usage":[50,55],"damage_taken":[{"damage":2.0,"enemies":"Jaw Worm","floor":1.0,"turns":3.0},{"damage":2.0,"enemies":"Small Slimes","floor":3.0,"turns":3.0},{"damage":1.0,"enemies":"Cultist","floor":4.0,"turns":3.0},{"damage":0.0,"enemies":"Exordium Thugs","floor":5.0,"turns":3.0},{"damage":21.0,"enemies":"Gremlin Nob","floor":8.0,"turns":4.0},{"damage":6.0,"enemies":"Lagavulin","floor":13.0,"turns":6.0},{"damage":3.0,"enemies":"Red Slaver","floor":14.0,"turns":2.0},{"damage":26.0,"enemies":"The Guardian","floor":16.0,"turns":12.0},{"damage":19.0,"enemies":"Shell Parasite","floor":18.0,"turns":6.0},{"damage":0.0,"enemies":"Chosen","floor":20.0,"turns":4.0},{"damage":7.0,"enemies":"Centurion and Healer","floor":22.0,"turns":6.0},{"damage":18.0,"enemies":"Slavers","floor":24.0,"turns":4.0},{"damage":12.0,"enemies":"Snake Plant","floor":28.0,"turns":3.0},{"damage":7.0,"enemies":"Cultist and Chosen","floor":29.0,"turns":5.0},{"damage":0.0,"enemies":"3 Cultists","floor":30.0,"turns":4.0},{"damage":52.0,"enemies":"Book of Stabbing","floor":31.0,"turns":6.0},{"damage":56.0,"enemies":"Collector","floor":33.0,"turns":13.0},{"damage":10.0,"enemies":"3 Shapes","floor":35.0,"turns":3.0},{"damage":8.0,"enemies":"3 Darklings","floor":36.0,"turns":6.0},{"damage":12.0,"enemies":"Spire Growth","floor":38.0,"turns":5.0},{"damage":85.0,"enemies":"Giant Head","floor":40.0,"turns":11.0},{"damage":3.0,"enemies":"Transient","floor":46.0,"turns":5.0},{"damage":1,"enemies":"4 Shapes","floor":47,"turns":3},{"damage":62,"enemies":"Donu and Deca","floor":50,"turns":13},{"damage":23,"enemies":"Shield and Spear","floor":54,"turns":8},{"damage":87,"enemies":"The Heart","floor":55,"turns":14}],"seed_played":"6100628609197061966","potions_obtained":[{"floor":1.0,"key":"BlessingOfTheForge"},{"floor":3.0,"key":"Swift Potion"},{"floor":4.0,"key":"PowerPotion"},{"floor":18.0,"key":"Fire Potion"},{"floor":27.0,"key":"FairyPotion"},{"floor":27.0,"key":"Fire Potion"},{"floor":27.0,"key":"LiquidBronze"},{"floor":33.0,"key":"FairyPotion"},{"floor":36.0,"key":"Swift Potion"},{"floor":40.0,"key":"Dexterity Potion"},{"floor":45.0,"key":"Fruit Juice"},{"floor":45.0,"key":"DuplicationPotion"}],"is_trial":false,"path_per_floor":["M","?","M","M","M","R","?","E","T","R","?","R","E","M","R","B",null,"M","?","M","$","M","R","E","R","T","?","M","M","M","E","R","B",null,"M","M","T","M","?","E","$","R","T","R","?","M","M","?","R","B",null,"R","$","E","B",null],"character_chosen":"DEFECT","items_purchased":["Sunder","Cables","Core Surge","Runic Capacitor"],"campfire_rested":6,"item_purchase_floors":[21,21,41,41],"current_hp_per_floor":[66,66,64,63,63,63,68,61,61,61,61,61,67,76,76,62,76,69,69,80,80,80,80,72,80,80,80,78,80,80,38,62,18,65,67,71,71,71,80,34,34,73,73,80,85,85,85,85,85,33,72,85,85,72,33],"gold":63,"neow_bonus":"THREE_CARDS","is_daily":false,"chose_seed":false,"campfire_upgraded":4,"win_rate":0.0,"timestamp":1613698503,"path_taken":["M","?","M","M","M","R","?","E","T","R","?","R","E","M","R","BOSS","M","?","?","$","M","R","E","R","T","?","M","M","M","E","R","BOSS","M","M","?","M","?","E","$","R","T","R","?","M","?","?","R","BOSS","R","$","E","BOSS"],"items_purchased_type":["Card","Relic","Card","Relic"],"build_version":"2020-12-22","purchased_purges":1,"victory":true,"max_hp_per_floor":[75,75,75,75,75,75,80,80,80,80,80,80,80,80,80,80,80,80,80,80,80,80,80,80,80,80,80,80,80,80,80,80,80,80,80,80,80,80,80,80,80,80,80,80,85,85,85,85,85,85,85,85,85,85,85],"card_choices":[{"not_picked":["Compile Driver","Beam Cell"],"picked":"Conserve Battery","floor":1.0},{"not_picked":["Turbo","Leap"],"picked":"Sweeping Beam","floor":3.0},{"not_picked":["Streamline","Stack"],"picked":"Core Surge","floor":4.0},{"not_picked":["Hologram","Barrage"],"picked":"Self Repair","floor":5.0},{"not_picked":["Sweeping Beam","Self Repair"],"picked":"Conserve Battery","floor":8.0},{"not_picked":["Turbo","Hello World"],"picked":"Go for the Eyes","floor":13.0},{"not_picked":["Leap","Lockon"],"picked":"FTL","floor":14.0},{"not_picked":["Core Surge","Thunder Strike"],"picked":"Rainbow","floor":16.0},{"not_picked":["Gash","Leap"],"picked":"Coolheaded","floor":18.0},{"not_picked":["Hello World","FTL","Beam Cell"],"picked":"SKIP","floor":20.0},{"not_picked":["Go for the Eyes+1","Steam","Compile Driver"],"picked":"SKIP","floor":22.0},{"not_picked":["Sweeping Beam","Streamline+1"],"picked":"All For One","floor":24.0},{"not_picked":["Steam","Rebound"],"picked":"BootSequence","floor":28.0},{"not_picked":["Conserve Battery","Compile Driver+1","Fission"],"picked":"SKIP","floor":29.0},{"not_picked":["Recycle","Steam"],"picked":"White Noise","floor":30.0},{"not_picked":["Conserve Battery+1","Ball Lightning"],"picked":"Cold Snap","floor":31.0},{"not_picked":["Buffer","Meteor Strike"],"picked":"Biased Cognition","floor":33.0},{"not_picked":["Aggregate+1","Rip and Tear+1","Leap"],"picked":"SKIP","floor":35.0},{"not_picked":["Ball Lightning+1","Aggregate","Steam"],"picked":"SKIP","floor":36.0},{"not_picked":["Cold Snap+1","Compile Driver","Sweeping Beam+1"],"picked":"SKIP","floor":38.0},{"not_picked":["Gash+1","Streamline","Reprogram+1"],"picked":"SKIP","floor":40.0},{"not_picked":["Scrape","Redo+1"],"picked":"Hologram+1","floor":42.0},{"not_picked":["White Noise+1","Conserve Battery","Ball Lightning"],"picked":"SKIP","floor":46.0},{"not_picked":["Gash+1","Aggregate+1"],"picked":"Double Energy+1","floor":47},{"not_picked":["Redo","Reprogram"],"picked":"Chaos+1","floor":49},{"not_picked":["Ball Lightning+1","Compile Driver+1"],"picked":"Seek","floor":52},{"not_picked":["Leap+1","Hologram+1","Tempest"],"picked":"SKIP","floor":54}],"player_experience":371640,"relics_obtained":[{"floor":8.0,"key":"Pen Nib"},{"floor":9.0,"key":"Blood Vial"},{"floor":13.0,"key":"Lantern"},{"floor":24.0,"key":"Orichalcum"},{"floor":26.0,"key":"Dream Catcher"},{"floor":31.0,"key":"HornCleat"},{"floor":40.0,"key":"Eternal Feather"},{"floor":43.0,"key":"InkBottle"},{"floor":54,"key":"Pantograph"}],"event_choices":[{"damage_healed":0.0,"max_hp_gain":0.0,"max_hp_loss":0.0,"gold_gain":0.0,"event_name":"Living Wall","player_choice":"Grow","floor":2.0,"gold_loss":0.0,"damage_taken":0.0,"cards_upgraded":["Zap"]},{"damage_healed":0.0,"max_hp_gain":5.0,"max_hp_loss":0.0,"gold_gain":0.0,"event_name":"Big Fish","player_choice":"Donut","floor":7.0,"gold_loss":0.0,"damage_taken":0.0},{"damage_healed":0.0,"max_hp_gain":0.0,"max_hp_loss":0.0,"gold_gain":0.0,"event_name":"Liars Game","player_choice":"Ignored","floor":11.0,"gold_loss":0.0,"damage_taken":0.0},{"damage_healed":0.0,"max_hp_gain":0.0,"max_hp_loss":0.0,"gold_gain":0.0,"event_name":"Match and Keep!","player_choice":"1 cards matched","floor":19.0,"gold_loss":0.0,"damage_taken":0.0,"cards_obtained":["Steam Power"]},{"damage_healed":0.0,"max_hp_gain":0.0,"max_hp_loss":0.0,"gold_gain":0.0,"event_name":"Lab","player_choice":"Got Potions","floor":27.0,"gold_loss":0.0,"damage_taken":0.0},{"damage_healed":20.0,"max_hp_gain":0.0,"max_hp_loss":0.0,"gold_gain":0.0,"event_name":"Winding Halls","player_choice":"Writhe","floor":39.0,"gold_loss":0.0,"damage_taken":0.0,"cards_obtained":["Writhe"]},{"damage_healed":0.0,"max_hp_gain":0.0,"max_hp_loss":0.0,"gold_gain":0.0,"event_name":"The Woman in Blue","player_choice":"Bought 3 Potions","floor":45.0,"gold_loss":0.0,"damage_taken":0.0},{"cards_removed":["Defend_B"],"damage_healed":0,"gold_gain":0,"player_choice":"Offered Basic","damage_taken":0,"max_hp_gain":0,"max_hp_loss":0,"event_name":"Bonfire Elementals","floor":48,"gold_loss":0}],"is_beta":false,"boss_relics":[{"not_picked":["Ectoplasm","Runic Dome"],"picked":"Fusion Hammer"},{"not_picked":["Busted Crown","Nuclear Battery"],"picked":"Astrolabe"}],"items_purged_floors":[41],"is_endless":false,"potions_floor_spawned":[1,3,4,18,28,30,33,36,38,40,47],"ascension_level":6}}