{"host":"z1zal7c5ufd23ok6","time":1613775479,"event":{"mods":["Aspiration","Bard","BaseMod","Best Route Mod","Conspire","Downfall","Energized Spire","Halation","Hubris","Infinite Spire","Ironclad Rager","Lobotomy","Minty Spire (QoL Compilation)","READ ME - Guardian Mod","Replay The Spire","Shop Mod","Spikes Relics","StSLib","The Animator","The Bug Knight","The Clintock","The Cursed","The Disciple","The Exalted","The Forsaken","The Hierophant","The Judge","The Jungle","The Kombatant","The Problem Sleuth","Trackpad","Wandering Minibosses"],"gold_per_floor":[111,111,125,49,49,49,49,49,49,49,49,84,84,95,95,95,95,95],"floor_reached":16,"language":"ENG","playtime":555,"items_purged":[],"score":96,"play_id":"f39673ca-5ea3-4c79-ae8e-f6fa1679048f","local_time":"20210219175759","is_ascension_mode":false,"campfire_choices":[{"data":"theSleuth:Diplomacy","floor":6,"key":"SMITH"},{"data":"theSleuth:WeirdPuzzleShit","floor":8,"key":"SMITH"},{"data":"theSleuth:Ogle","floor":10,"key":"SMITH"},{"floor":15,"key":"REST"}],"circlet_count":0,"master_deck":["theSleuth:Strike","theSleuth:Strike","theSleuth:Strike","theSleuth:Strike","theSleuth:Defend","theSleuth:Defend","theSleuth:Defend","theSleuth:KeyHandgun","theSleuth:TakeInventory","theSleuth:Diplomacy+1","theSleuth:Ogle+1","theSleuth:Deprogram","theSleuth:WeirdPuzzleShit+1","theSleuth:CandyCornVampire+1"],"relics":["theSleuth:Typewriter","aspiration:Nostalgia","Sizzling Blood","halation:EternalFortune","ReplayTheSpireMod:Ninjato","hubris:MobiusCoin"],"acts_visited":["Exordium"],"potions_floor_usage":[],"damage_taken":[{"damage":3,"enemies":"2 Louse","floor":1,"turns":3},{"damage":3,"enemies":"Jaw Worm","floor":3,"turns":5},{"damage":27,"enemies":"3 Sentries","floor":12,"turns":10},{"damage":0,"enemies":"Cultist","floor":14,"turns":3},{"damage":83,"enemies":"Slime Boss","floor":16,"turns":16}],"seed_played":"6142237500309422256","potions_obtained":[{"floor":1,"key":"Milkshake"},{"floor":12,"key":"Milkshake"}],"is_trial":false,"path_per_floor":["M","?","M","$","?","R","?","R","T","R","?","E","?","M","R","B"],"character_chosen":"THE_sleuth","items_purchased":["theSleuth:WeirdPuzzleShit"],"campfire_rested":1,"item_purchase_floors":[4],"current_hp_per_floor":[77,80,80,80,83,83,83,83,83,83,83,60,60,64,83,0,0,0],"gold":95,"neow_bonus":"NOSTALGIA","is_daily":false,"chose_seed":false,"campfire_upgraded":3,"win_rate":0.0,"timestamp":1613775479,"path_taken":["M","?","M","$","?","R","?","R","T","R","?","E","?","M","R","BOSS"],"items_purchased_type":["Card"],"build_version":"2020-12-22","purchased_purges":0,"victory":false,"max_hp_per_floor":[77,80,80,80,83,83,83,83,83,83,83,83,83,83,83,83,83,83],"card_choices":[{"not_picked":["theSleuth:CharismaBlast","theSleuth:FlaskOfWhiskey"],"picked":"theSleuth:Ogle","floor":1},{"not_picked":["theSleuth:ThinkAhead","theSleuth:Taze"],"picked":"theSleuth:Deprogram","floor":3},{"not_picked":["theSleuth:PezUzi","theSleuth:ClubClubClub"],"picked":"theSleuth:CandyCornVampire","floor":12},{"not_picked":["theSleuth:TruffleShuffle","theSleuth:WilsonBust","theSleuth:Fortify"],"picked":"SKIP","floor":14}],"player_experience":288446,"relics_obtained":[{"floor":9,"key":"ReplayTheSpireMod:Ninjato"},{"floor":12,"key":"hubris:MobiusCoin"}],"event_choices":[{"damage_healed":0,"gold_gain":0,"player_choice":"Disagree","damage_taken":0,"max_hp_gain":0,"max_hp_loss":0,"event_name":"conspire:LoneGhost","floor":11,"gold_loss":0},{"damage_healed":0,"gold_gain":0,"player_choice":"Grow","damage_taken":0,"max_hp_gain":0,"max_hp_loss":0,"event_name":"Living Wall","floor":13,"gold_loss":0,"cards_upgraded":["theSleuth:CandyCornVampire"]}],"is_beta":false,"boss_relics":[],"items_purged_floors":[],"is_endless":false,"potions_floor_spawned":[1,12],"killed_by":"Slime Boss","ascension_level":0}}