{"host":"oq0u6q7bjztc2jwc","time":1613708103,"event":{"mods":["AchievementEnabler","BaseMod","Colored Map","Downfall","Highlight Path","Minty Spire (QoL Compilation)","Permanent Neow","StSLib"],"gold_per_floor":[99,110,127,37,37,37,63,75,102,118,134,134,151,36,51,156,156,156,175,175,275,291,306,306,316,326,326,326,326],"floor_reached":27,"language":"ENG","playtime":3001,"items_purged":["bronze:Verify","bronze:Strike"],"score":241,"play_id":"1b75e729-60e1-4613-868c-fcfec4349be1","local_time":"20210218231503","is_ascension_mode":true,"campfire_choices":[{"data":"bronze:Verify","floor":1.0,"key":"SMITH"},{"floor":12,"key":"REST"},{"floor":18,"key":"RECALL"}],"circlet_count":0,"master_deck":["bronze:Defend","bronze:Replicate","bronze:Goto","bronze:Verify+1","bronze:Constructor","bronze:Optimize+1","bronze:Safeguard","bronze:Iterate","bronze:Shell","bronze:OilSpill","bronze:Philosophize","bronze:Turbo","bronze:Format","bronze:Turbo+1","bronze:ForceShield+1"],"relics":["bronze:BronzeCore","Omamori","Anchor","Astrolabe"],"acts_visited":["Exordium","TheCity"],"potions_floor_usage":[10,25,25,26,27],"damage_taken":[{"damage":1.0,"enemies":"Cultist","floor":2.0,"turns":4.0},{"damage":12.0,"enemies":"Jaw Worm","floor":3.0,"turns":6.0},{"damage":0.0,"enemies":"downfall:FleeingMerchant","floor":4.0,"turns":4.0},{"damage":0.0,"enemies":"2 Louse","floor":8.0,"turns":3.0},{"damage":17.0,"enemies":"3 Sentries","floor":9.0,"turns":9.0},{"damage":0,"enemies":"Gremlin Gang","floor":10,"turns":7},{"damage":8,"enemies":"Lots of Slimes","floor":11,"turns":6},{"damage":0,"enemies":"Exordium Wildlife","floor":13,"turns":4},{"damage":0,"enemies":"downfall:FleeingMerchant","floor":14,"turns":4},{"damage":0,"enemies":"Blue Slaver","floor":15,"turns":3},{"damage":11,"enemies":"DF_ARCHETYPE_STREAMLINE","floor":16,"turns":5},{"damage":9,"enemies":"Shell Parasite","floor":19,"turns":6},{"damage":2,"enemies":"Spheric Guardian","floor":22,"turns":6},{"damage":2,"enemies":"Centurion and Healer","floor":23,"turns":7},{"damage":32,"enemies":"Chosen and Byrds","floor":25,"turns":8},{"damage":14,"enemies":"Snake Plant","floor":26,"turns":3},{"damage":10,"enemies":"Gremlin Leader","floor":27,"turns":5}],"seed_played":"6967482889999425587","potions_obtained":[{"floor":2.0,"key":"Weak Potion"},{"floor":3.0,"key":"hexamod:SoulburnPotion"},{"floor":9.0,"key":"hexamod:SoulburnPotion"},{"floor":11,"key":"SpeedPotion"},{"floor":22,"key":"hexamod:SoulburnPotion"},{"floor":23,"key":"EssenceOfSteel"},{"floor":26,"key":"bronze:BuildAFunctionPotion"}],"is_trial":false,"path_per_floor":["R","M","M","$","?","?","T","M","E","M","M","R","M","$","M","B",null,"R","M","?","?","M","M","T","M","M","E"],"character_chosen":"THE_AUTOMATON","items_purchased":[],"campfire_rested":1,"item_purchase_floors":[],"current_hp_per_floor":[63,62,50,50,50,50,50,50,33,33,25,43,43,43,43,32,63,63,54,54,54,52,50,50,18,4,0,0,0],"gold":326,"neow_bonus":"TRANSFORM_TWO_CARDS","is_daily":false,"chose_seed":false,"campfire_upgraded":1,"win_rate":0.0,"timestamp":1613708103,"path_taken":["R","M","M","$","?","?","T","M","E","M","M","R","M","?","M","BOSS","R","M","?","?","?","M","T","M","M","E"],"items_purchased_type":[],"build_version":"2020-12-22","purchased_purges":2,"victory":false,"max_hp_per_floor":[63,63,63,63,63,63,63,63,63,63,63,63,63,63,63,63,63,63,63,63,63,63,63,63,63,63,63,63,63],"card_choices":[{"not_picked":["bronze:Repair","bronze:ChildClass"],"picked":"bronze:Constructor","floor":2.0},{"not_picked":["bronze:ForLoop","bronze:BuggyMess"],"picked":"bronze:Optimize","floor":3.0},{"not_picked":["bronze:Frontload","bronze:CutThrough"],"picked":"bronze:Safeguard","floor":4.0},{"not_picked":["bronze:Overheat","bronze:Safeguard"],"picked":"bronze:Iterate","floor":8.0},{"not_picked":["bronze:FineTuning","bronze:MaxOutput"],"picked":"bronze:Shell","floor":9.0},{"not_picked":["bronze:FollowUp","bronze:WildBeam"],"picked":"bronze:OilSpill","floor":10},{"not_picked":["bronze:Overload","bronze:OilSpill","bronze:Constructor"],"picked":"SKIP","floor":11},{"not_picked":["bronze:Return","bronze:Deprecate"],"picked":"bronze:Philosophize","floor":13},{"not_picked":["bronze:Branch","bronze:ChosenStrike"],"picked":"bronze:Turbo","floor":14},{"not_picked":["bronze:NullPointer","bronze:BugBarrage","bronze:FineTuning"],"picked":"SKIP","floor":15},{"not_picked":["bronze:ShipIt","bronze:CleanCode"],"picked":"bronze:Format","floor":16},{"not_picked":["bronze:Turbo","bronze:Constructor+1","bronze:BuggyMess"],"picked":"SKIP","floor":19},{"not_picked":["bronze:Turbo","bronze:Branch","bronze:FineTuning+1"],"picked":"SKIP","floor":22},{"not_picked":["bronze:Allocate","bronze:DelayedSlice","bronze:Return"],"picked":"SKIP","floor":23},{"not_picked":["bronze:WhirlingStrike","bronze:Overheat+1","bronze:InfiniteBeams"],"picked":"SKIP","floor":25},{"not_picked":["bronze:CutThrough","bronze:Branch","bronze:Boost+1"],"picked":"SKIP","floor":26}],"player_experience":593965,"relics_obtained":[{"floor":7.0,"key":"Omamori"},{"floor":9.0,"key":"Anchor"}],"event_choices":[{"damage_healed":0.0,"max_hp_gain":0.0,"max_hp_loss":0.0,"gold_gain":0.0,"event_name":"Living Wall","player_choice":"Grow","floor":5.0,"gold_loss":0.0,"damage_taken":0.0,"cards_upgraded":["bronze:Optimize"]},{"cards_removed":["bronze:Defend"],"damage_healed":0.0,"max_hp_gain":0.0,"max_hp_loss":0.0,"gold_gain":0.0,"event_name":"The Cleric","player_choice":"Card Removal","floor":6.0,"gold_loss":0.0,"damage_taken":0.0}],"is_beta":false,"boss_relics":[{"not_picked":["Runic Pyramid","Pandora\u0027s Box"],"picked":"Astrolabe"}],"items_purged_floors":[4,14],"is_endless":false,"potions_floor_spawned":[2,3,9,11,22,23,26],"killed_by":"Gremlin Leader","ascension_level":2}}