{"host":"qgrlfjrqk9z96gfi","time":1613695032,"event":{"mods":["BaseMod","Block Reminder","Colored Map","Custom Start","DeckTracker","Minty Spire (QoL Compilation)"],"gold_per_floor":[116,132,150,63,77,77,109,109,134,195,195,227,227,227,227,306,306,326,221,239,252,252,252,279,279,279,310,330,330,330,348,348,422,422,436,451,503,503,503],"floor_reached":38,"language":"ENG","playtime":1511,"items_purged":["Strike_G"],"score":844,"play_id":"bd36624e-e523-49f5-bd57-bea7e9ce3738","local_time":"20210218143712","is_ascension_mode":true,"campfire_choices":[{"data":"Neutralize","floor":6,"key":"SMITH"},{"floor":8,"key":"REST"},{"floor":13,"key":"REST"},{"data":"Phantasmal Killer","floor":15,"key":"SMITH"},{"data":"After Image","floor":23,"key":"SMITH"},{"floor":25,"key":"REST"},{"floor":29,"key":"DIG"},{"floor":32,"key":"REST"}],"circlet_count":0,"master_deck":["AscendersBane","Strike_G","Defend_G","Defend_G","Defend_G+1","Defend_G+1","Defend_G","Survivor","Neutralize+1","After Image+1","Blade Dance","Blade Dance","Choke","Footwork+1","Calculated Gamble","Phantasmal Killer+1","All Out Attack","Glass Knife","Dash+1","Deadly Poison+1","Deflect+1","Blade Dance+1","Dagger Spray","Backstab","RitualDagger","Cloak And Dagger","Terror","Adrenaline","Burst","Dodge and Roll"],"relics":["Ring of the Snake","War Paint","Regal Pillow","Bronze Scales","Astrolabe","Smiling Mask","Shovel","Lizard Tail","Sundial","Busted Crown","Thread and Needle"],"acts_visited":["Exordium","TheCity","TheBeyond"],"potions_floor_usage":[7,24,33,38],"damage_taken":[{"damage":13,"enemies":"Cultist","floor":1,"turns":7},{"damage":0,"enemies":"Small Slimes","floor":2,"turns":5},{"damage":2,"enemies":"Jaw Worm","floor":3,"turns":3},{"damage":12,"enemies":"3 Louse","floor":5,"turns":3},{"damage":18,"enemies":"Lagavulin","floor":7,"turns":8},{"damage":28,"enemies":"3 Sentries","floor":12,"turns":9},{"damage":19,"enemies":"Slime Boss","floor":16,"turns":12},{"damage":1,"enemies":"3 Byrds","floor":18,"turns":3},{"damage":0,"enemies":"Spheric Guardian","floor":20,"turns":3},{"damage":6,"enemies":"Snecko","floor":21,"turns":7},{"damage":17,"enemies":"Gremlin Leader","floor":24,"turns":5},{"damage":18,"enemies":"Slavers","floor":27,"turns":4},{"damage":7,"enemies":"Cultist and Chosen","floor":28,"turns":7},{"damage":4,"enemies":"Sentry and Sphere","floor":31,"turns":6},{"damage":109,"enemies":"Automaton","floor":33,"turns":13},{"damage":22,"enemies":"3 Darklings","floor":35,"turns":5},{"damage":0,"enemies":"Orb Walker","floor":36,"turns":3},{"damage":27,"enemies":"2 Orb Walkers","floor":37,"turns":5},{"damage":16,"enemies":"Maw","floor":38,"turns":6}],"seed_played":"-906632537039720550","potions_obtained":[{"floor":3,"key":"BlessingOfTheForge"},{"floor":7,"key":"FairyPotion"},{"floor":21,"key":"AttackPotion"},{"floor":27,"key":"Poison Potion"},{"floor":37,"key":"BlessingOfTheForge"}],"is_trial":false,"path_per_floor":["M","M","M","$","M","R","E","R","T","?","?","E","R","?","R","B",null,"M","$","M","M","?","R","E","R","T","E","M","R","?","M","R","B",null,"M","M","?","M"],"character_chosen":"THE_SILENT","items_purchased":["Footwork","Dagger Spray"],"campfire_rested":4,"item_purchase_floors":[4,19],"current_hp_per_floor":[46,46,44,44,32,32,14,32,32,32,32,4,37,37,37,18,50,49,49,49,43,37,37,20,53,53,35,28,28,28,24,57,23,51,29,29,2,0,0],"gold":503,"neow_bonus":"THREE_RARE_CARDS","is_daily":false,"chose_seed":false,"campfire_upgraded":3,"win_rate":0.0,"timestamp":1613695032,"path_taken":["M","?","M","$","M","R","E","R","T","?","?","E","R","?","R","BOSS","M","$","M","M","?","R","E","R","T","E","M","R","?","M","R","BOSS","M","M","?","M"],"items_purchased_type":["Card","Card"],"build_version":"2020-12-22","purchased_purges":1,"victory":false,"max_hp_per_floor":[60,60,60,60,60,60,60,60,60,60,60,60,60,60,60,60,60,60,60,60,60,60,60,60,60,60,60,60,60,60,60,60,60,60,60,60,60,60,60],"card_choices":[{"not_picked":["Adrenaline","Night Terror"],"picked":"After Image","floor":0},{"not_picked":["Cloak And Dagger","Well Laid Plans"],"picked":"Blade Dance","floor":1},{"not_picked":["Dagger Throw","Prepared"],"picked":"Blade Dance","floor":2},{"not_picked":["Cloak And Dagger","Setup"],"picked":"Choke","floor":3},{"not_picked":["Deadly Poison","Poisoned Stab"],"picked":"Calculated Gamble","floor":5},{"not_picked":["All Out Attack","Riddle With Holes"],"picked":"Phantasmal Killer","floor":7},{"not_picked":["Outmaneuver","Heel Hook"],"picked":"All Out Attack","floor":12},{"not_picked":["Envenom","Storm of Steel"],"picked":"Glass Knife","floor":16},{"not_picked":["Dodge and Roll","Setup"],"picked":"Blade Dance+1","floor":18},{"not_picked":["Dagger Spray","Distraction","Slice"],"picked":"SKIP","floor":20},{"not_picked":["Reflex","Caltrops"],"picked":"Backstab","floor":21},{"not_picked":["All Out Attack","Skewer+1"],"picked":"Cloak And Dagger","floor":24},{"not_picked":["Dodge and Roll","Prepared","Catalyst"],"picked":"SKIP","floor":27},{"not_picked":["Underhanded Strike","Predator","Eviscerate"],"picked":"SKIP","floor":28},{"not_picked":["Infinite Blades","All Out Attack"],"picked":"Adrenaline","floor":31},{"not_picked":["Grand Finale","Envenom"],"picked":"Burst","floor":33},{"not_picked":["Quick Slash"],"picked":"SKIP","floor":35},{"not_picked":[],"picked":"Dodge and Roll","floor":36}],"player_experience":1163102,"relics_obtained":[{"floor":7,"key":"War Paint"},{"floor":9,"key":"Regal Pillow"},{"floor":12,"key":"Bronze Scales"},{"floor":24,"key":"Smiling Mask"},{"floor":26,"key":"Shovel"},{"floor":27,"key":"Lizard Tail"},{"floor":29,"key":"Sundial"},{"floor":37,"key":"Thread and Needle"}],"event_choices":[{"damage_healed":0,"gold_gain":61,"player_choice":"Gained Gold","damage_taken":0,"max_hp_gain":0,"max_hp_loss":0,"event_name":"Golden Wing","floor":10,"gold_loss":0},{"damage_healed":0,"gold_gain":0,"player_choice":"Ignored","damage_taken":0,"max_hp_gain":0,"max_hp_loss":0,"event_name":"Shining Light","floor":11,"gold_loss":0},{"damage_healed":0,"gold_gain":0,"player_choice":"Grow","damage_taken":0,"max_hp_gain":0,"max_hp_loss":0,"event_name":"Living Wall","floor":14,"gold_loss":0,"cards_upgraded":["Footwork"]},{"damage_healed":0,"gold_gain":0,"player_choice":"Joined the Cult","damage_taken":6,"max_hp_gain":0,"max_hp_loss":0,"event_name":"Nest","floor":22,"gold_loss":0,"cards_obtained":["RitualDagger"]},{"damage_healed":0,"gold_gain":0,"player_choice":"Read","damage_taken":0,"max_hp_gain":0,"max_hp_loss":0,"event_name":"The Library","floor":30,"gold_loss":0,"cards_obtained":["Terror"]},{"damage_healed":0,"gold_gain":0,"player_choice":"Fight","damage_taken":0,"max_hp_gain":0,"max_hp_loss":0,"event_name":"Mysterious Sphere","floor":37,"gold_loss":0}],"is_beta":false,"boss_relics":[{"not_picked":["Pandora\u0027s Box","Velvet Choker"],"picked":"Astrolabe"},{"not_picked":["Runic Dome","SacredBark"],"picked":"Busted Crown"}],"items_purged_floors":[19],"is_endless":false,"potions_floor_spawned":[3,7,21,27,28,31,37],"killed_by":"Maw","ascension_level":20}}