{"host":"zu1swnxjkaahohqc","time":1613702711,"event":{"mods":["BaseMod","Hubris","Minty Spire (QoL Compilation)","Replay The Spire","StSLib"],"gold_per_floor":[112,112,37,112,127,127,154,167,193,287,319,331,281,281,281,386,386,399,414,414,414,364,392,404,416,481,506,259,270,305,305,305],"floor_reached":31,"language":"ENG","playtime":1640,"items_purged":["Defend_P","Defend_P","Evaluate","Protect"],"score":367,"play_id":"d77190af-e124-43fd-bcf9-1c1cd13daa88","local_time":"20210218214511","is_ascension_mode":true,"campfire_choices":[{"data":"Defend_P","floor":6.0,"key":"SMITH"},{"data":"Eruption","floor":15.0,"key":"SMITH"},{"data":"Indignation","floor":24,"key":"SMITH"}],"circlet_count":0,"master_deck":["Strike_P","Strike_P","Strike_P","Defend_P+1","Eruption+1","Vigilance","EmptyFist","DeusExMachina","Protect","Meditate","Indignation+1","Tantrum","Replay:AllIn","CrushJoints","ConjureBlade","ConjureBlade","Collect"],"relics":["PureWater","NeowsBlessing","Replay:Baseball","Smiling Mask","Pear","ReplayTheSpireMod:DimensionalGlitch","MawBank","Nunchaku","Replay:Multitool"],"acts_visited":["Exordium","TheCity"],"potions_floor_usage":[23,30,30,31,31,31],"damage_taken":[{"damage":0.0,"enemies":"Small Slimes","floor":1.0,"turns":1.0},{"damage":0.0,"enemies":"2 Louse","floor":5.0,"turns":1.0},{"damage":0.0,"enemies":"3 Sentries","floor":7.0,"turns":1.0},{"damage":0.0,"enemies":"Cultist","floor":8.0,"turns":2.0},{"damage":45.0,"enemies":"Gremlin Nob","floor":11.0,"turns":5.0},{"damage":3.0,"enemies":"Looter","floor":12.0,"turns":3.0},{"damage":14,"enemies":"Hexaghost","floor":16,"turns":8},{"damage":4,"enemies":"Chosen","floor":18,"turns":3},{"damage":6,"enemies":"3 Byrds","floor":19,"turns":4},{"damage":21,"enemies":"Slavers","floor":23,"turns":3},{"damage":0,"enemies":"Cultist and Chosen","floor":27,"turns":4},{"damage":14,"enemies":"Centurion and Healer","floor":29,"turns":4},{"damage":7,"enemies":"Book of Stabbing","floor":30,"turns":3},{"damage":23,"enemies":"Sentry and Sphere","floor":31,"turns":5}],"seed_played":"-1004498513365867910","potions_obtained":[{"floor":7.0,"key":"Energy Potion"},{"floor":11.0,"key":"Adrenaline Potion"},{"floor":16,"key":"SpeedPotion"},{"floor":23,"key":"Fire Potion"},{"floor":30,"key":"EntropicBrew"}],"is_trial":false,"path_per_floor":["M","?","$","?","M","R","E","M","T","?","E","M","$","?","R","B",null,"M","M","?","?","$","E","R","?","T","M","$","M","E","M"],"character_chosen":"WATCHER","items_purchased":["ConjureBlade","Collect"],"campfire_rested":0,"item_purchase_floors":[28,28],"current_hp_per_floor":[72,65,65,54,54,54,54,54,54,54,19,16,16,16,16,2,82,78,72,72,72,72,51,51,51,51,51,51,37,30,7,7],"gold":305,"neow_bonus":"THREE_ENEMY_KILL","is_daily":false,"chose_seed":false,"campfire_upgraded":3,"win_rate":0.0,"timestamp":1613702711,"path_taken":["M","?","$","?","M","R","E","M","T","?","E","?","$","?","R","BOSS","M","M","?","?","$","E","R","?","T","M","$","M","E","M"],"items_purchased_type":["Card","Card"],"build_version":"2020-12-13","purchased_purges":4,"victory":false,"max_hp_per_floor":[72,72,72,72,72,72,72,72,72,72,82,82,82,82,82,82,82,82,82,82,82,82,82,82,82,82,82,82,82,82,82,82],"card_choices":[{"not_picked":["Crescendo","SignatureMove"],"picked":"EmptyBody","floor":1.0},{"not_picked":["Crescendo","BowlingBash"],"picked":"EmptyFist","floor":5.0},{"not_picked":["FollowUp","Omniscience"],"picked":"DeusExMachina","floor":7.0},{"not_picked":["Replay:Anticipation","BowlingBash"],"picked":"Protect","floor":8.0},{"not_picked":["ThirdEye","Crescendo"],"picked":"Evaluate","floor":10.0},{"not_picked":["Consecrate","Crescendo"],"picked":"Meditate","floor":10.0},{"not_picked":["JustLucky","Halt"],"picked":"Indignation","floor":10.0},{"not_picked":["Halt","JustLucky","Replay:BluntJabs"],"picked":"SKIP","floor":11.0},{"not_picked":["Replay:Anticipation","Replay:Hum"],"picked":"Tantrum","floor":12.0},{"not_picked":["Replay:LoomingThreat","Establishment"],"picked":"Replay:AllIn","floor":16},{"not_picked":["PathToVictory","EmptyFist"],"picked":"CrushJoints","floor":18},{"not_picked":["EmptyBody","Evaluate+1"],"picked":"Protect","floor":19},{"not_picked":["Crescendo+1","Swivel"],"picked":"ConjureBlade","floor":23},{"not_picked":["ThirdEye","CutThroughFate","JustLucky+1"],"picked":"SKIP","floor":27},{"not_picked":["ReachHeaven+1","SignatureMove","Evaluate"],"picked":"SKIP","floor":29},{"not_picked":["Perseverance","Replay:BluntJabs","Brilliance"],"picked":"SKIP","floor":30}],"player_experience":16634,"relics_obtained":[{"floor":7.0,"key":"Replay:Baseball"},{"floor":9.0,"key":"Smiling Mask"},{"floor":11.0,"key":"Pear"},{"floor":23,"key":"MawBank"},{"floor":26,"key":"Nunchaku"},{"floor":30,"key":"Replay:Multitool"}],"event_choices":[{"cards_removed":["Defend_P"],"damage_healed":0.0,"max_hp_gain":0.0,"max_hp_loss":0.0,"gold_gain":0.0,"event_name":"Golden Wing","player_choice":"Card Removal","floor":2.0,"gold_loss":0.0,"damage_taken":7.0},{"damage_healed":0.0,"max_hp_gain":0.0,"max_hp_loss":0.0,"gold_gain":75.0,"event_name":"World of Goop","player_choice":"Gather Gold","floor":4.0,"gold_loss":0.0,"damage_taken":11.0},{"cards_removed":["EmptyBody"],"damage_healed":0.0,"max_hp_gain":0.0,"max_hp_loss":0.0,"gold_gain":0.0,"event_name":"Living Wall","player_choice":"Forget","floor":14.0,"gold_loss":0.0,"damage_taken":0.0},{"damage_healed":0,"gold_gain":0,"player_choice":"Ignored","damage_taken":0,"max_hp_gain":0,"max_hp_loss":0,"event_name":"Vampires","floor":20,"gold_loss":0},{"cards_removed":["Strike_P"],"damage_healed":0,"gold_gain":0,"player_choice":"Elegance","damage_taken":0,"max_hp_gain":0,"max_hp_loss":0,"event_name":"Back to Basics","floor":21,"gold_loss":0},{"damage_healed":0,"gold_gain":0,"player_choice":"Ignored","damage_taken":0,"max_hp_gain":0,"max_hp_loss":0,"event_name":"Ghosts","floor":25,"gold_loss":0}],"is_beta":false,"boss_relics":[{"not_picked":["Ring of Chaos","hubris:BlackHole"],"picked":"ReplayTheSpireMod:DimensionalGlitch"}],"items_purged_floors":[3,13,22,28],"is_endless":false,"potions_floor_spawned":[7,11,16,23,30],"killed_by":"Sentry and Sphere","ascension_level":4}}