{"host":"1c52r9kaxdyo25eq","time":1613747715,"event":{"mods":["AchievementEnabler","BaseMod","DeckTracker","Minty Spire (QoL Compilation)","Rare Cards Sparkle","SuperFastMode","everything is the same but u backflip on backflip"],"gold_per_floor":[118,131,142,154,164,164,38,70,96,96,153,163,188,188,188,279,279,304,8,8,24,37,37,37,37,37,37,37,37,37,62,62,62,62],"floor_reached":33,"language":"KOR","playtime":819,"items_purged":[],"score":522,"play_id":"dec2fb4d-15ca-44fe-ab4d-88327a475837","local_time":"20210220001515","is_ascension_mode":true,"campfire_choices":[{"data":"Feed","floor":6.0,"key":"SMITH"},{"data":"Sword Boomerang","floor":10.0,"key":"SMITH"},{"data":"Disarm","floor":15.0,"key":"SMITH"},{"data":"Apotheosis","floor":23.0,"key":"SMITH"},{"floor":25.0,"key":"REST"},{"floor":32,"key":"REST"}],"circlet_count":0,"master_deck":["AscendersBane","Strike_R","Strike_R","Strike_R","Strike_R","Defend_R","Defend_R","Defend_R","Defend_R","Bash","Wild Strike","Feed+1","Battle Trance","Rupture","Sword Boomerang+1","Dark Embrace","Bloodletting","Disarm+1","Corruption","CurseOfTheBell","Second Wind","Purity","Apotheosis+1","Fire Breathing","Evolve"],"relics":["Burning Blood","Orichalcum","Bag of Marbles","Nunchaku","Bag of Preparation","Ancient Tea Set","Golden Idol","Calling Bell","StoneCalendar","Darkstone Periapt","Pen Nib","Toy Ornithopter","Enchiridion"],"acts_visited":["Exordium","TheCity"],"potions_floor_usage":[],"damage_taken":[{"damage":0.0,"enemies":"Cultist","floor":1.0,"turns":3.0},{"damage":10.0,"enemies":"2 Louse","floor":2.0,"turns":3.0},{"damage":0.0,"enemies":"Small Slimes","floor":3.0,"turns":4.0},{"damage":5.0,"enemies":"Blue Slaver","floor":4.0,"turns":3.0},{"damage":14.0,"enemies":"Lots of Slimes","floor":5.0,"turns":5.0},{"damage":28.0,"enemies":"Lagavulin","floor":8.0,"turns":6.0},{"damage":20.0,"enemies":"3 Sentries","floor":11.0,"turns":7.0},{"damage":0.0,"enemies":"3 Louse","floor":12.0,"turns":2.0},{"damage":20.0,"enemies":"Gremlin Nob","floor":13.0,"turns":4.0},{"damage":51.0,"enemies":"Hexaghost","floor":16.0,"turns":12.0},{"damage":72.0,"enemies":"3 Byrds","floor":18.0,"turns":7.0},{"damage":7.0,"enemies":"Chosen","floor":21.0,"turns":4.0},{"damage":18.0,"enemies":"Centurion and Healer","floor":22.0,"turns":5.0},{"damage":6,"enemies":"Snecko","floor":31,"turns":4},{"damage":41,"enemies":"Automaton","floor":33,"turns":6}],"seed_played":"-7598467506597656803","potions_obtained":[{"floor":3.0,"key":"BlessingOfTheForge"},{"floor":4.0,"key":"BloodPotion"},{"floor":5.0,"key":"BloodPotion"},{"floor":11.0,"key":"Weak Potion"}],"is_trial":false,"path_per_floor":["M","M","M","M","M","R","$","E","T","R","?","M","E","?","R","B",null,"M","$","?","M","M","R","?","R","T","$","?","$","?","M","R","B"],"character_chosen":"IRONCLAD","items_purchased":["Rupture","Sword Boomerang","Purity","Apotheosis"],"campfire_rested":2,"item_purchase_floors":[7,7,19,19],"current_hp_per_floor":[74,70,78,81,84,84,84,66,66,66,56,66,52,52,52,11,71,27,27,27,26,18,18,18,47,47,47,26,26,26,26,55,14,14],"gold":62,"neow_bonus":"RANDOM_COMMON_RELIC","is_daily":false,"chose_seed":false,"campfire_upgraded":4,"win_rate":0.0,"timestamp":1613747715,"path_taken":["M","M","M","M","M","R","?","E","T","R","?","M","E","?","R","BOSS","M","$","?","?","M","R","?","R","T","$","?","?","?","M","R","BOSS"],"items_purchased_type":["Card","Card","Card","Card"],"build_version":"2020-12-22","purchased_purges":0,"victory":false,"max_hp_per_floor":[75,75,78,81,84,84,84,88,88,88,92,96,96,87,87,91,91,95,95,95,95,99,99,99,99,99,99,99,99,99,99,99,99,99],"card_choices":[{"not_picked":["Anger","Dual Wield"],"picked":"Wild Strike","floor":1.0},{"not_picked":["Twin Strike","Pommel Strike"],"picked":"Feed","floor":2.0},{"not_picked":["Combust","Rage"],"picked":"Battle Trance","floor":3.0},{"not_picked":["Havoc","Entrench"],"picked":"Pommel Strike","floor":4.0},{"not_picked":["Thunderclap","Flex","Headbutt"],"picked":"SKIP","floor":5.0},{"not_picked":["Armaments","Clash"],"picked":"Dark Embrace","floor":8.0},{"not_picked":["Metallicize","Iron Wave"],"picked":"Bloodletting","floor":11.0},{"not_picked":["Sword Boomerang","Berserk","Cleave"],"picked":"SKIP","floor":12.0},{"not_picked":["Iron Wave","Shrug It Off"],"picked":"Disarm","floor":13.0},{"not_picked":["Berserk","Double Tap"],"picked":"Corruption","floor":16.0},{"not_picked":["Dropkick","Dark Embrace+1"],"picked":"Second Wind","floor":18.0},{"not_picked":["Flex","Seeing Red"],"picked":"Fire Breathing","floor":21.0},{"not_picked":["Pommel Strike","Headbutt"],"picked":"Evolve","floor":22.0},{"not_picked":["Sword Boomerang","Dual Wield","Thunderclap"],"picked":"SKIP","floor":31}],"player_experience":656296,"relics_obtained":[{"floor":8.0,"key":"Bag of Marbles"},{"floor":9.0,"key":"Nunchaku"},{"floor":13.0,"key":"Ancient Tea Set"},{"floor":17.0,"key":"StoneCalendar"},{"floor":17.0,"key":"Darkstone Periapt"},{"floor":17.0,"key":"Pen Nib"},{"floor":28,"key":"Enchiridion"}],"event_choices":[{"damage_healed":0.0,"max_hp_gain":0.0,"max_hp_loss":0.0,"gold_gain":0.0,"event_name":"Dead Adventurer","player_choice":"Searched \u00273\u0027 times","floor":11.0,"gold_loss":0.0,"damage_taken":0.0,"relics_obtained":["Bag of Preparation"]},{"damage_healed":0.0,"max_hp_gain":0.0,"max_hp_loss":9.0,"gold_gain":0.0,"event_name":"Golden Idol","player_choice":"Lose Max HP","floor":14.0,"gold_loss":0.0,"damage_taken":0.0,"relics_obtained":["Golden Idol"]},{"cards_removed":["Pommel Strike"],"damage_healed":0.0,"max_hp_gain":0.0,"max_hp_loss":0.0,"gold_gain":0.0,"event_name":"WeMeetAgain","player_choice":"Gave Card","floor":20.0,"gold_loss":0.0,"damage_taken":0.0,"relics_obtained":["Toy Ornithopter"]},{"damage_healed":0.0,"max_hp_gain":0.0,"max_hp_loss":0.0,"gold_gain":0.0,"event_name":"The Mausoleum","player_choice":"Ignored","floor":24.0,"gold_loss":0.0,"damage_taken":0.0},{"damage_healed":0,"gold_gain":0,"player_choice":"Obtained Book","damage_taken":21,"max_hp_gain":0,"max_hp_loss":0,"event_name":"Cursed Tome","floor":28,"gold_loss":0},{"cards_removed":["Strike_R"],"damage_healed":0,"gold_gain":0,"player_choice":"Elegance","damage_taken":0,"max_hp_gain":0,"max_hp_loss":0,"event_name":"Back to Basics","floor":30,"gold_loss":0}],"is_beta":false,"boss_relics":[{"not_picked":["Black Star","Runic Cube"],"picked":"Calling Bell"}],"items_purged_floors":[],"is_endless":false,"potions_floor_spawned":[3,4,5,11,12],"killed_by":"Automaton","ascension_level":19}}