{"host":"i5k6a03zg3men3m2","time":1613738893,"event":{"mods":["Act Like it!","Arknights","BaseMod","Downfall","Gensokyo","GifTheSpireLib","Minty Spire (QoL Compilation)","Quick Restart","Replay The Spire","StSLib","Td1madao Mod","TestMod","The Animator","The Cursed","The Hierophant"],"gold_per_floor":[118,43,43,43,57,100,17,17,17,17,17,17,17],"floor_reached":12,"language":"ZHS","playtime":534,"items_purged":["animator:Strike"],"score":74,"play_id":"8fc52e03-bd1f-40c9-ab91-a0f083cfb9e1","local_time":"20210219204813","is_ascension_mode":false,"campfire_choices":[{"data":"animator:Darkness","floor":8,"key":"SMITH"},{"data":"animator:Kazuma","floor":11,"key":"SMITH"}],"circlet_count":0,"master_deck":["animator:Strike_Konosuba","animator:Defend_Konosuba","animator:Strike","animator:Defend","animator:Defend","animator:Defend","animator:Kazuma+1","animator:Aqua","animator:Entoma+2","animator:Darkness+1"],"relics":["animator:LivingPicture","animator:TheMissingPiece","testmod-TestBox","animator:PurgingStone","testmod-Hope","NeowsBlessing","Gensokyo:CelestialsFlawlessClothing","testmod-Antiphasic","Replay:Wax Seal","testmod-Maize"],"acts_visited":["Gensokyo:Gensokyo"],"potions_floor_usage":[],"damage_taken":[{"damage":0,"enemies":"Gensokyo:2_Kodama","floor":1,"turns":1},{"damage":0,"enemies":"Gensokyo:3_Fairies","floor":5,"turns":1},{"damage":1,"enemies":"Gensokyo:Cirno","floor":6,"turns":2},{"damage":56,"enemies":"Gensokyo:Aya","floor":12,"turns":11}],"seed_played":"666768799067697719","potions_obtained":[],"is_trial":false,"path_per_floor":["M","$","?","?","M","E","$","R","T","?","R","E"],"character_chosen":"THE_ANIMATOR","items_purchased":["Replay:Wax Seal"],"campfire_rested":0,"item_purchase_floors":[7],"current_hp_per_floor":[66,66,60,44,46,49,49,49,49,49,49,70,70],"gold":17,"neow_bonus":"THREE_ENEMY_KILL","is_daily":false,"chose_seed":false,"campfire_upgraded":2,"win_rate":0.0,"timestamp":1613738893,"path_taken":["M","?","?","?","M","E","$","R","T","?","R","E"],"items_purchased_type":["Relic"],"build_version":"2020-12-22","purchased_purges":1,"victory":false,"max_hp_per_floor":[66,66,66,66,68,70,70,70,70,70,70,70,70],"card_choices":[{"not_picked":["animator:Witch","animator:ElricEdward"],"picked":"animator:Entoma","floor":1},{"not_picked":["animator:Aqua","animator:IrohaTamaki","animator:Rena"],"picked":"SKIP","floor":5},{"not_picked":["animator:Ara","animator:TukaLunaMarceau"],"picked":"animator:Darkness","floor":6}],"player_experience":576930,"relics_obtained":[{"floor":6,"key":"testmod-Antiphasic"},{"floor":9,"key":"testmod-Maize"}],"event_choices":[],"is_beta":false,"boss_relics":[],"items_purged_floors":[2],"is_endless":false,"potions_floor_spawned":[],"killed_by":"Gensokyo:Aya","ascension_level":0}}