{"host":"8e0m9cx22ai8420f","time":1613761945,"event":{"mods":["AchievementEnabler","BaseMod","Better Altar","Better Match","Better Skull","Better Third Choice","Googly Eyes","Gremlin Mod","Hermit","Hubris","Minty Spire (QoL Compilation)","Replay The Spire","StSLib","The Construct","The Cursed","The Hierophant","The Mystic","The Servant 0.9.4"],"gold_per_floor":[109,59,77,77,88,120,145,157,192,204,228,119,149,161,161,260,260,274,199,99,113,113,113,141,154,154,168,168,24,24,52,52,148,148,168,168,168,168,26,26,51,70,120,140,175,191,191,191,191,191,191,191,14,41,41],"floor_reached":56,"language":"ENG","playtime":11132,"items_purged":["TheCursedMod:Defend_TheCursed","TheCursedMod:Strike_TheCursed","TheCursedMod:Strike_TheCursed","TheCursedMod:Defend_TheCursed"],"score":2270,"play_id":"e200cc4e-e3c1-4977-b006-35347fc24b9a","local_time":"20210219111225","is_ascension_mode":true,"campfire_choices":[{"floor":8,"key":"REST"},{"floor":10,"key":"REST"},{"floor":15,"key":"REST"},{"floor":23,"key":"RECALL"},{"floor":30,"key":"REST"},{"floor":32,"key":"REST"},{"floor":40,"key":"REST"},{"floor":47,"key":"REST"},{"floor":49,"key":"REST"},{"floor":52,"key":"REST"}],"circlet_count":0,"master_deck":["AscendersBane","Apotheosis+1","TheCursedMod:Strike_TheCursed+1","TheCursedMod:Defend_TheCursed+1","TheCursedMod:CursedWand","TheCursedMod:CleanUpWorkshop+1","TheCursedMod:Dregs","TheCursedMod:SmokeScreen","TheCursedMod:LuckyCharm+1","TheCursedMod:CursedBlade","TheCursedMod:SmokeScreen","TheCursedMod:SurpriseAttack","TheCursedMod:CursedSpellbook","TheCursedMod:DemonSword","TheCursedMod:HellfireBreathing+1","TheCursedMod:CursedBoomerang+1","TheCursedMod:SpitefulPlan","TheCursedMod:SurpriseAttack+1","TheCursedMod:CursedSpellbook+1","TheCursedMod:HellfireBreathing+1","ReplayTheSpireMod:IOU","TheCursedMod:DemonSword","ReplayTheSpireMod:IOU","TheCursedMod:AbyssShockwave","TheCursedMod:ManaBullet+1","TheCursedMod:CursedSpellbook","TheCursedMod:CursedBlade","TheCursedMod:SpitefulPray+1","TheCursedMod:CursedBoomerang+1","TheCursedMod:LuckyCharm"],"relics":["TheCursedMod:BlackMagic101","MawBank","Gremlin Food","Replay:Wax Seal","hubris:Backtick","hubris:TinFlute","hubris:GlazedTorus","ReplayTheSpireMod:TigerMarble","The Courier","SlaversCollar","Happy Flower","hubris:SlimyHat","ReplayTheSpireMod:Lightbulb","hubris:BundleOfHerbs","Onion Ring"],"acts_visited":["Exordium","TheCity","TheBeyond","TheEnding"],"potions_floor_usage":[7,16,16,31,35,46,46,50,55],"damage_taken":[{"damage":0.0,"enemies":"Cultist","floor":1.0,"turns":3.0},{"damage":0.0,"enemies":"Small Slimes","floor":3.0,"turns":3.0},{"damage":0,"enemies":"Jaw Worm","floor":5,"turns":3},{"damage":27,"enemies":"Lagavulin","floor":6,"turns":9},{"damage":13,"enemies":"Exordium Thugs","floor":7,"turns":3},{"damage":1,"enemies":"Blue Slaver","floor":11,"turns":4},{"damage":20,"enemies":"Gremlin Nob","floor":13,"turns":5},{"damage":0,"enemies":"Large Slime","floor":14,"turns":5},{"damage":0,"enemies":"Fading Forest","floor":16,"turns":11},{"damage":0,"enemies":"Chosen","floor":18,"turns":7},{"damage":0,"enemies":"3 Byrds","floor":21,"turns":4},{"damage":0,"enemies":"Gremlin Leader","floor":24,"turns":5},{"damage":7,"enemies":"Snake Plant","floor":25,"turns":4},{"damage":4,"enemies":"Snecko","floor":27,"turns":5},{"damage":27,"enemies":"Slavers","floor":31,"turns":3},{"damage":12,"enemies":"Pondfish","floor":33,"turns":6},{"damage":35,"enemies":"3 Darklings","floor":35,"turns":4},{"damage":23,"enemies":"Giant Head","floor":41,"turns":6},{"damage":4,"enemies":"3 Shapes","floor":42,"turns":3},{"damage":6,"enemies":"Sphere and 2 Shapes","floor":44,"turns":4},{"damage":2,"enemies":"Nemesis","floor":45,"turns":5},{"damage":9,"enemies":"Transient","floor":46,"turns":5},{"damage":43,"enemies":"Awakened One","floor":50,"turns":5},{"damage":9,"enemies":"Shield and Spear","floor":54,"turns":4},{"damage":48,"enemies":"The Heart","floor":55,"turns":6}],"seed_played":"-156087073788545433","potions_obtained":[{"floor":5,"key":"AttackPotion"},{"floor":6,"key":"AttackPotion"},{"floor":7,"key":"SteroidPotion"},{"floor":16,"key":"Weak Potion"},{"floor":18,"key":"Fire Potion"},{"floor":33,"key":"Adrenaline Potion"},{"floor":35,"key":"EntropicBrew"},{"floor":54,"key":"Weak Potion"}],"is_trial":false,"path_per_floor":["M","?","M","?","M","E","M","R","T","R","M","$","E","M","R","B",null,"M","?","$","M","T","R","E","M","T","M","?","$","R","E","R","B",null,"M","$","?","T","$","R","E","M","T","M","E","M","R","?","R","B",null,"R","$","E","B",null],"character_chosen":"THE_CURSED","items_purchased":["TheCursedMod:SurpriseAttack","TheCursedMod:HellfireBreathing","TheCursedMod:DemonSword","TheCursedMod:ManaBullet+1","TheCursedMod:CursedSpellbook","TheCursedMod:CursedBlade","TheCursedMod:LuckyCharm"],"campfire_rested":9,"item_purchase_floors":[12,29,29,39,39,39,53],"current_hp_per_floor":[50,50,50,50,50,23,10,32,32,54,53,53,33,33,55,63,72,72,72,72,72,72,72,72,65,65,61,61,61,75,48,70,58,71,36,36,36,36,36,58,35,31,31,25,23,31,53,53,75,32,64,75,75,66,18],"gold":41,"neow_bonus":"THREE_RARE_CARDS","is_daily":false,"chose_seed":false,"campfire_upgraded":0,"win_rate":0.0,"timestamp":1613761945,"path_taken":["M","?","M","?","M","E","M","R","T","R","?","$","E","M","R","BOSS","M","?","$","M","?","R","E","M","T","M","?","$","R","E","R","BOSS","M","?","?","?","?","R","E","M","T","M","E","M","R","?","R","BOSS","R","$","E","BOSS"],"items_purchased_type":["Card","Card","Card","Card","Card","Card","Card"],"build_version":"2020-12-22","purchased_purges":4,"victory":true,"max_hp_per_floor":[75,75,75,75,75,75,75,75,75,75,75,75,75,75,75,75,75,75,75,75,75,75,75,75,75,75,75,75,75,75,75,75,75,75,75,75,75,75,75,75,75,75,75,75,75,75,75,75,75,75,75,75,75,75,75],"card_choices":[{"not_picked":["TheCursedMod:ParallelWorld","TheCursedMod:ShockAndAwe"],"picked":"TheCursedMod:Neurasthenia","floor":0.0},{"not_picked":["TheCursedMod:Obscuration","TheCursedMod:VitalStrike","TheCursedMod:SpitefulStrike"],"picked":"SKIP","floor":1.0},{"not_picked":["TheCursedMod:RavingStaff","TheCursedMod:SpitefulStrike"],"picked":"TheCursedMod:SmokeScreen","floor":3.0},{"not_picked":["TheCursedMod:WearCloak","TheCursedMod:Grudge"],"picked":"TheCursedMod:LuckyCharm","floor":5},{"not_picked":["TheCursedMod:TroublousMinions","TheCursedMod:SoulReap"],"picked":"TheCursedMod:CursedBlade","floor":6},{"not_picked":["TheCursedMod:DoubleShield","TheCursedMod:RavingStaff","TheCursedMod:CursedAmulet"],"picked":"SKIP","floor":7},{"not_picked":["TheCursedMod:ReleasedStrength","TheCursedMod:VitalStrike"],"picked":"TheCursedMod:SmokeScreen","floor":11},{"not_picked":["TheCursedMod:CircleOfCorruption","TheCursedMod:SmokeScreen","TheCursedMod:CursedRelics"],"picked":"SKIP","floor":13},{"not_picked":["TheCursedMod:SaltUponWound","TheCursedMod:TacticalStrike"],"picked":"TheCursedMod:CursedSpellbook","floor":14},{"not_picked":["TheCursedMod:CollectTribute","TheCursedMod:ForbiddenAlchemy"],"picked":"TheCursedMod:DemonSword","floor":16},{"not_picked":["TheCursedMod:CursedBlade+1","TheCursedMod:Stretching"],"picked":"TheCursedMod:HellfireBreathing+1","floor":18},{"not_picked":["TheCursedMod:VitalStrike+1","TheCursedMod:TacticalStrike+1"],"picked":"TheCursedMod:CursedBoomerang+1","floor":21},{"not_picked":["TheCursedMod:WearCloak+1","TheCursedMod:TacticalStrike+1","TheCursedMod:SoulCrush"],"picked":"SKIP","floor":24},{"not_picked":["TheCursedMod:Torture+1","TheCursedMod:Stigma+1"],"picked":"TheCursedMod:SpitefulPlan","floor":25},{"not_picked":["TheCursedMod:HellsGateOpen+1","TheCursedMod:CursedStaff"],"picked":"TheCursedMod:SurpriseAttack","floor":27},{"not_picked":["TheCursedMod:EmpowerCircles","TheCursedMod:DoubleShield","TheCursedMod:ParallelWorld"],"picked":"SKIP","floor":31},{"not_picked":["TheCursedMod:Torture+1","TheCursedMod:Stigma"],"picked":"TheCursedMod:AbyssShockwave","floor":35},{"not_picked":["TheCursedMod:WearCloak+1","TheCursedMod:CursedMace"],"picked":"TheCursedMod:SpitefulPray","floor":41},{"not_picked":["TheCursedMod:SpreadPlague+1","TheCursedMod:RapidMovement","TheCursedMod:SmokeScreen+1"],"picked":"SKIP","floor":42},{"not_picked":["TheCursedMod:Grudge","TheCursedMod:HellsGateOpen+1","TheCursedMod:DemonSword"],"picked":"SKIP","floor":44},{"not_picked":["TheCursedMod:Evocation","TheCursedMod:FuryStrike","TheCursedMod:EmpowerCircles"],"picked":"SKIP","floor":45},{"not_picked":["TheCursedMod:Obscuration+1","TheCursedMod:VitalStrike+1"],"picked":"TheCursedMod:CursedBoomerang+1","floor":46},{"not_picked":["TheCursedMod:SpitefulStrike","TheCursedMod:BloodBarrier","TheCursedMod:RapidMovement+1"],"picked":"SKIP","floor":54}],"player_experience":941367,"relics_obtained":[{"floor":6,"key":"MawBank"},{"floor":9,"key":"Gremlin Food"},{"floor":13,"key":"Replay:Wax Seal"},{"floor":22,"key":"hubris:GlazedTorus"},{"floor":24,"key":"ReplayTheSpireMod:TigerMarble"},{"floor":31,"key":"The Courier"},{"floor":38,"key":"Happy Flower"},{"floor":41,"key":"hubris:SlimyHat"},{"floor":43,"key":"ReplayTheSpireMod:Lightbulb"},{"floor":45,"key":"hubris:BundleOfHerbs"},{"floor":54,"key":"Onion Ring"}],"event_choices":[{"cards_removed":["TheCursedMod:Strike_TheCursed"],"damage_healed":0.0,"max_hp_gain":0.0,"max_hp_loss":0.0,"gold_gain":0.0,"event_name":"The Cleric","player_choice":"Card Removal","floor":2.0,"gold_loss":50.0,"damage_taken":0.0},{"damage_healed":0,"gold_gain":0,"player_choice":"Ignored","damage_taken":0,"max_hp_gain":0,"max_hp_loss":0,"event_name":"Fountain of Cleansing","floor":4,"gold_loss":0},{"cards_removed":["TheCursedMod:Defend_TheCursed"],"damage_healed":0,"gold_gain":0,"player_choice":"Gave Gold","damage_taken":0,"max_hp_gain":0,"max_hp_loss":0,"event_name":"Beggar","floor":19,"gold_loss":75},{"damage_healed":0,"gold_gain":0,"player_choice":"Read","damage_taken":0,"max_hp_gain":0,"max_hp_loss":0,"event_name":"The Library","floor":28,"gold_loss":0,"cards_obtained":["TheCursedMod:CursedSpellbook"]},{"cards_removed":["TheCursedMod:Neurasthenia"],"damage_healed":0,"gold_gain":0,"player_choice":"Removed Skill","damage_taken":0,"max_hp_gain":0,"max_hp_loss":0,"event_name":"Falling","floor":37,"gold_loss":0},{"damage_healed":0,"gold_gain":0,"player_choice":"Ignored","damage_taken":0,"max_hp_gain":0,"max_hp_loss":0,"event_name":"Tomb of Lord Red Mask","floor":48,"gold_loss":0}],"is_beta":false,"boss_relics":[{"not_picked":["Painkiller Herb","ReplayTheSpireMod:DimensionalGlitch"],"picked":"hubris:Backtick"},{"not_picked":["hubris:GrandSneckoEye","Astrolabe"],"picked":"SlaversCollar"}],"items_purged_floors":[12,20,29,53],"is_endless":false,"potions_floor_spawned":[5,6,7,16,18,33,35,42,45,54],"ascension_level":11}}