{"host":"r0ye8pdzuq6zwfvs","time":1613777800,"event":{"mods":["AchievementEnabler","Act Like it!","Arknights","BaseMod","BetterRewards","CapriCore","Card Forge","Colored Map","Colored Powertips","Custom Start","DeckTracker","Luminous","Minty Spire (QoL Compilation)","Permanent Neow","Prisma Mod","Quick Restart","Relic Stats","Shop Mod","StSLib","SuperFastMode","Swap Starting Deck Mod","The Alterego","The Immortal","Uncapped","Weighted Paths"],"gold_per_floor":[129,161,173,201,233,278,290,302,314,338,366,408,420,432,444,558,570,601,626,653,675,687,726,738,782,794,817,531,531,542,542,542,637,637,652,667,677,697,714,739,739,753,753,771,802,802,802,836,836,836,836,836,684,715,715],"floor_reached":56,"language":"ENG","playtime":2044,"items_purged":[],"score":1443,"play_id":"4cf8ab35-867b-4c15-ab9f-f3a2a97c05c6","local_time":"20210219163640","is_ascension_mode":false,"campfire_choices":[{"floor":7,"key":"RECALL"},{"floor":13,"key":"REST"},{"floor":15,"key":"REST"},{"floor":24,"key":"REST"},{"floor":29,"key":"REST"},{"floor":32,"key":"REST"}],"circlet_count":0,"master_deck":["PathToVictory+1","Judgement+1","PathToVictory+1","Scrawl+1","Perseverance+1","LikeWater+1","InnerPeace+1","InnerPeace+1","LikeWater+1","Perseverance+1"],"relics":["PureWater","Hammer of Thor","Seething Fire","Anvil of the Gods","MawBank","Bottled Lightning","Philosopher\u0027s Stone","alterego_mod:FleetingLove","Meat on the Bone","Pantograph","Mercury Hourglass","Calipers","Coffee Dripper","MealTicket","Singing Bowl","Blue Candle","White Beast Statue","Lantern","Damaru"],"acts_visited":["Exordium","TheCity","TheBeyond","TheEnding"],"potions_floor_usage":[11,55,55],"damage_taken":[{"damage":2,"enemies":"Jaw Worm","floor":1,"turns":4},{"damage":2,"enemies":"ats:Genji","floor":2,"turns":5},{"damage":0,"enemies":"Small Slimes","floor":4,"turns":1},{"damage":0,"enemies":"Exordium Thugs","floor":5,"turns":3},{"damage":0,"enemies":"Lagavulin","floor":6,"turns":4},{"damage":0,"enemies":"Red Slaver","floor":10,"turns":1},{"damage":0,"enemies":"Exordium Wildlife","floor":11,"turns":3},{"damage":2,"enemies":"Gremlin Nob","floor":12,"turns":3},{"damage":0,"enemies":"The Guardian","floor":16,"turns":5},{"damage":0,"enemies":"Spheric Guardian","floor":18,"turns":2},{"damage":0,"enemies":"Chosen","floor":19,"turns":3},{"damage":17,"enemies":"Snake Plant","floor":20,"turns":3},{"damage":0,"enemies":"Snecko","floor":21,"turns":3},{"damage":6,"enemies":"Gremlin Leader","floor":23,"turns":3},{"damage":6,"enemies":"Slavers","floor":25,"turns":3},{"damage":0,"enemies":"3 Cultists","floor":27,"turns":3},{"damage":6,"enemies":"Chosen and Byrds","floor":30,"turns":3},{"damage":6,"enemies":"Champ","floor":33,"turns":4},{"damage":3,"enemies":"3 Shapes","floor":35,"turns":2},{"damage":0,"enemies":"Orb Walker","floor":36,"turns":2},{"damage":6,"enemies":"Transient","floor":37,"turns":5},{"damage":0,"enemies":"4 Shapes","floor":38,"turns":3},{"damage":0,"enemies":"Maw","floor":39,"turns":3},{"damage":0,"enemies":"Nemesis","floor":40,"turns":4},{"damage":6,"enemies":"3 Darklings","floor":42,"turns":2},{"damage":0,"enemies":"Writhing Mass","floor":44,"turns":2},{"damage":0,"enemies":"Giant Head","floor":45,"turns":3},{"damage":8,"enemies":"Nemesis","floor":48,"turns":5},{"damage":12,"enemies":"Time Eater","floor":50,"turns":4},{"damage":5,"enemies":"Shield and Spear","floor":54,"turns":4},{"damage":71,"enemies":"The Heart","floor":55,"turns":8}],"seed_played":"-6682495586640544981","potions_obtained":[{"floor":2,"key":"Swift Potion"},{"floor":10,"key":"DistilledChaos"},{"floor":11,"key":"Fire Potion"},{"floor":16,"key":"FearPotion"},{"floor":37,"key":"BottledMiracle"}],"is_trial":false,"path_per_floor":["M","M","?","M","M","E","R","?","T","M","M","E","R","$","R","B",null,"M","M","M","M","?","E","R","E","T","M","$","R","M","?","R","B",null,"M","M","M","M","M","E","R","M","T","M","E","?","$","E","R","B",null,"R","$","E","B",null],"character_chosen":"WATCHER","items_purchased":["Calipers","Lantern"],"campfire_rested":5,"item_purchase_floors":[28,53],"current_hp_per_floor":[70,68,73,73,73,73,73,73,73,73,73,71,77,77,77,77,77,77,77,60,60,60,54,77,71,71,71,71,77,71,71,77,71,77,74,74,68,68,68,68,68,62,62,62,62,62,77,69,69,65,77,77,77,72,18],"gold":715,"neow_bonus":"RANDOM_COMMON_RELIC","is_daily":false,"chose_seed":false,"campfire_upgraded":0,"win_rate":0.0,"timestamp":1613777800,"path_taken":["M","M","?","M","M","E","R","?","T","M","M","E","R","$","R","BOSS","M","M","M","M","?","E","R","E","T","M","$","R","M","?","R","BOSS","M","M","M","M","M","E","R","M","T","M","E","?","$","E","R","BOSS","R","$","E","BOSS"],"items_purchased_type":["Relic","Relic"],"build_version":"2020-12-22","purchased_purges":0,"victory":true,"max_hp_per_floor":[72,72,77,77,77,77,77,77,77,77,77,77,77,77,77,77,77,77,77,77,77,77,77,77,77,77,77,77,77,77,77,77,77,77,77,77,77,77,77,77,77,77,77,77,77,77,77,77,77,77,77,77,77,77,77],"relic_stats":{"Singing Bowl":0,"counters":[31,103],"Pantograph":13,"Blue Candle":[0],"MealTicket":15,"MawBank":336,"obtain_stats":[{"Lantern":53,"Calipers":28,"Singing Bowl":43,"Blue Candle":45,"Damaru":54,"Hammer of Thor":0,"Seething Fire":0,"MawBank":0,"White Beast Statue":48,"Mercury Hourglass":26,"alterego_mod:FleetingLove":22,"Anvil of the Gods":0,"Pantograph":25,"Philosopher\u0027s Stone":17,"MealTicket":40,"Coffee Dripper":34,"Bottled Lightning":12,"PureWater":0,"Meat on the Bone":23},{"Lantern":29,"Calipers":16,"Singing Bowl":25,"Blue Candle":27,"Damaru":30,"Hammer of Thor":0,"Seething Fire":0,"MawBank":0,"White Beast Statue":28,"Mercury Hourglass":15,"alterego_mod:FleetingLove":13,"Anvil of the Gods":0,"Pantograph":15,"Philosopher\u0027s Stone":9,"MealTicket":24,"Coffee Dripper":18,"Bottled Lightning":8,"PureWater":0,"Meat on the Bone":14},{"Lantern":91,"Calipers":49,"Singing Bowl":77,"Blue Candle":82,"Damaru":95,"Hammer of Thor":0,"Seething Fire":0,"MawBank":0,"White Beast Statue":87,"Mercury Hourglass":46,"alterego_mod:FleetingLove":40,"Anvil of the Gods":0,"Pantograph":46,"Philosopher\u0027s Stone":29,"MealTicket":75,"Coffee Dripper":56,"Bottled Lightning":24,"PureWater":0,"Meat on the Bone":43}],"Meat on the Bone":12,"Mercury Hourglass":[211]},"card_choices":[{"not_picked":["Fasting2","ClearTheMind"],"picked":"PathToVictory","floor":1},{"not_picked":["Indignation","SashWhip","Conclude"],"picked":"SKIP","floor":2},{"not_picked":["EmptyFist","FollowUp","DeceiveReality"],"picked":"SKIP","floor":4},{"not_picked":["EmptyFist","FollowUp","DeceiveReality"],"picked":"SKIP","floor":4},{"not_picked":["Protect","Prostrate","CrushJoints"],"picked":"SKIP","floor":5},{"not_picked":["MasterReality","CutThroughFate","JustLucky"],"picked":"SKIP","floor":6},{"not_picked":["ThirdEye","Indignation","BowlingBash"],"picked":"SKIP","floor":10},{"not_picked":["Conclude","Establishment","WindmillStrike"],"picked":"SKIP","floor":11},{"not_picked":["SashWhip","Fasting2","Tantrum"],"picked":"SKIP","floor":12},{"not_picked":["Nirvana","PathToVictory","CutThroughFate+1"],"picked":"SKIP","floor":18},{"not_picked":["BowlingBash","FlyingSleeves+1","Crescendo"],"picked":"SKIP","floor":19},{"not_picked":["Protect","EmptyBody","WreathOfFlame"],"picked":"SKIP","floor":20},{"not_picked":["ClearTheMind+1","SignatureMove","ForeignInfluence"],"picked":"SKIP","floor":21},{"not_picked":["Conclude","BowlingBash","FlurryOfBlows"],"picked":"SKIP","floor":23},{"not_picked":["Omniscience","Vault","Study"],"picked":"SKIP","floor":25},{"not_picked":["EmptyFist","ClearTheMind","Protect+1"],"picked":"SKIP","floor":27},{"not_picked":["Sanctity+1","JustLucky","EmptyBody"],"picked":"SKIP","floor":30},{"not_picked":["ClearTheMind","WreathOfFlame","DeceiveReality"],"picked":"SKIP","floor":35},{"not_picked":["Pray","Fasting2","Weave+1"],"picked":"SKIP","floor":36},{"not_picked":["Crescendo+1","FlyingSleeves","CrushJoints+1"],"picked":"SKIP","floor":37},{"not_picked":["FollowUp+1","EmptyFist+1","FlurryOfBlows+1"],"picked":"SKIP","floor":38},{"not_picked":["ClearTheMind","SignatureMove+1","DeceiveReality+1"],"picked":"SKIP","floor":39},{"not_picked":["SignatureMove","FlurryOfBlows+1","Swivel+1"],"picked":"SKIP","floor":40},{"not_picked":["PathToVictory+1","Crescendo+1","Nirvana+1"],"picked":"SKIP","floor":42},{"not_picked":["Prostrate+1","Crescendo","Collect+1"],"picked":"SKIP","floor":44},{"not_picked":["FlurryOfBlows","Fasting2","FollowUp+1"],"picked":"SKIP","floor":45},{"not_picked":["Judgement","ClearTheMind+1","Weave+1"],"picked":"SKIP","floor":48},{"not_picked":["FollowUp+1","MentalFortress+1","ThirdEye"],"picked":"SKIP","floor":54}],"player_experience":243204,"relics_obtained":[{"floor":12,"key":"Bottled Lightning"},{"floor":23,"key":"Meat on the Bone"},{"floor":25,"key":"Pantograph"},{"floor":26,"key":"Mercury Hourglass"},{"floor":40,"key":"MealTicket"},{"floor":43,"key":"Singing Bowl"},{"floor":45,"key":"Blue Candle"},{"floor":48,"key":"White Beast Statue"},{"floor":54,"key":"Damaru"}],"event_choices":[{"damage_healed":0,"gold_gain":0,"player_choice":"Donut","damage_taken":0,"max_hp_gain":5,"max_hp_loss":0,"event_name":"Big Fish","floor":3,"gold_loss":0},{"damage_healed":0,"gold_gain":0,"player_choice":"Choice 1","damage_taken":0,"relics_obtained":["alterego_mod:FleetingLove"],"max_hp_gain":0,"max_hp_loss":0,"event_name":"Secret Garden","floor":22,"gold_loss":0},{"damage_healed":0,"gold_gain":0,"player_choice":"Ignored","damage_taken":0,"max_hp_gain":0,"max_hp_loss":0,"event_name":"Duplicator","floor":31,"gold_loss":0},{"damage_healed":0,"gold_gain":0,"player_choice":"Ignored","damage_taken":0,"max_hp_gain":0,"max_hp_loss":0,"event_name":"Purifier","floor":46,"gold_loss":0}],"is_beta":false,"boss_relics":[{"not_picked":["Cursed Key","Tiny House"],"picked":"Philosopher\u0027s Stone"},{"not_picked":["Runic Dome","Velvet Choker"],"picked":"Coffee Dripper"}],"items_purged_floors":[],"is_endless":false,"potions_floor_spawned":[2,10,11,16,18,23,25,30,33,37,40,44,45,48,54],"ascension_level":0}}