{"host":"jfbo3eu2ui08ej1u","time":1613754554,"event":{"mods":["2.2 Compatiblity","AchievementEnabler","Act Like it!","Aspiration","BaseMod","Better Altar","Better Match","Better Note","Better Sensory Stone","Better Skull","Better Third Choice","Block Reminder","Colored Map","Colored Powertips","Conspire","DeckTracker","Displayed Cursed Tome","Energized Spire","Fox Events","GifTheSpireLib","Hermit","Hubris","Infinite Spire","Marked Mod","Minty Spire (QoL Compilation)","Monster B Gone","Pale of the Ancients","Poor People Problems","Quick Restart","Relic Filter","Reliquary","Reorder Act Four","Replay The Spire","Shop Mod","Spicy Shops","Spire Arcade","StSLib","Stuff the Spire","The Blue Laboratory","The Disciple","The Forsaken","The Hierophant","The Marked","Uncapped","Unceasing Turn Reminder","Wandering Minibosses"],"gold_per_floor":[111,111,130,12,25,55,55,73,99,125,125,49,62,112,112,196,196,210,210,210],"floor_reached":19,"language":"ENG","playtime":622,"items_purged":[],"score":338,"play_id":"6472dcbe-05e3-4686-8fcc-bcb648f2c24e","local_time":"20210219120914","is_ascension_mode":true,"campfire_choices":[{"data":"Eruption","floor":7.0,"key":"SMITH"},{"floor":11.0,"key":"REST"},{"floor":15.0,"key":"REST"}],"circlet_count":0,"master_deck":["AscendersBane","Strike_P","Strike_P","Strike_P","Defend_P","Defend_P","Defend_P","Defend_P","Eruption+1","Vigilance","FollowUp","Sanctity","Adaptation","Adaptation","FlurryOfBlows","BowlingBash","WheelKick","Protect","Crescendo","Perseverance","SpiritShield"],"relics":["PureWater","FaceOfCleric","reliquary:JackalopeAntler","CeramicFish","ReplayTheSpireMod:DimensionalGlitch"],"acts_visited":["Exordium","TheCity"],"potions_floor_usage":[18],"damage_taken":[{"damage":2.0,"enemies":"Jaw Worm","floor":1.0,"turns":6.0},{"damage":2.0,"enemies":"Cultist","floor":3.0,"turns":4.0},{"damage":6.0,"enemies":"Small Slimes","floor":5.0,"turns":3.0},{"damage":18.0,"enemies":"Lagavulin","floor":6.0,"turns":6.0},{"damage":25.0,"enemies":"Exordium Thugs","floor":8.0,"turns":7.0},{"damage":0.0,"enemies":"3 Louse","floor":10.0,"turns":2.0},{"damage":1.0,"enemies":"Lots of Slimes","floor":13.0,"turns":4.0},{"damage":44,"enemies":"Slime Boss","floor":16,"turns":10},{"damage":11,"enemies":"2 Thieves","floor":18,"turns":4},{"damage":53,"enemies":"Masked Bandits","floor":19,"turns":2}],"seed_played":"2202454841018236769","potions_obtained":[{"floor":6.0,"key":"DuplicationPotion"},{"floor":16,"key":"Languid Potion"}],"is_trial":false,"path_per_floor":["M","?","M","$","M","E","R","M","T","M","R","$","M","?","R","B",null,"M","?"],"character_chosen":"WATCHER","items_purchased":["Adaptation","FlurryOfBlows","Perseverance"],"campfire_rested":2,"item_purchase_floors":[4,4,12],"current_hp_per_floor":[59,59,58,58,53,36,36,12,12,13,34,34,34,34,56,13,60,50,0,0],"gold":210,"neow_bonus":"REMOVE_CARD","is_daily":false,"chose_seed":false,"campfire_upgraded":1,"win_rate":0.0,"timestamp":1613754554,"path_taken":["M","?","M","$","M","E","R","M","T","M","R","$","?","?","R","BOSS","M","?"],"items_purchased_type":["Card","Card","Card"],"build_version":"2020-12-22","purchased_purges":0,"victory":false,"max_hp_per_floor":[68,68,69,69,70,71,71,72,72,73,73,73,74,74,74,75,75,76,76,76],"card_choices":[{"not_picked":["Halt","EmptyFist"],"picked":"FollowUp","floor":1.0},{"not_picked":["EmptyFist","MentalFortress"],"picked":"Sanctity","floor":3.0},{"not_picked":["SashWhip","InnerPeace"],"picked":"BowlingBash","floor":5.0},{"not_picked":["CarveReality","SignatureMove"],"picked":"WheelKick","floor":6.0},{"not_picked":["CrushJoints","MarkedMod:Acupuncture"],"picked":"Protect","floor":8.0},{"not_picked":["MarkedMod:FirstStrike","MarkedMod:GracefulMovements"],"picked":"Crescendo","floor":10.0},{"not_picked":["Blasphemy","Evaluate","MarkedMod:GracefulMovements"],"picked":"SKIP","floor":13.0},{"not_picked":["Brilliance","MarkedMod:NorthStar"],"picked":"SpiritShield","floor":16},{"not_picked":["MarkedMod:Acupuncture","BowlingBash","WaveOfTheHand"],"picked":"SKIP","floor":18}],"player_experience":1352867,"relics_obtained":[{"floor":6.0,"key":"reliquary:JackalopeAntler"},{"floor":9.0,"key":"CeramicFish"}],"event_choices":[{"damage_healed":0.0,"max_hp_gain":0.0,"max_hp_loss":0.0,"gold_gain":0.0,"event_name":"FaceTrader","player_choice":"Trade","floor":2.0,"gold_loss":0.0,"damage_taken":0.0,"relics_obtained":["FaceOfCleric"]},{"damage_healed":0.0,"max_hp_gain":0.0,"max_hp_loss":0.0,"gold_gain":50.0,"event_name":"Golden Shrine","player_choice":"Pray","floor":14.0,"gold_loss":0.0,"damage_taken":0.0},{"damage_healed":0,"gold_gain":0,"player_choice":"Fought Bandits","damage_taken":0,"max_hp_gain":0,"max_hp_loss":0,"event_name":"Masked Bandits","floor":19,"gold_loss":0}],"is_beta":false,"boss_relics":[{"not_picked":["Tiny House","Fusion Hammer"],"picked":"ReplayTheSpireMod:DimensionalGlitch"}],"items_purged_floors":[],"is_endless":false,"potions_floor_spawned":[6,16],"killed_by":"Masked Bandits","ascension_level":20}}