{"host":"u7zhttixy8blwree","time":1613763399,"event":{"mods":["BaseMod","BetterRewards","Hubris","Minty Spire (QoL Compilation)","Replay The Spire","StSLib","Td1madao Mod","The Animator","The Runesmith","The Servant 0.9.4"],"gold_per_floor":[114,131,131,131,131,131,144,155,155,168,178,194,228,75,75,177,177,189,219,230,329,249,249,339,372,396,396,396,416,119,139,139,152,152,152,152],"floor_reached":35,"language":"ENG","playtime":2712,"items_purged":[],"score":304,"play_id":"f7bd30c4-49d8-45f3-bf78-a980cd498ae2","local_time":"20210219133639","is_ascension_mode":false,"campfire_choices":[{"data":"Comet","floor":6,"key":"SMITH"},{"floor":15,"key":"REST"},{"data":"SilverBlades","floor":23,"key":"SMITH"},{"floor":32,"key":"REST"}],"circlet_count":0,"master_deck":["Strike_S","Strike_S","Strike_S","Strike_S","Defend_S","Defend_S","Defend_S","Defend_S","KidneyShot","Exchange","Comet+1","ShatteredReality","Defy","TimeWarp","Moonlight","Ricochet","Initiator","Ricochet","SilverBlades+1","Ricochet","SilverBlades+1","Starlight","Moonlight","Starlight","Rearm","Luminosity","Barrier"],"relics":["Uniform","Replay:Rubber Ducky","hubris:Potato","Onion Ring","Pet Ghost","hubris:HollowSoul","Red Mask","Potion Belt","Replay:Mystery Machine","Mercury Hourglass"],"acts_visited":["Exordium","TheCity"],"potions_floor_usage":[13,13,13,29,35,35],"damage_taken":[{"damage":4,"enemies":"Small Slimes","floor":1,"turns":5},{"damage":3,"enemies":"2 Louse","floor":2,"turns":4},{"damage":0,"enemies":"Cultist","floor":7,"turns":3},{"damage":13,"enemies":"Large Slime","floor":8,"turns":8},{"damage":0,"enemies":"2 Fungi Beasts","floor":10,"turns":3},{"damage":13,"enemies":"3 Louse","floor":11,"turns":2},{"damage":6,"enemies":"Exordium Thugs","floor":12,"turns":4},{"damage":0,"enemies":"Gremlin Nob","floor":13,"turns":2},{"damage":44,"enemies":"Fading Forest","floor":16,"turns":11},{"damage":1,"enemies":"Chosen","floor":18,"turns":3},{"damage":10,"enemies":"Masked Bandits","floor":19,"turns":3},{"damage":0,"enemies":"Spheric Guardian","floor":20,"turns":3},{"damage":20,"enemies":"Slavers","floor":25,"turns":2},{"damage":2,"enemies":"Cultist and Chosen","floor":29,"turns":4},{"damage":6,"enemies":"Sentry and Sphere","floor":31,"turns":4},{"damage":11,"enemies":"Snecko","floor":33,"turns":3},{"damage":16,"enemies":"Automaton","floor":35,"turns":3}],"seed_played":"-8424571796236119226","potions_obtained":[{"floor":2,"key":"FearPotion"},{"floor":10,"key":"SteroidPotion"},{"floor":12,"key":"Explosive Potion"},{"floor":16,"key":"Swift Potion"},{"floor":19,"key":"Languid Potion"},{"floor":25,"key":"Explosive Potion"},{"floor":33,"key":"FearPotion"}],"is_trial":false,"path_per_floor":["M","M","?","?","?","R","M","M","T","M","M","M","E","$","R","B",null,"M","?","M","?","$","R","?","E","T","PTL","PTL","M","$","M","R","M","R","B"],"character_chosen":"THE_SERVANT","items_purchased":["Pet Ghost","SilverBlades","Mercury Hourglass","Starlight"],"campfire_rested":2,"item_purchase_floors":[14,22,30,30],"current_hp_per_floor":[61,58,63,63,70,70,70,57,57,57,44,38,38,38,59,25,70,69,59,59,59,59,59,47,27,27,27,27,35,35,29,50,39,39,0,0],"gold":152,"neow_bonus":"RANDOM_COMMON_RELIC","is_daily":false,"chose_seed":false,"campfire_upgraded":2,"win_rate":0.0,"timestamp":1613763399,"path_taken":["M","M","?","?","?","R","M","M","T","M","?","M","E","$","R","BOSS","M","?","M","?","$","R","?","E","T","PTL","PTL","M","$","M","R","?","R","BOSS"],"items_purchased_type":["Relic","Card","Relic","Card"],"build_version":"2020-12-22","purchased_purges":0,"victory":false,"max_hp_per_floor":[65,65,70,70,70,70,70,70,70,70,70,70,70,70,70,70,70,70,70,70,70,70,70,70,70,70,70,70,70,70,70,70,70,70,70,70],"card_choices":[{"not_picked":["Unruled","TimeWarp"],"picked":"MoonPhase","floor":1},{"not_picked":["StarChef","Hightail"],"picked":"Comet","floor":2},{"not_picked":["Alleviate","Foresight"],"picked":"ShatteredReality","floor":7},{"not_picked":["Reset","BestPractice"],"picked":"Defy","floor":8},{"not_picked":["StarChef","Reset"],"picked":"Spin","floor":10},{"not_picked":["BottledTime","FanOfKnives"],"picked":"TimeWarp","floor":11},{"not_picked":["Spin","GearUp"],"picked":"Moonlight","floor":12},{"not_picked":["Defy","SoulSculpture"],"picked":"Ricochet","floor":13},{"not_picked":["ForgedInTime","SoulSculpture"],"picked":"Initiator","floor":16},{"not_picked":["Contraction","Defy"],"picked":"Ricochet","floor":18},{"not_picked":["Gouge","InstantArmor"],"picked":"SilverBlades+1","floor":19},{"not_picked":["Spin","StarChef"],"picked":"Ricochet","floor":20},{"not_picked":["DoubleEdge","ShiftingGears"],"picked":"Starlight","floor":25},{"not_picked":["TimeWarp+1","Rewind"],"picked":"Moonlight","floor":29},{"not_picked":["Rewind","TimeWarp+1"],"picked":"Rearm","floor":31},{"not_picked":["ShatteredReality","Revamp"],"picked":"Luminosity","floor":33}],"player_experience":144808,"relics_obtained":[{"floor":9,"key":"hubris:Potato"},{"floor":13,"key":"Onion Ring"},{"floor":19,"key":"Red Mask"},{"floor":25,"key":"Potion Belt"},{"floor":26,"key":"Replay:Mystery Machine"}],"event_choices":[{"damage_healed":0,"gold_gain":0,"player_choice":"Donut","damage_taken":0,"max_hp_gain":5,"max_hp_loss":0,"event_name":"Big Fish","floor":3,"gold_loss":0},{"damage_healed":0,"gold_gain":0,"player_choice":"Ignored","damage_taken":0,"max_hp_gain":0,"max_hp_loss":0,"event_name":"Golden Wing","floor":4,"gold_loss":0},{"cards_removed":["MoonPhase"],"damage_healed":7,"gold_gain":0,"player_choice":"Offered Uncommon","damage_taken":0,"max_hp_gain":0,"max_hp_loss":0,"event_name":"Bonfire Elementals","floor":5,"gold_loss":0},{"damage_healed":0,"gold_gain":0,"player_choice":"Fought Bandits","damage_taken":0,"max_hp_gain":0,"max_hp_loss":0,"event_name":"Masked Bandits","floor":19,"gold_loss":0},{"damage_healed":0,"gold_gain":99,"player_choice":"Stole From Cult","damage_taken":0,"max_hp_gain":0,"max_hp_loss":0,"event_name":"Nest","floor":21,"gold_loss":0},{"damage_healed":0,"gold_gain":90,"player_choice":"GOLD ","damage_taken":12,"max_hp_gain":0,"max_hp_loss":0,"event_name":"Knowing Skull","floor":24,"potions_obtained":[],"gold_loss":0,"cards_obtained":[]}],"is_beta":false,"boss_relics":[{"not_picked":["Painkiller Herb","ReplayTheSpireMod:DimensionalGlitch"],"picked":"hubris:HollowSoul"}],"items_purged_floors":[],"is_endless":false,"potions_floor_spawned":[2,10,12,16,19,25,33],"killed_by":"Automaton","ascension_level":0}}