{"host":"ie50qk0ts9eskyyo","time":1613729473,"event":{"mods":["BaseMod","BetterRewards","Colored Map","Downfall","Friendly Minions","Highlight Path","Hubris","Infinite Spire","Minty Spire (QoL Compilation)","Quick Restart","Reliquary","Replay The Spire","Robot Space Explorer","StSLib","SuperFastMode","The Jungle"],"gold_per_floor":[110,35,35,49,64,64,84,119,143,143,168,188,188,11,11,113,113,113,113],"floor_reached":18,"language":"ENG","playtime":977,"items_purged":["Regret"],"score":336,"play_id":"1b879e5b-0316-4bf1-9c70-692e09e61101","local_time":"20210219051113","is_ascension_mode":true,"campfire_choices":[{"data":"Life Link","floor":6,"key":"SMITH"},{"data":"Replay:Sssssssssshield","floor":13,"key":"SMITH"},{"data":"Metallicize","floor":15,"key":"SMITH"}],"circlet_count":0,"master_deck":["Strike_R","Strike_R","Defend_R","Defend_R","Defend_R","Defend_R","Bash","Impervious+1","Metallicize","Replay:Sssssssssshield+1","Cleave","Life Link+1","Battle Trance","Flame Barrier","infinitespire:Starlight","Rampage","Metallicize+1","Offering"],"relics":["Burning Blood","ReplayTheSpireMod:CursedCoin","hubris:OldNail","Strawberry","Replay:Accelerometer","Gremlin Horn","reliquary:ExpiredCoupon","hubris:FunFungus","Membership Card","Replay:Drink Me"],"acts_visited":["Exordium","TheCity"],"potions_floor_usage":[8,16,16],"damage_taken":[{"damage":2,"enemies":"Jaw Worm","floor":1,"turns":4},{"damage":3,"enemies":"Cultist","floor":4,"turns":4},{"damage":5,"enemies":"Small Slimes","floor":5,"turns":4},{"damage":10,"enemies":"3 Louse","floor":7,"turns":3},{"damage":16,"enemies":"Lagavulin","floor":8,"turns":8},{"damage":22,"enemies":"Gremlin Nob","floor":11,"turns":4},{"damage":3,"enemies":"Lots of Slimes","floor":12,"turns":3},{"damage":19,"enemies":"Fading Forest","floor":16,"turns":11},{"damage":6,"enemies":"Shell Parasite","floor":18,"turns":3}],"seed_played":"4099169645330291522","potions_obtained":[{"floor":1,"key":"Dexterity Potion"},{"floor":7,"key":"CultistPotion"}],"is_trial":false,"path_per_floor":["M","$","?","M","M","R","M","E","T","?","E","M","R","$","R","B",null,"M"],"character_chosen":"IRONCLAD","items_purchased":["ReplayTheSpireMod:CursedCoin","hubris:OldNail","Strawberry","Impervious+1","Perfected Strike","Metallicize","Replay:Sssssssssshield","Energy Potion","Membership Card","Metallicize"],"campfire_rested":0,"item_purchase_floors":[0,0,0,0,0,0,0,0,14,14],"current_hp_per_floor":[64,64,64,67,68,68,64,54,54,34,28,41,41,41,41,53,66,66,66],"gold":113,"neow_bonus":"","is_daily":false,"chose_seed":false,"campfire_upgraded":3,"win_rate":0.0,"timestamp":1613729473,"path_taken":["M","$","?","M","M","R","?","E","T","?","E","M","R","$","R","BOSS","M"],"items_purchased_type":["Relic","Relic","Relic","Card","Card","Card","Card","Potion","Relic","Card"],"build_version":"2020-12-22","purchased_purges":1,"victory":false,"max_hp_per_floor":[87,87,87,87,87,87,87,87,87,87,87,87,87,87,87,87,66,66,66],"card_choices":[{"not_picked":["Headbutt","Perfected Strike"],"picked":"Cleave","floor":1},{"not_picked":["Inflame","Cleave"],"picked":"Life Link","floor":4},{"not_picked":["Twin Strike","Sword Boomerang"],"picked":"Battle Trance","floor":5},{"not_picked":["Reckless Charge","ReplayTheSpireMod:Strike From Hell"],"picked":"Flame Barrier","floor":7},{"not_picked":["Twin Strike","Perfected Strike","Body Slam"],"picked":"SKIP","floor":8},{"not_picked":["infinitespire:Punishment","infinitespire:FutureSight"],"picked":"infinitespire:Starlight","floor":10},{"not_picked":["Thunderclap","Blood for Blood","Pummel"],"picked":"SKIP","floor":11},{"not_picked":["Pommel Strike","Sword Boomerang"],"picked":"Rampage","floor":12},{"not_picked":["Impervious","Corruption"],"picked":"Offering","floor":16}],"player_experience":40768,"relics_obtained":[{"floor":3,"key":"Replay:Accelerometer"},{"floor":8,"key":"Gremlin Horn"},{"floor":9,"key":"reliquary:ExpiredCoupon"},{"floor":11,"key":"hubris:FunFungus"}],"event_choices":[{"damage_healed":0,"gold_gain":0,"player_choice":"Relic","damage_taken":0,"max_hp_gain":0,"max_hp_loss":0,"event_name":"Wheel of Change","floor":3,"gold_loss":0}],"is_beta":false,"boss_relics":[{"not_picked":["infinitespire:Cupcake","ReplayTheSpireMod:DimensionalGlitch"],"picked":"Replay:Drink Me"}],"items_purged_floors":[2],"is_endless":false,"potions_floor_spawned":[1,7],"killed_by":"Shell Parasite","ascension_level":1}}