{"host":"qxeepl7ydvsgmfdb","time":1613753451,"event":{"mods":["AchievementEnabler","BaseMod","Colored Powertips","Minty Spire (QoL Compilation)","Quick Restart","slay the spire mod where everything is the same but ironclad has a cowboy hat"],"gold_per_floor":[115,115,115,80,97,127,137,137,137,156,191,114,114,130,130,204,204,222,222,24,44,63,63,63,63,63],"floor_reached":25,"language":"ENG","playtime":1433,"items_purged":[],"score":437,"play_id":"4ca12065-3c85-47f2-a35a-d5d17d45d4a1","local_time":"20210219115051","is_ascension_mode":true,"campfire_choices":[{"data":"Distraction","floor":8.0,"key":"SMITH"},{"floor":13.0,"key":"REST"},{"floor":15.0,"key":"REST"},{"floor":23,"key":"REST"}],"circlet_count":0,"master_deck":["AscendersBane","Strike_G","Strike_G","Strike_G+1","Strike_G","Defend_G","Defend_G","Defend_G","Defend_G","Defend_G","Survivor+1","Neutralize","Footwork","Noxious Fumes","Distraction+1","Adrenaline","Noxious Fumes","Deflect"],"relics":["Ring of the Snake","NeowsBlessing","Tough Bandages","Peace Pipe","PreservedInsect","WristBlade","Bronze Scales"],"acts_visited":["Exordium","TheCity"],"potions_floor_usage":[22],"damage_taken":[{"damage":0.0,"enemies":"Small Slimes","floor":1.0,"turns":1.0},{"damage":0.0,"enemies":"Jaw Worm","floor":5.0,"turns":1.0},{"damage":0.0,"enemies":"Lagavulin","floor":6.0,"turns":1.0},{"damage":0.0,"enemies":"Cultist","floor":7.0,"turns":5.0},{"damage":15.0,"enemies":"Large Slime","floor":10.0,"turns":8.0},{"damage":15.0,"enemies":"Gremlin Nob","floor":11.0,"turns":5.0},{"damage":8.0,"enemies":"Exordium Thugs","floor":14.0,"turns":5.0},{"damage":28.0,"enemies":"The Guardian","floor":16.0,"turns":12.0},{"damage":36.0,"enemies":"2 Thieves","floor":18.0,"turns":4.0},{"damage":7.0,"enemies":"3 Byrds","floor":21.0,"turns":3.0},{"damage":29,"enemies":"Shelled Parasite and Fungi","floor":22,"turns":7},{"damage":36,"enemies":"Snecko","floor":25,"turns":5}],"seed_played":"3906008407226571954","potions_obtained":[{"floor":1.0,"key":"Poison Potion"},{"floor":7.0,"key":"FairyPotion"},{"floor":14.0,"key":"Block Potion"},{"floor":21.0,"key":"ColorlessPotion"}],"is_trial":false,"path_per_floor":["M","?","?","?","M","E","M","R","T","M","E","$","R","M","R","B",null,"M","?","$","M","M","R","?","M"],"character_chosen":"THE_SILENT","items_purchased":["Noxious Fumes","Bronze Scales","Deflect"],"campfire_rested":3,"item_purchase_floors":[12,20,20],"current_hp_per_floor":[59,52,32,48,48,48,48,48,48,33,18,18,37,29,48,20,55,19,19,19,12,2,21,34,0,0],"gold":63,"neow_bonus":"THREE_ENEMY_KILL","is_daily":false,"chose_seed":false,"campfire_upgraded":1,"win_rate":0.0,"timestamp":1613753451,"path_taken":["M","?","?","?","M","E","M","R","T","?","E","?","R","M","R","BOSS","M","?","?","M","M","R","?","M"],"items_purchased_type":["Card","Relic","Card"],"build_version":"2020-12-22","purchased_purges":0,"victory":false,"max_hp_per_floor":[66,66,66,66,66,66,66,66,66,66,66,66,66,66,66,66,66,66,66,66,66,66,66,66,66,66],"card_choices":[{"not_picked":["Slice","Outmaneuver"],"picked":"Footwork","floor":1.0},{"not_picked":["Dagger Spray","Deflect"],"picked":"Noxious Fumes","floor":5.0},{"not_picked":["Bouncing Flask","Eviscerate"],"picked":"Distraction","floor":6.0},{"not_picked":["Infinite Blades","Blade Dance","Setup"],"picked":"SKIP","floor":7.0},{"not_picked":["Sucker Punch","Outmaneuver","Dagger Throw"],"picked":"SKIP","floor":10.0},{"not_picked":["Calculated Gamble","Masterful Stab"],"picked":"Adrenaline","floor":11.0},{"not_picked":["Backflip","Dagger Throw","Dash"],"picked":"SKIP","floor":14.0},{"not_picked":["Bouncing Flask+1","Noxious Fumes+1","Choke"],"picked":"SKIP","floor":18.0},{"not_picked":["Leg Sweep","Dagger Spray","Underhanded Strike+1"],"picked":"SKIP","floor":21.0},{"not_picked":["Cloak And Dagger","Flying Knee","Acrobatics"],"picked":"SKIP","floor":22}],"player_experience":178955,"relics_obtained":[{"floor":6.0,"key":"Tough Bandages"},{"floor":9.0,"key":"Peace Pipe"},{"floor":11.0,"key":"PreservedInsect"}],"event_choices":[{"cards_removed":["Strike_G"],"damage_healed":0.0,"max_hp_gain":0.0,"max_hp_loss":0.0,"gold_gain":0.0,"event_name":"Golden Wing","player_choice":"Card Removal","floor":2.0,"gold_loss":0.0,"damage_taken":7.0},{"damage_healed":0.0,"max_hp_gain":0.0,"max_hp_loss":0.0,"gold_gain":0.0,"event_name":"Shining Light","player_choice":"Entered Light","floor":3.0,"gold_loss":0.0,"damage_taken":20.0,"cards_upgraded":["Survivor","Strike_G"]},{"damage_healed":16.0,"max_hp_gain":0.0,"max_hp_loss":0.0,"gold_gain":0.0,"event_name":"The Cleric","player_choice":"Healed","floor":4.0,"gold_loss":35.0,"damage_taken":0.0},{"damage_healed":0.0,"max_hp_gain":0.0,"max_hp_loss":0.0,"gold_gain":0.0,"event_name":"Match and Keep!","player_choice":"0 cards matched","floor":19.0,"gold_loss":0.0,"damage_taken":0.0,"cards_obtained":[]},{"damage_healed":13,"gold_gain":0,"player_choice":"Heal","damage_taken":0,"max_hp_gain":0,"max_hp_loss":0,"event_name":"The Library","floor":24,"gold_loss":0}],"is_beta":false,"boss_relics":[{"not_picked":["SlaversCollar","Runic Pyramid"],"picked":"WristBlade"}],"items_purged_floors":[],"is_endless":false,"potions_floor_spawned":[1,7,10,14,21],"killed_by":"Snecko","ascension_level":17}}