{"host":"3z9xbwjeimmg738z","time":1613764017,"event":{"mods":["100% Spire Juice","2.2 Compatiblity","Act Like it!","AlwaysNeverKeys","Bard","BaseMod","Beaked The Cultist","Better Altar","Better Match","Better Note","Better Sensory Stone","Better Skull","Better Synergies","Better Third Choice","Bossed Relics","CapriCore","Colored Powertips","Defuse TimeMaze Blight","Dio Mod","Displayed Cursed Tome","Faster Ascension Climbing","GifTheSpireLib","Marisa????????","Minty Spire (QoL Compilation)","Pale of the Ancients","Permanent Neow","Replay The Spire","Ruina","Shapeshifter Mod","Smile Girya","StSLib","The Fake Hero","The Showman","TheBandit","Uncapped","Yakumo Yukari mod"],"gold_per_floor":[132,132,20,31,31,31,31,65,65,65,65,91,91,108,108,208,208,219,232,232,232,256,268,268],"floor_reached":23,"language":"ENG","playtime":1222,"items_purged":["Spreading Infection"],"score":197,"play_id":"467284eb-3440-4da4-9e6b-8104c9312f83","local_time":"20210219114657","is_ascension_mode":false,"campfire_choices":[{"floor":6,"key":"REST"},{"data":"ProofOfUnderstanding_purple","floor":10,"key":"SMITH"},{"floor":13,"key":"REST"},{"floor":15,"key":"REST"}],"circlet_count":0,"master_deck":["AT_purpleEX","AT_purpleEX","AT_purpleEX","AT_purpleEX","Defend_purpleEX","Defend_purpleEX","Defend_purpleEX","Observe_purple_1","Observe_purple_2","ProofOfUnderstanding_purple+1","Boundary_of_Extermination_purpleEX","OpenedBox_purple","RuptureOfTimeAndSpace_purple+1","Boundary_ObjectiveBoundary_purple","Know_ledgeAbilityRealm_purple"],"relics":["Boundary_crack","Memoryfragments_purpleEX","Replay:Mystery Machine","Blue Candle","ReplayFunnel","Sozu","ruina:Prescript","MawBank"],"acts_visited":["Exordium","ruina:Briah"],"potions_floor_usage":[12],"damage_taken":[{"damage":7,"enemies":"Jaw Worm","floor":1,"turns":5},{"damage":12,"enemies":"Small Slimes","floor":4,"turns":5},{"damage":25,"enemies":"Lagavulin","floor":8,"turns":7},{"damage":31,"enemies":"3 Sentries","floor":12,"turns":11},{"damage":7,"enemies":"2 Louse","floor":14,"turns":3},{"damage":28,"enemies":"Fading Forest","floor":16,"turns":11},{"damage":1,"enemies":"ruina:BadWolf","floor":18,"turns":3},{"damage":2,"enemies":"ruina:2_Scarecrows","floor":19,"turns":5},{"damage":33,"enemies":"ruina:Nos_and_Bat","floor":22,"turns":6},{"damage":32,"enemies":"ruina:Mountain","floor":23,"turns":2}],"seed_played":"-9108766973846732354","potions_obtained":[{"floor":8,"key":"DuplicationPotion"},{"floor":14,"key":"Ancient Potion"}],"is_trial":false,"path_per_floor":["M","?","$","M","?","R","?","E","T","R","?","E","R","M","R","B",null,"M","M","?","T","M","E"],"character_chosen":"Youkari","items_purchased":["Boundary_of_Extermination_purpleEX"],"campfire_rested":3,"item_purchase_floors":[3],"current_hp_per_floor":[59,59,59,49,34,52,52,32,32,32,32,6,24,19,37,19,63,62,61,61,61,28,0,0],"gold":268,"neow_bonus":"THREE_RARE_CARDS","is_daily":false,"chose_seed":false,"campfire_upgraded":1,"win_rate":0.0,"timestamp":1613764017,"path_taken":["M","?","$","M","?","R","?","E","T","R","?","E","R","M","R","BOSS","M","M","?","?","M","E"],"items_purchased_type":["Card"],"build_version":"2020-12-22","purchased_purges":1,"victory":false,"max_hp_per_floor":[63,63,63,63,63,63,63,63,63,63,63,63,63,63,63,63,63,63,63,63,63,63,63,63],"card_choices":[{"not_picked":["Mirror_TwoAndThreeElementRealm_purple","WangLiang_OokamiKakushi_purple"],"picked":"ProofOfUnderstanding_purple","floor":0},{"not_picked":["Mirror_FormAndEmptin_purple","ExistenceContinue_purple","MeetDecomposer_purple"],"picked":"SKIP","floor":1},{"not_picked":["StateErode_purple","Nest_LightFlightworm_purple"],"picked":"OpenedBox_purple","floor":4},{"not_picked":["MagicEyes_LaplaceDemon_purple","Worldmountain_purple","Umbrella_purple"],"picked":"SKIP","floor":8},{"not_picked":["Photoelasticity_Doppler_Effect_purple","WingOfChimera_purple"],"picked":"Boundary_ObjectiveBoundary_purple","floor":12},{"not_picked":["RealityDreamConfluencek_purple","SharpContractionReality_purple","ButterflyHabitatTemple_purple"],"picked":"SKIP","floor":14},{"not_picked":["Boundary_LifeAndDeath_purple","Human_Monster_Realm_purple"],"picked":"Know_ledgeAbilityRealm_purple","floor":16},{"not_picked":["EighthInstrument_OneDividesIntoTwo_purple","StretchesForeverDream_purple","Realm_recovery_purpleEX"],"picked":"SKIP","floor":18},{"not_picked":["Boundary_DreamRealityDamnation_purple+1","PurpleNeedle_purple","Umbrella_purple"],"picked":"SKIP","floor":19},{"not_picked":["WorldDissolvedintheRealm_purple","SfantasyHide_purple","Mirror_FourBoundary_purple"],"picked":"SKIP","floor":22}],"player_experience":222711,"relics_obtained":[{"floor":8,"key":"Replay:Mystery Machine"},{"floor":9,"key":"Blue Candle"},{"floor":12,"key":"ReplayFunnel"},{"floor":21,"key":"MawBank"}],"event_choices":[{"damage_healed":0,"gold_gain":0,"player_choice":"Ignored","damage_taken":31,"max_hp_gain":0,"max_hp_loss":0,"event_name":"betterThird:BetterSerpent","floor":7,"gold_loss":0}],"is_beta":false,"boss_relics":[{"not_picked":["Fusion Hammer","ReplayTheSpireMod:DimensionalGlitch"],"picked":"Sozu"}],"items_purged_floors":[3],"is_endless":false,"potions_floor_spawned":[8,14],"killed_by":"ruina:Mountain","ascension_level":0}}