{"host":"x52zk6e1f2bye2h7","time":1613743467,"event":{"mods":["AchievementEnabler","BaseMod","Highlight Path","Minty Spire (QoL Compilation)","everything is the same but u backflip on backflip"],"gold_per_floor":[114,126,13,28,28,28,61,61,61,87,87,87,127,142,142,142,142],"floor_reached":16,"language":"ENG","playtime":787,"items_purged":["Decay"],"score":157,"play_id":"bf25a52c-c677-43c3-b201-af73e9c21e84","local_time":"20210219140427","is_ascension_mode":true,"campfire_choices":[{"data":"MentalFortress","floor":6,"key":"SMITH"},{"data":"Eruption","floor":8,"key":"SMITH"},{"floor":15,"key":"REST"}],"circlet_count":0,"master_deck":["Strike_P","Strike_P","Strike_P","Defend_P","Defend_P","Defend_P","Defend_P","Eruption+1","Vigilance","FlurryOfBlows","Crescendo","MentalFortress+1","Pray","EmptyMind"],"relics":["PureWater","CaptainsWheel","Letter Opener","HornCleat","Eternal Feather","Golden Idol","Bronze Scales"],"acts_visited":["Exordium"],"potions_floor_usage":[10,13,16,16],"damage_taken":[{"damage":6,"enemies":"Jaw Worm","floor":1,"turns":6},{"damage":1,"enemies":"2 Louse","floor":2,"turns":2},{"damage":0,"enemies":"Small Slimes","floor":4,"turns":4},{"damage":18,"enemies":"Gremlin Nob","floor":7,"turns":5},{"damage":0,"enemies":"Lagavulin","floor":10,"turns":6},{"damage":8,"enemies":"3 Sentries","floor":13,"turns":8},{"damage":2,"enemies":"Red Slaver","floor":14,"turns":2},{"damage":58,"enemies":"Slime Boss","floor":16,"turns":10}],"seed_played":"-3826523385205749636","potions_obtained":[{"floor":4,"key":"LiquidMemories"},{"floor":7,"key":"Swift Potion"},{"floor":10,"key":"Explosive Potion"},{"floor":14,"key":"SkillPotion"}],"is_trial":false,"path_per_floor":["M","M","$","M","?","R","E","R","T","E","$","?","E","M","R","B"],"character_chosen":"WATCHER","items_purchased":["MentalFortress"],"campfire_rested":1,"item_purchase_floors":[3],"current_hp_per_floor":[66,65,65,65,58,58,40,40,40,40,40,40,32,30,56,0,0],"gold":142,"neow_bonus":"ONE_RARE_RELIC","is_daily":false,"chose_seed":false,"campfire_upgraded":2,"win_rate":0.0,"timestamp":1613743467,"path_taken":["M","M","$","M","?","R","E","R","T","E","$","?","E","M","R","BOSS"],"items_purchased_type":["Card"],"build_version":"2020-12-22","purchased_purges":1,"victory":false,"max_hp_per_floor":[72,72,72,72,72,72,72,72,72,72,72,67,67,67,67,67,67],"card_choices":[{"not_picked":["Consecrate","JustLucky"],"picked":"FlurryOfBlows","floor":1},{"not_picked":["CrushJoints","EmptyBody"],"picked":"Crescendo","floor":2},{"not_picked":["WreathOfFlame","Weave","ForeignInfluence"],"picked":"SKIP","floor":4},{"not_picked":["Prostrate","Devotion"],"picked":"Pray","floor":7},{"not_picked":["JustLucky","LessonLearned","WindmillStrike"],"picked":"SKIP","floor":10},{"not_picked":["Fasting2","Pray"],"picked":"EmptyMind","floor":13},{"not_picked":["PathToVictory","Crescendo","BowlingBash"],"picked":"SKIP","floor":14}],"player_experience":148953,"relics_obtained":[{"floor":7,"key":"Letter Opener"},{"floor":9,"key":"HornCleat"},{"floor":10,"key":"Eternal Feather"},{"floor":13,"key":"Bronze Scales"}],"event_choices":[{"cards_removed":["Strike_P"],"damage_healed":0,"gold_gain":0,"player_choice":"Card Removal","damage_taken":7,"max_hp_gain":0,"max_hp_loss":0,"event_name":"Golden Wing","floor":5,"gold_loss":0},{"damage_healed":0,"gold_gain":0,"player_choice":"Lose Max HP","damage_taken":0,"relics_obtained":["Golden Idol"],"max_hp_gain":0,"max_hp_loss":5,"event_name":"Golden Idol","floor":12,"gold_loss":0}],"is_beta":false,"boss_relics":[],"items_purged_floors":[3],"is_endless":false,"potions_floor_spawned":[4,7,10,14],"killed_by":"Slime Boss","ascension_level":2}}