{"host":"uhi6g4fgvyietct9","time":1613740140,"event":{"mods":["AchievementEnabler","BaseMod","Colored Map","Colored Powertips","Minty Spire (QoL Compilation)","StSLib","SuperFastMode"],"gold_per_floor":[115,215,37,37,37,68,68,243,270,270,270,303,316,335,335,409,409,422,422,437,106,121,121,121,121],"floor_reached":24,"language":"KOR","playtime":691,"items_purged":["Strike_R"],"score":416,"play_id":"04c5fac2-e043-46b9-a8a2-27b2d1332088","local_time":"20210219220900","is_ascension_mode":true,"campfire_choices":[{"data":"Apotheosis","floor":7.0,"key":"SMITH"},{"data":"Fire Breathing","floor":11.0,"key":"SMITH"},{"data":"Power Through","floor":15.0,"key":"SMITH"},{"floor":23.0,"key":"REST"}],"circlet_count":0,"master_deck":["AscendersBane","Strike_R","Strike_R","Defend_R","Defend_R","Defend_R","Defend_R","Bash","Power Through+1","Apotheosis+1","Fire Breathing+1","Seeing Red+1","Offering+1","Barricade","Burning Pact+1","Evolve","Body Slam","Flash of Steel"],"relics":["Burning Blood","NeowsBlessing","Art of War","Toxic Egg 2","Tiny Chest","Torii","Empty Cage"],"acts_visited":["Exordium","TheCity"],"potions_floor_usage":[],"damage_taken":[{"damage":0.0,"enemies":"Cultist","floor":1.0,"turns":1.0},{"damage":0.0,"enemies":"Gremlin Nob","floor":6.0,"turns":1.0},{"damage":0.0,"enemies":"3 Sentries","floor":12.0,"turns":2.0},{"damage":1.0,"enemies":"2 Louse","floor":13.0,"turns":2.0},{"damage":6.0,"enemies":"Small Slimes","floor":14.0,"turns":3.0},{"damage":20.0,"enemies":"Slime Boss","floor":16.0,"turns":6.0},{"damage":17.0,"enemies":"Spheric Guardian","floor":18.0,"turns":5.0},{"damage":25.0,"enemies":"3 Byrds","floor":20.0,"turns":5.0},{"damage":6.0,"enemies":"Centurion and Healer","floor":22.0,"turns":4.0},{"damage":39,"enemies":"Gremlin Leader","floor":24,"turns":3}],"seed_played":"-1030921709250327076","potions_obtained":[{"floor":1.0,"key":"Fire Potion"},{"floor":6.0,"key":"FearPotion"},{"floor":20.0,"key":"ColorlessPotion"}],"is_trial":false,"path_per_floor":["M","?","$","$","?","E","R","?","T","?","R","E","M","M","R","B",null,"M","?","M","$","M","R","E"],"character_chosen":"IRONCLAD","items_purchased":["Apotheosis","Evolve","Body Slam","Flash of Steel","SkillPotion"],"campfire_rested":1,"item_purchase_floors":[3,21,21,21,21],"current_hp_per_floor":[78,78,78,78,71,77,77,77,77,77,77,80,80,80,80,66,77,66,51,32,32,32,57,18,18],"gold":121,"neow_bonus":"THREE_ENEMY_KILL","is_daily":false,"chose_seed":false,"campfire_upgraded":3,"win_rate":0.0,"timestamp":1613740140,"path_taken":["M","?","?","$","?","E","R","?","T","?","R","E","M","M","R","BOSS","M","?","M","$","M","R","E"],"items_purchased_type":["Card","Card","Card","Card","Potion"],"build_version":"2020-12-22","purchased_purges":1,"victory":false,"max_hp_per_floor":[80,80,80,80,80,80,80,80,80,80,80,80,80,80,80,80,80,80,85,85,85,85,85,85,85],"card_choices":[{"not_picked":["Battle Trance","Thunderclap"],"picked":"Power Through","floor":1.0},{"not_picked":["True Grit+1","Clash"],"picked":"Fire Breathing","floor":6.0},{"not_picked":["Wild Strike","Heavy Blade"],"picked":"Seeing Red+1","floor":12.0},{"not_picked":["Clash","Sword Boomerang"],"picked":"Offering+1","floor":13.0},{"not_picked":["Armaments+1","Rupture","Spot Weakness+1"],"picked":"SKIP","floor":14.0},{"not_picked":["Berserk","Feed"],"picked":"Barricade","floor":16.0},{"not_picked":["True Grit+1","Sword Boomerang"],"picked":"Burning Pact+1","floor":18.0},{"not_picked":["Rupture","Pommel Strike","True Grit+1"],"picked":"SKIP","floor":20.0},{"not_picked":["Cleave","Clothesline","True Grit+1"],"picked":"SKIP","floor":22.0}],"player_experience":595154,"relics_obtained":[{"floor":6.0,"key":"Toxic Egg 2"},{"floor":9.0,"key":"Tiny Chest"},{"floor":12.0,"key":"Torii"}],"event_choices":[{"damage_healed":0.0,"max_hp_gain":0.0,"max_hp_loss":0.0,"gold_gain":100.0,"event_name":"Golden Shrine","player_choice":"Pray","floor":2.0,"gold_loss":0.0,"damage_taken":0.0},{"damage_healed":0.0,"max_hp_gain":0.0,"max_hp_loss":0.0,"gold_gain":0.0,"event_name":"Scrap Ooze","player_choice":"Success","floor":5.0,"gold_loss":0.0,"damage_taken":7.0,"relics_obtained":["Art of War"]},{"damage_healed":0.0,"max_hp_gain":0.0,"max_hp_loss":0.0,"gold_gain":175.0,"event_name":"Liars Game","player_choice":"AGREE","floor":8.0,"gold_loss":0.0,"damage_taken":0.0,"cards_obtained":["Doubt"]},{"cards_removed":["Doubt"],"damage_healed":0.0,"max_hp_gain":0.0,"max_hp_loss":0.0,"gold_gain":0.0,"event_name":"Living Wall","player_choice":"Forget","floor":10.0,"gold_loss":0.0,"damage_taken":0.0},{"damage_healed":0.0,"max_hp_gain":5.0,"max_hp_loss":0.0,"gold_gain":0.0,"event_name":"Forgotten Altar","player_choice":"Shed Blood","floor":19.0,"gold_loss":0.0,"damage_taken":20.0}],"is_beta":false,"boss_relics":[{"not_picked":["Ectoplasm","Philosopher\u0027s Stone"],"picked":"Empty Cage"}],"items_purged_floors":[21],"is_endless":false,"potions_floor_spawned":[1,6,20],"killed_by":"Gremlin Leader","ascension_level":13}}