{"host":"uv5ws9rdk87e8i5k","time":1613762473,"event":{"mods":["AchievementEnabler","BaseMod","Colored Map","Minty Spire (QoL Compilation)","Permanent Neow","Quick Restart","StSLib","SuperFastMode","The Necromancer"],"gold_per_floor":[117,117,128,139,156,190,203,203,203,235,247,259,294,294,294,294,294],"floor_reached":16,"language":"ENG","playtime":266,"items_purged":[],"score":205,"play_id":"533ff638-20e9-422f-bb83-2a2d9d24d6a7","local_time":"20210219132113","is_ascension_mode":true,"campfire_choices":[{"data":"Heavy Blade","floor":8.0,"key":"SMITH"},{"floor":15.0,"key":"DIG"}],"circlet_count":0,"master_deck":["AscendersBane","Strike_R+1","Strike_R","Strike_R+1","Strike_R","Strike_R","Defend_R","Defend_R","Defend_R","Defend_R","Bash","Clothesline","Heavy Blade+1","Pummel","Immolate","Spot Weakness","Double Tap"],"relics":["Burning Blood","Du-Vu Doll","Calipers","Turnip","Mercury Hourglass","Shovel","Lantern","Molten Egg 2"],"acts_visited":["Exordium"],"potions_floor_usage":[],"damage_taken":[{"damage":6.0,"enemies":"Cultist","floor":1.0,"turns":4.0},{"damage":4.0,"enemies":"Jaw Worm","floor":3.0,"turns":3.0},{"damage":0.0,"enemies":"2 Louse","floor":4.0,"turns":2.0},{"damage":13.0,"enemies":"Large Slime","floor":5.0,"turns":4.0},{"damage":12.0,"enemies":"Gremlin Nob","floor":6.0,"turns":4.0},{"damage":21.0,"enemies":"Blue Slaver","floor":7.0,"turns":3.0},{"damage":10.0,"enemies":"3 Sentries","floor":10.0,"turns":4.0},{"damage":8.0,"enemies":"Exordium Thugs","floor":11.0,"turns":3.0},{"damage":0.0,"enemies":"2 Fungi Beasts","floor":12.0,"turns":1.0},{"damage":25.0,"enemies":"Lagavulin","floor":13.0,"turns":6.0},{"damage":0,"enemies":"The Guardian","floor":16,"turns":1}],"seed_played":"-6747276005632896262","potions_obtained":[{"floor":5.0,"key":"Block Potion"},{"floor":10.0,"key":"SkillPotion"},{"floor":11.0,"key":"Explosive Potion"},{"floor":12.0,"key":"Regen Potion"},{"floor":13.0,"key":"DuplicationPotion"}],"is_trial":false,"path_per_floor":["M","?","M","M","M","E","M","R","T","E","M","M","E","?","R","B"],"character_chosen":"IRONCLAD","items_purchased":[],"campfire_rested":0,"item_purchase_floors":[],"current_hp_per_floor":[72,58,60,66,59,53,38,38,38,34,32,38,34,34,34,34,34],"gold":294,"neow_bonus":"ONE_RARE_RELIC","is_daily":false,"chose_seed":false,"campfire_upgraded":1,"win_rate":0.0,"timestamp":1613762473,"path_taken":["M","?","M","M","M","E","M","R","T","E","M","M","E","?","R","BOSS"],"items_purchased_type":[],"build_version":"2020-12-22","purchased_purges":0,"victory":false,"max_hp_per_floor":[72,72,72,72,72,72,72,72,72,72,72,72,72,72,72,72,72],"card_choices":[{"not_picked":["Body Slam","Intimidate"],"picked":"Clothesline","floor":1.0},{"not_picked":["Fire Breathing","Wild Strike"],"picked":"Heavy Blade","floor":3.0},{"not_picked":["Twin Strike","Rampage"],"picked":"Pummel","floor":4.0},{"not_picked":["Warcry","Sword Boomerang","Entrench"],"picked":"SKIP","floor":5.0},{"not_picked":["Cleave","Twin Strike"],"picked":"Immolate","floor":6.0},{"not_picked":["Combust","Uppercut"],"picked":"Spot Weakness","floor":7.0},{"not_picked":["Wild Strike","Hemokinesis"],"picked":"Double Tap","floor":10.0},{"not_picked":["Sword Boomerang","Power Through","Rampage"],"picked":"SKIP","floor":11.0},{"not_picked":["True Grit","Thunderclap","Dropkick"],"picked":"SKIP","floor":12.0},{"not_picked":["Feel No Pain","Brutality","Perfected Strike"],"picked":"SKIP","floor":13.0}],"player_experience":227800,"relics_obtained":[{"floor":6.0,"key":"Calipers"},{"floor":9.0,"key":"Turnip"},{"floor":10.0,"key":"Mercury Hourglass"},{"floor":13.0,"key":"Shovel"},{"floor":15.0,"key":"Molten Egg 2"}],"event_choices":[{"damage_healed":0.0,"max_hp_gain":0.0,"max_hp_loss":0.0,"gold_gain":0.0,"event_name":"Shining Light","player_choice":"Entered Light","floor":2.0,"gold_loss":0.0,"damage_taken":14.0,"cards_upgraded":["Strike_R","Strike_R"]},{"damage_healed":0.0,"max_hp_gain":0.0,"max_hp_loss":0.0,"gold_gain":0.0,"event_name":"Dead Adventurer","player_choice":"Searched \u00271\u0027 times","floor":14.0,"gold_loss":0.0,"damage_taken":0.0,"relics_obtained":["Lantern"]}],"is_beta":false,"boss_relics":[],"items_purged_floors":[],"is_endless":false,"potions_floor_spawned":[5,10,11,12,13],"killed_by":"The Guardian","ascension_level":13}}