{"host":"n1v11un6j7y72mz7","time":1613732101,"event":{"mods":["Act Like it!","BaseMod","Downfall","Minty Spire (QoL Compilation)","Reliquary","StSLib","The Animator","Waifu the Spire"],"gold_per_floor":[118,118,135,135,60,86,86,99,99,176,176,208,208,208,221,221,221,221,221],"floor_reached":18,"language":"ZHS","playtime":396,"items_purged":["Strike_G"],"score":164,"play_id":"dab8ec56-81ae-4b2c-a7e7-18fb6c041792","local_time":"20210219185501","is_ascension_mode":true,"campfire_choices":[{"data":"Calculated Gamble","floor":7,"key":"SMITH"},{"data":"Tactician","floor":11,"key":"SMITH"},{"floor":13,"key":"REST"},{"floor":16,"key":"REST"},{"data":"Neutralize","floor":17,"key":"SMITH"}],"circlet_count":0,"master_deck":["Strike_G","Strike_G","Strike_G","Strike_G","Defend_G","Defend_G","Defend_G","Defend_G","Survivor","Neutralize+1","Calculated Gamble+1","Prepared+1","Backflip","Tactician+1"],"relics":["Ring of the Snake","NeowsBlessing","Blue Candle","InkBottle","Strawberry","Molten Egg 2","FossilizedHelix"],"acts_visited":["Exordium"],"potions_floor_usage":[18],"damage_taken":[{"damage":0,"enemies":"Jaw Worm","floor":1,"turns":1},{"damage":0,"enemies":"Cultist","floor":3,"turns":1},{"damage":0,"enemies":"3 Sentries","floor":6,"turns":1},{"damage":6,"enemies":"2 Louse","floor":8,"turns":3},{"damage":55,"enemies":"Lagavulin","floor":12,"turns":11},{"damage":4,"enemies":"Exordium Thugs","floor":15,"turns":4},{"damage":6,"enemies":"Hexaghost","floor":18,"turns":4}],"seed_played":"-6752613663622612436","potions_obtained":[{"floor":15,"key":"GamblersBrew"}],"is_trial":false,"path_per_floor":["M","?","M","?","$","E","R","M","T","T","R","E","R","?","M","R","R","B"],"character_chosen":"THE_SILENT","items_purchased":[],"campfire_rested":2,"item_purchase_floors":[],"current_hp_per_floor":[70,65,65,65,65,65,65,59,66,66,66,11,34,34,30,53,53,47,47],"gold":221,"neow_bonus":"THREE_ENEMY_KILL","is_daily":false,"chose_seed":false,"campfire_upgraded":3,"win_rate":0.0,"timestamp":1613732101,"path_taken":["M","?","M","?","$","E","R","?","T","T","R","E","R","?","?","R","R","BOSS"],"items_purchased_type":[],"build_version":"2020-12-22","purchased_purges":1,"victory":false,"max_hp_per_floor":[70,70,70,70,70,70,70,70,77,77,77,77,77,77,77,77,77,77,77],"card_choices":[{"not_picked":["Deflect","Expertise"],"picked":"Calculated Gamble","floor":1},{"not_picked":["Dagger Throw","Calculated Gamble"],"picked":"Prepared","floor":3},{"not_picked":["Bullet Time","Slice"],"picked":"Backflip","floor":6},{"not_picked":["Bane","Backflip"],"picked":"Tactician","floor":8},{"not_picked":["Distraction","Deadly Poison","Prepared"],"picked":"SKIP","floor":12},{"not_picked":["Flying Knee+1","Predator+1","Skewer+1"],"picked":"SKIP","floor":15}],"player_experience":218096,"relics_obtained":[{"floor":6,"key":"InkBottle"},{"floor":9,"key":"Strawberry"},{"floor":10,"key":"Molten Egg 2"},{"floor":12,"key":"FossilizedHelix"}],"event_choices":[{"damage_healed":0,"gold_gain":0,"player_choice":"Upgraded","damage_taken":0,"max_hp_gain":0,"max_hp_loss":0,"event_name":"Upgrade Shrine","floor":4,"gold_loss":0,"cards_upgraded":["Prepared"]},{"cards_removed":["Defend_G"],"damage_healed":0,"gold_gain":0,"player_choice":"Purged","damage_taken":0,"max_hp_gain":0,"max_hp_loss":0,"event_name":"Purifier","floor":14,"gold_loss":0}],"is_beta":false,"boss_relics":[],"items_purged_floors":[5],"is_endless":false,"potions_floor_spawned":[15],"killed_by":"Hexaghost","ascension_level":3}}