{"host":"8hlq24ta5nit70vz","time":1613752806,"event":{"mods":["Act Like it!","BaseMod","Better Skull","Better Third Choice","Friendly Minions","Highlight Path","Minty Spire (QoL Compilation)","Relic Stats","Replay The Spire","Robot Space Explorer","Shop Mod","Spicy Shops","StSLib","The Marked","The Servant 0.9.4","TheFirefly"],"gold_per_floor":[114,114,34,52,127,127,153,153,153,167,167,179,179,189,189,288,288,299,299,317,93,93,93,110,110,110,25,55,66,66,78,78,173,173,183,40,168,181,201,214,244,244,269,281,306,412,137,151,151,151,151,151,49,81,81,81],"floor_reached":55,"language":"ENG","playtime":7651,"items_purged":["Looming Evil"],"score":717,"play_id":"333b1c02-3fc2-4053-8a9f-c334d11f223a","local_time":"20210219174006","is_ascension_mode":false,"campfire_choices":[{"data":"SoulSculpture","floor":6.0,"key":"SMITH"},{"data":"TheWorld","floor":8.0,"key":"SMITH"},{"floor":13.0,"key":"REST"},{"floor":23.0,"key":"RECALL"},{"data":"Barrier","floor":32.0,"key":"SMITH"},{"floor":42,"key":"REST"},{"floor":49,"key":"DIG"},{"data":"FlawlessForm","floor":52,"key":"SMITH"}],"circlet_count":0,"master_deck":["Defend_S","Defend_S","Defend_S","KidneyShot","Exchange","Moonlight","Snipe","SoulSculpture+1","TheWorld+1","Venomology+1","Ricochet","WasteNot","RealityMarble","SoulSculpture+1","SilverBlades+1","Barrier+1","Shuttle","Bite","Bite","Bite","Bite","Bite","Sabotage","ShiftingGears","Insight","Ricochet","Sunlight+1","Replace","Replay:BasicMightCard","Rearm","Ricochet+1","Spin+1","FlawlessForm+1","BottledTime+1","SilverBlades+1","Defy","Foresight+1","SurpressingFire","Moonlight","StarChef","StarChef","Rearm","MurderousAura"],"relics":["SplendidAttire","NeowsBlessing","ReplayTheSpireMod:Ring of Collecting","Ring of Panic","Replay:Towering Pillar of Hats","Ring of Searing","Calipers","Snecko Eye","Bronze Scales","Ring of Peace","Nunchaku","Replay:Accelerometer","Omamori","Guide Book","Ring of Misfortune","Mercury Hourglass","Mummified Hand","ReplayTheSpireMod:Ring of Challenge","MawBank","Replay:PocketPolymizer","Bag of Marbles","Lee\u0027s Waffle","ReplayTheSpireMod:CursedCoin","Vajra","Oddly Smooth Stone","Bag of Preparation"],"acts_visited":["TheCity","TheBeyond","TheEnding"],"potions_floor_usage":[35,38,41,45,45,46,46,50,50,50,55,55],"damage_taken":[{"damage":0.0,"enemies":"Jaw Worm","floor":1.0,"turns":1.0},{"damage":3.0,"enemies":"Small Slimes","floor":4.0,"turns":2.0},{"damage":0.0,"enemies":"3 Sentries","floor":7.0,"turns":2.0},{"damage":5.0,"enemies":"2 Louse","floor":10.0,"turns":2.0},{"damage":1.0,"enemies":"Lots of Slimes","floor":12.0,"turns":5.0},{"damage":0.0,"enemies":"Looter","floor":14.0,"turns":3.0},{"damage":25.0,"enemies":"The Guardian","floor":16.0,"turns":12.0},{"damage":25.0,"enemies":"3 Byrds","floor":18.0,"turns":4.0},{"damage":0.0,"enemies":"Shell Parasite","floor":20.0,"turns":3.0},{"damage":12.0,"enemies":"Snake Plant","floor":24.0,"turns":1.0},{"damage":0.0,"enemies":"Replay:Snechameleon","floor":28.0,"turns":2.0},{"damage":3.0,"enemies":"Centurion and Healer","floor":29.0,"turns":4.0},{"damage":11.0,"enemies":"Shelled Parasite and Fungi","floor":31.0,"turns":4.0},{"damage":17.0,"enemies":"Collector","floor":33.0,"turns":8.0},{"damage":0,"enemies":"Orb Walker","floor":35,"turns":2},{"damage":14,"enemies":"3 Darklings","floor":38,"turns":4},{"damage":5,"enemies":"Sphere and 2 Shapes","floor":39,"turns":3},{"damage":0,"enemies":"Spire Growth","floor":40,"turns":3},{"damage":13,"enemies":"R_Hoarder","floor":41,"turns":4},{"damage":0,"enemies":"Jaw Worm Horde","floor":45,"turns":3},{"damage":14,"enemies":"2 Orb Walkers","floor":46,"turns":3},{"damage":0,"enemies":"3 Darklings","floor":48,"turns":1},{"damage":20,"enemies":"Replay:Hell Engine","floor":50,"turns":6},{"damage":54,"enemies":"Shield and Spear","floor":54,"turns":4},{"damage":38,"enemies":"The Heart","floor":55,"turns":6}],"seed_played":"8687144437173189548","potions_obtained":[{"floor":4.0,"key":"SpeedPotion"},{"floor":7.0,"key":"Venom Potion"},{"floor":14.0,"key":"Explosive Potion"},{"floor":22.0,"key":"Cursed Concoction"},{"floor":24.0,"key":"AttackPotion"},{"floor":28.0,"key":"CultistPotion"},{"floor":31.0,"key":"Reflective Coating"},{"floor":37,"key":"FairyPotion"},{"floor":39,"key":"Swift Potion"},{"floor":40,"key":"SteroidPotion"},{"floor":45,"key":"SteroidPotion"},{"floor":46,"key":"LiquidBronze"},{"floor":48,"key":"Venom Potion"},{"floor":54,"key":"FearPotion"}],"is_trial":false,"path_per_floor":["M","?","$","M","?","R","E","R","T","M","?","M","R","M","R","B",null,"M","?","M","$","?","R","M","?","T","?","E","M","?","M","R","B",null,"M","$","?","M","M","M","E","R","T","?","M","?","$","M","R","B",null,"R","$","E","B"],"character_chosen":"THE_SERVANT","items_purchased":["Snipe","Bronze Scales","Guide Book","Bag of Marbles","Lee\u0027s Waffle","ReplayTheSpireMod:CursedCoin","Defy","Vajra","StarChef","Rearm"],"campfire_rested":2,"item_purchase_floors":[3,21,36,47,47,47,47,47,53,53],"current_hp_per_floor":[65,65,65,62,51,51,51,51,51,46,25,24,43,43,43,18,65,40,40,40,40,40,40,28,28,28,28,30,41,41,38,38,36,45,45,45,45,33,30,32,27,40,40,40,40,32,50,50,50,44,50,50,50,19,0,0],"gold":81,"neow_bonus":"THREE_ENEMY_KILL","is_daily":false,"chose_seed":false,"campfire_upgraded":4,"win_rate":0.0,"timestamp":1613752806,"path_taken":["M","?","$","M","?","R","E","R","T","M","?","M","R","M","R","BOSS","M","?","M","$","?","R","?","?","T","?","E","M","?","M","R","BOSS","M","$","?","M","?","M","E","R","T","?","M","?","?","?","R","BOSS","R","$","E","BOSS"],"items_purchased_type":["Card","Relic","Relic","Relic","Relic","Relic","Card","Relic","Card","Card"],"build_version":"2020-12-22","purchased_purges":1,"victory":false,"max_hp_per_floor":[65,65,65,65,65,65,65,65,65,65,65,65,65,65,65,65,65,65,65,65,65,65,65,65,45,45,45,45,45,45,45,45,45,45,45,45,45,45,45,45,45,45,45,43,43,43,50,50,50,50,50,50,50,50,50,50],"relic_stats":{"Nunchaku":[14],"Lee\u0027s Waffle":18,"counters":[25,92],"Mummified Hand":[46],"Bronze Scales":[190],"Snecko Eye":[141,133,132,139],"Bag of Preparation":[2],"MawBank":48,"obtain_stats":[{"Replay:Accelerometer":27,"SplendidAttire":34,"Calipers":11,"Replay:PocketPolymizer":46,"Vajra":47,"Uniform":0,"Bag of Preparation":54,"Ring of Searing":9,"Nunchaku":26,"Mummified Hand":41,"Ring of Peace":26,"Ring of Panic":2,"Lee\u0027s Waffle":47,"NeowsBlessing":0,"Replay:Towering Pillar of Hats":7,"ReplayTheSpireMod:CursedCoin":47,"Guide Book":36,"Oddly Smooth Stone":49,"Omamori":28,"MawBank":43,"Mercury Hourglass":37,"ReplayTheSpireMod:Ring of Collecting":2,"Bronze Scales":21,"Ring of Misfortune":37,"Snecko Eye":17,"Bag of Marbles":47,"ReplayTheSpireMod:Ring of Challenge":43},{"Replay:Accelerometer":10,"SplendidAttire":14,"Calipers":4,"Replay:PocketPolymizer":21,"Vajra":21,"Uniform":0,"Bag of Preparation":24,"Ring of Searing":3,"Nunchaku":10,"Mummified Hand":19,"Ring of Peace":10,"Ring of Panic":1,"Lee\u0027s Waffle":21,"NeowsBlessing":0,"Replay:Towering Pillar of Hats":3,"ReplayTheSpireMod:CursedCoin":21,"Guide Book":15,"Oddly Smooth Stone":22,"Omamori":11,"MawBank":19,"Mercury Hourglass":15,"ReplayTheSpireMod:Ring of Collecting":1,"Bronze Scales":9,"Ring of Misfortune":15,"Snecko Eye":7,"Bag of Marbles":21,"ReplayTheSpireMod:Ring of Challenge":19},{"Replay:Accelerometer":35,"SplendidAttire":53,"Calipers":7,"Replay:PocketPolymizer":75,"Vajra":75,"Uniform":0,"Bag of Preparation":86,"Ring of Searing":5,"Nunchaku":35,"Mummified Hand":69,"Ring of Peace":35,"Ring of Panic":1,"Lee\u0027s Waffle":75,"NeowsBlessing":0,"Replay:Towering Pillar of Hats":5,"ReplayTheSpireMod:CursedCoin":75,"Guide Book":55,"Oddly Smooth Stone":76,"Omamori":37,"MawBank":69,"Mercury Hourglass":55,"ReplayTheSpireMod:Ring of Collecting":1,"Bronze Scales":34,"Ring of Misfortune":55,"Snecko Eye":27,"Bag of Marbles":75,"ReplayTheSpireMod:Ring of Challenge":69}],"Mercury Hourglass":[142]},"card_choices":[{"not_picked":["DoubleEdge","Spin"],"picked":"Moonlight","floor":1.0},{"not_picked":["GearUp","Rearm"],"picked":"SoulSculpture","floor":4.0},{"not_picked":["BottledTime","WasteNot"],"picked":"TheWorld","floor":7.0},{"not_picked":["Moonlight","Gouge"],"picked":"Potential","floor":10.0},{"not_picked":["SurpressingFire","Revamp"],"picked":"Ricochet","floor":12.0},{"not_picked":["Revamp","Moonlight"],"picked":"WasteNot","floor":14.0},{"not_picked":["Duplication","TheWorld"],"picked":"SoulSculpture","floor":16.0},{"not_picked":["Unruled","Hightail+1"],"picked":"SilverBlades+1","floor":18.0},{"not_picked":["ReturningBlade","Misdirection+1"],"picked":"Shuttle","floor":20.0},{"not_picked":["ShiftingGears+1","Desolation"],"picked":"Contraction","floor":24.0},{"not_picked":["Unruled","TimeWarp"],"picked":"Sabotage","floor":28.0},{"not_picked":["TimeWarp","Potential+1"],"picked":"ShiftingGears","floor":29.0},{"not_picked":["FanOfKnives+1","Unruled"],"picked":"Ricochet","floor":31.0},{"not_picked":["MurderousAura","Solidify"],"picked":"Sunlight","floor":33.0},{"not_picked":["Rearm","TimeWarp+1"],"picked":"Replace","floor":35},{"not_picked":["Mind Blast","Discovery"],"picked":"Replay:BasicMightCard","floor":37},{"not_picked":["Revamp+1","Potential+1"],"picked":"Rearm","floor":38},{"not_picked":["Replace","Revamp+1"],"picked":"Ricochet+1","floor":39},{"not_picked":["Misdirection+1","Potential"],"picked":"Spin+1","floor":40},{"not_picked":["Alleviate","Barrier"],"picked":"FlawlessForm","floor":41},{"not_picked":["Rearm","Spin+1"],"picked":"BottledTime+1","floor":45},{"not_picked":["Ricochet+1","Spin+1"],"picked":"SilverBlades+1","floor":46},{"not_picked":["Comet","TimeWarp+1"],"picked":"Foresight+1","floor":48},{"not_picked":["Shuttle+1","Replace"],"picked":"MurderousAura","floor":54}],"player_experience":290390,"relics_obtained":[{"floor":2.0,"key":"ReplayTheSpireMod:Ring of Collecting"},{"floor":2.0,"key":"Ring of Panic"},{"floor":7.0,"key":"Replay:Towering Pillar of Hats"},{"floor":9.0,"key":"Ring of Searing"},{"floor":26.0,"key":"Ring of Peace"},{"floor":26.0,"key":"Nunchaku"},{"floor":28.0,"key":"Omamori"},{"floor":37,"key":"Ring of Misfortune"},{"floor":37,"key":"Mercury Hourglass"},{"floor":41,"key":"Mummified Hand"},{"floor":43,"key":"ReplayTheSpireMod:Ring of Challenge"},{"floor":43,"key":"MawBank"},{"floor":46,"key":"Replay:PocketPolymizer"},{"floor":49,"key":"Oddly Smooth Stone"},{"floor":54,"key":"Bag of Preparation"}],"event_choices":[{"damage_healed":0.0,"max_hp_gain":0.0,"max_hp_loss":0.0,"gold_gain":75.0,"event_name":"betterThird:BetterGoop","player_choice":"Gold","floor":5.0,"gold_loss":0.0,"damage_taken":11.0},{"damage_healed":0.0,"max_hp_gain":0.0,"max_hp_loss":0.0,"gold_gain":0.0,"event_name":"The Library","player_choice":"Read","floor":19.0,"gold_loss":0.0,"damage_taken":0.0,"cards_obtained":["Barrier"]},{"damage_healed":0.0,"max_hp_gain":0.0,"max_hp_loss":0.0,"gold_gain":0.0,"event_name":"Lab","player_choice":"Got Potions","floor":22.0,"gold_loss":0.0,"damage_taken":0.0},{"damage_healed":0.0,"max_hp_gain":0.0,"max_hp_loss":20.0,"gold_gain":0.0,"event_name":"Vampires","player_choice":"Became a vampire","floor":25.0,"gold_loss":0.0,"damage_taken":0.0,"cards_obtained":["Bite","Bite","Bite","Bite","Bite"]},{"damage_healed":0.0,"max_hp_gain":0.0,"max_hp_loss":0.0,"gold_gain":0.0,"event_name":"Addict","player_choice":"Obtained Relic","floor":27.0,"gold_loss":85.0,"damage_taken":0.0,"relics_obtained":["Replay:Accelerometer"]},{"damage_healed":0.0,"max_hp_gain":0.0,"max_hp_loss":0.0,"gold_gain":0.0,"event_name":"betterThird:BetterWriting","player_choice":"Insight","floor":30.0,"gold_loss":0.0,"damage_taken":0.0,"cards_obtained":["Insight"]},{"damage_healed":0,"gold_gain":0,"player_choice":"Random: Red","damage_taken":0,"max_hp_gain":0,"max_hp_loss":0,"event_name":"betterThird:BetterPortal","floor":37,"gold_loss":0},{"damage_healed":0,"gold_gain":0,"player_choice":"Max HP","damage_taken":0,"max_hp_gain":0,"max_hp_loss":2,"event_name":"Winding Halls","floor":44,"gold_loss":0},{"damage_healed":0,"gold_gain":0,"player_choice":"Fight","damage_taken":0,"max_hp_gain":0,"max_hp_loss":0,"event_name":"Mysterious Sphere","floor":46,"gold_loss":0}],"is_beta":false,"boss_relics":[{"not_picked":["StoneMask","Busted Crown"],"picked":"Snecko Eye"},{"not_picked":["Astrolabe","Replay:Wanted Poster"],"picked":"SplendidAttire"}],"items_purged_floors":[21],"is_endless":false,"potions_floor_spawned":[4,7,14,24,28,31,39,40,45,46,48,54],"killed_by":"The Heart","ascension_level":0}}