{"host":"ie50qk0ts9eskyyo","time":1613711020,"event":{"mods":["BaseMod","Colored Map","Downfall","Highlight Path","Hubris","Infinite Spire","Minty Spire (QoL Compilation)","Replay The Spire","StSLib","The Jungle"],"gold_per_floor":[99,116,127,127,127,138,161,261,361,361,361,361],"floor_reached":10,"language":"ENG","playtime":833,"items_purged":[],"score":56,"play_id":"f76b2a4b-e72b-4851-969c-a7a83e639a8d","local_time":"20210219000340","is_ascension_mode":false,"campfire_choices":[{"floor":1,"key":"DIG"}],"circlet_count":0,"master_deck":["sneckomod:Strike","sneckomod:Defend","sneckomod:Defend","sneckomod:Defend","sneckomod:TailWhip","sneckomod:SnekBite","sneckomod:Unknown","sneckomod:Unknown","sneckomod:UnknownCommonAttack","sneckomod:UnknownCommonAttack","ReplayTheSpireMod:Book of Names+1","sneckomod:CheapStock","sneckomod:Cheat","sneckomod:UnknownBlock","sneckomod:UnknownBlock"],"relics":["sneckomod:SneckoSoul","Garlic","downfall:CloakOfManyFaces","CultistMask","FaceOfCleric","NlothsMask","GremlinMask","SsserpentHead"],"acts_visited":["Exordium"],"potions_floor_usage":[9,10],"damage_taken":[{"damage":4,"enemies":"2 Louse","floor":2,"turns":3},{"damage":0,"enemies":"Small Slimes","floor":3,"turns":3},{"damage":0,"enemies":"Cultist","floor":6,"turns":3},{"damage":49,"enemies":"downfall:Heads","floor":8,"turns":8},{"damage":12,"enemies":"downfall:FaceTrader","floor":9,"turns":8},{"damage":10,"enemies":"3 Sentries","floor":10,"turns":2}],"seed_played":"-2462459783617534317","potions_obtained":[{"floor":6,"key":"sneckomod:DiceRollPotion"},{"floor":9,"key":"Explosive Potion"}],"is_trial":false,"path_per_floor":["R_BF","M","M","?","?","M","T","?","?","E"],"character_chosen":"THE_SNECKO","items_purchased":[],"campfire_rested":0,"item_purchase_floors":[],"current_hp_per_floor":[99,95,95,95,71,71,71,22,10,0,0,0],"gold":361,"neow_bonus":"TEN_PERCENT_HP_BONUS","is_daily":false,"chose_seed":false,"campfire_upgraded":0,"win_rate":0.0,"timestamp":1613711020,"path_taken":["R_BF","M","M","?","?","M","T","?","?","E"],"items_purchased_type":[],"build_version":"2020-12-22","purchased_purges":0,"victory":false,"max_hp_per_floor":[99,99,99,99,99,99,99,99,99,99,99,99],"card_choices":[{"not_picked":["sneckomod:Unknown1Cost","sneckomod:DiceBlock"],"picked":"sneckomod:UnknownCommonAttack","floor":2},{"not_picked":["sneckomod:DefensiveFlair","sneckomod:RainOfDice"],"picked":"sneckomod:UnknownCommonAttack","floor":3},{"not_picked":["ReplayTheSpireMod:Chaos Vortex","infinitespire:Fortify"],"picked":"ReplayTheSpireMod:Book of Names","floor":5},{"not_picked":["sneckomod:ImprovisedGuard","sneckomod:SoulRoll"],"picked":"sneckomod:CheapStock","floor":6},{"not_picked":["sneckomod:SerpentIdol","sneckomod:Nope"],"picked":"sneckomod:UnknownBlock","floor":8},{"not_picked":["sneckomod:SoulRoll","sneckomod:QuickBite"],"picked":"sneckomod:UnknownBlock","floor":9}],"player_experience":24250,"relics_obtained":[{"floor":1,"key":"Garlic"},{"floor":9,"key":"downfall:CloakOfManyFaces"}],"event_choices":[],"is_beta":false,"boss_relics":[],"items_purged_floors":[],"is_endless":false,"potions_floor_spawned":[6,9],"killed_by":"3 Sentries","ascension_level":0}}