{"host":"u21q392b5xaj11fl","time":1613693187,"event":{"mods":["2.2 Compatiblity","Bard","BaseMod","Better Note","Colored Map","Colored Powertips","Conspire","Custom Start","Downfall","Faster Ascension Climbing","GifTheSpireLib","Gremlin Skip","Highlight Path","Hubris","Infinite Spire","Mad Scientist","Marisa????????","Mimic Mod","Minty Spire (QoL Compilation)","Monster B Gone","Permanent Neow","Potionbrewer","Quick Restart","READ ME - Guardian Mod","Relic Sorter","Replay The Spire","Shop Mod","Somnambulant","StSLib","Stuff the Spire","SuperFastMode","The Construct","The Disciple","The Servant 0.9.4"],"gold_per_floor":[114,127,56,56,72,104,104,134,134,134,134,169,181,201,201,221,221,292,292,310,327,427,442,442,442],"floor_reached":24,"language":"ENG","playtime":1423,"items_purged":[],"score":371,"play_id":"3b8bc3c5-68f5-415f-ad65-b74359cfbaad","local_time":"20210218180627","is_ascension_mode":true,"campfire_choices":[{"data":"construct:PowerUp","floor":7.0,"key":"SMITH"},{"floor":15.0,"key":"REST"},{"data":"construct:PowerUp+1","floor":17.0,"key":"SMITH"}],"circlet_count":0,"master_deck":["AscendersBane","construct:Strike_Gold","construct:Strike_Gold","construct:Strike_Gold","construct:Strike_Gold","construct:Strike_Gold","construct:Defend_Gold","construct:Defend_Gold","construct:Defend_Gold","construct:Defend_Gold","construct:Defend_Gold","construct:AttackMode","construct:Accumulate","construct:UnbalancingBlast","construct:PowerUp+2","construct:ForceCore","construct:BatteryCore","construct:Hazardproof"],"relics":["construct:ClockworkPhoenix","StuffTheSpire:RubySignet","infinitespire:Satchel","infinitespire:BottledMercury","Blood Vial","hubris:RunicObelisk"],"acts_visited":["Exordium","TheCity"],"potions_floor_usage":[23,23],"damage_taken":[{"damage":8.0,"enemies":"2 Louse","floor":1.0,"turns":4.0},{"damage":6.0,"enemies":"Cultist","floor":2.0,"turns":3.0},{"damage":2.0,"enemies":"Jaw Worm","floor":5.0,"turns":5.0},{"damage":16.0,"enemies":"Gremlin Nob","floor":6.0,"turns":3.0},{"damage":17.0,"enemies":"3 Sentries","floor":8.0,"turns":8.0},{"damage":20.0,"enemies":"Lagavulin","floor":12.0,"turns":5.0},{"damage":2.0,"enemies":"Looter","floor":13.0,"turns":3.0},{"damage":5.0,"enemies":"2 Fungi Beasts","floor":14.0,"turns":3.0},{"damage":0.0,"enemies":"Large Slime","floor":16.0,"turns":4.0},{"damage":16,"enemies":"Slime Boss","floor":18,"turns":8},{"damage":0,"enemies":"Chosen","floor":20,"turns":4},{"damage":19,"enemies":"3 Byrds","floor":21,"turns":7},{"damage":39,"enemies":"3 Cultists","floor":23,"turns":5},{"damage":12,"enemies":"Cultist and Chosen","floor":24,"turns":2}],"seed_played":"6774440556070501146","potions_obtained":[{"floor":4.0,"key":"Languid Potion"},{"floor":4.0,"key":"potionbrewer:ToxicPotion"},{"floor":5.0,"key":"potionbrewer:ToxicPotion"},{"floor":6.0,"key":"potionbrewer:QuicksilverPotion"},{"floor":8.0,"key":"Flashbang"},{"floor":12.0,"key":"Cursed Concoction"},{"floor":20,"key":"FearPotion"},{"floor":21,"key":"SpeedPotion"}],"is_trial":false,"path_per_floor":["M","M","$","?","M","E","R","E","PTL","PTL","T","E","M","M","R","M","R","B",null,"M","M","?","M","M"],"character_chosen":"THE_CONSTRUCT_MOD","items_purchased":["construct:PowerUp"],"campfire_rested":1,"item_purchase_floors":[3],"current_hp_per_floor":[64,58,58,58,56,40,40,23,23,23,23,3,3,2,26,28,28,14,64,66,49,49,12,2,2],"gold":442,"neow_bonus":"REMOVE_CARD","is_daily":false,"chose_seed":false,"campfire_upgraded":2,"win_rate":0.0,"timestamp":1613693187,"path_taken":["M","M","$","?","M","E","R","E","PTL","PTL","T","E","M","M","R","M","R","BOSS","M","M","?","M","M"],"items_purchased_type":["Card"],"build_version":"2020-12-22","purchased_purges":0,"victory":false,"max_hp_per_floor":[80,80,80,80,80,80,80,80,80,80,80,80,80,80,80,80,80,80,80,80,80,80,80,80,80],"card_choices":[{"not_picked":["construct:Failsafe","construct:OmegaCannon"],"picked":"construct:Accumulate","floor":1.0},{"not_picked":["construct:Stasis","construct:Accumulate"],"picked":"construct:UnbalancingBlast","floor":2.0},{"not_picked":["construct:Forcefield","construct:Reinforce","construct:HardReboot"],"picked":"SKIP","floor":5.0},{"not_picked":["construct:Forcefield","construct:Reinforce","construct:HardReboot"],"picked":"SKIP","floor":5.0},{"not_picked":["construct:ShiftStrike","construct:Electrocute","construct:ClusterMines"],"picked":"SKIP","floor":6.0},{"not_picked":["construct:PanicFire","construct:SuppressiveFire","construct:ShiftStrike"],"picked":"SKIP","floor":8.0},{"not_picked":["construct:Overcharge","construct:FocusedBeam","construct:SuppressiveFire"],"picked":"SKIP","floor":12.0},{"not_picked":["construct:ShiftStrike","construct:SaveState"],"picked":"construct:ForceCore","floor":13.0},{"not_picked":["construct:Backup","construct:Electrocute","construct:Dampening"],"picked":"SKIP","floor":14.0},{"not_picked":["construct:ScopeCore","construct:SyphonStrike","construct:Versatility"],"picked":"SKIP","floor":16.0},{"not_picked":["construct:ShieldBurst","construct:MassProduction"],"picked":"construct:BatteryCore","floor":18},{"not_picked":["construct:SuppressiveFire","construct:ShiftStrike","construct:VentSteam"],"picked":"SKIP","floor":20},{"not_picked":["construct:SaveState+1","construct:ChargeShot+1"],"picked":"construct:Hazardproof","floor":21},{"not_picked":["construct:Disrupt","construct:ClusterMines","construct:Backfire"],"picked":"SKIP","floor":23}],"player_experience":291170,"relics_obtained":[{"floor":6.0,"key":"StuffTheSpire:RubySignet"},{"floor":8.0,"key":"infinitespire:Satchel"},{"floor":11.0,"key":"infinitespire:BottledMercury"},{"floor":12.0,"key":"Blood Vial"}],"event_choices":[{"damage_healed":0.0,"max_hp_gain":0.0,"max_hp_loss":0.0,"gold_gain":0.0,"event_name":"Lab","player_choice":"Got Potions","floor":4.0,"gold_loss":0.0,"damage_taken":0.0},{"damage_healed":0,"gold_gain":100,"player_choice":"Pray","damage_taken":0,"max_hp_gain":0,"max_hp_loss":0,"event_name":"Golden Shrine","floor":22,"gold_loss":0}],"is_beta":false,"boss_relics":[{"not_picked":["SacredBark","construct:WeddingRing"],"picked":"hubris:RunicObelisk"}],"items_purged_floors":[],"is_endless":false,"potions_floor_spawned":[5,6,8,12,20,21],"killed_by":"Cultist and Chosen","ascension_level":14}}