{"host":"8inpc3yxphy2r27y","time":1613766575,"event":{"mods":["ATMod(阿瑾Mod)","Act Like it!","Alarm Clock","BaseMod","Better Synergies","Better Vampires","Challenge The Spire","Conspire","Decade(王小明)","Defuse TimeMaze Blight","Downfall","Energized Spire","FanaticalFans","FoggyMod","Gensokyo","Highlight Path","Jedi Mod","LagranYue(拉格朗・月)","Lobotomy","LobotomyExtend","Minty Spire (QoL Compilation)","MostiFishMod","Pale of the Ancients","Potion Indicator Mod","Quarter Circle Forward PUNCH!","Quick Restart","Relic Filter Mod","Relic Stats","Replay The Spire","RumiaBox-露米娅的神秘盒子","Ryuuou龙王","SIMod","Shop Mod","Spicy Shops","StSLib","TestMod","The Animator","UnlockEverythingMod","[GremlinLeader]The Maniac","[IsaacMod]以撒尖塔","noobMod","【遗物卡牌】REMEMod","篝火指南"],"gold_per_floor":[99,99,99,99,99,134,178,178,25,25,96,12,37,8,33,33,187,212,267,180,180,188,188],"floor_reached":22,"language":"ZHS","playtime":1246,"items_purged":["animator:Genos","animator:MumenRider"],"score":249,"play_id":"bc7dbee3-52f9-4e97-a92c-b3955bd78336","local_time":"20210220042935","is_ascension_mode":true,"campfire_choices":[{"floor":8.0,"key":"RECALL"},{"data":"MostiFishMod:WinterMarkForm","floor":16.0,"key":"SMITH"}],"circlet_count":0,"master_deck":["BettingIsNotGood","MostiFishMod:FrostNova","MostiFishMod:WinterMarkForm+1","AT_FamilyPortrait","Midas Touch","CrumblingArmor","animator:FeridBathory","Freischutz","animator:Mikaela","animator:Gilgamesh+5","MHz","animator:Eris","animator:Saitama","animator:GoblinSlayer","animator:Wiz","animator:Hans","animator:Kyubey","animator:Kyubey","animator:Guren","animator:Sonic","animator:HiiragiShinya","Yin","animator:Boros","animator:GuildGirl","QueenOfHatred","Gensokyo:SpontaneousHumanCombustion"],"relics":["animator:LivingPicture","animator:TheMissingPiece","REME_ComplimentaryCards","ice","Fans:FanaticalFans","DaveBox","HushsDoor","AT_ATBox","testmod-TestBox","LagranYue:RandomDrawCardRelic","FrostBlade","GuppysPaw","CogitoBucket","Golden Idol","LetterFromLob","MerchantsRug","jedi:arcanewood","REME_OnlineShoppingPlatform","jedi:heavyjacket","conspire:Dentures","testmod-EnergyCheck","SkinProphecy","LagranYue:MagicReflectiveArmorRelic"],"acts_visited":["Exordium","Gensokyo:Gensokyoer"],"potions_floor_usage":[],"damage_taken":[{"damage":0.0,"enemies":"Jaw Worm","floor":1.0,"turns":1.0},{"damage":0.0,"enemies":"conspire:RoseBush","floor":6.0,"turns":2.0},{"damage":15.0,"enemies":"3 Sentries","floor":7.0,"turns":3.0},{"damage":10.0,"enemies":"Gremlin Nob","floor":11.0,"turns":5.0},{"damage":0.0,"enemies":"Small Slimes","floor":15.0,"turns":3.0},{"damage":48,"enemies":"Hexaghost","floor":17,"turns":5},{"damage":6,"enemies":"Gensokyo:CosmicMonolith","floor":19,"turns":4},{"damage":0,"enemies":"Gensokyo:2_Gloops","floor":22,"turns":2}],"seed_played":"5964256156459718729","potions_obtained":[{"floor":7.0,"key":"FearPotion"}],"is_trial":false,"path_per_floor":["M","?","?","?","$","M","E","R","$","T","E","$","?","$","M","R","B",null,"M","R","?","M"],"character_chosen":"THE_ANIMATOR","items_purchased":["MerchantsRug","animator:Gilgamesh","jedi:arcanewood","REME_OnlineShoppingPlatform","jedi:heavyjacket","conspire:Dentures","LagranYue:MagicReflectiveArmorRelic"],"campfire_rested":0,"item_purchase_floors":[9,9,12,14,14,14,20],"current_hp_per_floor":[66,50,35,30,30,30,16,16,16,16,67,67,64,64,64,64,17,64,58,58,58,0,0],"gold":188,"neow_bonus":"","is_daily":false,"chose_seed":false,"campfire_upgraded":1,"win_rate":0.0,"timestamp":1613766575,"path_taken":["M","?","?","?","?","?","E","R","?","T","E","$","?","?","?","R","BOSS","M","?","?","?"],"items_purchased_type":["Relic","Card","Relic","Relic","Relic","Relic","Relic"],"build_version":"2020-12-22","purchased_purges":2,"victory":false,"max_hp_per_floor":[66,66,66,66,66,66,67,67,67,67,67,67,67,67,68,68,69,64,64,64,58,57,57],"relic_stats":{"counters":[9,26],"Golden Idol":54,"obtain_stats":[{"ReplayFunnel":3,"AT_ATBox":0,"DaveBox":0,"LagranYue:RandomDrawCardRelic":0,"GuppysPaw":0,"animator:TheMissingPiece":0,"ice":0,"Fans:FanaticalFans":0,"SkinProphecy":19,"LagranYue:MagicReflectiveArmorRelic":20,"Yang_Lob":17,"CogitoBucket":0,"Chameleon Ring":13,"testmod-Motorcycle":0,"REME_OnlineShoppingPlatform":14,"SumBook":11,"KeepersGift":0,"conspire:Dentures":14,"MerchantsRug":9,"testmod-TestBox":0,"Golden Idol":2,"Blue Candle":4,"LagranYue:GuideDeadRelic":7,"FrostBlade":0,"jedi:heavyjacket":14,"animator:LivingPicture":0,"LetterFromLob":6,"HushsDoor":0,"jedi:arcanewood":12,"testmod-EnergyCheck":18,"REME_ComplimentaryCards":0},{"ReplayFunnel":1,"AT_ATBox":0,"DaveBox":0,"LagranYue:RandomDrawCardRelic":0,"GuppysPaw":0,"animator:TheMissingPiece":0,"ice":0,"Fans:FanaticalFans":0,"SkinProphecy":8,"LagranYue:MagicReflectiveArmorRelic":8,"Yang_Lob":6,"CogitoBucket":0,"Chameleon Ring":4,"testmod-Motorcycle":0,"REME_OnlineShoppingPlatform":4,"SumBook":4,"KeepersGift":0,"conspire:Dentures":4,"MerchantsRug":3,"testmod-TestBox":0,"Golden Idol":1,"Blue Candle":1,"LagranYue:GuideDeadRelic":3,"FrostBlade":0,"jedi:heavyjacket":4,"animator:LivingPicture":0,"LetterFromLob":2,"HushsDoor":0,"jedi:arcanewood":4,"testmod-EnergyCheck":6,"REME_ComplimentaryCards":0},{"ReplayFunnel":1,"AT_ATBox":0,"DaveBox":0,"LagranYue:RandomDrawCardRelic":0,"GuppysPaw":0,"animator:TheMissingPiece":0,"ice":0,"Fans:FanaticalFans":0,"SkinProphecy":24,"LagranYue:MagicReflectiveArmorRelic":24,"Yang_Lob":19,"CogitoBucket":0,"Chameleon Ring":11,"testmod-Motorcycle":0,"REME_OnlineShoppingPlatform":11,"SumBook":11,"KeepersGift":0,"conspire:Dentures":11,"MerchantsRug":6,"testmod-TestBox":0,"Golden Idol":1,"Blue Candle":1,"LagranYue:GuideDeadRelic":6,"FrostBlade":0,"jedi:heavyjacket":11,"animator:LivingPicture":0,"LetterFromLob":3,"HushsDoor":0,"jedi:arcanewood":11,"testmod-EnergyCheck":19,"REME_ComplimentaryCards":0}]},"card_choices":[{"not_picked":[],"picked":"BettingIsNotGood","floor":0.0},{"not_picked":["WallGazer","OldLady"],"picked":"CrumblingArmor","floor":6.0},{"not_picked":["animator:SilverFang","animator:Chris"],"picked":"animator:FeridBathory","floor":6.0},{"not_picked":["GreedKing","OSAHOGD"],"picked":"Freischutz","floor":7.0},{"not_picked":["animator:Kazuma","animator:GoblinSlayer"],"picked":"animator:Mikaela","floor":7.0},{"not_picked":["UniverseFragment","Porccubus"],"picked":"MHz","floor":11.0},{"not_picked":["animator:Tatsumaki","animator:SilverFang"],"picked":"animator:Sonic","floor":11.0},{"not_picked":["animator:Berserker","animator:Witch"],"picked":"animator:HiiragiShinya","floor":15.0},{"not_picked":["PunishingBird","Wellcheers","ShyLook"],"picked":"Singing Bowl","floor":15.0},{"not_picked":["BeautyBeast","Woodsman"],"picked":"Yin","floor":15.0},{"not_picked":["animator:SwordMaiden","animator:Saitama"],"picked":"animator:Boros","floor":17},{"not_picked":["animator:Kazuma","animator:TsurugaMeisai+1"],"picked":"animator:GuildGirl","floor":19},{"not_picked":["Rudolta","Alriune","Murderer"],"picked":"Singing Bowl","floor":19},{"not_picked":["GalaxyChild","SpiderBud"],"picked":"QueenOfHatred","floor":19},{"not_picked":["Gensokyo:LittleGreenMen","Gensokyo:TurboGranny"],"picked":"Gensokyo:SpontaneousHumanCombustion","floor":21}],"player_experience":114619,"relics_obtained":[{"floor":6.0,"key":"LetterFromLob"},{"floor":7.0,"key":"LagranYue:GuideDeadRelic"},{"floor":11.0,"key":"SumBook"}],"event_choices":[{"damage_healed":0.0,"max_hp_gain":0.0,"max_hp_loss":0.0,"gold_gain":0.0,"event_name":"Golden Idol","player_choice":"Take Damage","floor":2.0,"gold_loss":0.0,"damage_taken":16.0,"relics_obtained":["Golden Idol"]},{"damage_healed":0.0,"max_hp_gain":0.0,"max_hp_loss":0.0,"gold_gain":0.0,"event_name":"Scrap Ooze","player_choice":"Success","floor":13.0,"gold_loss":0.0,"damage_taken":3.0,"relics_obtained":["Chameleon Ring"]}],"is_beta":false,"boss_relics":[{"not_picked":["Replay:Drink Me","testmod-CardMagician"],"picked":"testmod-EnergyCheck"},{"not_picked":[]}],"items_purged_floors":[14,18],"is_endless":false,"potions_floor_spawned":[7,15,19],"killed_by":"Gensokyo:2_Gloops","ascension_level":1}}