{"host":"dxw0slwvk2p0izr3","time":1613751163,"event":{"mods":["BaseMod","Downfall","Minty Spire (QoL Compilation)","Replay The Spire","Shop Mod","StSLib"],"gold_per_floor":[110,122,122,47,59,90,101,130,130,30,62,62,92,112,112,213,213,223,233,233,233,233,233,233],"floor_reached":23,"language":"ZHS","playtime":1042,"items_purged":["Defend_P","Strike_P"],"score":367,"play_id":"b06648a8-4fe1-4569-ac43-8aa5878b0998","local_time":"20210220001243","is_ascension_mode":true,"campfire_choices":[{"data":"Eruption","floor":15,"key":"SMITH"}],"circlet_count":0,"master_deck":["Strike_P","Strike_P","Strike_P","Defend_P","Defend_P","Defend_P","Eruption+1","Vigilance","Study","Scrawl","Consecrate","Replay:LoomingThreat","Crescendo","ReachHeaven","Devotion","FlyingSleeves","Amnesia"],"relics":["Coffee Dripper","Happy Flower","Bottled Flame","Ginger","Dead Branch","Replay:Baseball","Bottled Tornado","Black Star","Enchiridion","Ring of Panic","Ring of Fury","Blue Doll"],"acts_visited":["Exordium","TheCity"],"potions_floor_usage":[13,13,13,13],"damage_taken":[{"damage":0.0,"enemies":"Small Slimes","floor":1.0,"turns":2.0},{"damage":0.0,"enemies":"Cultist","floor":2.0,"turns":3.0},{"damage":4.0,"enemies":"Jaw Worm","floor":5.0,"turns":4.0},{"damage":10,"enemies":"Lagavulin","floor":6,"turns":5},{"damage":4,"enemies":"Red Slaver","floor":7,"turns":3},{"damage":8,"enemies":"Gremlin Nob","floor":8,"turns":4},{"damage":0,"enemies":"Lagavulin","floor":11,"turns":4},{"damage":0,"enemies":"Gremlin Nob","floor":13,"turns":2},{"damage":0,"enemies":"Large Slime","floor":14,"turns":3},{"damage":0,"enemies":"Slime Boss","floor":16,"turns":6},{"damage":0,"enemies":"Spheric Guardian","floor":18,"turns":2},{"damage":23,"enemies":"Shell Parasite","floor":19,"turns":4},{"damage":37,"enemies":"Book of Stabbing","floor":23,"turns":3}],"seed_played":"-5203389920583415356","potions_obtained":[{"floor":2.0,"key":"Swift Potion"},{"floor":6,"key":"EntropicBrew"},{"floor":7,"key":"SpeedPotion"},{"floor":8,"key":"Regen Potion"},{"floor":16,"key":"BlessingOfTheForge"}],"is_trial":false,"path_per_floor":["M","M","?","$","M","E","M","E","T","$","E","T","E","M","R","B",null,"M","M","?","?","?","E"],"character_chosen":"WATCHER","items_purchased":[],"campfire_rested":0,"item_purchase_floors":[],"current_hp_per_floor":[72,72,72,72,68,58,54,46,46,46,46,46,51,51,51,51,72,72,49,33,33,33,0,0],"gold":233,"neow_bonus":"BOSS_RELIC","is_daily":false,"chose_seed":false,"campfire_upgraded":1,"win_rate":0.0,"timestamp":1613751163,"path_taken":["M","M","?","?","M","E","?","E","T","$","E","?","E","M","R","BOSS","M","M","?","?","?","E"],"items_purchased_type":[],"build_version":"2020-12-22","purchased_purges":2,"victory":false,"max_hp_per_floor":[72,72,72,72,72,72,72,72,72,72,72,72,72,72,72,72,72,72,72,72,72,72,72,72],"card_choices":[{"not_picked":["Protect","SignatureMove"],"picked":"Replay:AtTheReady","floor":1.0},{"not_picked":["Replay:Battleflow","SignatureMove"],"picked":"Study","floor":2.0},{"not_picked":["FollowUp","Replay:DivineShield"],"picked":"Consecrate","floor":5.0},{"not_picked":["Worship","InnerPeace"],"picked":"Replay:LoomingThreat","floor":6},{"not_picked":["Replay:AtTheReady","SignatureMove"],"picked":"Crescendo","floor":7},{"not_picked":["Weave","CutThroughFate"],"picked":"ReachHeaven","floor":8},{"not_picked":["Nirvana","EmptyFist","ReachHeaven"],"picked":"SKIP","floor":11},{"not_picked":["EmptyFist","PathToVictory","Blasphemy"],"picked":"SKIP","floor":13},{"not_picked":["MentalFortress","EmptyFist","Crescendo"],"picked":"SKIP","floor":14},{"not_picked":["Blasphemy","DevaForm"],"picked":"Devotion","floor":16},{"not_picked":["Fasting2","Evaluate","Replay:Battleflow"],"picked":"SKIP","floor":18},{"not_picked":["Protect","CutThroughFate"],"picked":"FlyingSleeves","floor":19}],"player_experience":79225,"relics_obtained":[{"floor":6,"key":"Happy Flower"},{"floor":8,"key":"Bottled Flame"},{"floor":9,"key":"Ginger"},{"floor":11,"key":"Dead Branch"},{"floor":12,"key":"Replay:Baseball"},{"floor":13,"key":"Bottled Tornado"},{"floor":20,"key":"Enchiridion"},{"floor":21,"key":"Ring of Panic"},{"floor":21,"key":"Ring of Fury"}],"event_choices":[{"damage_healed":0.0,"max_hp_gain":0.0,"max_hp_loss":0.0,"gold_gain":0.0,"event_name":"Match and Keep!","player_choice":"1 cards matched","floor":3.0,"gold_loss":0.0,"damage_taken":0.0,"cards_obtained":["Scrawl"]},{"damage_healed":0,"gold_gain":0,"player_choice":"Obtained Book","damage_taken":16,"max_hp_gain":0,"max_hp_loss":0,"event_name":"Cursed Tome","floor":20,"gold_loss":0},{"cards_removed":["Replay:AtTheReady"],"damage_healed":0,"gold_gain":0,"player_choice":"Gave Card","damage_taken":0,"relics_obtained":["Blue Doll"],"max_hp_gain":0,"max_hp_loss":0,"event_name":"WeMeetAgain","floor":22,"gold_loss":0}],"is_beta":false,"boss_relics":[{"not_picked":["bronze:MakeshiftBattery","Snecko Eye"],"picked":"Black Star"}],"items_purged_floors":[4,10],"is_endless":false,"potions_floor_spawned":[2,6,7,8,16],"killed_by":"Book of Stabbing","ascension_level":3}}