{"host":"xhu7ghy3w6l0eaqz","time":1613736823,"event":{"mods":["Act Like it!","BaseMod","Gensokyo","Minty Spire (QoL Compilation)","MostiFishMod","NanayaShiki（七夜志贵）","StSLib","【功能Mod】混沌之环修复补丁","【功能Mod】聪明的最终Boss"],"gold_per_floor":[112,112,125,125,137,137,137],"floor_reached":6,"language":"ZHS","playtime":982,"items_purged":[],"score":61,"play_id":"752fdadf-8262-4504-9da2-334abfac8eba","local_time":"20210219201343","is_ascension_mode":false,"campfire_choices":[],"circlet_count":0,"master_deck":["ShikiMod:B","ShikiMod:B","ShikiMod:B","ShikiMod:B","ShikiMod:A","ShikiMod:A","ShikiMod:A","ShikiMod:A","ShikiMod:kongjo","ShikiMod:kakaa","ShikiMod:W","ShikiMod:G1","ShikiMod:U","ShikiMod:E1","ShikiMod:xibao","ShikiMod:cc"],"relics":["youmenomizu","nanaya","DaveBox","NeowsBlessing","BloodWine","SynthV:TestCard","Nunchaku"],"acts_visited":["Gensokyo:Gensokyo"],"potions_floor_usage":[],"damage_taken":[{"damage":0,"enemies":"Gensokyo:2_Kodama","floor":1,"turns":1},{"damage":0,"enemies":"Gensokyo:Python","floor":3,"turns":1},{"damage":0,"enemies":"Gensokyo:3_Fairies","floor":5,"turns":1},{"damage":9,"enemies":"Gensokyo:Cirno","floor":6,"turns":9}],"seed_played":"-8548911040141622438","potions_obtained":[{"floor":1,"key":"Dexterity Potion"},{"floor":3,"key":"SteroidPotion"}],"is_trial":false,"path_per_floor":["M","?","M","?","M","E"],"character_chosen":"Nanaya","items_purchased":[],"campfire_rested":0,"item_purchase_floors":[],"current_hp_per_floor":[50,50,50,40,40,36,36],"gold":137,"neow_bonus":"THREE_ENEMY_KILL","is_daily":false,"chose_seed":false,"campfire_upgraded":0,"win_rate":0.0,"timestamp":1613736823,"path_taken":["M","?","M","?","?","E"],"items_purchased_type":[],"build_version":"2020-12-22","purchased_purges":0,"victory":false,"max_hp_per_floor":[50,50,50,50,50,50,50],"card_choices":[{"not_picked":["ShikiMod:B6","ShikiMod:P"],"picked":"ShikiMod:W","floor":1},{"not_picked":["ShikiMod:E1","ShikiMod:E7","ShikiMod:N","ShikiMod:B7"],"picked":"ShikiMod:G1","floor":2},{"not_picked":["ShikiMod:E6","ShikiMod:B6","ShikiMod:Z","ShikiMod:E8"],"picked":"ShikiMod:U","floor":2},{"not_picked":["ShikiMod:E11","ShikiMod:C","ShikiMod:E4","ShikiMod:E8"],"picked":"ShikiMod:E1","floor":3},{"not_picked":["ShikiMod:P","ShikiMod:B8","ShikiMod:B5","ShikiMod:E5"],"picked":"ShikiMod:xibao","floor":5}],"player_experience":103472,"relics_obtained":[{"floor":1,"key":"SynthV:TestCard"}],"event_choices":[],"is_beta":false,"boss_relics":[],"items_purged_floors":[],"is_endless":false,"potions_floor_spawned":[1,3],"killed_by":"Gensokyo:Cirno","ascension_level":0}}