{"host":"BK","time":1613760142,"event":{"mods":["BaseMod","Highlight Path","Minty Spire (QoL Compilation)","StSLib"],"gold_per_floor":[217,229,57,67,82,82,108,108,132,152,170,2,21,31,31,107,107,78,88,88,88,108,139,139,139,165,165,165],"floor_reached":27,"language":"ENG","playtime":4020,"items_purged":["Strike_G"],"score":474,"play_id":"f3f8a0a7-001d-418f-a4f5-c1c2a121831e","local_time":"20210219114222","is_ascension_mode":true,"campfire_choices":[{"floor":6.0,"key":"REST"},{"data":"Crippling Poison","floor":8.0,"key":"SMITH"},{"data":"Bouncing Flask","floor":15.0,"key":"SMITH"},{"floor":24,"key":"REST"}],"circlet_count":0,"master_deck":["AscendersBane","Strike_G","Strike_G","Strike_G","Strike_G","Defend_G","Defend_G","Defend_G","Defend_G","Defend_G","Survivor","Neutralize","Bouncing Flask+1","Quick Slash","Leg Sweep","Dagger Spray","All Out Attack","Deadly Poison","Crippling Poison+1","Backflip","Skewer","Well Laid Plans","Blur","Ghostly","Ghostly","Ghostly"],"relics":["Ring of the Snake","Orichalcum","Blood Vial","PreservedInsect","Sozu","Nunchaku"],"acts_visited":["Exordium","TheCity"],"potions_floor_usage":[],"damage_taken":[{"damage":2.0,"enemies":"2 Louse","floor":1.0,"turns":5.0},{"damage":4.0,"enemies":"Jaw Worm","floor":2.0,"turns":3.0},{"damage":4.0,"enemies":"Cultist","floor":4.0,"turns":5.0},{"damage":12.0,"enemies":"Lots of Slimes","floor":5.0,"turns":3.0},{"damage":14.0,"enemies":"Lagavulin","floor":7.0,"turns":5.0},{"damage":2.0,"enemies":"Blue Slaver","floor":10.0,"turns":4.0},{"damage":0.0,"enemies":"2 Fungi Beasts","floor":11.0,"turns":3.0},{"damage":5.0,"enemies":"Looter","floor":13.0,"turns":4.0},{"damage":3.0,"enemies":"Gremlin Gang","floor":14.0,"turns":4.0},{"damage":22.0,"enemies":"Hexaghost","floor":16.0,"turns":11.0},{"damage":13.0,"enemies":"2 Thieves","floor":18.0,"turns":4.0},{"damage":0.0,"enemies":"3 Byrds","floor":19.0,"turns":3.0},{"damage":16.0,"enemies":"Snecko","floor":22.0,"turns":5.0},{"damage":25,"enemies":"Slavers","floor":23,"turns":3},{"damage":30,"enemies":"Gremlin Leader","floor":27,"turns":8}],"seed_played":"7083710726968231053","potions_obtained":[{"floor":1.0,"key":"FearPotion"},{"floor":2.0,"key":"Weak Potion"},{"floor":14.0,"key":"EssenceOfSteel"}],"is_trial":false,"path_per_floor":["M","M","$","M","M","R","E","R","T","M","M","$","M","M","R","B",null,"M","M","?","$","M","E","R","?","T","E"],"character_chosen":"THE_SILENT","items_purchased":["Leg Sweep","Dagger Spray","PreservedInsect"],"campfire_rested":2,"item_purchase_floors":[3,3,12],"current_hp_per_floor":[57,53,53,49,37,56,42,42,42,42,44,44,41,40,40,20,55,44,46,46,46,32,9,28,28,28,0,0],"gold":165,"neow_bonus":"HUNDRED_GOLD","is_daily":false,"chose_seed":false,"campfire_upgraded":2,"win_rate":0.0,"timestamp":1613760142,"path_taken":["M","M","$","M","M","R","E","R","T","M","M","$","M","M","R","BOSS","M","M","?","$","M","E","R","?","T","E"],"items_purchased_type":["Card","Card","Relic"],"build_version":"2020-12-18","purchased_purges":1,"victory":false,"max_hp_per_floor":[66,66,66,66,66,66,66,66,66,66,66,66,66,66,66,66,66,66,66,66,66,66,66,66,33,33,33,33],"card_choices":[{"not_picked":["Deflect","Leg Sweep"],"picked":"Bouncing Flask","floor":1.0},{"not_picked":["Calculated Gamble","Backflip"],"picked":"Quick Slash","floor":2.0},{"not_picked":["PiercingWail","Acrobatics"],"picked":"All Out Attack","floor":4.0},{"not_picked":["Leg Sweep","Bane"],"picked":"Deadly Poison","floor":5.0},{"not_picked":["Caltrops","Tactician"],"picked":"Crippling Poison","floor":7.0},{"not_picked":["Bane","Dagger Spray","Dagger Throw"],"picked":"SKIP","floor":10.0},{"not_picked":["Prepared","Expertise","Endless Agony"],"picked":"SKIP","floor":11.0},{"not_picked":["Dodge and Roll","Predator"],"picked":"Backflip","floor":13.0},{"not_picked":["Calculated Gamble","Dagger Spray","Dagger Throw"],"picked":"SKIP","floor":14.0},{"not_picked":["Flechettes+1","Bane","Dagger Spray"],"picked":"SKIP","floor":18.0},{"not_picked":["Prepared","Eviscerate"],"picked":"Skewer","floor":19.0},{"not_picked":["Deflect","Blade Dance"],"picked":"Well Laid Plans","floor":22.0},{"not_picked":["Calculated Gamble+1","Infinite Blades"],"picked":"Blur","floor":23}],"player_experience":2591354,"relics_obtained":[{"floor":7.0,"key":"Orichalcum"},{"floor":9.0,"key":"Blood Vial"},{"floor":23,"key":"Nunchaku"}],"event_choices":[{"damage_healed":0.0,"max_hp_gain":0.0,"max_hp_loss":0.0,"gold_gain":0.0,"event_name":"Beggar","player_choice":"Ignored","floor":20.0,"gold_loss":0.0,"damage_taken":0.0},{"damage_healed":0,"gold_gain":0,"player_choice":"Became a Ghost","damage_taken":0,"max_hp_gain":0,"max_hp_loss":33,"event_name":"Ghosts","floor":25,"gold_loss":0,"cards_obtained":["Ghostly","Ghostly","Ghostly"]}],"is_beta":true,"boss_relics":[{"not_picked":["Black Star","Busted Crown"],"picked":"Sozu"}],"items_purged_floors":[3],"is_endless":false,"potions_floor_spawned":[1,2,7,10,14,19,23],"killed_by":"Gremlin Leader","ascension_level":20}}