{"host":"Nexxot","time":1613730021,"event":{"mods":["AchievementEnabler","BaseMod","Bestiary","Colored Map","Curses Come First","Highlight Path","Minty Spire (QoL Compilation)","Relic Stats","StSLib"],"gold_per_floor":[109,127,146,146,166,201,201,234,234,234,7,7,26,101,101,227,227,167,180,45,45,45,45,45,84,134,178,178,198,198,234,234,355,355,368,27,27,90,423,457,457,297,376,376,386,404,433,453,453,453,453,453,1,26,26],"floor_reached":56,"language":"ENG","playtime":3256,"items_purged":["Strike_G","Strike_G+1","Strike_G+1"],"score":1951,"play_id":"acee4b89-ab54-4421-b074-c7a18e52a522","local_time":"20210219112021","is_ascension_mode":true,"campfire_choices":[{"data":"Well Laid Plans","floor":7,"key":"SMITH"},{"data":"Noxious Fumes","floor":10,"key":"SMITH"},{"floor":12,"key":"REST"},{"floor":15,"key":"REST"},{"data":"Wraith Form v2","floor":23,"key":"SMITH"},{"data":"Wraith Form v2","floor":28,"key":"SMITH"},{"data":"Wraith Form v2","floor":30,"key":"SMITH"},{"floor":32,"key":"REST"},{"data":"Wraith Form v2","floor":41,"key":"SMITH"},{"floor":49,"key":"RECALL"},{"data":"Bouncing Flask","floor":52,"key":"SMITH"}],"circlet_count":0,"master_deck":["AscendersBane","Defend_G+1","Defend_G+1","Defend_G+1","Defend_G+1","Defend_G+1","Survivor","Neutralize","Leg Sweep","Underhanded Strike","Well Laid Plans+1","Noxious Fumes+1","Backstab+1","Wraith Form v2+1","Wraith Form v2+1","Blade Dance","Deflect","Wraith Form v2+1","RitualDagger+1","Tools of the Trade","Wraith Form v2+1","Dodge and Roll+1","Deadly Poison+1","Bullet Time","CurseOfTheBell","Flash of Steel","Impatience","PanicButton","PiercingWail+1","Acrobatics+1","Noxious Fumes","Outmaneuver+1","Reflex+1","Bouncing Flask+1","Crippling Poison+1","Night Terror","Deadly Poison+1","Outmaneuver+1","Burst"],"relics":["Ring of the Snake","NeowsBlessing","Mango","Du-Vu Doll","StoneCalendar","OrangePellets","Empty Cage","Lizard Tail","Whetstone","Nunchaku","FossilizedHelix","Snake Skull","Calling Bell","Tiny Chest","InkBottle","Pocketwatch","Mummified Hand","Bird Faced Urn","Letter Opener","Pear","PreservedInsect","Orrery","Incense Burner","CaptainsWheel"],"acts_visited":["Exordium","TheCity","TheBeyond","TheEnding"],"potions_floor_usage":[8,16,25,55],"damage_taken":[{"damage":0,"enemies":"Cultist","floor":1,"turns":1},{"damage":0,"enemies":"Small Slimes","floor":2,"turns":1},{"damage":0,"enemies":"Jaw Worm","floor":3,"turns":1},{"damage":0,"enemies":"Blue Slaver","floor":5,"turns":7},{"damage":35,"enemies":"Gremlin Nob","floor":6,"turns":7},{"damage":29,"enemies":"3 Sentries","floor":8,"turns":10},{"damage":5,"enemies":"2 Fungi Beasts","floor":13,"turns":3},{"damage":12,"enemies":"Slime Boss","floor":16,"turns":8},{"damage":10,"enemies":"2 Thieves","floor":18,"turns":4},{"damage":10,"enemies":"3 Byrds","floor":19,"turns":5},{"damage":6,"enemies":"Slavers","floor":25,"turns":6},{"damage":14,"enemies":"Gremlin Leader","floor":27,"turns":8},{"damage":4,"enemies":"Cultist and Chosen","floor":29,"turns":9},{"damage":5,"enemies":"Slavers","floor":31,"turns":7},{"damage":6,"enemies":"Automaton","floor":33,"turns":13},{"damage":3,"enemies":"3 Darklings","floor":35,"turns":5},{"damage":0,"enemies":"Mind Bloom Boss Battle","floor":38,"turns":7},{"damage":0,"enemies":"Nemesis","floor":40,"turns":9},{"damage":0,"enemies":"3 Shapes","floor":45,"turns":5},{"damage":0,"enemies":"Jaw Worm Horde","floor":46,"turns":4},{"damage":0,"enemies":"Reptomancer","floor":47,"turns":6},{"damage":0,"enemies":"Sphere and 2 Shapes","floor":48,"turns":6},{"damage":2,"enemies":"Donu and Deca","floor":50,"turns":9},{"damage":0,"enemies":"Shield and Spear","floor":54,"turns":7},{"damage":54,"enemies":"The Heart","floor":55,"turns":12}],"seed_played":"7488037147263591808","potions_obtained":[{"floor":3,"key":"CunningPotion"},{"floor":8,"key":"Ancient Potion"},{"floor":13,"key":"LiquidMemories"},{"floor":19,"key":"ColorlessPotion"},{"floor":31,"key":"LiquidBronze"},{"floor":33,"key":"Explosive Potion"},{"floor":40,"key":"GhostInAJar"}],"is_trial":false,"path_per_floor":["M","M","M","?","M","E","R","E","T","R","$","R","M","?","R","B",null,"M","M","$","?","?","R","?","E","T","E","R","M","R","E","R","B",null,"M","$","?","?","?","E","R","$","T","T","M","M","E","M","R","B",null,"R","$","E","B",null],"character_chosen":"THE_SILENT","items_purchased":["OrangePellets","Wraith Form v2","Mummified Hand","Noxious Fumes","Orrery","Incense Burner"],"campfire_rested":3,"item_purchase_floors":[11,20,36,42,53,53],"current_hp_per_floor":[63,63,63,63,63,42,42,13,13,13,13,36,31,20,43,31,67,57,47,47,47,41,41,41,35,35,21,21,17,17,12,35,29,67,64,64,54,54,54,68,68,68,78,78,89,89,89,89,89,87,89,89,89,89,53],"gold":26,"neow_bonus":"THREE_ENEMY_KILL","is_daily":false,"chose_seed":false,"campfire_upgraded":7,"win_rate":0.0,"timestamp":1613730021,"path_taken":["M","M","?","?","M","E","R","E","T","R","$","R","M","?","R","BOSS","M","M","$","?","?","R","?","E","T","E","R","?","R","E","R","BOSS","M","$","?","?","?","E","R","$","T","?","M","?","E","M","R","BOSS","R","$","E","BOSS"],"items_purchased_type":["Relic","Card","Relic","Card","Relic","Relic"],"build_version":"2020-12-18","purchased_purges":3,"victory":true,"max_hp_per_floor":[70,70,70,65,65,79,79,79,79,79,79,79,79,79,79,79,79,79,79,79,79,79,79,79,79,79,79,79,79,79,79,79,79,79,79,79,79,79,79,79,79,79,89,89,89,89,89,89,89,89,89,89,89,89,89],"relic_stats":{"counters":[25,160],"StoneCalendar":[659],"Snake Skull":[135],"PreservedInsect":77,"Whetstone":["RitualDagger","Backstab"],"Letter Opener":[144],"OrangePellets":[67],"Lizard Tail":0,"Nunchaku":[15],"Mummified Hand":[58],"Bird Faced Urn":[43],"Tiny Chest":1,"obtain_stats":[{"Mango":6,"StoneCalendar":9,"Snake Skull":31,"Incense Burner":53,"Whetstone":25,"Empty Cage":17,"Lizard Tail":24,"Nunchaku":26,"Mummified Hand":36,"Tiny Chest":34,"InkBottle":34,"Ring of the Snake":0,"Pear":43,"NeowsBlessing":0,"Golden Idol":4,"PreservedInsect":47,"Letter Opener":40,"Du-Vu Doll":8,"Calling Bell":34,"OrangePellets":11,"CaptainsWheel":54,"Bird Faced Urn":38,"Orrery":53,"FossilizedHelix":27,"Pocketwatch":34},{"Mango":5,"StoneCalendar":6,"Snake Skull":14,"Incense Burner":23,"Whetstone":11,"Empty Cage":8,"Lizard Tail":10,"Nunchaku":11,"Mummified Hand":16,"Tiny Chest":15,"InkBottle":15,"Ring of the Snake":0,"Pear":18,"NeowsBlessing":0,"Golden Idol":3,"PreservedInsect":21,"Letter Opener":18,"Du-Vu Doll":6,"Calling Bell":15,"OrangePellets":6,"CaptainsWheel":24,"Bird Faced Urn":17,"Orrery":23,"FossilizedHelix":12,"Pocketwatch":15},{"Mango":17,"StoneCalendar":27,"Snake Skull":77,"Incense Burner":141,"Whetstone":53,"Empty Cage":38,"Lizard Tail":47,"Nunchaku":53,"Mummified Hand":95,"Tiny Chest":90,"InkBottle":90,"Ring of the Snake":0,"Pear":111,"NeowsBlessing":0,"Golden Idol":3,"PreservedInsect":126,"Letter Opener":111,"Du-Vu Doll":27,"Calling Bell":90,"OrangePellets":27,"CaptainsWheel":148,"Bird Faced Urn":102,"Orrery":141,"FossilizedHelix":61,"Pocketwatch":90}],"InkBottle":[25],"Ring of the Snake":[50],"Pocketwatch":[53]},"card_choices":[{"not_picked":["Prepared","Dodge and Roll"],"picked":"Leg Sweep","floor":1},{"not_picked":["Deadly Poison","Sucker Punch"],"picked":"Underhanded Strike","floor":2},{"not_picked":["Slice","Predator"],"picked":"Well Laid Plans","floor":3},{"not_picked":["Dodge and Roll","PiercingWail","Deflect"],"picked":"SKIP","floor":5},{"not_picked":["Prepared","Distraction"],"picked":"Noxious Fumes","floor":6},{"not_picked":["All Out Attack","Eviscerate"],"picked":"Backstab","floor":8},{"not_picked":["Dash","Terror"],"picked":"Wraith Form v2","floor":13},{"not_picked":["Die Die Die","Unload"],"picked":"Wraith Form v2","floor":16},{"not_picked":["Leg Sweep+1","Slice+1"],"picked":"Blade Dance","floor":18},{"not_picked":["Poisoned Stab","Well Laid Plans+1"],"picked":"Deflect","floor":19},{"not_picked":["Backflip+1","Quick Slash"],"picked":"Tools of the Trade","floor":25},{"not_picked":["Sucker Punch","Setup"],"picked":"Wraith Form v2","floor":27},{"not_picked":["Flechettes+1","Dagger Throw"],"picked":"Dodge and Roll+1","floor":29},{"not_picked":["Blade Dance+1","Quick Slash"],"picked":"Deadly Poison+1","floor":31},{"not_picked":["Burst","Venomology"],"picked":"Bullet Time","floor":33},{"not_picked":["Accuracy+1","All Out Attack","Cloak And Dagger"],"picked":"SKIP","floor":35},{"not_picked":["Madness","Jack Of All Trades"],"picked":"Flash of Steel","floor":37},{"not_picked":["Flash of Steel","Transmutation"],"picked":"Impatience","floor":37},{"not_picked":["Mind Blast","Secret Weapon"],"picked":"PanicButton","floor":37},{"not_picked":["Quick Slash+1","Backstab"],"picked":"PiercingWail+1","floor":38},{"not_picked":["Crippling Poison","Choke+1"],"picked":"Acrobatics+1","floor":40},{"not_picked":["Skewer+1","Well Laid Plans"],"picked":"Outmaneuver+1","floor":45},{"not_picked":["Distraction","Deadly Poison+1"],"picked":"Reflex+1","floor":46},{"not_picked":["Quick Slash","Terror+1"],"picked":"Bouncing Flask","floor":47},{"not_picked":["Finisher","Dodge and Roll"],"picked":"Crippling Poison+1","floor":48},{"not_picked":["Outmaneuver+1","Distraction"],"picked":"Night Terror","floor":53},{"not_picked":["Slice","Reflex"],"picked":"Deadly Poison+1","floor":53},{"not_picked":["PiercingWail+1","Distraction"],"picked":"Outmaneuver+1","floor":53},{"not_picked":["Distraction+1","Bouncing Flask"],"picked":"Burst","floor":54}],"player_experience":360694,"relics_obtained":[{"floor":6,"key":"Mango"},{"floor":8,"key":"Du-Vu Doll"},{"floor":9,"key":"StoneCalendar"},{"floor":25,"key":"Whetstone"},{"floor":26,"key":"Nunchaku"},{"floor":27,"key":"FossilizedHelix"},{"floor":31,"key":"Snake Skull"},{"floor":34,"key":"Tiny Chest"},{"floor":34,"key":"InkBottle"},{"floor":34,"key":"Pocketwatch"},{"floor":38,"key":"Bird Faced Urn"},{"floor":40,"key":"Letter Opener"},{"floor":43,"key":"Pear"},{"floor":47,"key":"PreservedInsect"},{"floor":54,"key":"CaptainsWheel"}],"event_choices":[{"damage_healed":0,"gold_gain":0,"player_choice":"Lose Max HP","damage_taken":0,"relics_obtained":["Golden Idol"],"max_hp_gain":0,"max_hp_loss":5,"event_name":"Golden Idol","floor":4,"gold_loss":0},{"damage_healed":0,"gold_gain":75,"player_choice":"Gather Gold","damage_taken":11,"max_hp_gain":0,"max_hp_loss":0,"event_name":"World of Goop","floor":14,"gold_loss":0},{"damage_healed":0,"gold_gain":0,"player_choice":"Simplicity","damage_taken":0,"max_hp_gain":0,"max_hp_loss":0,"event_name":"Back to Basics","floor":21,"gold_loss":0,"cards_upgraded":["Strike_G","Strike_G","Defend_G","Defend_G","Defend_G","Defend_G","Defend_G"]},{"damage_healed":0,"gold_gain":0,"player_choice":"Joined the Cult","damage_taken":6,"max_hp_gain":0,"max_hp_loss":0,"event_name":"Nest","floor":22,"gold_loss":0,"cards_obtained":["RitualDagger"]},{"damage_healed":0,"gold_gain":0,"player_choice":"Gave Potion","damage_taken":0,"relics_obtained":["Lizard Tail"],"max_hp_gain":0,"max_hp_loss":0,"event_name":"WeMeetAgain","floor":24,"gold_loss":0},{"damage_healed":0,"gold_gain":0,"player_choice":"Memory 3","damage_taken":10,"max_hp_gain":0,"max_hp_loss":0,"event_name":"SensoryStone","floor":37,"gold_loss":0},{"damage_healed":0,"gold_gain":0,"player_choice":"Fight","damage_taken":0,"max_hp_gain":0,"max_hp_loss":0,"event_name":"MindBloom","floor":38,"gold_loss":0},{"damage_healed":0,"gold_gain":333,"player_choice":"Gave Idol","damage_taken":0,"max_hp_gain":0,"max_hp_loss":0,"event_name":"The Moai Head","floor":39,"relics_lost":["Golden Idol"],"gold_loss":0}],"is_beta":true,"boss_relics":[{"not_picked":["Velvet Choker","Ring of the Serpent"],"picked":"Empty Cage"},{"not_picked":["Philosopher\u0027s Stone","Coffee Dripper"],"picked":"Calling Bell"}],"items_purged_floors":[11,36,42],"is_endless":false,"potions_floor_spawned":[3,8,13,19,31,33,38,40,46],"ascension_level":11}}