{"host":"sc0o2qwpf9j16a4i","time":1613766558,"event":{"mods":["AchievementEnabler","BaseMod","BetterRewards","Block Reminder","Colored Map","Colored Powertips","Custom Start","Highlight Path","Minty Spire (QoL Compilation)","Relic Stats"],"gold_per_floor":[118,131,141,141,152,152,185,185,185,217,217,243,293,305,305,379,379,389,39,39,0,0],"floor_reached":21,"language":"ENG","playtime":599,"items_purged":[],"score":394,"play_id":"c50cbb32-8a10-425f-81e2-5f4fd9f92003","local_time":"20210219222918","is_ascension_mode":true,"campfire_choices":[{"data":"Metallicize","floor":6,"key":"SMITH"},{"floor":8,"key":"REST"},{"floor":11,"key":"REST"},{"data":"Juggernaut","floor":15,"key":"SMITH"}],"circlet_count":0,"master_deck":["AscendersBane","Strike_R","Strike_R","Strike_R","Strike_R","Strike_R","Defend_R","Defend_R","Defend_R","Defend_R","Bash","Metallicize+1","Shockwave","Sword Boomerang","Burning Pact","Shame","Twin Strike","Flame Barrier","Juggernaut+1","Juggernaut","Shrug It Off","Feed","Battle Trance"],"relics":["Cursed Key","Eternal Feather","FossilizedHelix","StoneCalendar","PreservedInsect","Mark of Pain","Medical Kit"],"acts_visited":["Exordium","TheCity"],"potions_floor_usage":[10,16,18],"damage_taken":[{"damage":14,"enemies":"Small Slimes","floor":1,"turns":4},{"damage":0,"enemies":"2 Louse","floor":2,"turns":2},{"damage":1,"enemies":"Cultist","floor":3,"turns":3},{"damage":9,"enemies":"Exordium Wildlife","floor":5,"turns":4},{"damage":16,"enemies":"Gremlin Nob","floor":7,"turns":4},{"damage":32,"enemies":"Lagavulin","floor":10,"turns":8},{"damage":15,"enemies":"3 Sentries","floor":12,"turns":7},{"damage":0,"enemies":"Blue Slaver","floor":14,"turns":5},{"damage":22,"enemies":"The Guardian","floor":16,"turns":10},{"damage":11,"enemies":"Spheric Guardian","floor":18,"turns":4},{"damage":10,"enemies":"2 Thieves","floor":21,"turns":4}],"seed_played":"7056801096070229764","potions_obtained":[{"floor":2,"key":"AttackPotion"},{"floor":3,"key":"Fire Potion"},{"floor":5,"key":"PowerPotion"},{"floor":10,"key":"FairyPotion"},{"floor":16,"key":"ColorlessPotion"}],"is_trial":false,"path_per_floor":["M","M","M","?","M","R","E","R","T","E","R","E","?","M","R","B",null,"M","$","?","M"],"character_chosen":"IRONCLAD","items_purchased":["Medical Kit","Feed"],"campfire_rested":2,"item_purchase_floors":[19,19],"current_hp_per_floor":[54,54,53,53,44,44,28,59,59,27,58,43,43,43,52,30,64,53,53,53,43,43],"gold":0,"neow_bonus":"BOSS_RELIC","is_daily":false,"chose_seed":false,"campfire_upgraded":2,"win_rate":0.0,"timestamp":1613766558,"path_taken":["M","M","M","?","M","R","E","R","T","E","R","E","?","M","R","BOSS","M","$","?","M"],"items_purchased_type":["Relic","Card"],"build_version":"2020-12-22","purchased_purges":0,"victory":false,"max_hp_per_floor":[75,75,75,75,75,75,75,75,75,75,75,75,75,75,75,75,75,75,75,75,75,75],"relic_stats":{"counters":[11,55],"Eternal Feather":27,"StoneCalendar":[62],"PreservedInsect":0,"Cursed Key":1,"Medical Kit":[2],"obtain_stats":[{"Eternal Feather":7,"StoneCalendar":10,"PreservedInsect":12,"Mark of Pain":17,"Cursed Key":0,"Medical Kit":19,"Burning Blood":0,"FossilizedHelix":9},{"Eternal Feather":5,"StoneCalendar":6,"PreservedInsect":7,"Mark of Pain":9,"Cursed Key":0,"Medical Kit":10,"Burning Blood":0,"FossilizedHelix":5},{"Eternal Feather":17,"StoneCalendar":25,"PreservedInsect":32,"Mark of Pain":47,"Cursed Key":0,"Medical Kit":51,"Burning Blood":0,"FossilizedHelix":17}]},"card_choices":[{"not_picked":["Twin Strike","Rage"],"picked":"Metallicize","floor":1},{"not_picked":["Fire Breathing","Shrug It Off"],"picked":"Shockwave","floor":2},{"not_picked":["Hemokinesis","Sentinel","Iron Wave"],"picked":"SKIP","floor":3},{"not_picked":["Pummel","Heavy Blade"],"picked":"Sword Boomerang","floor":5},{"not_picked":["Wild Strike","Anger"],"picked":"Burning Pact","floor":7},{"not_picked":["Reckless Charge","Thunderclap"],"picked":"Twin Strike","floor":10},{"not_picked":["Clothesline","Sever Soul"],"picked":"Flame Barrier","floor":12},{"not_picked":["True Grit","Body Slam"],"picked":"Juggernaut","floor":14},{"not_picked":["Demon Form","Feed"],"picked":"Juggernaut","floor":16},{"not_picked":["Infernal Blade","True Grit"],"picked":"Shrug It Off","floor":18}],"player_experience":1498328,"relics_obtained":[{"floor":7,"key":"Eternal Feather"},{"floor":9,"key":"FossilizedHelix"},{"floor":10,"key":"StoneCalendar"},{"floor":12,"key":"PreservedInsect"}],"event_choices":[{"damage_healed":0,"gold_gain":0,"player_choice":"Leave","damage_taken":0,"max_hp_gain":0,"max_hp_loss":0,"event_name":"The Cleric","floor":4,"gold_loss":0},{"damage_healed":0,"gold_gain":50,"player_choice":"Pray","damage_taken":0,"max_hp_gain":0,"max_hp_loss":0,"event_name":"Golden Shrine","floor":13,"gold_loss":0},{"damage_healed":0,"gold_gain":0,"player_choice":"Read","damage_taken":0,"max_hp_gain":0,"max_hp_loss":0,"event_name":"The Library","floor":20,"gold_loss":0,"cards_obtained":["Battle Trance"]}],"is_beta":false,"boss_relics":[{"not_picked":["Fusion Hammer","Runic Pyramid"],"picked":"Mark of Pain"}],"items_purged_floors":[],"is_endless":false,"potions_floor_spawned":[2,3,5,10,16],"killed_by":"2 Thieves","ascension_level":20}}