{"host":"bdw5ezg0ryajv6of","time":1613763955,"event":{"mods":["AchievementEnabler","BaseMod","Minty Spire (QoL Compilation)","StSLib"],"gold_per_floor":[111,122,122,16,26,59,78,78,127,127,153,171,171,187,187,290,290,300,155,155,173,185,185,13,26,26,53,53,69,159,173,173,276,276,288,299,1,19,19,48,48,83,110,110,128,3,3,15,15,15],"floor_reached":51,"language":"ENG","playtime":15469,"items_purged":["Defend_R","Anger","Rage"],"score":739,"play_id":"fd22b111-6209-4c61-a9fa-e0491026a2db","local_time":"20210219144555","is_ascension_mode":false,"campfire_choices":[{"floor":8,"key":"REST"},{"data":"Dark Embrace","floor":10,"key":"SMITH"},{"floor":13,"key":"REST"},{"data":"Havoc","floor":15,"key":"SMITH"},{"floor":23,"key":"REST"},{"floor":32,"key":"REST"},{"data":"True Grit","floor":49,"key":"SMITH"}],"circlet_count":0,"master_deck":["Strike_R","Strike_R","Strike_R","Strike_R","Strike_R","Defend_R","Defend_R","Defend_R","Bash","Purity","Dark Embrace+1","Perfected Strike","Havoc+1","Clothesline","Offering","Impervious","Sentinel","Rage","Juggernaut","Cleave","Exhume","Clothesline+1","True Grit+1","Sentinel","Ghostly Armor","Deep Breath","Clothesline","Corruption","Carnage+1","Perfected Strike","Second Wind","Perfected Strike+1","Mind Blast","Shockwave","Carnage","Pommel Strike+1"],"relics":["Burning Blood","Pear","Happy Flower","Lantern","Kunai","Snecko Eye","Nilry\u0027s Codex","Lee\u0027s Waffle","Blue Candle","Bottled Lightning","Blood Vial","Mark of Pain","Bottled Flame","Centennial Puzzle","Strawberry","White Beast Statue"],"acts_visited":["Exordium","TheCity","TheBeyond"],"potions_floor_usage":[11,11,33,33,33,33,33,40,42,42,50,50,50],"damage_taken":[{"damage":12,"enemies":"Small Slimes","floor":1,"turns":4},{"damage":10,"enemies":"2 Louse","floor":2,"turns":5},{"damage":1,"enemies":"Cultist","floor":5,"turns":3},{"damage":34,"enemies":"Gremlin Nob","floor":6,"turns":5},{"damage":21,"enemies":"Exordium Thugs","floor":7,"turns":5},{"damage":29,"enemies":"Lagavulin","floor":11,"turns":7},{"damage":16,"enemies":"2 Fungi Beasts","floor":12,"turns":3},{"damage":6,"enemies":"Blue Slaver","floor":14,"turns":3},{"damage":32,"enemies":"Hexaghost","floor":16,"turns":10},{"damage":8,"enemies":"3 Byrds","floor":18,"turns":5},{"damage":32,"enemies":"2 Thieves","floor":21,"turns":4},{"damage":19,"enemies":"Centurion and Healer","floor":22,"turns":5},{"damage":8,"enemies":"3 Cultists","floor":25,"turns":4},{"damage":25,"enemies":"Book of Stabbing","floor":27,"turns":5},{"damage":29,"enemies":"Sentry and Sphere","floor":29,"turns":5},{"damage":13,"enemies":"Cultist and Chosen","floor":31,"turns":5},{"damage":59,"enemies":"Automaton","floor":33,"turns":10},{"damage":35,"enemies":"3 Shapes","floor":35,"turns":4},{"damage":6,"enemies":"3 Darklings","floor":36,"turns":4},{"damage":18,"enemies":"4 Shapes","floor":38,"turns":5},{"damage":31,"enemies":"Reptomancer","floor":40,"turns":6},{"damage":14,"enemies":"Giant Head","floor":42,"turns":5},{"damage":0,"enemies":"Sphere and 2 Shapes","floor":45,"turns":3},{"damage":0,"enemies":"Jaw Worm Horde","floor":48,"turns":3},{"damage":13,"enemies":"Donu and Deca","floor":50,"turns":6}],"seed_played":"6367381806406152989","potions_obtained":[{"floor":5,"key":"Dexterity Potion"},{"floor":7,"key":"CultistPotion"},{"floor":12,"key":"ElixirPotion"},{"floor":14,"key":"Strength Potion"},{"floor":25,"key":"FearPotion"},{"floor":31,"key":"EntropicBrew"},{"floor":36,"key":"Swift Potion"},{"floor":38,"key":"DuplicationPotion"},{"floor":42,"key":"Strength Potion"},{"floor":45,"key":"Explosive Potion"},{"floor":48,"key":"Regen Potion"}],"is_trial":false,"path_per_floor":["M","M","?","$","M","E","M","R","T","R","E","M","R","M","R","B",null,"M","$","?","M","M","R","$","M","T","E","?","M","?","M","R","B",null,"M","M","$","M","?","E","?","E","T","T","M","$","?","M","R","B",null],"character_chosen":"IRONCLAD","items_purchased":["Havoc","Clothesline","Exhume","Lee\u0027s Waffle","True Grit","Perfected Strike","Second Wind","DuplicationPotion"],"campfire_rested":4,"item_purchase_floors":[4,4,19,24,24,37,37,37],"current_hp_per_floor":[74,70,68,68,73,45,30,57,57,57,34,24,51,51,51,25,90,88,88,72,46,33,60,97,95,95,76,76,55,37,32,61,10,97,68,70,70,60,84,61,61,55,62,62,70,70,70,78,78,88],"gold":15,"neow_bonus":"RANDOM_COLORLESS","is_daily":false,"chose_seed":false,"campfire_upgraded":3,"win_rate":0.0,"timestamp":1613763955,"path_taken":["M","M","?","$","M","E","M","R","T","R","E","M","R","M","R","BOSS","M","$","?","M","M","R","$","M","T","E","?","M","?","M","R","BOSS","M","?","$","M","?","E","?","E","T","?","?","$","?","M","R","BOSS"],"items_purchased_type":["Card","Card","Card","Relic","Card","Card","Card","Potion"],"build_version":"2020-12-22","purchased_purges":3,"victory":true,"max_hp_per_floor":[80,80,90,90,90,90,90,90,90,90,90,90,90,90,90,90,90,90,90,90,90,90,90,97,97,97,97,97,97,97,97,97,97,97,97,97,97,97,97,97,97,97,104,104,104,104,104,104,104,104],"card_choices":[{"not_picked":["Madness","PanicButton"],"picked":"Purity","floor":0},{"not_picked":["Havoc","Flex"],"picked":"Dark Embrace","floor":1},{"not_picked":["Dual Wield","Rupture"],"picked":"Perfected Strike","floor":2},{"not_picked":["Iron Wave","True Grit"],"picked":"Offering","floor":5},{"not_picked":["Thunderclap","Fire Breathing"],"picked":"Impervious","floor":6},{"not_picked":["Headbutt","Anger"],"picked":"Rage","floor":7},{"not_picked":["Combust","Thunderclap"],"picked":"Sentinel","floor":11},{"not_picked":["Searing Blow","Whirlwind"],"picked":"Anger","floor":12},{"not_picked":["Body Slam","Rupture"],"picked":"Rage","floor":14},{"not_picked":["Brutality","Corruption"],"picked":"Juggernaut","floor":16},{"not_picked":["Clothesline","Battle Trance"],"picked":"Cleave","floor":18},{"not_picked":["Evolve","Heavy Blade+1"],"picked":"Clothesline+1","floor":21},{"not_picked":["Clash+1","Limit Break","Cleave"],"picked":"SKIP","floor":22},{"not_picked":["Dropkick","Iron Wave"],"picked":"Sentinel","floor":25},{"not_picked":["Shrug It Off","Body Slam","Warcry+1"],"picked":"SKIP","floor":27},{"not_picked":["Burning Pact","Pummel"],"picked":"Ghostly Armor","floor":29},{"not_picked":["Combust","Thunderclap"],"picked":"Clothesline","floor":31},{"not_picked":["Berserk","Juggernaut"],"picked":"Corruption","floor":33},{"not_picked":["Warcry+1","Thunderclap+1"],"picked":"Carnage+1","floor":35},{"not_picked":["Evolve+1","Burning Pact+1","Anger"],"picked":"SKIP","floor":36},{"not_picked":["Inflame","Warcry+1"],"picked":"Perfected Strike+1","floor":38},{"not_picked":["Body Slam+1","Evolve","Cleave"],"picked":"SKIP","floor":40},{"not_picked":["Panacea","Forethought"],"picked":"Mind Blast","floor":41},{"not_picked":["Corruption","Dual Wield+1"],"picked":"Shockwave","floor":42},{"not_picked":["Burning Pact","Pommel Strike"],"picked":"Carnage","floor":45},{"not_picked":["Thunderclap+1","Clothesline+1"],"picked":"Pommel Strike+1","floor":48}],"player_experience":237939,"relics_obtained":[{"floor":6,"key":"Happy Flower"},{"floor":9,"key":"Lantern"},{"floor":11,"key":"Kunai"},{"floor":20,"key":"Nilry\u0027s Codex"},{"floor":26,"key":"Blue Candle"},{"floor":27,"key":"Bottled Lightning"},{"floor":40,"key":"Bottled Flame"},{"floor":42,"key":"Centennial Puzzle"},{"floor":43,"key":"Strawberry"},{"floor":44,"key":"White Beast Statue"}],"event_choices":[{"damage_healed":0,"gold_gain":0,"player_choice":"Success","damage_taken":12,"relics_obtained":["Pear"],"max_hp_gain":0,"max_hp_loss":0,"event_name":"Scrap Ooze","floor":3,"gold_loss":0},{"damage_healed":0,"gold_gain":0,"player_choice":"Obtained Book","damage_taken":16,"max_hp_gain":0,"max_hp_loss":0,"event_name":"Cursed Tome","floor":20,"gold_loss":0},{"damage_healed":0,"gold_gain":0,"player_choice":"Opened","damage_taken":0,"relics_obtained":["Blood Vial"],"max_hp_gain":0,"max_hp_loss":0,"event_name":"The Mausoleum","floor":28,"gold_loss":0},{"damage_healed":0,"gold_gain":90,"player_choice":"CARD GOLD ","damage_taken":18,"max_hp_gain":0,"max_hp_loss":0,"event_name":"Knowing Skull","floor":30,"potions_obtained":[],"gold_loss":0,"cards_obtained":["Deep Breath"]},{"damage_healed":24,"gold_gain":0,"player_choice":"Writhe","damage_taken":0,"max_hp_gain":0,"max_hp_loss":0,"event_name":"Winding Halls","floor":39,"gold_loss":0,"cards_obtained":["Writhe"]},{"damage_healed":0,"gold_gain":0,"player_choice":"Memory 1","damage_taken":0,"max_hp_gain":0,"max_hp_loss":0,"event_name":"SensoryStone","floor":41,"gold_loss":0},{"cards_removed":["Writhe"],"damage_healed":0,"gold_gain":0,"player_choice":"Removed Curses","damage_taken":0,"max_hp_gain":0,"max_hp_loss":0,"event_name":"Fountain of Cleansing","floor":47,"gold_loss":0}],"is_beta":false,"boss_relics":[{"not_picked":["Coffee Dripper","Runic Dome"],"picked":"Snecko Eye"},{"not_picked":["SlaversCollar","Busted Crown"],"picked":"Mark of Pain"}],"items_purged_floors":[19,37,46],"is_endless":false,"potions_floor_spawned":[5,7,12,14,25,27,31,36,38,42,45,48],"ascension_level":0}}