{"host":"clf2hd4adhiiw0zf","time":1613693310,"event":{"mods":["AchievementEnabler","BaseMod","Beaked The Cultist","Bestiary","Dark Map","Downfall","Gremlin Mod","Hermit","Jorbs\u0027s Wanderer Trilogy","Marisa????????","Minty Spire (QoL Compilation)","Quick Restart","Shop Mod","Spire Arcade","StSLib","The Construct","The Cursed","Wide Potions"],"gold_per_floor":[99,109,109,19,32,45,120,220,520,534,534,565,465,498,513,615,615,615,628,628,22,22,37,115,128,144,176,176,176,176],"floor_reached":28,"language":"ENG","playtime":1022,"items_purged":[],"score":310,"play_id":"aa0cc746-0596-4bae-ba10-6fb0559b6610","local_time":"20210218170830","is_ascension_mode":true,"campfire_choices":[{"floor":1.0,"key":"RECALL"},{"floor":13.0,"key":"REST"},{"data":"Guardian:FierceBash","floor":18.0,"key":"SMITH"}],"circlet_count":0,"master_deck":["Guardian:Strike_Guardian","Guardian:Strike_Guardian","Guardian:Defend_Guardian","Guardian:Defend_Guardian","Guardian:CurlUp","Guardian:TwinSlam","Guardian:TimeSifter+1","Guardian:Clone+1","Guardian:Incinerate+1","Guardian:Orbwalk","Guardian:Suspension","Guardian:TimeCapacitor","Guardian:Reroute","Guardian:StasisStrike","downfall:Icky","downfall:Icky","Guardian:TemporalStrike","Guardian:ShieldCharger","Guardian:Recover","Guardian:FierceBash+1","Guardian:Emergency","Guardian:Planning+1","Guardian:TimeBomb+1","Guardian:Gem_Yellow"],"relics":["Astrolabe","Gremlin Horn","Omamori","Mercury Hourglass","downfall:HeartBlessingRed","bronze:BronzeIdol","SacredBark","PreservedInsect","Turnip","Medical Kit","Slimebound:StickyStick"],"acts_visited":["Exordium","TheCity"],"potions_floor_usage":[28],"damage_taken":[{"damage":6.0,"enemies":"Small Slimes","floor":2.0,"turns":4.0},{"damage":10.0,"enemies":"downfall:FleeingMerchant","floor":4.0,"turns":4.0},{"damage":11.0,"enemies":"Cultist","floor":5.0,"turns":4.0},{"damage":9.0,"enemies":"Jaw Worm","floor":6.0,"turns":4.0},{"damage":16.0,"enemies":"Blue Slaver","floor":10.0,"turns":3.0},{"damage":15.0,"enemies":"Lagavulin","floor":12.0,"turns":4.0},{"damage":16.0,"enemies":"Gremlin Nob","floor":14.0,"turns":3.0},{"damage":0.0,"enemies":"3 Louse","floor":15.0,"turns":1.0},{"damage":17.0,"enemies":"DF_ARCHETYPE_STREAMLINE","floor":16.0,"turns":8.0},{"damage":11.0,"enemies":"Chosen","floor":19.0,"turns":4.0},{"damage":10.0,"enemies":"downfall:FleeingMerchant","floor":21.0,"turns":4.0},{"damage":22.0,"enemies":"Spheric Guardian","floor":23.0,"turns":4.0},{"damage":23.0,"enemies":"3 Cultists","floor":25.0,"turns":5.0},{"damage":9.0,"enemies":"Sentry and Sphere","floor":26.0,"turns":4.0},{"damage":19.0,"enemies":"Slavers","floor":27.0,"turns":3.0},{"damage":12,"enemies":"downfall:FleeingMerchant","floor":28,"turns":2}],"seed_played":"1079450577098457397","potions_obtained":[{"floor":5.0,"key":"Energy Potion"},{"floor":10.0,"key":"LiquidBronze"},{"floor":12.0,"key":"Explosive Potion"},{"floor":14.0,"key":"Guardian:BlockOnCardUsePotion"},{"floor":19.0,"key":"BlessingOfTheForge"},{"floor":25.0,"key":"LiquidBronze"}],"is_trial":false,"path_per_floor":["R","M","?","$","M","M","T","?","?","M","T","E","R","E","M","B",null,"R","M","?","$","?","M","T","M","M","E","$"],"character_chosen":"GUARDIAN","items_purchased":["Guardian:TimeCapacitor","PreservedInsect","Turnip","Medical Kit"],"campfire_rested":1,"item_purchase_floors":[4,21,21,21],"current_hp_per_floor":[80,74,74,64,53,44,44,44,44,28,28,13,37,21,21,4,61,61,50,35,25,85,63,63,40,31,12,0,0,0],"gold":176,"neow_bonus":"BOSS_RELIC","is_daily":false,"chose_seed":false,"campfire_upgraded":1,"win_rate":0.0,"timestamp":1613693310,"path_taken":["R","M","?","?","M","?","T","?","?","M","?","E","R","E","M","BOSS","R","M","?","$","?","M","T","?","M","E","?"],"items_purchased_type":["Card","Relic","Relic","Relic"],"build_version":"2020-12-22","purchased_purges":0,"victory":false,"max_hp_per_floor":[80,80,80,80,80,80,80,80,80,80,80,80,80,80,80,80,80,80,80,85,85,85,85,85,85,85,85,85,85,85],"card_choices":[{"not_picked":["Guardian:Suspension","Guardian:CrystalBeam"],"picked":"Guardian:Orbwalk","floor":2.0},{"not_picked":["Guardian:SpikerProtocol","Guardian:TemporalStrike"],"picked":"Guardian:Suspension","floor":4.0},{"not_picked":["Guardian:FloatingOrbs","Guardian:PrimingBeam"],"picked":"Guardian:Reroute","floor":5.0},{"not_picked":["Guardian:Gem_Lightblue","Guardian:TemporalShield"],"picked":"Guardian:StasisStrike","floor":6.0},{"not_picked":["Guardian:Gem_Red","Guardian:PrismaticBeam"],"picked":"Guardian:TemporalStrike","floor":10.0},{"not_picked":["Guardian:BodySlam","Guardian:PrimingBeam"],"picked":"Guardian:BronzeOrb","floor":12.0},{"not_picked":["Guardian:VentSteam","Guardian:Gem_Red"],"picked":"Guardian:ShieldCharger","floor":14.0},{"not_picked":["Guardian:Gem_Fragmented","Guardian:Suspension"],"picked":"Guardian:Recover","floor":15.0},{"not_picked":["Guardian:GemFinder","Guardian:Gem_Orange"],"picked":"Guardian:FierceBash","floor":16.0},{"not_picked":["Guardian:VentSteam","Guardian:ChargeCore","Guardian:CrystalBeam"],"picked":"SKIP","floor":19.0},{"not_picked":["Guardian:WalkerClaw","Guardian:SentryBeam","Guardian:RollAttack"],"picked":"SKIP","floor":21.0},{"not_picked":["Guardian:TimeCapacitor","Guardian:Planning+1"],"picked":"Guardian:Emergency","floor":23.0},{"not_picked":["Guardian:RollAttack+1","Guardian:Gem_Red"],"picked":"Guardian:Planning+1","floor":25.0},{"not_picked":["Guardian:Harden","Guardian:Planning"],"picked":"Guardian:TimeBomb+1","floor":26.0},{"not_picked":["Guardian:PrismaticBeam+1","Guardian:ShieldSpikes"],"picked":"Guardian:Gem_Yellow","floor":27.0}],"player_experience":352936,"relics_obtained":[{"floor":7.0,"key":"Gremlin Horn"},{"floor":11.0,"key":"Omamori"},{"floor":12.0,"key":"Mercury Hourglass"},{"floor":14.0,"key":"bronze:BronzeIdol"},{"floor":27.0,"key":"Slimebound:StickyStick"}],"event_choices":[{"cards_removed":["Guardian:BronzeOrb"],"damage_healed":60.0,"max_hp_gain":0.0,"max_hp_loss":0.0,"gold_gain":0.0,"event_name":"Bonfire Elementals","player_choice":"Offered Uncommon","floor":22.0,"gold_loss":0.0,"damage_taken":0.0}],"is_beta":false,"boss_relics":[{"not_picked":["Snecko Eye","Busted Crown"],"picked":"SacredBark"}],"items_purged_floors":[],"is_endless":false,"potions_floor_spawned":[5,10,12,14,19,25],"killed_by":"downfall:FleeingMerchant","ascension_level":5}}