{"host":"bpr07pynnqpe5ded","time":1613754808,"event":{"mods":["2.2 Compatiblity","Aspiration","BaseMod","Better Note","Better Third Choice","BetterRewards","Downfall","Infinite Spire","Jorbs\u0027s Wanderer Trilogy","Minty Spire (QoL Compilation)","Replay The Spire","Shop Mod","StSLib","The Marked","??????REMEMod"],"gold_per_floor":[99,112,122,141,55,74,74,74,74,85,111,111,126,151,164,259,259,259,273,283,301,301,301,301],"floor_reached":22,"language":"ENG","playtime":1733,"items_purged":[],"score":225,"play_id":"ce7dc753-39c9-48c6-956b-3b920500dc60","local_time":"20210219171328","is_ascension_mode":false,"campfire_choices":[{"floor":1,"key":"RECALL"},{"data":"Guardian:FuturePlans","floor":9,"key":"SMITH"},{"floor":18,"key":"DIG"}],"circlet_count":0,"master_deck":["Guardian:Strike_Guardian","Guardian:Strike_Guardian","Guardian:Strike_Guardian","Guardian:Strike_Guardian","Guardian:Defend_Guardian","Guardian:Defend_Guardian","Guardian:Defend_Guardian","Guardian:Defend_Guardian","Guardian:CurlUp","Guardian:TwinSlam","Guardian:CompilePackage+1","Guardian:TemporalStrike","Guardian:Clone","Guardian:FuturePlans+1","Guardian:StasisField","Guardian:BaubleBeam","Guardian:StasisStrike","Guardian:Incinerate"],"relics":["Guardian:ModeShifter","REME_ComplimentaryCards","Blue Candle","REME_IWantAll","Shuriken","Philosopher\u0027s Stone","Blue Doll"],"acts_visited":["Exordium","TheCity"],"potions_floor_usage":[11,13,15,16,16,22],"damage_taken":[{"damage":1,"enemies":"Cultist","floor":2,"turns":3},{"damage":0,"enemies":"2 Louse","floor":3,"turns":2},{"damage":0,"enemies":"Jaw Worm","floor":4,"turns":1},{"damage":3,"enemies":"downfall:FleeingMerchant","floor":5,"turns":4},{"damage":9,"enemies":"Blue Slaver","floor":6,"turns":5},{"damage":3,"enemies":"Red Slaver","floor":10,"turns":4},{"damage":4,"enemies":"Gremlin Nob","floor":11,"turns":6},{"damage":7,"enemies":"downfall:LooterAlt","floor":13,"turns":4},{"damage":0,"enemies":"Lagavulin","floor":14,"turns":6},{"damage":2,"enemies":"Large Slime","floor":15,"turns":6},{"damage":19,"enemies":"WA_ARCHETYPE_RETAIN","floor":16,"turns":6},{"damage":10,"enemies":"3 Byrds","floor":19,"turns":6},{"damage":25,"enemies":"Spheric Guardian","floor":20,"turns":4},{"damage":17,"enemies":"Centurion and Healer","floor":21,"turns":5},{"damage":18,"enemies":"Snake Plant","floor":22,"turns":5}],"seed_played":"-4898704383194290516","potions_obtained":[{"floor":2,"key":"Fire Potion"},{"floor":6,"key":"Guardian:DefensiveModePotion"},{"floor":11,"key":"Weak Potion"},{"floor":13,"key":"Weak Potion"},{"floor":15,"key":"FearPotion"},{"floor":21,"key":"Energy Potion"}],"is_trial":false,"path_per_floor":["R","M","M","M","$","M","T","?","R","M","E","?","M","E","M","B",null,"R","M","M","M","M"],"character_chosen":"GUARDIAN","items_purchased":["Guardian:Clone"],"campfire_rested":0,"item_purchase_floors":[5],"current_hp_per_floor":[80,79,79,79,76,67,67,62,62,59,55,55,48,48,46,30,83,83,73,48,31,13,13,13],"gold":301,"neow_bonus":"UPGRADE_CARD","is_daily":false,"chose_seed":false,"campfire_upgraded":1,"win_rate":0.0,"timestamp":1613754808,"path_taken":["R","M","M","M","$","M","T","?","R","M","E","?","?","E","M","BOSS","R","M","M","M","M"],"items_purchased_type":["Card"],"build_version":"2020-12-22","purchased_purges":0,"victory":false,"max_hp_per_floor":[80,80,80,80,80,80,80,80,80,80,80,80,80,80,80,83,83,83,83,83,83,83,83,83],"card_choices":[{"not_picked":["Guardian:RollAttack","Guardian:BodySlam","Guardian:CrystalBeam"],"picked":"SKIP","floor":2},{"not_picked":["Guardian:Recover","Guardian:Incinerate"],"picked":"Guardian:TemporalStrike","floor":3},{"not_picked":["Guardian:Gem_Red","Guardian:PiercingHide","Guardian:Recover"],"picked":"SKIP","floor":4},{"not_picked":["Guardian:EvasiveProtocol","Guardian:BaubleBeam","Guardian:WalkerClaw"],"picked":"SKIP","floor":5},{"not_picked":["Guardian:Emergency","Guardian:Gem_Green"],"picked":"Guardian:FuturePlans","floor":6},{"not_picked":["Guardian:PrimingBeam","Guardian:Gem_Lightblue","Guardian:Reroute"],"picked":"SKIP","floor":10},{"not_picked":["Guardian:PrimingBeam","Guardian:Gem_Lightblue","Guardian:Reroute"],"picked":"SKIP","floor":10},{"not_picked":["Guardian:Gem_Blue","Guardian:ExploitGems","Guardian:SentryBeam"],"picked":"SKIP","floor":11},{"not_picked":["Guardian:Gem_Green","Guardian:WalkerClaw","Guardian:Gem_Crimson"],"picked":"SKIP","floor":13},{"not_picked":["Guardian:WalkerClaw","Guardian:GuardianWhirl"],"picked":"Guardian:Gem_White","floor":14},{"not_picked":["Guardian:Gem_Blue","Guardian:Gem_Green","Guardian:RollAttack"],"picked":"SKIP","floor":15},{"not_picked":["Guardian:StasisField","Guardian:BaubleBeam","Guardian:StasisStrike"],"picked":"Singing Bowl","floor":16},{"not_picked":["Guardian:ChargeCore","Guardian:ShieldCharger","Guardian:Gem_Green"],"picked":"SKIP","floor":19},{"not_picked":["Guardian:GuardianWhirl","Guardian:Gem_Red"],"picked":"Guardian:Incinerate","floor":20},{"not_picked":["Guardian:ArmoredProtocol","Guardian:Recover","Guardian:Planning"],"picked":"SKIP","floor":21}],"player_experience":1161256,"relics_obtained":[{"floor":11,"key":"REME_IWantAll"},{"floor":14,"key":"Shuriken"},{"floor":18,"key":"Blue Doll"}],"event_choices":[],"is_beta":false,"boss_relics":[{"not_picked":["REME_DuelDisc","Painkiller Herb"],"picked":"Philosopher\u0027s Stone"}],"items_purged_floors":[],"is_endless":false,"potions_floor_spawned":[2,6,11,13,15,21],"killed_by":"Snake Plant","ascension_level":0}}