{"host":"4jj9j1v1tx707ann","time":1613723229,"event":{"mods":["AchievementEnabler","BaseMod","Colored Map","Keyboard Shortcuts","Minty Spire (QoL Compilation)","Permanent Neow","Quick Restart","Rare Cards Sparkle","StSLib","SuperFastMode","everything is the same but u backflip on backflip"],"gold_per_floor":[114,64,309,328,328,328,341,341,341,341,361,376,376,431,431,532,532,543,543,68,85,85,85,85,85,85],"floor_reached":25,"language":"KOR","playtime":573,"items_purged":["Strike_R"],"score":272,"play_id":"5a681f33-f2da-4771-a40b-4375bd5c1494","local_time":"20210219172709","is_ascension_mode":true,"campfire_choices":[{"data":"Searing Blow","floor":6.0,"key":"SMITH"},{"data":"Searing Blow+1","floor":8.0,"key":"SMITH"},{"data":"Searing Blow+2","floor":13.0,"key":"SMITH"},{"data":"Searing Blow+3","floor":15.0,"key":"SMITH"},{"floor":24,"key":"REST"}],"circlet_count":0,"master_deck":["Strike_R","Defend_R","Defend_R","Defend_R","Defend_R","Bash","Searing Blow+4","Armaments","Shrug It Off","Fiend Fire","Barricade","True Grit","Double Tap"],"relics":["Burning Blood","Old Coin","Pantograph","Potion Belt","Empty Cage","Sundial","Thread and Needle"],"acts_visited":["Exordium","TheCity"],"potions_floor_usage":[23],"damage_taken":[{"damage":8.0,"enemies":"2 Louse","floor":1.0,"turns":3.0},{"damage":7.0,"enemies":"Jaw Worm","floor":4.0,"turns":3.0},{"damage":1.0,"enemies":"Cultist","floor":7.0,"turns":3.0},{"damage":1.0,"enemies":"3 Louse","floor":11.0,"turns":4.0},{"damage":8.0,"enemies":"Looter","floor":12.0,"turns":4.0},{"damage":37.0,"enemies":"3 Sentries","floor":14.0,"turns":8.0},{"damage":17,"enemies":"The Guardian","floor":16,"turns":9},{"damage":49,"enemies":"3 Byrds","floor":18,"turns":7},{"damage":21,"enemies":"Shell Parasite","floor":21,"turns":3},{"damage":3,"enemies":"Slavers","floor":23,"turns":2},{"damage":41,"enemies":"Gremlin Leader","floor":25,"turns":7}],"seed_played":"5975935780741418626","potions_obtained":[{"floor":12.0,"key":"SmokeBomb"},{"floor":16,"key":"SteroidPotion"},{"floor":21,"key":"Strength Potion"}],"is_trial":false,"path_per_floor":["M","?","?","M","?","R","M","R","T","?","M","M","R","?","R","B",null,"M","?","$","M","?","E","R","E"],"character_chosen":"IRONCLAD","items_purchased":["Double Tap","Sundial"],"campfire_rested":1,"item_purchase_floors":[20,20],"current_hp_per_floor":[70,70,70,69,69,69,74,74,74,80,80,78,78,47,47,61,75,32,32,32,17,17,20,44,3,3],"gold":85,"neow_bonus":"THREE_CARDS","is_daily":false,"chose_seed":false,"campfire_upgraded":4,"win_rate":0.0,"timestamp":1613723229,"path_taken":["M","?","?","?","?","R","M","R","T","?","?","M","R","?","R","BOSS","M","?","$","M","?","E","R","E"],"items_purchased_type":["Card","Relic"],"build_version":"2020-12-22","purchased_purges":1,"victory":false,"max_hp_per_floor":[80,80,80,80,80,80,80,80,80,80,80,80,80,80,80,80,80,80,80,80,80,80,80,80,80,80],"card_choices":[{"not_picked":["Iron Wave","Bloodletting"],"picked":"Searing Blow","floor":0.0},{"not_picked":["Perfected Strike","Havoc"],"picked":"Armaments","floor":1.0},{"not_picked":["Cleave","Dual Wield","Havoc"],"picked":"SKIP","floor":4.0},{"not_picked":["Hemokinesis","Heavy Blade"],"picked":"Shrug It Off","floor":7.0},{"not_picked":["Spot Weakness","Clash","Combust"],"picked":"SKIP","floor":11.0},{"not_picked":["Ghostly Armor","Burning Pact"],"picked":"Fiend Fire","floor":12.0},{"not_picked":["Demon Form","Exhume"],"picked":"Barricade","floor":16},{"not_picked":["Rupture","Havoc"],"picked":"True Grit","floor":18},{"not_picked":["Clash+1","Demon Form","Shrug It Off+1"],"picked":"SKIP","floor":21}],"player_experience":184398,"relics_obtained":[{"floor":9.0,"key":"Pantograph"},{"floor":14.0,"key":"Potion Belt"},{"floor":22,"key":"Thread and Needle"}],"event_choices":[{"cards_removed":["Strike_R"],"damage_healed":0.0,"max_hp_gain":0.0,"max_hp_loss":0.0,"gold_gain":0.0,"event_name":"The Cleric","player_choice":"Card Removal","floor":2.0,"gold_loss":50.0,"damage_taken":0.0},{"damage_healed":0.0,"max_hp_gain":0.0,"max_hp_loss":0.0,"gold_gain":0.0,"event_name":"WeMeetAgain","player_choice":"Paid Gold","floor":3.0,"gold_loss":55.0,"damage_taken":0.0,"relics_obtained":["Old Coin"]},{"damage_healed":0.0,"max_hp_gain":0.0,"max_hp_loss":0.0,"gold_gain":0.0,"event_name":"Liars Game","player_choice":"Ignored","floor":5.0,"gold_loss":0.0,"damage_taken":0.0},{"damage_healed":6.0,"max_hp_gain":0.0,"max_hp_loss":0.0,"gold_gain":0.0,"event_name":"Wheel of Change","player_choice":"Full Heal","floor":10.0,"gold_loss":0.0,"damage_taken":0.0},{"damage_healed":0.0,"max_hp_gain":0.0,"max_hp_loss":0.0,"gold_gain":0.0,"event_name":"Dead Adventurer","player_choice":"Searched \u00272\u0027 times","floor":14.0,"gold_loss":0.0,"damage_taken":0.0},{"damage_healed":0,"gold_gain":0,"player_choice":"Ignored","damage_taken":0,"max_hp_gain":0,"max_hp_loss":0,"event_name":"Ghosts","floor":19,"gold_loss":0},{"damage_healed":0,"gold_gain":0,"player_choice":"Relic","damage_taken":0,"max_hp_gain":0,"max_hp_loss":0,"event_name":"Wheel of Change","floor":22,"gold_loss":0}],"is_beta":false,"boss_relics":[{"not_picked":["Tiny House","Astrolabe"],"picked":"Empty Cage"}],"items_purged_floors":[20],"is_endless":false,"potions_floor_spawned":[12,16,21,23],"killed_by":"Gremlin Leader","ascension_level":6}}