{"host":"Aki","time":1613701376,"event":{"mods":["ATMod(°¢èªMod)","Act Like it!","BaseMod","Better Vampires","Challenge The Spire","Colored Powertips","Custom Start","Energized Spire","Minty Spire (QoL Compilation)","MostiFishMod","Quick Restart","StSLib","Waifu the Spire","Youmu£¨»êÆÇÑýÃÎ£©","noobMod","¡¾ÒÅÎï¿¨ÅÆ¡¿REMEMod"],"gold_per_floor":[114,114,124,142,155,189,189,216,216,231,248,268,268,283,283,382,382,399,416,434,349,367,394,394,423,423,458,458,474,399,417,417,516,516,528,528,123,223,223,273,317,450,450,538,598,598,498,600,600,725,725,725,38,119,144],"floor_reached":56,"language":"ZHS","playtime":2703,"items_purged":["Strike_YM","Strike_YM","Strike_YM"],"score":2015,"play_id":"8faa3b97-516b-4227-94b0-feb296744a8a","local_time":"20210219102256","is_ascension_mode":true,"campfire_choices":[{"data":"HumanRealmSword","floor":7.0,"key":"SMITH"},{"data":"MostiFishMod:WinterMarkForm","floor":15.0,"key":"SMITH"},{"data":"TwoHundredYojanaInOneSlash","floor":28,"key":"SMITH"},{"floor":32,"key":"RECALL"},{"data":"SlashOfAscensionToBuddhahood","floor":46,"key":"SMITH"},{"data":"HeavenSword","floor":49,"key":"SMITH"},{"data":"SanzenSekai","floor":52,"key":"SMITH"}],"circlet_count":0,"master_deck":["Defend_YM","Defend_YM","Defend_YM","Defend_YM","SlashOfPresentWorld","WheelOfPainOfLivingAndDead","MostiFishMod:FrostNova","MostiFishMod:WinterMarkForm+1","TwoHundredYojanaInOneSlash+1","HumanRealmSword+1","SwordExtraction","SanzenSekai+1","ObsessionSword+1","SlashOfAscensionToBuddhahood+1","SpiritCuttingSword+1","HeavenSword+1","SpiderLilyBurial+1","SwordExtraction+1","EchoesOfTheInclemencyOfAllBeings+1","LotusPostureSlash+1","SwordExtraction+1","TwoHundredYojanaInOneSlash+1","ReincarnationSword+1","Violence+1","LightFlashOfTheNetherworld+1","MostiFishMod:PerfectForm"],"relics":["HalfPhantom","ice","AT_ATBox","REME_ComplimentaryCards","DaveBox","FrostBlade","NeowsBlessing","SynthV:TestCard","Lantern","AT_ChloranthyRing","ArrowTower","Toxic Egg 2","Eternal Feather","Coffee Dripper","Happy Flower","PreservedInsect","MostiFishMod:Haymaker","Matryoshka","Meat on the Bone","Philosopher\u0027s Stone","AT_MibuBalloonWealth","SentryEyes","Pantograph","Ornamental Fan","AT_TimeSand","REME_LimitBreaker","SynthV:C4","Shuriken","Strawberry","Oddly Smooth Stone"],"acts_visited":["Exordium","TheCity","TheBeyond","TheEnding"],"potions_floor_usage":[33,55,55,55],"damage_taken":[{"damage":0.0,"enemies":"2 Louse","floor":1.0,"turns":1.0},{"damage":0.0,"enemies":"Cultist","floor":3.0,"turns":1.0},{"damage":0.0,"enemies":"Small Slimes","floor":4.0,"turns":2.0},{"damage":0.0,"enemies":"Looter","floor":5.0,"turns":2.0},{"damage":0.0,"enemies":"Lagavulin","floor":6.0,"turns":4.0},{"damage":1.0,"enemies":"3 Sentries","floor":8.0,"turns":3.0},{"damage":0.0,"enemies":"3 Louse","floor":10.0,"turns":2.0},{"damage":0.0,"enemies":"Large Slime","floor":11.0,"turns":3.0},{"damage":0.0,"enemies":"Blue Slaver","floor":12.0,"turns":2.0},{"damage":1.0,"enemies":"2 Fungi Beasts","floor":14.0,"turns":2.0},{"damage":0.0,"enemies":"Hexaghost","floor":16.0,"turns":4.0},{"damage":0,"enemies":"3 Byrds","floor":18,"turns":2},{"damage":0,"enemies":"Spheric Guardian","floor":19,"turns":2},{"damage":0,"enemies":"Shelled Parasite and Fungi","floor":20,"turns":2},{"damage":0,"enemies":"Sentry and Sphere","floor":22,"turns":3},{"damage":0,"enemies":"REME_1_Revenger","floor":23,"turns":2},{"damage":0,"enemies":"Gremlin Leader","floor":25,"turns":2},{"damage":0,"enemies":"Slavers","floor":27,"turns":2},{"damage":0,"enemies":"Centurion and Healer","floor":29,"turns":2},{"damage":0,"enemies":"Chosen and Byrds","floor":31,"turns":2},{"damage":0,"enemies":"Automaton","floor":33,"turns":3},{"damage":0,"enemies":"3 Darklings","floor":35,"turns":2},{"damage":0,"enemies":"2 Orb Walkers","floor":38,"turns":2},{"damage":0,"enemies":"Giant Head","floor":40,"turns":2},{"damage":0,"enemies":"Orb Walker","floor":41,"turns":2},{"damage":0,"enemies":"Reptomancer","floor":42,"turns":2},{"damage":0,"enemies":"Jaw Worm Horde","floor":44,"turns":1},{"damage":0,"enemies":"Giant Head","floor":45,"turns":2},{"damage":0,"enemies":"Reptomancer","floor":48,"turns":2},{"damage":0,"enemies":"Awakened One","floor":50,"turns":6},{"damage":0,"enemies":"Shield and Spear","floor":54,"turns":1},{"damage":0,"enemies":"The Heart","floor":55,"turns":4}],"seed_played":"-3796013326129599539","potions_obtained":[{"floor":4.0,"key":"Strength Potion"},{"floor":5.0,"key":"Energy Potion"},{"floor":8.0,"key":"SteroidPotion"},{"floor":14.0,"key":"Swift Potion"},{"floor":16.0,"key":"PowerPotion"},{"floor":19,"key":"LiquidMemories"},{"floor":33,"key":"Strength Potion"},{"floor":42,"key":"DistilledChaos"}],"is_trial":false,"path_per_floor":["M","?","M","M","M","E","R","E","T","M","M","M","?","M","R","B",null,"M","M","M","?","M","E","?","E","T","E","R","M","?","M","R","B",null,"M","?","$","?","?","E","M","E","T","M","E","R","$","E","R","B",null,"R","$","E","B",null],"character_chosen":"YOUMU","items_purchased":["AT_MibuBalloonWealth","Violence+1","Shuriken","Strawberry","MostiFishMod:PerfectForm"],"campfire_rested":0,"item_purchase_floors":[37,37,53,53,53],"current_hp_per_floor":[75,75,75,75,75,75,75,74,74,74,74,74,71,70,75,75,75,75,75,75,75,75,75,61,61,61,61,76,76,76,76,80,80,80,80,80,80,80,80,80,80,80,80,80,80,80,80,80,80,80,80,80,87,87,87],"gold":144,"neow_bonus":"THREE_ENEMY_KILL","is_daily":false,"chose_seed":false,"campfire_upgraded":6,"win_rate":0.0,"timestamp":1613701376,"path_taken":["M","?","M","M","M","E","R","E","T","M","M","?","?","M","R","BOSS","M","M","M","?","M","E","?","E","T","E","R","M","?","M","R","BOSS","M","?","$","?","?","E","?","E","T","M","E","R","$","E","R","BOSS","R","$","E","BOSS"],"items_purchased_type":["Relic","Card","Relic","Relic","Card"],"build_version":"2020-12-18","purchased_purges":3,"victory":true,"max_hp_per_floor":[75,75,75,75,75,75,75,75,75,75,75,75,75,75,75,75,75,75,75,75,75,75,75,80,80,80,80,80,80,80,80,80,80,80,80,80,80,80,80,80,80,80,80,80,80,80,80,80,80,80,80,80,87,87,87],"card_choices":[{"not_picked":["CrescentMoonSlash","DoubleWheelOfPain","HellFireSword"],"picked":"SKIP","floor":1.0},{"not_picked":["HeavenlyHaloSlash","SwordOfBindingDesires","ConstancyOfTheConventionalTruth","SlashOfDepartureFromHesitation"],"picked":"TwoHundredYojanaInOneSlash","floor":3.0},{"not_picked":["FourBirthsSword","HumanKnowledgeSword","EchoesOfTheInclemencyOfAllBeings","PhosphoricSlash"],"picked":"HumanRealmSword","floor":4.0},{"not_picked":["HumanKnowledgeSword","SpiritCuttingSword","BloodOfAsura","ConstancyOfTheConventionalTruth"],"picked":"SwordExtraction","floor":5.0},{"not_picked":["SlashOfAscensionToBuddhahood","DoubleWheelOfPain","TwoHundredYojanaInOneSlash","FourBirthsSword"],"picked":"CherryBlossomFlashing","floor":6.0},{"not_picked":["LightFlashOfTheNetherworld","SwordExtraction","CherryBlossomFlashing","KarmicPunishmentOfTheIdleAndUnfocused"],"picked":"SanzenSekai","floor":8.0},{"not_picked":["FiveSignsOfTheDyingDeva","SpiritMediumsBind+1","PreachingAvici+1","PhosphoricSlash"],"picked":"ObsessionSword+1","floor":10.0},{"not_picked":["SanzenSekai","PreachingAvici+1","SlashOfMeditation","PhosphoricSlash","PretaSword"],"picked":"SKIP","floor":11.0},{"not_picked":["SanzenSekai","SpiritCuttingSword+1","LightFlashOfTheNetherworld","TwoHundredYojanaInOneSlash"],"picked":"SlashOfAscensionToBuddhahood","floor":12.0},{"not_picked":["CrescentMoonSlash","TenKingsRetributionOnThePreta","DispleasureOfTheSevenHakus+1","SuddenDivineSeveringOfKarmicWind"],"picked":"SpiritCuttingSword+1","floor":14.0},{"not_picked":["FastingOfTheYoungPreta+1","StrangeHalfBody","CherryBlossomSword","HeavenGodSword"],"picked":"HeavenSword","floor":16.0},{"not_picked":["SanzenSekai","SlashOfMeditation","SwordExtraction+1","GhostSword+1"],"picked":"SpiderLilyBurial+1","floor":18},{"not_picked":["CrescentMoonSlash","PhosphoricSlash","SlashOfDepartureFromHesitation","DispleasureOfTheSevenHakus+1","PreachingAvici+1"],"picked":"SKIP","floor":19},{"not_picked":["CrescentMoonSlash","PhosphoricSlash","SlashOfDepartureFromHesitation","DispleasureOfTheSevenHakus+1","PreachingAvici+1"],"picked":"SKIP","floor":19},{"not_picked":["SanzenSekai","SlashOfDelusionalInnerEye+1","ConstancyOfTheConventionalTruth+1","CrescentMoonSlash+1","LifeCuttingSword"],"picked":"SKIP","floor":20},{"not_picked":["BloodOfAsura+1","CherryBlossomFlashing","CrescentMoonSlash+1","ObsessionWithThePresentWorld+1"],"picked":"SwordExtraction+1","floor":22},{"not_picked":["SwordOfBindingDesires+1","AsTheSilentNirvana+1","FlashingScatteredFlowers","SpiritCuttingSword+1"],"picked":"EchoesOfTheInclemencyOfAllBeings+1","floor":23},{"not_picked":["DispleasureOfTheSevenHakus+1","LowerRealmReflectionSlash","ObsessionWithThePresentWorld+1","SwordOfBindingDesires+1","SlashOfSaigyouSpringWind+1"],"picked":"SKIP","floor":25},{"not_picked":["BizarrenessOfSixRealms+1","FiveSignsOfTheDyingDeva","TwoHundredYojanaInOneSlash","ObsessionSword+1"],"picked":"LotusPostureSlash+1","floor":27},{"not_picked":["SpiritCuttingSword+1","PhosphoricSlash","CrescentMoonSlash","HeavenlyHaloSlash"],"picked":"SwordExtraction+1","floor":29},{"not_picked":["SlashOfMeditation","SwordOfBindingDesires+1","LightFlashOfTheNetherworld+1","RapidSlash"],"picked":"TwoHundredYojanaInOneSlash+1","floor":31},{"not_picked":["SuddenDivineSeveringOfKarmicWind","CelestialStarSword","GreatEnlightenmentAppearingAndDisappearing+1","FastingOfTheYoungPreta+1"],"picked":"ReincarnationSword+1","floor":33},{"not_picked":["SpiritCuttingSword+1","SwordOfBindingDesires+1","PhosphoricSlash","HumanKnowledgeSword","LotusPostureSlash+1"],"picked":"SKIP","floor":35},{"not_picked":["ConstancyOfTheConventionalTruth+1","HeavenlyHaloSlash","CherryBlossomFlashing+1","PretaSword+1"],"picked":"LightFlashOfTheNetherworld+1","floor":38},{"not_picked":["SuddenPhantomFormationSlashOfKarmicWind","HumanKnowledgeSword+1","PreachingAvici+1","GhostSword+1","HiganSword"],"picked":"SKIP","floor":40},{"not_picked":["SuddenPhantomFormationSlashOfKarmicWind","SwordExtraction+1","EchoesOfTheInclemencyOfAllBeings+1","HumanKnowledgeSword","DispleasureOfTheSevenHakus+1"],"picked":"SKIP","floor":41},{"not_picked":["BizarrenessOfSixRealms+1","DispleasureOfTheSevenHakus+1","ConstancyOfTheConventionalTruth+1","GhostSword+1","RapidSlash+1"],"picked":"SKIP","floor":42},{"not_picked":["DispleasureOfTheSevenHakus+1","CherryBlossomFlashing+1","CherryBlossomSword","SwordExtraction+1","SlashOfMeditation"],"picked":"SKIP","floor":44},{"not_picked":["PretaSword","LifeCuttingSword","CherryBlossomFlashing","FlashingScatteredFlowers","HumanKnowledgeSword"],"picked":"SKIP","floor":45},{"not_picked":["TurningAngelCut+1","LotusPostureSlash+1","LifeCuttingSword","RapidSlash","FiveSignsOfTheDyingDeva+1"],"picked":"SKIP","floor":48},{"not_picked":["SlashOfMeditation+1","HellFireSword","DispleasureOfTheSevenHakus+1","SpiderLilyBurial+1","SwordOfBindingDesires+1"],"picked":"SKIP","floor":54}],"player_experience":76887,"relics_obtained":[{"floor":1.0,"key":"SynthV:TestCard"},{"floor":2.0,"key":"Lantern"},{"floor":6.0,"key":"AT_ChloranthyRing"},{"floor":8.0,"key":"ArrowTower"},{"floor":9.0,"key":"Toxic Egg 2"},{"floor":23,"key":"PreservedInsect"},{"floor":25,"key":"MostiFishMod:Haymaker"},{"floor":26,"key":"Matryoshka"},{"floor":27,"key":"Meat on the Bone"},{"floor":38,"key":"SentryEyes"},{"floor":40,"key":"Pantograph"},{"floor":42,"key":"Ornamental Fan"},{"floor":43,"key":"AT_TimeSand"},{"floor":45,"key":"REME_LimitBreaker"},{"floor":48,"key":"SynthV:C4"},{"floor":54,"key":"Oddly Smooth Stone"}],"event_choices":[{"damage_healed":0.0,"max_hp_gain":0.0,"max_hp_loss":0.0,"gold_gain":0.0,"event_name":"Wheel of Change","player_choice":"Relic","floor":2.0,"gold_loss":0.0,"damage_taken":0.0},{"damage_healed":0.0,"max_hp_gain":0.0,"max_hp_loss":0.0,"gold_gain":0.0,"event_name":"Scrap Ooze","player_choice":"Success","floor":13.0,"gold_loss":0.0,"damage_taken":3.0,"relics_obtained":["Eternal Feather"]},{"damage_healed":0,"gold_gain":0,"player_choice":"Obtained Relic","damage_taken":0,"relics_obtained":["Happy Flower"],"max_hp_gain":0,"max_hp_loss":0,"event_name":"Addict","floor":21,"gold_loss":85},{"damage_healed":0,"gold_gain":0,"player_choice":"Shed Blood","damage_taken":19,"max_hp_gain":5,"max_hp_loss":0,"event_name":"Forgotten Altar","floor":24,"gold_loss":0},{"cards_removed":["Strike_YM"],"damage_healed":0,"gold_gain":0,"player_choice":"Gave Gold","damage_taken":0,"max_hp_gain":0,"max_hp_loss":0,"event_name":"Beggar","floor":30,"gold_loss":75},{"cards_removed":["CherryBlossomFlashing"],"damage_healed":0,"gold_gain":0,"player_choice":"Removed Attack","damage_taken":0,"max_hp_gain":0,"max_hp_loss":0,"event_name":"Falling","floor":36,"gold_loss":0},{"damage_healed":0,"gold_gain":0,"player_choice":"Fight","damage_taken":0,"max_hp_gain":0,"max_hp_loss":0,"event_name":"Mysterious Sphere","floor":38,"gold_loss":0},{"damage_healed":0,"gold_gain":0,"player_choice":"Ignored","damage_taken":0,"max_hp_gain":0,"max_hp_loss":0,"event_name":"Tomb of Lord Red Mask","floor":39,"gold_loss":0}],"is_beta":true,"boss_relics":[{"not_picked":["Calling Bell","BloodWine"],"picked":"Coffee Dripper"},{"not_picked":["energizedSpire:RedRose","Runic Pyramid"],"picked":"Philosopher\u0027s Stone"}],"items_purged_floors":[37,47,53],"is_endless":false,"potions_floor_spawned":[4,5,8,14,16,19,22,25,27,31,33,40,42,48,54],"ascension_level":2}}