{"host":"8d3fefv2347kqkpz","time":1613764273,"event":{"mods":["AchievementEnabler","BaseMod","Better Vampires","BetterRewards","Colored Map","Colored Powertips","Downfall","Emptier Cage","Highlight Path","Marked Mod","Minty Spire (QoL Compilation)","Permanent Neow","Quick Restart","Rare Cards Sparkle","Relic Stats","Say the Spire","Spicy Shops","StSLib","Waifu the Spire"],"gold_per_floor":[118,137,155,168,179,208,208,208,233,233,260,260,278,295,295,391,391,401,420,437,449,469,469,469,469],"floor_reached":24,"language":"ZHS","playtime":1020,"items_purged":[],"score":214,"play_id":"d1ac654c-2554-4bfd-bd6d-d0eb7dc4f6ed","local_time":"20210220035113","is_ascension_mode":false,"campfire_choices":[{"data":"Neutralize","floor":7,"key":"SMITH"},{"data":"Masterful Stab","floor":10,"key":"SMITH"},{"data":"Footwork","floor":12,"key":"SMITH"},{"floor":15,"key":"REST"},{"floor":23,"key":"REST"}],"circlet_count":0,"master_deck":["Strike_G","Strike_G","Defend_G","Defend_G","Defend_G","Defend_G","Survivor","Neutralize+1","Masterful Stab+1","Heel Hook","PiercingWail","Footwork+1","Backstab","Leg Sweep","Infinite Blades","Blade Dance","Blade Dance","Corpse Explosion","Underhanded Strike+1","Eviscerate+1","Crippling Poison+1","Noxious Fumes","Footwork","Dagger Spray"],"relics":["Ring of the Snake","Ornamental Fan","MealTicket","Astrolabe"],"acts_visited":["Exordium","TheCity"],"potions_floor_usage":[6,16],"damage_taken":[{"damage":0,"enemies":"Cultist","floor":1,"turns":3},{"damage":0,"enemies":"Small Slimes","floor":2,"turns":4},{"damage":0,"enemies":"2 Louse","floor":3,"turns":2},{"damage":2,"enemies":"Looter","floor":4,"turns":3},{"damage":3,"enemies":"Exordium Thugs","floor":5,"turns":10},{"damage":28,"enemies":"Gremlin Nob","floor":6,"turns":5},{"damage":16,"enemies":"3 Sentries","floor":11,"turns":10},{"damage":2,"enemies":"Exordium Wildlife","floor":13,"turns":4},{"damage":0,"enemies":"3 Louse","floor":14,"turns":2},{"damage":2,"enemies":"Slime Boss","floor":16,"turns":12},{"damage":0,"enemies":"Chosen","floor":18,"turns":5},{"damage":7,"enemies":"3 Byrds","floor":19,"turns":3},{"damage":20,"enemies":"Snecko","floor":20,"turns":7},{"damage":3,"enemies":"Centurion and Healer","floor":21,"turns":5},{"damage":7,"enemies":"3 Cultists","floor":22,"turns":3},{"damage":66,"enemies":"Slavers","floor":24,"turns":4}],"seed_played":"4281134171630989531","potions_obtained":[{"floor":3,"key":"AttackPotion"},{"floor":5,"key":"Strength Potion"},{"floor":11,"key":"Regen Potion"},{"floor":13,"key":"Fire Potion"},{"floor":16,"key":"Dexterity Potion"},{"floor":19,"key":"CultistPotion"}],"is_trial":false,"path_per_floor":["M","M","M","M","M","E","R","?","T","R","E","R","M","M","R","B",null,"M","M","M","M","M","R","E"],"character_chosen":"THE_SILENT","items_purchased":[],"campfire_rested":2,"item_purchase_floors":[],"current_hp_per_floor":[70,70,70,68,65,37,37,37,37,37,21,21,19,19,40,38,70,70,63,43,40,33,54,0,0],"gold":469,"neow_bonus":"THREE_CARDS","is_daily":false,"chose_seed":false,"campfire_upgraded":3,"win_rate":0.0,"timestamp":1613764273,"path_taken":["M","M","M","M","M","E","R","?","T","R","E","R","M","M","R","BOSS","M","M","M","M","M","R","E"],"items_purchased_type":[],"build_version":"2020-12-22","purchased_purges":0,"victory":false,"max_hp_per_floor":[70,70,70,70,70,70,70,70,70,70,70,70,70,70,70,70,70,70,70,70,70,70,70,70,70],"relic_stats":{"counters":[16,82],"Ornamental Fan":[116],"Astrolabe":["Underhanded Strike","Eviscerate","Crippling Poison"],"MealTicket":0,"obtain_stats":[{"Ornamental Fan":6,"Astrolabe":17,"MealTicket":11,"Ring of the Snake":0},{"Ornamental Fan":6,"Astrolabe":10,"MealTicket":7,"Ring of the Snake":0},{"Ornamental Fan":27,"Astrolabe":55,"MealTicket":37,"Ring of the Snake":0}],"Ring of the Snake":[32]},"card_choices":[{"not_picked":["Choke","Dagger Spray"],"picked":"Masterful Stab","floor":0},{"not_picked":["Sucker Punch","Escape Plan"],"picked":"Heel Hook","floor":1},{"not_picked":["Bane","Flying Knee"],"picked":"PiercingWail","floor":2},{"not_picked":["Deflect","Doppelganger"],"picked":"Footwork","floor":3},{"not_picked":["Underhanded Strike","Deadly Poison"],"picked":"Backstab","floor":4},{"not_picked":["Underhanded Strike","Dagger Spray"],"picked":"Leg Sweep","floor":5},{"not_picked":["Slice","PiercingWail"],"picked":"Infinite Blades","floor":6},{"not_picked":["Malaise","Outmaneuver"],"picked":"Blade Dance","floor":11},{"not_picked":["Concentrate","Choke"],"picked":"Blade Dance","floor":13},{"not_picked":["Endless Agony","Outmaneuver","Quick Slash"],"picked":"SKIP","floor":14},{"not_picked":["Burst","Tools of the Trade"],"picked":"Corpse Explosion","floor":16},{"not_picked":["Flying Knee","Dash","Bane"],"picked":"SKIP","floor":18},{"not_picked":["Sucker Punch","Deadly Poison","Concentrate"],"picked":"SKIP","floor":19},{"not_picked":["Outmaneuver+1","Caltrops+1"],"picked":"Noxious Fumes","floor":20},{"not_picked":["Leg Sweep+1","Deflect"],"picked":"Footwork","floor":21},{"not_picked":["Leg Sweep+1","Night Terror"],"picked":"Dagger Spray","floor":22}],"player_experience":478391,"relics_obtained":[{"floor":6,"key":"Ornamental Fan"},{"floor":11,"key":"MealTicket"}],"event_choices":[{"cards_removed":["Strike_G"],"damage_healed":0,"gold_gain":0,"player_choice":"Card Removal","damage_taken":0,"max_hp_gain":0,"max_hp_loss":0,"event_name":"Wheel of Change","floor":8,"gold_loss":0}],"is_beta":false,"boss_relics":[{"not_picked":["Philosopher\u0027s Stone","Ectoplasm"],"picked":"Astrolabe"}],"items_purged_floors":[],"is_endless":false,"potions_floor_spawned":[3,5,11,13,16,19,21],"killed_by":"Slavers","ascension_level":0}}