{"host":"8is2j71l4wmybkoi","time":1613715156,"event":{"mods":["AchievementEnabler","BaseMod","Colored Map","DeckTracker","Minty Spire (QoL Compilation)","Rare Cards Sparkle","Relic Stats","StSLib","SuperFastMode"],"gold_per_floor":[116,129,129,129,142,142,178,201,226,247,247,265,309,332,332,421,421,436,436,454,478,280,324,324,30,55,73,94,110,128,128,128],"floor_reached":31,"language":"KOR","playtime":1850,"items_purged":["Defend_B"],"score":565,"play_id":"ab521b8f-5ff8-40e2-9371-e561db0a8f0c","local_time":"20210219151236","is_ascension_mode":true,"campfire_choices":[{"data":"Zap","floor":6,"key":"SMITH"},{"data":"Dualcast","floor":11,"key":"SMITH"},{"data":"Recycle","floor":15,"key":"SMITH"},{"floor":24,"key":"REST"}],"circlet_count":0,"master_deck":["AscendersBane","Strike_B","Strike_B","Defend_B","Defend_B","Zap+1","Dualcast+1","Reinforced Body","Hologram","Gash+1","Sweeping Beam","Rainbow","FTL+1","Recycle+1","Conserve Battery","Coolheaded","All For One","Genetic Algorithm","Go for the Eyes","Gash","Capacitor","Compile Driver","Rebound+1"],"relics":["Cracked Core","Golden Idol","DataDisk","Centennial Puzzle","PreservedInsect","Empty Cage","Mango","Blood Vial","Dead Branch","Whetstone"],"acts_visited":["Exordium","TheCity"],"potions_floor_usage":[7,13,14,23,28,29],"damage_taken":[{"damage":0,"enemies":"2 Louse","floor":1,"turns":2},{"damage":0,"enemies":"Small Slimes","floor":2,"turns":4},{"damage":4,"enemies":"Cultist","floor":5,"turns":5},{"damage":9,"enemies":"Lagavulin","floor":7,"turns":8},{"damage":6,"enemies":"Looter","floor":8,"turns":3},{"damage":4,"enemies":"Exordium Wildlife","floor":10,"turns":4},{"damage":3,"enemies":"Blue Slaver","floor":12,"turns":2},{"damage":13,"enemies":"3 Sentries","floor":13,"turns":5},{"damage":3,"enemies":"Lots of Slimes","floor":14,"turns":3},{"damage":0,"enemies":"Slime Boss","floor":16,"turns":5},{"damage":12,"enemies":"3 Byrds","floor":18,"turns":3},{"damage":16,"enemies":"Spheric Guardian","floor":20,"turns":4},{"damage":11,"enemies":"Cultist and Chosen","floor":21,"turns":5},{"damage":17,"enemies":"Slavers","floor":23,"turns":6},{"damage":4,"enemies":"3 Cultists","floor":27,"turns":4},{"damage":0,"enemies":"Snake Plant","floor":28,"turns":2},{"damage":13,"enemies":"Shelled Parasite and Fungi","floor":29,"turns":4},{"damage":8,"enemies":"Cultist and Chosen","floor":30,"turns":5},{"damage":32,"enemies":"Book of Stabbing","floor":31,"turns":5}],"seed_played":"4847442783061838812","potions_obtained":[{"floor":5,"key":"LiquidMemories"},{"floor":8,"key":"LiquidMemories"},{"floor":10,"key":"Explosive Potion"},{"floor":12,"key":"Fire Potion"},{"floor":18,"key":"SteroidPotion"},{"floor":21,"key":"PotionOfCapacity"},{"floor":27,"key":"DistilledChaos"},{"floor":28,"key":"LiquidMemories"}],"is_trial":false,"path_per_floor":["M","M","?","?","M","R","E","M","T","M","R","M","E","M","R","B",null,"M","?","M","M","$","E","R","$","T","M","M","M","M","E"],"character_chosen":"DEFECT","items_purchased":["Capacitor","SkillPotion","Dead Branch"],"campfire_rested":1,"item_purchase_floors":[22,22,25],"current_hp_per_floor":[64,64,69,69,65,65,56,50,50,46,46,43,30,27,27,27,59,47,61,45,34,34,17,41,41,41,39,41,30,24,0,0],"gold":128,"neow_bonus":"REMOVE_CARD","is_daily":false,"chose_seed":false,"campfire_upgraded":3,"win_rate":0.0,"timestamp":1613715156,"path_taken":["M","M","?","?","M","R","E","M","T","M","R","M","E","M","R","BOSS","M","?","M","M","?","E","R","$","T","M","M","M","M","E"],"items_purchased_type":["Card","Potion","Relic"],"build_version":"2020-12-22","purchased_purges":1,"victory":false,"max_hp_per_floor":[71,71,76,69,69,69,69,69,69,69,69,69,69,69,69,69,69,69,83,83,83,83,83,83,83,83,83,83,83,83,83,83],"relic_stats":{"Blood Vial":10,"Centennial Puzzle":[36],"counters":[19,79],"Golden Idol":91,"Dead Branch":[25],"PreservedInsect":84,"Whetstone":["FTL","Gash"],"obtain_stats":[{"Blood Vial":23,"DataDisk":7,"Centennial Puzzle":9,"Golden Idol":4,"Dead Branch":25,"Mango":19,"PreservedInsect":13,"Whetstone":26,"Cracked Core":0,"Empty Cage":17},{"Blood Vial":14,"DataDisk":4,"Centennial Puzzle":5,"Golden Idol":2,"Dead Branch":14,"Mango":11,"PreservedInsect":8,"Whetstone":14,"Cracked Core":0,"Empty Cage":10},{"Blood Vial":59,"DataDisk":19,"Centennial Puzzle":22,"Golden Idol":6,"Dead Branch":59,"Mango":44,"PreservedInsect":33,"Whetstone":59,"Cracked Core":0,"Empty Cage":41}]},"card_choices":[{"not_picked":["Compile Driver","Double Energy"],"picked":"Reinforced Body","floor":1},{"not_picked":["Heatsinks","Fusion"],"picked":"Hologram","floor":2},{"not_picked":["Scrape","Redo"],"picked":"Gash","floor":5},{"not_picked":["Hello World","Sunder"],"picked":"Sweeping Beam","floor":7},{"not_picked":["Recycle","Sweeping Beam"],"picked":"Rainbow","floor":8},{"not_picked":["Double Energy","Blizzard"],"picked":"FTL","floor":10},{"not_picked":["White Noise","Barrage"],"picked":"Recycle","floor":12},{"not_picked":["Go for the Eyes","FTL"],"picked":"Conserve Battery","floor":13},{"not_picked":["Sweeping Beam","Steam"],"picked":"Coolheaded","floor":14},{"not_picked":["Thunder Strike","Seek"],"picked":"All For One","floor":16},{"not_picked":["Streamline","Sunder"],"picked":"Genetic Algorithm","floor":18},{"not_picked":["Barrage","White Noise"],"picked":"Go for the Eyes","floor":20},{"not_picked":["Cold Snap+1","Glacier"],"picked":"Gash","floor":21},{"not_picked":["Lockon","Hologram","Beam Cell"],"picked":"SKIP","floor":23},{"not_picked":["Darkness","Streamline"],"picked":"Compile Driver","floor":27},{"not_picked":["Ball Lightning","Redo","Steam Power"],"picked":"SKIP","floor":28},{"not_picked":["Barrage","Coolheaded"],"picked":"Rebound+1","floor":29},{"not_picked":["Gash","Coolheaded","Heatsinks"],"picked":"SKIP","floor":30}],"player_experience":1237885,"relics_obtained":[{"floor":7,"key":"DataDisk"},{"floor":9,"key":"Centennial Puzzle"},{"floor":13,"key":"PreservedInsect"},{"floor":23,"key":"Blood Vial"},{"floor":26,"key":"Whetstone"}],"event_choices":[{"damage_healed":0,"gold_gain":0,"player_choice":"Donut","damage_taken":0,"max_hp_gain":5,"max_hp_loss":0,"event_name":"Big Fish","floor":3,"gold_loss":0},{"damage_healed":0,"gold_gain":0,"player_choice":"Lose Max HP","damage_taken":0,"relics_obtained":["Golden Idol"],"max_hp_gain":0,"max_hp_loss":7,"event_name":"Golden Idol","floor":4,"gold_loss":0},{"damage_healed":0,"gold_gain":0,"player_choice":"Gave Potion","damage_taken":0,"relics_obtained":["Mango"],"max_hp_gain":0,"max_hp_loss":0,"event_name":"WeMeetAgain","floor":19,"gold_loss":0}],"is_beta":false,"boss_relics":[{"not_picked":["Runic Dome","Ectoplasm"],"picked":"Empty Cage"}],"items_purged_floors":[22],"is_endless":false,"potions_floor_spawned":[5,8,10,12,18,21,27,28],"killed_by":"Book of Stabbing","ascension_level":15}}