{"host":"g7uq9uzahx9e0kti","time":1613745704,"event":{"mods":["100% Spire Juice","AchievementEnabler","Act Like it!","Arknights","BaseMod","CapriCore","Hermit","Koishi","Minty Spire (QoL Compilation)","Prisma Mod","Quick Restart","StSLib","SuperFastMode","The Bug Knight","The Cursed","The Hierophant","Together in Spire","WarShipGirlsR/??á´Ò³R mod"],"gold_per_floor":[113,128,128,147,59,59,84,84,108,138,154,164,179,230,230,329,329,341,341,416,431,52,96,96,96,96],"floor_reached":25,"language":"KOR","playtime":1051,"items_purged":["Strike_R"],"score":254,"play_id":"4c63d079-0dff-49e9-86bd-3eba49e18636","local_time":"20210219234144","is_ascension_mode":true,"campfire_choices":[{"floor":6,"key":"DIG"},{"floor":8,"key":"DIG"},{"floor":15,"key":"REST"},{"floor":24,"key":"DIG"}],"circlet_count":0,"master_deck":["Strike_R","Strike_R","Strike_R","Strike_R","Defend_R","Defend_R","Defend_R","Defend_R","Bash","Carnage+1","Flex","Combust","Trip","Flex","Shrug It Off","Battle Trance","Seeing Red","Dropkick","Feed"],"relics":["Burning Blood","Shovel","Omamori","Bottled Tornado","Akabeko","Bag of Marbles","Bag of Preparation","MealTicket","SlaversCollar","CeramicFish","Happy Flower","Pocketwatch","Bottled Lightning"],"acts_visited":["Exordium","TheCity"],"potions_floor_usage":[11,16,16,23,23],"damage_taken":[{"damage":4,"enemies":"Small Slimes","floor":1,"turns":4},{"damage":1,"enemies":"Cultist","floor":2,"turns":3},{"damage":7,"enemies":"Jaw Worm","floor":4,"turns":2},{"damage":34,"enemies":"3 Sentries","floor":7,"turns":6},{"damage":18,"enemies":"Gremlin Nob","floor":10,"turns":3},{"damage":2,"enemies":"Exordium Thugs","floor":11,"turns":3},{"damage":4,"enemies":"2 Fungi Beasts","floor":12,"turns":2},{"damage":14,"enemies":"Exordium Wildlife","floor":13,"turns":3},{"damage":46,"enemies":"Slime Boss","floor":16,"turns":8},{"damage":18,"enemies":"Shell Parasite","floor":18,"turns":3},{"damage":27,"enemies":"3 Byrds","floor":21,"turns":4},{"damage":46,"enemies":"Slavers","floor":23,"turns":4},{"damage":21,"enemies":"Book of Stabbing","floor":25,"turns":2}],"seed_played":"-3520999182512148877","potions_obtained":[{"floor":4,"key":"Explosive Potion"},{"floor":7,"key":"Ancient Potion"},{"floor":10,"key":"BlessingOfTheForge"},{"floor":11,"key":"Energy Potion"},{"floor":13,"key":"DuplicationPotion"},{"floor":21,"key":"Regen Potion"}],"is_trial":false,"path_per_floor":["M","M","?","M","$","R","E","R","T","E","M","M","M","T","R","B",null,"M","?","?","M","$","E","R","E"],"character_chosen":"IRONCLAD","items_purchased":["Trip","CeramicFish","Happy Flower"],"campfire_rested":1,"item_purchase_floors":[5,22,22],"current_hp_per_floor":[72,72,72,71,71,71,43,43,43,31,35,37,29,29,50,10,72,60,60,53,32,47,19,19,0,0],"gold":96,"neow_bonus":"ONE_RARE_RELIC","is_daily":false,"chose_seed":false,"campfire_upgraded":0,"win_rate":0.0,"timestamp":1613745704,"path_taken":["M","M","?","?","$","R","E","R","T","E","M","?","M","?","R","BOSS","M","?","?","?","$","E","R","E"],"items_purchased_type":["Card","Relic","Relic"],"build_version":"2020-12-22","purchased_purges":1,"victory":false,"max_hp_per_floor":[72,72,72,72,72,72,72,72,72,72,72,72,72,72,72,72,72,72,72,72,72,72,72,72,72,72],"card_choices":[{"not_picked":["Warcry","Pommel Strike"],"picked":"Carnage","floor":1},{"not_picked":["Iron Wave","Sword Boomerang"],"picked":"Flex","floor":2},{"not_picked":["Shockwave","Blood for Blood"],"picked":"Combust","floor":4},{"not_picked":["Second Wind","Warcry","Heavy Blade"],"picked":"SKIP","floor":7},{"not_picked":["Metallicize","Ghostly Armor"],"picked":"Flex","floor":10},{"not_picked":["Demon Form","Perfected Strike"],"picked":"Shrug It Off","floor":11},{"not_picked":["Rampage","Heavy Blade","Dropkick"],"picked":"SKIP","floor":12},{"not_picked":["Combust","Havoc","Warcry"],"picked":"SKIP","floor":13},{"not_picked":["Shrug It Off+1","Sever Soul"],"picked":"Battle Trance","floor":18},{"not_picked":["Whirlwind","Shrug It Off+1"],"picked":"Dropkick","floor":21},{"not_picked":["Thunderclap","Iron Wave+1"],"picked":"Feed","floor":23}],"player_experience":133589,"relics_obtained":[{"floor":6,"key":"Omamori"},{"floor":7,"key":"Bottled Tornado"},{"floor":8,"key":"Akabeko"},{"floor":9,"key":"Bag of Marbles"},{"floor":10,"key":"Bag of Preparation"},{"floor":14,"key":"MealTicket"},{"floor":23,"key":"Pocketwatch"},{"floor":24,"key":"Bottled Lightning"}],"event_choices":[{"damage_healed":0,"gold_gain":0,"player_choice":"Upgraded","damage_taken":0,"max_hp_gain":0,"max_hp_loss":0,"event_name":"Upgrade Shrine","floor":3,"gold_loss":0,"cards_upgraded":["Carnage"]},{"damage_healed":0,"gold_gain":0,"player_choice":"Read","damage_taken":0,"max_hp_gain":0,"max_hp_loss":0,"event_name":"The Library","floor":19,"gold_loss":0,"cards_obtained":["Seeing Red"]},{"damage_healed":0,"gold_gain":75,"player_choice":"Touch","damage_taken":7,"max_hp_gain":0,"max_hp_loss":0,"event_name":"FaceTrader","floor":20,"gold_loss":0}],"is_beta":false,"boss_relics":[{"not_picked":["Empty Cage","Runic Pyramid"],"picked":"SlaversCollar"}],"items_purged_floors":[22],"is_endless":false,"potions_floor_spawned":[4,7,10,11,13,21],"killed_by":"Book of Stabbing","ascension_level":2}}