{"host":"f3zi5bw4of71qj4o","time":1613745956,"event":{"mods":["BaseMod","DeckTracker","Highlight Path","Minty Spire (QoL Compilation)","Relic Stats","StSLib","SuperFastMode"],"gold_per_floor":[110,110,127,142,16,16,45,61,109,141,141,155,186,198,198,198,198],"floor_reached":16,"language":"ENG","playtime":627,"items_purged":[],"score":244,"play_id":"d013b50a-abce-4623-b131-ce481bf8dced","local_time":"20210219154556","is_ascension_mode":true,"campfire_choices":[{"data":"Uppercut","floor":6,"key":"SMITH"},{"data":"Bash","floor":11,"key":"SMITH"},{"data":"Armaments","floor":15,"key":"SMITH"}],"circlet_count":0,"master_deck":["AscendersBane","Strike_R+1","Strike_R","Strike_R","Strike_R","Defend_R","Defend_R","Defend_R","Defend_R","Bash+1","Hemokinesis","Anger","Uppercut+1","Armaments+1","Shrug It Off","Seeing Red","Fiend Fire+1","Dark Embrace"],"relics":["Burning Blood","NeowsBlessing","Mummified Hand","Ancient Tea Set","Whetstone","Oddly Smooth Stone"],"acts_visited":["Exordium"],"potions_floor_usage":[16],"damage_taken":[{"damage":0,"enemies":"2 Louse","floor":1,"turns":1},{"damage":2,"enemies":"Cultist","floor":3,"turns":1},{"damage":0,"enemies":"Small Slimes","floor":4,"turns":1},{"damage":28,"enemies":"Gremlin Nob","floor":7,"turns":4},{"damage":11,"enemies":"3 Louse","floor":8,"turns":4},{"damage":11,"enemies":"Lagavulin","floor":10,"turns":7},{"damage":3,"enemies":"2 Fungi Beasts","floor":12,"turns":3},{"damage":34,"enemies":"3 Sentries","floor":13,"turns":7},{"damage":5,"enemies":"Exordium Wildlife","floor":14,"turns":3},{"damage":38,"enemies":"Hexaghost","floor":16,"turns":9}],"seed_played":"-6796266001755372644","potions_obtained":[{"floor":1,"key":"Ancient Potion"},{"floor":7,"key":"Explosive Potion"},{"floor":10,"key":"Ancient Potion"},{"floor":13,"key":"BloodPotion"}],"is_trial":false,"path_per_floor":["M","?","M","M","$","R","E","M","T","E","R","M","E","M","R","B"],"character_chosen":"IRONCLAD","items_purchased":["Uppercut","Armaments"],"campfire_rested":0,"item_purchase_floors":[5,5],"current_hp_per_floor":[74,74,75,75,75,75,53,48,48,43,43,46,18,19,19,0,0],"gold":198,"neow_bonus":"THREE_ENEMY_KILL","is_daily":false,"chose_seed":false,"campfire_upgraded":3,"win_rate":0.0,"timestamp":1613745956,"path_taken":["M","?","?","M","$","R","E","M","T","E","R","M","E","?","R","BOSS"],"items_purchased_type":["Card","Card"],"build_version":"2020-12-22","purchased_purges":0,"victory":false,"max_hp_per_floor":[75,75,75,75,75,75,75,75,75,75,75,75,75,75,75,75,75],"relic_stats":{"counters":[10,40],"Mummified Hand":[1],"Whetstone":["Strike_R","Fiend Fire"],"obtain_stats":[{"NeowsBlessing":0,"Mummified Hand":7,"Oddly Smooth Stone":13,"Whetstone":10,"Ancient Tea Set":9,"Burning Blood":0},{"NeowsBlessing":0,"Mummified Hand":4,"Oddly Smooth Stone":8,"Whetstone":6,"Ancient Tea Set":5,"Burning Blood":0},{"NeowsBlessing":0,"Mummified Hand":7,"Oddly Smooth Stone":28,"Whetstone":18,"Ancient Tea Set":11,"Burning Blood":0}],"Burning Blood":45},"card_choices":[{"not_picked":["Shrug It Off","Infernal Blade"],"picked":"Hemokinesis","floor":1},{"not_picked":["Havoc","Warcry"],"picked":"Anger","floor":3},{"not_picked":["Clash","Sentinel","Anger"],"picked":"SKIP","floor":4},{"not_picked":["Disarm","Armaments"],"picked":"Shrug It Off","floor":7},{"not_picked":["Sentinel","Hemokinesis"],"picked":"Seeing Red","floor":8},{"not_picked":["Hemokinesis","Thunderclap"],"picked":"Fiend Fire","floor":10},{"not_picked":["Armaments","Clash","Uppercut"],"picked":"SKIP","floor":12},{"not_picked":["Combust","Wild Strike"],"picked":"Dark Embrace","floor":13},{"not_picked":["Flex","Anger","Dark Embrace"],"picked":"SKIP","floor":14}],"player_experience":2606473,"relics_obtained":[{"floor":7,"key":"Mummified Hand"},{"floor":9,"key":"Ancient Tea Set"},{"floor":10,"key":"Whetstone"},{"floor":13,"key":"Oddly Smooth Stone"}],"event_choices":[{"cards_removed":["Strike_R"],"damage_healed":0,"gold_gain":0,"player_choice":"Card Removal","damage_taken":0,"max_hp_gain":0,"max_hp_loss":0,"event_name":"Wheel of Change","floor":2,"gold_loss":0}],"is_beta":false,"boss_relics":[],"items_purged_floors":[],"is_endless":false,"potions_floor_spawned":[1,7,10,13],"killed_by":"Hexaghost","ascension_level":20}}