{"host":"vk2xyavtylxbvrfq","time":1613698412,"event":{"mods":["Bard","BaseMod","Bestiary","Better Altar","Better Match","Better Note","Better Sensory Stone","Better Skull","Better Vampires","Block Reminder","Bossed Relics","Colored Map","Curses Come First","Displayed Cursed Tome","Downfall","Fox Events","Hermit","Ironclad Rager","Marked Mod","Minty Spire (QoL Compilation)","Quick Restart","Rare Cards Sparkle","Relic Sorter","Reliquary","Robot Space Explorer","StSLib","The Hayseed","The Runesmith","TheSurvivalist","Unceasing Turn Reminder"],"gold_per_floor":[109,129,129,197,197,240,240,278,278,293,313,313,329,352,352,482,482,507,528,551,0,0,0,24,24,24,24,24,45,58,97,97,97,97],"floor_reached":33,"language":"ENG","playtime":1275,"items_purged":[],"score":428,"play_id":"2c07c8c1-9c3b-4913-b068-0c13650feba8","local_time":"20210218203332","is_ascension_mode":true,"campfire_choices":[{"data":"hermit:RoundhouseKick","floor":7.0,"key":"SMITH"},{"floor":12.0,"key":"REST"},{"floor":15.0,"key":"REST"},{"floor":23,"key":"REST"},{"floor":25,"key":"REST"},{"floor":27,"key":"REST"},{"floor":32,"key":"REST"}],"circlet_count":0,"master_deck":["hermit:Strike_Hermit","hermit:Strike_Hermit","hermit:Strike_Hermit","hermit:Strike_Hermit","hermit:Defend_Hermit","hermit:Defend_Hermit","hermit:Defend_Hermit","hermit:Defend_Hermit","hermit:Snapshot","hermit:Covet","hermit:WideOpen","hermit:Vantage+1","Injury","hermit:RoundhouseKick+1","hermit:Showdown+1","hermit:Coalescence","hermit:FullyLoaded","hermit:Shortfuse","hermit:BodyArmor","hermit:Roughhouse","hermit:HighCaliber+1","hermit:FlashPowder","hermit:LuckOfTheDraw","hermit:BodyArmor","hermit:Enervate","hermit:EyeOfTheStorm"],"relics":["hermit:Momento","NeowsBlessing","Golden Idol","reliquary:TridentHead","Happy Flower","reliquary:BallBearing","Fusion Hammer","reliquary:FingerTrap","Thread and Needle","CaptainsWheel","PreservedInsect"],"acts_visited":["Exordium","TheCity"],"potions_floor_usage":[20,20,30,31,31],"damage_taken":[{"damage":0.0,"enemies":"Cultist","floor":1.0,"turns":1.0},{"damage":0.0,"enemies":"2 Louse","floor":2.0,"turns":2.0},{"damage":0.0,"enemies":"Lagavulin","floor":6.0,"turns":1.0},{"damage":39.0,"enemies":"Gremlin Nob","floor":8.0,"turns":5.0},{"damage":0.0,"enemies":"Small Slimes","floor":10.0,"turns":3.0},{"damage":0.0,"enemies":"Looter","floor":11.0,"turns":2.0},{"damage":3.0,"enemies":"Blue Slaver","floor":13.0,"turns":3.0},{"damage":8.0,"enemies":"Large Slime","floor":14.0,"turns":4.0},{"damage":23.0,"enemies":"Hexaghost","floor":16.0,"turns":11.0},{"damage":33.0,"enemies":"Spheric Guardian","floor":18.0,"turns":6.0},{"damage":1.0,"enemies":"Shell Parasite","floor":19.0,"turns":3.0},{"damage":28,"enemies":"Centurion and Healer","floor":20,"turns":4},{"damage":17,"enemies":"Chosen and Byrds","floor":24,"turns":6},{"damage":4,"enemies":"Shelled Parasite and Fungi","floor":29,"turns":4},{"damage":0,"enemies":"Centurion and Healer","floor":30,"turns":6},{"damage":0,"enemies":"Gremlin Leader","floor":31,"turns":2},{"damage":76,"enemies":"Collector","floor":33,"turns":11}],"seed_played":"8802575425217385710","potions_obtained":[{"floor":2.0,"key":"Swift Potion"},{"floor":8.0,"key":"Dexterity Potion"},{"floor":13.0,"key":"GamblersBrew"},{"floor":14.0,"key":"Guardian:BlockOnCardUsePotion"},{"floor":18.0,"key":"hermit:Tonic"},{"floor":19.0,"key":"Swift Potion"},{"floor":29,"key":"EssenceOfSteel"},{"floor":30,"key":"FearPotion"}],"is_trial":false,"path_per_floor":["M","M","?","?","?","E","R","E","T","M","M","R","M","M","R","B",null,"M","M","M","$","?","R","M","R","T","R","$","M","M","E","R","B"],"character_chosen":"HERMIT","items_purchased":["reliquary:FingerTrap","Thread and Needle","hermit:LuckOfTheDraw","hermit:BodyArmor"],"campfire_rested":6,"item_purchase_floors":[21,21,21,21],"current_hp_per_floor":[68,68,68,68,68,68,68,29,29,29,29,51,48,40,62,39,66,33,32,4,4,4,26,9,31,31,53,53,49,49,49,71,0,0],"gold":97,"neow_bonus":"THREE_ENEMY_KILL","is_daily":false,"chose_seed":false,"campfire_upgraded":1,"win_rate":0.0,"timestamp":1613698412,"path_taken":["M","M","?","?","?","E","R","E","T","M","M","R","M","M","R","BOSS","M","M","M","$","?","R","?","R","T","R","$","M","M","E","R","BOSS"],"items_purchased_type":["Relic","Relic","Card","Card"],"build_version":"2020-12-22","purchased_purges":0,"victory":false,"max_hp_per_floor":[75,75,75,75,75,75,75,75,75,75,75,75,75,75,75,75,75,75,75,75,75,75,75,75,75,75,75,75,75,75,75,75,75,75],"card_choices":[{"not_picked":["hermit:Roulette","hermit:NoHoldsBarred"],"picked":"hermit:WideOpen","floor":1.0},{"not_picked":["hermit:WideOpen","hermit:CalledShot"],"picked":"hermit:Vantage","floor":2.0},{"not_picked":["hermit:Ricochet","hermit:Dive"],"picked":"hermit:RoundhouseKick","floor":6.0},{"not_picked":["hermit:Quickdraw","hermit:TrackingShot"],"picked":"hermit:Showdown","floor":8.0},{"not_picked":["hermit:CalledShot","hermit:Vantage"],"picked":"hermit:Coalescence","floor":10.0},{"not_picked":["hermit:CursedWeapon","hermit:Dive"],"picked":"hermit:FullyLoaded","floor":11.0},{"not_picked":["hermit:NoHoldsBarred","hermit:Brawl"],"picked":"hermit:Shortfuse","floor":13.0},{"not_picked":["hermit:WideOpen","hermit:TakeAim"],"picked":"hermit:BodyArmor","floor":14.0},{"not_picked":["hermit:Dissolve","hermit:FinalCanter"],"picked":"hermit:Roughhouse","floor":16.0},{"not_picked":["hermit:Determination","hermit:CursedWeapon+1"],"picked":"hermit:HighCaliber+1","floor":18.0},{"not_picked":["hermit:Misfire+1","hermit:WideOpen"],"picked":"hermit:FlashPowder","floor":19.0},{"not_picked":["hermit:Spite","hermit:Grudge","hermit:Manifest"],"picked":"SKIP","floor":20},{"not_picked":["hermit:TakeAim+1","hermit:Roulette"],"picked":"hermit:Enervate","floor":24},{"not_picked":["hermit:CalledShot","hermit:Feint+1","hermit:TakeAim"],"picked":"SKIP","floor":29},{"not_picked":["hermit:Coalescence","hermit:EternalForm"],"picked":"hermit:EyeOfTheStorm","floor":30},{"not_picked":["hermit:Misfire+1","hermit:Malice","hermit:Midnight"],"picked":"SKIP","floor":31}],"player_experience":1433138,"relics_obtained":[{"floor":6.0,"key":"reliquary:TridentHead"},{"floor":8.0,"key":"Happy Flower"},{"floor":9.0,"key":"reliquary:BallBearing"},{"floor":26,"key":"CaptainsWheel"},{"floor":31,"key":"PreservedInsect"}],"event_choices":[{"damage_healed":0.0,"max_hp_gain":0.0,"max_hp_loss":0.0,"gold_gain":0.0,"event_name":"Golden Idol","player_choice":"Take Wound","floor":3.0,"gold_loss":0.0,"damage_taken":0.0,"relics_obtained":["Golden Idol"],"cards_obtained":["Injury"]},{"damage_healed":0.0,"max_hp_gain":0.0,"max_hp_loss":0.0,"gold_gain":68.0,"event_name":"Golden Wing","player_choice":"Gained Gold","floor":4.0,"gold_loss":0.0,"damage_taken":0.0},{"damage_healed":0.0,"max_hp_gain":0.0,"max_hp_loss":0.0,"gold_gain":0.0,"event_name":"Living Wall","player_choice":"Grow","floor":5.0,"gold_loss":0.0,"damage_taken":0.0,"cards_upgraded":["hermit:Vantage"]},{"damage_healed":0,"gold_gain":0,"player_choice":"Upgraded","damage_taken":0,"max_hp_gain":0,"max_hp_loss":0,"event_name":"Upgrade Shrine","floor":22,"gold_loss":0,"cards_upgraded":["hermit:Showdown"]}],"is_beta":false,"boss_relics":[{"not_picked":["Tiny House","reliquary:RedCape"],"picked":"Fusion Hammer"}],"items_purged_floors":[],"is_endless":false,"potions_floor_spawned":[2,8,13,14,18,19,29,30],"killed_by":"Collector","ascension_level":6}}