{"host":"strpjp9enjjpooof","time":1613712660,"event":{"mods":["Aspiration","BaseMod","Better Altar","Better Match","Better Note","Better Sensory Stone","Better Skull","Better Third Choice","Colored Powertips","Conspire","Energized Spire","Force Act Four","GifTheSpireLib","Halation","Hubris","Lobotomy","Minty Spire (QoL Compilation)","Relic Filter Mod","Reliquary","Replay The Spire","Spicy Shops","Spikes Relics","StSLib","Stuff the Spire","The Blue Laboratory","Together in Spire"],"gold_per_floor":[112,126,140,140,140,140,172,172,196,258,277,292,292,318,318,335,347,362,380,57,57,77,106,106,106,139,152,9,25,25,122,122,134,134,154,169,179,205,205,205,257,352,369,369,37,66,66,66,66,66,18,50,50],"floor_reached":54,"language":"ENG","playtime":2236,"items_purged":[],"score":974,"play_id":"c70b83ee-8b1b-4818-b2a5-fdeb03608e7e","local_time":"20210218203100","is_ascension_mode":false,"campfire_choices":[{"floor":6,"key":"REST"},{"floor":21,"key":"DIG"},{"floor":25,"key":"REST"},{"floor":39,"key":"REST"},{"data":"Whirlwind+1","floor":44,"key":"SMITH"}],"circlet_count":0,"master_deck":["Strike_R","Strike_R","Strike_R","Defend_R","Defend_R","Defend_R","Defend_R","Bash","Whirlwind+2","Cleave","Iron Wave","Burn","Flame Barrier","Carnage","conspire:ExplosiveBarrier","Pain","Clash","ReplayTheSpireMod:Limb From Limb","ReplayTheSpireMod:Limb From Limb","Heavy Blade+1","Intimidate+1","ReplayReversal","Life Link","Whirlwind","Blood for Blood","Shockwave+1","Thunderclap","Body Slam","Reaper","Dual Wield+1","Thunderclap+1","Spot Weakness","Parasite","Wild Strike+1","Twin Strike","Thunderclap+1","Flash of Steel","Flash of Steel","Thinking Ahead+1","StuffTheSpire:TitanForm","Hemogenesis","Heavy Blade"],"relics":["Burning Blood","halation:PinkSoulGem","Replay:Multitool","StuffTheSpire:Gunfinga","WarpedTongs","SuspiciousGoo","Runic Pyramid","Mirror","reliquary:RosewoodLute","reliquary:SharkskinSheath","Meat on the Bone","Blue Doll","Red Skull","reliquary:BigHammer","StuffTheSpire:GreaterSneckoEye","aspiration:ChemicalBlood","CaptainsWheel","Blue Candle","Onion Ring"],"acts_visited":["Exordium","TheCity","TheBeyond","TheEnding"],"potions_floor_usage":[26,31,33,46,48,48,48,52,53,53],"damage_taken":[{"damage":0,"enemies":"Small Slimes","floor":1,"turns":1},{"damage":11,"enemies":"Jaw Worm","floor":2,"turns":2},{"damage":0,"enemies":"Cultist","floor":3,"turns":2},{"damage":16,"enemies":"Gremlin Nob","floor":7,"turns":3},{"damage":0,"enemies":"Gremlin Gang","floor":11,"turns":1},{"damage":0,"enemies":"Red Slaver","floor":12,"turns":1},{"damage":3,"enemies":"Lagavulin","floor":14,"turns":4},{"damage":9,"enemies":"2 Thieves","floor":16,"turns":2},{"damage":4,"enemies":"Spheric Guardian","floor":17,"turns":3},{"damage":19,"enemies":"Snecko","floor":18,"turns":3},{"damage":7,"enemies":"Centurion and Healer","floor":19,"turns":2},{"damage":3,"enemies":"conspire:HollyBat","floor":22,"turns":5},{"damage":21,"enemies":"Slavers","floor":23,"turns":3},{"damage":21,"enemies":"Book of Stabbing","floor":26,"turns":3},{"damage":30,"enemies":"Sentry and Sphere","floor":27,"turns":4},{"damage":11,"enemies":"Snake Plant","floor":29,"turns":2},{"damage":25,"enemies":"Champ","floor":31,"turns":6},{"damage":32,"enemies":"3 Shapes","floor":33,"turns":2},{"damage":38,"enemies":"3 Darklings","floor":35,"turns":3},{"damage":6,"enemies":"Maw","floor":36,"turns":4},{"damage":0,"enemies":"Writhing Mass","floor":37,"turns":3},{"damage":18,"enemies":"Giant Head","floor":38,"turns":5},{"damage":0,"enemies":"Transient","floor":43,"turns":1},{"damage":10,"enemies":"Reptomancer","floor":46,"turns":2},{"damage":43,"enemies":"Donu and Deca","floor":48,"turns":5},{"damage":31,"enemies":"Shield and Spear","floor":52,"turns":3},{"damage":94,"enemies":"The Heart","floor":53,"turns":6}],"seed_played":"-7356979376107446418","potions_obtained":[{"floor":2,"key":"SpeedPotion"},{"floor":3,"key":"blueLaboratory:FrostheartPotion"},{"floor":17,"key":"Swift Potion"},{"floor":26,"key":"Elixir"},{"floor":31,"key":"SmokeBomb"},{"floor":36,"key":"Toxic Potion"},{"floor":38,"key":"blueLaboratory:TrueEctoplasm"},{"floor":43,"key":"blueLaboratory:EmptyBottle"},{"floor":50,"key":"EssenceOfSteel"},{"floor":50,"key":"blueLaboratory:BottleOfRum"},{"floor":52,"key":"blueLaboratory:TrueEctoplasm"}],"is_trial":false,"path_per_floor":["M","M","M","?","?","R","E","R","T","R","M","M","?","E","R","M","M","M","M","$","R","M","E","T","R","E","M","$","M","R","B",null,"M","?","M","M","M","E","R","?","T","R","M","R","$","E","R","B",null,"R","$","E","B",null],"character_chosen":"IRONCLAD","items_purchased":["Mirror","Life Link","Red Skull","Flash of Steel","Thinking Ahead+1","CaptainsWheel","BlessingOfTheForge"],"campfire_rested":3,"item_purchase_floors":[20,20,28,45,45,45,51],"current_hp_per_floor":[78,73,79,79,79,96,86,96,96,96,96,96,96,96,96,93,95,82,81,81,81,84,69,69,96,81,57,57,64,92,73,96,77,57,44,56,62,60,88,96,96,96,99,99,99,95,95,62,99,99,99,74,106],"gold":50,"neow_bonus":"TWENTY_PERCENT_HP_BONUS","is_daily":false,"chose_seed":false,"campfire_upgraded":1,"win_rate":0.0,"timestamp":1613712660,"path_taken":["M","M","M","?","?","R","E","R","T","R","M","M","?","E","R","M","M","?","M","$","R","M","E","T","R","E","?","?","?","R","BOSS","M","?","M","M","M","E","R","?","T","R","?","R","$","E","R","BOSS","R","$","E","BOSS"],"items_purchased_type":["Relic","Card","Relic","Card","Card","Relic","Potion"],"build_version":"2020-12-22","purchased_purges":0,"victory":true,"max_hp_per_floor":[96,96,96,96,96,96,96,96,96,96,96,96,96,96,96,96,96,96,96,96,96,96,96,96,96,96,96,96,96,96,96,96,96,96,96,96,96,96,96,96,96,96,99,99,99,99,99,99,99,99,99,99,198],"card_choices":[{"not_picked":["Body Slam","Flex"],"picked":"Whirlwind","floor":1},{"not_picked":["Armaments","Fire Breathing"],"picked":"Cleave","floor":2},{"not_picked":["Clash","ReplayTheSpireMod:Muscle Training"],"picked":"Iron Wave","floor":3},{"not_picked":["Feel No Pain","Burning Pact"],"picked":"Flame Barrier","floor":7},{"not_picked":["Headbutt","Sentinel"],"picked":"Carnage","floor":11},{"not_picked":["Wild Strike","StuffTheSpire:Slingshot"],"picked":"conspire:ExplosiveBarrier","floor":12},{"not_picked":["Headbutt","Absolvement"],"picked":"Clash","floor":14},{"not_picked":["StuffTheSpire:Pyroclast","Corruption"],"picked":"ReplayTheSpireMod:Limb From Limb","floor":16},{"not_picked":["Inflame","Cleave"],"picked":"Heavy Blade","floor":17},{"not_picked":["Wild Strike","Juggernaut"],"picked":"Intimidate+1","floor":18},{"not_picked":["Havoc+1","Headbutt"],"picked":"ReplayReversal","floor":19},{"not_picked":["Entrench","Replay:Undeath\u0027s Touch+1"],"picked":"Whirlwind","floor":22},{"not_picked":["Evolve","Power Through"],"picked":"Blood for Blood","floor":23},{"not_picked":["Inflame+1","Feed"],"picked":"Shockwave+1","floor":26},{"not_picked":["Flame Barrier+1","conspire:ExplosiveBarrier"],"picked":"Thunderclap","floor":27},{"not_picked":["Reckless Charge","Heavy Blade"],"picked":"Body Slam","floor":29},{"not_picked":["Feed","Juggernaut"],"picked":"Reaper","floor":31},{"not_picked":["Body Slam+1","ReplayTheSpireMod:Strike From Hell"],"picked":"Dual Wield+1","floor":33},{"not_picked":["StuffTheSpire:RagingBull+1","ReplayReversal"],"picked":"Thunderclap+1","floor":35},{"not_picked":["Invigoration+1","Pommel Strike"],"picked":"Spot Weakness","floor":36},{"not_picked":["Headbutt","Havoc"],"picked":"Wild Strike+1","floor":37},{"not_picked":["StuffTheSpire:Slingshot","Hemogenesis"],"picked":"Twin Strike","floor":38},{"not_picked":["Dark Embrace+1","ReplayTheSpireMod:Strike From Hell+1"],"picked":"Thunderclap+1","floor":43},{"not_picked":["Sword Boomerang+1","Rupture"],"picked":"StuffTheSpire:TitanForm","floor":46},{"not_picked":["Body Slam+1","Massacre+1"],"picked":"Heavy Blade","floor":52}],"player_experience":157043,"relics_obtained":[{"floor":7,"key":"Replay:Multitool"},{"floor":9,"key":"StuffTheSpire:Gunfinga"},{"floor":14,"key":"SuspiciousGoo"},{"floor":21,"key":"reliquary:RosewoodLute"},{"floor":23,"key":"reliquary:SharkskinSheath"},{"floor":24,"key":"Meat on the Bone"},{"floor":26,"key":"Blue Doll"},{"floor":34,"key":"StuffTheSpire:GreaterSneckoEye"},{"floor":38,"key":"aspiration:ChemicalBlood"},{"floor":46,"key":"Blue Candle"},{"floor":52,"key":"Onion Ring"}],"event_choices":[{"damage_healed":79,"gold_gain":0,"player_choice":"Embrace Burn","damage_taken":0,"max_hp_gain":0,"max_hp_loss":96,"event_name":"betterThird:BetterShining","floor":5,"gold_loss":0},{"damage_healed":0,"gold_gain":0,"player_choice":"Rummage","damage_taken":0,"relics_obtained":["WarpedTongs"],"max_hp_gain":0,"max_hp_loss":0,"event_name":"Accursed Blacksmith","floor":13,"gold_loss":0,"cards_obtained":["Pain"]}],"is_beta":false,"boss_relics":[{"not_picked":["hubris:ScarierMask","hubris:TerracottaHorce"],"picked":"reliquary:BigHammer"}],"items_purged_floors":[],"is_endless":false,"potions_floor_spawned":[2,3,17,26,27,31,36,38,43],"ascension_level":0}}