{"host":"ty2cix8xj6r3ad26","time":1613761149,"event":{"mods":["AchievementEnabler","BaseMod","BetterRewards","Minty Spire (QoL Compilation)","Quick Restart","StSLib","SuperFastMode"],"gold_per_floor":[114,126,76,91,166,166,177,177,231,231,248,267,267,40,40,141,141,153,166,166],"floor_reached":19,"language":"ENG","playtime":1030,"items_purged":["Strike_B","Strike_B"],"score":161,"play_id":"e579f402-b6bf-42f5-87c8-5f8e99bc8569","local_time":"20210219205909","is_ascension_mode":false,"campfire_choices":[{"data":"Defend_B","floor":6,"key":"PURGE"},{"floor":8,"key":"REST"},{"data":"Strike_B","floor":10,"key":"PURGE"},{"data":"Defend_B","floor":15,"key":"PURGE"}],"circlet_count":0,"master_deck":["Defend_B","Defend_B","Zap","Dualcast","Capacitor","Genetic Algorithm","Static Discharge","Force Field","Barrage+1","Ball Lightning+1","Conserve Battery","Defragment","Creative AI"],"relics":["Cracked Core","Anchor","Peace Pipe","Regal Pillow","GremlinMask","Whetstone","Philosopher\u0027s Stone"],"acts_visited":["Exordium","TheCity"],"potions_floor_usage":[16,16,16],"damage_taken":[{"damage":2,"enemies":"Small Slimes","floor":1,"turns":4},{"damage":4,"enemies":"Jaw Worm","floor":2,"turns":4},{"damage":2,"enemies":"Cultist","floor":4,"turns":5},{"damage":7,"enemies":"Gremlin Gang","floor":7,"turns":6},{"damage":1,"enemies":"Looter","floor":11,"turns":3},{"damage":2,"enemies":"2 Fungi Beasts","floor":12,"turns":3},{"damage":13,"enemies":"Hexaghost","floor":16,"turns":5},{"damage":16,"enemies":"Spheric Guardian","floor":18,"turns":5},{"damage":53,"enemies":"Shell Parasite","floor":19,"turns":26}],"seed_played":"8252935916603305064","potions_obtained":[{"floor":1,"key":"FearPotion"},{"floor":4,"key":"PowerPotion"},{"floor":11,"key":"LiquidBronze"},{"floor":16,"key":"SteroidPotion"}],"is_trial":false,"path_per_floor":["M","M","?","M","?","R","M","R","T","R","M","M","?","$","R","B",null,"M","M"],"character_chosen":"DEFECT","items_purchased":["Anchor","Capacitor","Peace Pipe","Genetic Algorithm","Static Discharge","Defragment","Whetstone"],"campfire_rested":1,"item_purchase_floors":[0,0,0,0,0,14,14],"current_hp_per_floor":[38,34,34,32,21,21,14,36,36,36,35,33,33,33,33,20,75,59,6,6],"gold":166,"neow_bonus":"","is_daily":false,"chose_seed":false,"campfire_upgraded":0,"win_rate":0.0,"timestamp":1613761149,"path_taken":["M","M","?","M","?","R","M","R","T","R","M","M","?","$","R","BOSS","M","?"],"items_purchased_type":["Relic","Card","Relic","Card","Card","Card","Relic"],"build_version":"2020-12-22","purchased_purges":2,"victory":false,"max_hp_per_floor":[75,75,75,75,75,75,75,75,75,75,75,75,75,75,75,75,75,75,75,75],"card_choices":[{"not_picked":["Stack","Lockon","Streamline"],"picked":"SKIP","floor":1},{"not_picked":["Chaos","Beam Cell"],"picked":"Force Field","floor":2},{"not_picked":["Darkness","Ball Lightning","Double Energy"],"picked":"SKIP","floor":4},{"not_picked":["Steam Power","Turbo"],"picked":"Barrage","floor":7},{"not_picked":["Stack","Steam"],"picked":"Ball Lightning","floor":11},{"not_picked":["Chaos","Conserve Battery","Reprogram"],"picked":"SKIP","floor":12},{"not_picked":["Chaos","Reprogram"],"picked":"Conserve Battery","floor":12},{"not_picked":["Buffer","Multi-Cast"],"picked":"Creative AI","floor":16},{"not_picked":["Darkness","Rebound+1","Reprogram"],"picked":"SKIP","floor":18},{"not_picked":["Stack","Barrage","Lockon"],"picked":"SKIP","floor":19}],"player_experience":623000,"relics_obtained":[{"floor":9,"key":"Regal Pillow"}],"event_choices":[{"cards_removed":["Strike_B"],"damage_healed":0,"gold_gain":0,"player_choice":"Card Removal","damage_taken":0,"max_hp_gain":0,"max_hp_loss":0,"event_name":"The Cleric","floor":3,"gold_loss":50},{"damage_healed":0,"gold_gain":75,"player_choice":"Gather Gold","damage_taken":11,"max_hp_gain":0,"max_hp_loss":0,"event_name":"World of Goop","floor":5,"gold_loss":0},{"damage_healed":0,"gold_gain":0,"player_choice":"Trade","damage_taken":0,"relics_obtained":["GremlinMask"],"max_hp_gain":0,"max_hp_loss":0,"event_name":"FaceTrader","floor":13,"gold_loss":0}],"is_beta":false,"boss_relics":[{"not_picked":["Black Star","Empty Cage"],"picked":"Philosopher\u0027s Stone"}],"items_purged_floors":[0,0],"is_endless":false,"potions_floor_spawned":[1,4,11,12,16],"killed_by":"Shell Parasite","ascension_level":0}}