{"host":"lwys0gbp6t40j7jh","time":1613737284,"event":{"mods":["Act Like it!","BaseMod","CapriCore","Downfall","Friendly Minions","GifTheSpireLib","Minty Spire (QoL Compilation)","StSLib","SuperFastMode"],"gold_per_floor":[99,99,112,129,129,129,154,64,75,88,114,129,144,158,174,272,272,272,292,24,44,56,56,56,81,81,81,97,97,41,60,76,177,177,177,62,79,98,108,108,108,126,126,137,137,237,254,304,319,319,319,319],"floor_reached":50,"language":"ENG","playtime":1813,"items_purged":["Guardian:Defend_Guardian","Guardian:Defend_Guardian"],"score":487,"play_id":"5e712c41-c077-4f87-b4da-41eb0e764b69","local_time":"20210219132124","is_ascension_mode":false,"campfire_choices":[{"data":"Guardian:StasisStrike","floor":1,"key":"SMITH"},{"data":"Guardian:TwinSlam","floor":6,"key":"SMITH"},{"data":"Guardian:SphericShield","floor":18,"key":"SMITH"},{"data":"Guardian:FloatingOrbs","floor":23,"key":"SMITH"},{"data":"Guardian:PrismaticBeam","floor":29,"key":"SMITH"},{"data":"Guardian:TimeSifter","floor":35,"key":"SMITH"},{"floor":40,"key":"REST"},{"data":"Guardian:RollAttack","floor":43,"key":"SMITH"},{"data":"Guardian:Suspension","floor":45,"key":"SMITH"}],"circlet_count":0,"master_deck":["Guardian:Strike_Guardian","Guardian:Strike_Guardian","Guardian:Defend_Guardian","Guardian:Defend_Guardian","Guardian:CurlUp","Guardian:TwinSlam+1","Guardian:StasisStrike+1","Guardian:TemporalShield","Guardian:RollAttack+1","Guardian:Suspension+1","Guardian:FloatingOrbs+1","Guardian:PrismaticBeam+1","Guardian:Incinerate","Guardian:SphericShield+1","Guardian:PiercingHide+1","Guardian:RevengeProtocol","Guardian:ChargeCore","Guardian:CrystalBeam+1","Guardian:ShieldSpikes","Guardian:BronzeOrb","Guardian:TimeSifter+1","Guardian:Gem_Cyan","Parasite","Guardian:PrimingBeam"],"relics":["Guardian:ModeShifter","Guardian:PocketSentry","Odd Mushroom","Black Star","Gremlin Horn","Ornamental Fan","MealTicket","Nunchaku","Mummified Hand","Sozu","Juzu Bracelet","downfall:GremlinWheel","Incense Burner"],"acts_visited":["Exordium","TheCity","TheBeyond"],"potions_floor_usage":[50,50,50],"damage_taken":[{"damage":12,"enemies":"2 Louse","floor":3,"turns":3},{"damage":5,"enemies":"Small Slimes","floor":4,"turns":5},{"damage":0,"enemies":"downfall:FleeingMerchant","floor":8,"turns":4},{"damage":0,"enemies":"Cultist","floor":9,"turns":3},{"damage":1,"enemies":"2 Fungi Beasts","floor":10,"turns":3},{"damage":9,"enemies":"The Mushroom Lair","floor":11,"turns":5},{"damage":5,"enemies":"downfall:LooterAlt","floor":12,"turns":3},{"damage":4,"enemies":"Exordium Wildlife","floor":13,"turns":4},{"damage":9,"enemies":"Gremlin Gang","floor":14,"turns":4},{"damage":14,"enemies":"Exordium Thugs","floor":15,"turns":5},{"damage":8,"enemies":"SI_SHIV_ARCHETYPE","floor":16,"turns":6},{"damage":0,"enemies":"Spheric Guardian","floor":19,"turns":4},{"damage":0,"enemies":"downfall:FleeingMerchant","floor":20,"turns":4},{"damage":0,"enemies":"Chosen","floor":21,"turns":5},{"damage":9,"enemies":"Snake Plant","floor":22,"turns":5},{"damage":0,"enemies":"Slavers","floor":25,"turns":7},{"damage":0,"enemies":"Cultist and Chosen","floor":28,"turns":6},{"damage":0,"enemies":"downfall:FleeingMerchant","floor":30,"turns":4},{"damage":9,"enemies":"Centurion and Healer","floor":31,"turns":4},{"damage":6,"enemies":"Snecko","floor":32,"turns":4},{"damage":64,"enemies":"DF_ARCHETYPE_CLAW","floor":33,"turns":11},{"damage":0,"enemies":"downfall:FleeingMerchant","floor":36,"turns":4},{"damage":9,"enemies":"Orb Walker","floor":37,"turns":4},{"damage":17,"enemies":"3 Darklings","floor":38,"turns":4},{"damage":1,"enemies":"Maw","floor":39,"turns":9},{"damage":0,"enemies":"Sphere and 2 Shapes","floor":42,"turns":5},{"damage":9,"enemies":"Jaw Worm Horde","floor":44,"turns":3},{"damage":0,"enemies":"Jaw Worm Horde","floor":46,"turns":3},{"damage":3,"enemies":"3 Darklings","floor":47,"turns":3},{"damage":0,"enemies":"3 Darklings","floor":48,"turns":6},{"damage":0,"enemies":"Writhing Mass","floor":49,"turns":6},{"damage":69,"enemies":"IC_BLOCK_ARCHETYPE","floor":50,"turns":7}],"seed_played":"-3261553863495698850","potions_obtained":[{"floor":3,"key":"EssenceOfSteel"},{"floor":9,"key":"SpeedPotion"},{"floor":10,"key":"ColorlessPotion"},{"floor":14,"key":"Strength Potion"}],"is_trial":false,"path_per_floor":["R","?","M","M","?","R","T","$","M","M","?","M","M","M","M","B",null,"R","M","$","M","M","R","T","E","?","T","M","R","$","M","M","B",null,"R","$","M","M","M","R","T","M","R","M","R","?","M","?","M","B"],"character_chosen":"GUARDIAN","items_purchased":["Gremlin Horn","Guardian:ShieldSpikes"],"campfire_rested":1,"item_purchase_floors":[20,30],"current_hp_per_floor":[80,80,68,63,63,63,63,63,63,62,53,48,44,35,21,13,80,80,80,80,80,71,71,71,71,71,71,71,71,80,71,65,1,80,80,80,71,54,53,77,77,77,77,68,68,68,65,65,65,0,0,0],"gold":319,"neow_bonus":"ONE_RANDOM_RARE_CARD","is_daily":false,"chose_seed":false,"campfire_upgraded":8,"win_rate":0.0,"timestamp":1613737284,"path_taken":["R","?","M","M","?","R","T","$","M","?","?","M","M","M","M","BOSS","R","M","$","M","M","R","T","E","?","?","M","R","$","M","M","BOSS","R","$","M","M","M","R","T","M","R","M","R","?","M","?","M","BOSS"],"items_purchased_type":["Relic","Card"],"build_version":"2020-12-22","purchased_purges":2,"victory":false,"max_hp_per_floor":[80,80,80,80,80,80,80,80,80,80,80,80,80,80,80,80,80,80,80,80,80,80,80,80,80,80,80,80,80,80,80,80,80,80,80,80,80,80,80,80,80,80,80,80,80,80,80,80,80,80,80,80],"card_choices":[{"not_picked":["Guardian:SentryBeam","Guardian:Recover"],"picked":"Guardian:TemporalShield","floor":3},{"not_picked":["Guardian:EvasiveProtocol","Guardian:PrismaticBarrier"],"picked":"Guardian:Gem_Green","floor":4},{"not_picked":["Guardian:TimeCapacitor","Guardian:Gem_Green"],"picked":"Guardian:Gem_Blue","floor":8},{"not_picked":["Guardian:RefractedBeam","Guardian:Recover"],"picked":"Guardian:Gem_Fragmented","floor":9},{"not_picked":["Guardian:ShieldCharger","Guardian:Gem_Lightblue"],"picked":"Guardian:Gem_Crimson","floor":10},{"not_picked":["Guardian:WalkerClaw","Guardian:Gem_Green"],"picked":"Guardian:RollAttack","floor":11},{"not_picked":["Guardian:CrystalBeam","Guardian:Gem_Blue"],"picked":"Guardian:Suspension","floor":12},{"not_picked":["Guardian:ShieldCharger","Guardian:PiercingHide"],"picked":"Guardian:FloatingOrbs","floor":13},{"not_picked":["Guardian:StasisEngine","Guardian:Suspension"],"picked":"Guardian:PrismaticBeam","floor":14},{"not_picked":["Guardian:Suspension","Guardian:TimeCapacitor"],"picked":"Guardian:Incinerate","floor":15},{"not_picked":["Guardian:HyperBeam_Guardian","Guardian:ConstructionForm"],"picked":"Guardian:SphericShield","floor":16},{"not_picked":["Guardian:WalkerClaw+1","Guardian:Gem_Green","Guardian:BodySlam"],"picked":"SKIP","floor":19},{"not_picked":["Guardian:ArmoredProtocol+1","Guardian:TemporalStrike"],"picked":"Guardian:PiercingHide+1","floor":20},{"not_picked":["Guardian:Orbwalk","Guardian:Recover","Guardian:Suspension"],"picked":"SKIP","floor":21},{"not_picked":["Guardian:Gem_Green","Guardian:RefractedBeam"],"picked":"Guardian:RevengeProtocol","floor":22},{"not_picked":["Guardian:Emergency","Guardian:Gem_Crimson"],"picked":"Guardian:ChargeCore","floor":25},{"not_picked":["Guardian:RollAttack","Guardian:Planning"],"picked":"Guardian:Gem_Red","floor":28},{"not_picked":["Guardian:DonusPower","Guardian:DecasProtection"],"picked":"Guardian:CrystalBeam+1","floor":30},{"not_picked":["Guardian:Gem_Purple","Guardian:ChargeCore+1"],"picked":"Guardian:Gem_Red","floor":31},{"not_picked":["Guardian:StasisField","Guardian:RollAttack"],"picked":"Guardian:BronzeOrb","floor":32},{"not_picked":["Guardian:Gem_Synthetic","Guardian:GemFinder"],"picked":"Guardian:TimeSifter","floor":33},{"not_picked":["Guardian:PrismaticBeam","Guardian:RollAttack"],"picked":"Guardian:Gem_Red","floor":36},{"not_picked":["Guardian:Incinerate+1","Guardian:WalkerClaw","Guardian:Suspension"],"picked":"SKIP","floor":37},{"not_picked":["Guardian:Recover","Guardian:Gem_Fragmented","Guardian:RollAttack"],"picked":"SKIP","floor":38},{"not_picked":["Guardian:Gem_Crimson","Guardian:TemporalShield","Guardian:Gem_Red"],"picked":"SKIP","floor":39},{"not_picked":["Guardian:AncientConstruct","Guardian:Recover+1","Guardian:Repulse+1"],"picked":"SKIP","floor":42},{"not_picked":["Guardian:PrismaticBeam","Guardian:Gem_Crimson"],"picked":"Guardian:Gem_Yellow","floor":44},{"not_picked":["Guardian:TemporalStrike+1","Guardian:Incinerate+1","Guardian:ShieldCharger"],"picked":"SKIP","floor":47},{"not_picked":["Guardian:DecasProtection","Guardian:PiercingHide"],"picked":"Guardian:Gem_Cyan","floor":48},{"not_picked":["Guardian:Gem_Cyan","Guardian:BodySlam+1"],"picked":"Guardian:PrimingBeam","floor":49}],"player_experience":1253291,"relics_obtained":[{"floor":7,"key":"Guardian:PocketSentry"},{"floor":11,"key":"Odd Mushroom"},{"floor":24,"key":"Ornamental Fan"},{"floor":25,"key":"MealTicket"},{"floor":25,"key":"Nunchaku"},{"floor":27,"key":"Mummified Hand"},{"floor":41,"key":"Juzu Bracelet"},{"floor":46,"key":"downfall:GremlinWheel"},{"floor":48,"key":"Incense Burner"}],"event_choices":[{"cards_removed":["Guardian:Strike_Guardian"],"damage_healed":0,"gold_gain":0,"player_choice":"Card Removal","damage_taken":0,"max_hp_gain":0,"max_hp_loss":0,"event_name":"The Cleric","floor":2,"gold_loss":0},{"cards_removed":["Guardian:Strike_Guardian"],"damage_healed":0,"gold_gain":0,"player_choice":"Offered Basic","damage_taken":0,"max_hp_gain":0,"max_hp_loss":0,"event_name":"Bonfire Elementals","floor":5,"gold_loss":0},{"damage_healed":0,"gold_gain":0,"player_choice":"Fought Mushrooms","damage_taken":0,"max_hp_gain":0,"max_hp_loss":0,"event_name":"Mushrooms","floor":11,"gold_loss":0}],"is_beta":false,"boss_relics":[{"not_picked":["Coffee Dripper","Cursed Key"],"picked":"Black Star"},{"not_picked":["Pandora\u0027s Box","Busted Crown"],"picked":"Sozu"}],"items_purged_floors":[8,36],"is_endless":false,"potions_floor_spawned":[3,9,10,11,14,15,22,25,28,32,33,37,44,46,48,49],"killed_by":"IC_BLOCK_ARCHETYPE","ascension_level":0}}