{"host":"x5w9zppki4gdwvc7","time":1613761192,"event":{"mods":["AchievementEnabler","BaseMod","Colored Powertips","DeckTracker","Minty Spire (QoL Compilation)","SuperFastMode"],"gold_per_floor":[111,61,73,92,110,140,140,140,140,172,172,183,183,183,183,302,302,318,343,367,367,367],"floor_reached":21,"language":"ENG","playtime":943,"items_purged":[],"score":191,"play_id":"1b5021fe-8bd4-4c20-8f70-84f47653b01e","local_time":"20210219195952","is_ascension_mode":false,"campfire_choices":[{"data":"Reinforced Body","floor":8,"key":"SMITH"},{"data":"Darkness","floor":11,"key":"SMITH"},{"data":"Self Repair","floor":13,"key":"SMITH"},{"data":"Gash","floor":15,"key":"SMITH"}],"circlet_count":0,"master_deck":["Strike_B","Strike_B","Strike_B","Defend_B+1","Defend_B","Defend_B","Defend_B","Zap+1","Dualcast","Gash+1","Darkness+1","Gash","Reinforced Body+1","Gash","Self Repair+1","Injury","Scrape","Streamline"],"relics":["Cracked Core","PreservedInsect","The Courier","Singing Bowl","War Paint","Mercury Hourglass","Golden Idol","Fusion Hammer"],"acts_visited":["Exordium","TheCity"],"potions_floor_usage":[16,16],"damage_taken":[{"damage":5,"enemies":"Small Slimes","floor":1,"turns":4},{"damage":6,"enemies":"Jaw Worm","floor":3,"turns":3},{"damage":0,"enemies":"Cultist","floor":4,"turns":4},{"damage":0,"enemies":"Large Slime","floor":5,"turns":4},{"damage":17,"enemies":"Lagavulin","floor":6,"turns":5},{"damage":8,"enemies":"Gremlin Nob","floor":10,"turns":4},{"damage":0,"enemies":"3 Louse","floor":12,"turns":3},{"damage":9,"enemies":"The Guardian","floor":16,"turns":7},{"damage":24,"enemies":"3 Byrds","floor":18,"turns":4},{"damage":22,"enemies":"Spheric Guardian","floor":19,"turns":4},{"damage":37,"enemies":"Shelled Parasite and Fungi","floor":20,"turns":4},{"damage":34,"enemies":"Snecko","floor":21,"turns":4}],"seed_played":"4292470442723029287","potions_obtained":[{"floor":3,"key":"Strength Potion"},{"floor":6,"key":"Explosive Potion"},{"floor":10,"key":"Fire Potion"},{"floor":20,"key":"Explosive Potion"}],"is_trial":false,"path_per_floor":["M","?","M","M","M","E","T","R","T","E","R","M","R","?","R","B",null,"M","M","M","M"],"character_chosen":"DEFECT","items_purchased":[],"campfire_rested":0,"item_purchase_floors":[],"current_hp_per_floor":[70,70,64,64,64,47,47,47,47,41,41,41,41,41,41,34,79,65,53,28,0,0],"gold":367,"neow_bonus":"RANDOM_COMMON_RELIC","is_daily":false,"chose_seed":false,"campfire_upgraded":4,"win_rate":0.0,"timestamp":1613761192,"path_taken":["M","?","M","M","M","E","?","R","T","E","R","?","R","?","R","BOSS","M","M","M","M"],"items_purchased_type":[],"build_version":"2020-12-22","purchased_purges":0,"victory":false,"max_hp_per_floor":[75,75,75,75,75,75,75,75,75,77,77,77,77,77,77,79,79,79,79,81,81,81],"card_choices":[{"not_picked":["Steam","Go for the Eyes"],"picked":"Gash","floor":1},{"not_picked":["Capacitor","Beam Cell"],"picked":"Darkness","floor":3},{"not_picked":["Compile Driver","Lockon"],"picked":"Gash","floor":4},{"not_picked":["Steam","Coolheaded"],"picked":"Reinforced Body","floor":5},{"not_picked":["Sweeping Beam","Ball Lightning"],"picked":"Gash","floor":6},{"not_picked":["Fusion","Coolheaded","Darkness"],"picked":"Singing Bowl","floor":10},{"not_picked":["Consume","Double Energy"],"picked":"Self Repair","floor":12},{"not_picked":["Multi-Cast","Meteor Strike","Reboot"],"picked":"Singing Bowl","floor":16},{"not_picked":["Chill","Steam"],"picked":"Scrape","floor":18},{"not_picked":["Leap","Redo"],"picked":"Streamline","floor":19},{"not_picked":["Loop","Fusion","Static Discharge"],"picked":"Singing Bowl","floor":20}],"player_experience":669370,"relics_obtained":[{"floor":6,"key":"The Courier"},{"floor":7,"key":"Singing Bowl"},{"floor":9,"key":"War Paint"},{"floor":10,"key":"Mercury Hourglass"}],"event_choices":[{"cards_removed":["Strike_B"],"damage_healed":0,"gold_gain":0,"player_choice":"Card Removal","damage_taken":0,"max_hp_gain":0,"max_hp_loss":0,"event_name":"The Cleric","floor":2,"gold_loss":50},{"damage_healed":0,"gold_gain":0,"player_choice":"Take Wound","damage_taken":0,"relics_obtained":["Golden Idol"],"max_hp_gain":0,"max_hp_loss":0,"event_name":"Golden Idol","floor":14,"gold_loss":0,"cards_obtained":["Injury"]}],"is_beta":false,"boss_relics":[{"not_picked":["Ectoplasm","Coffee Dripper"],"picked":"Fusion Hammer"}],"items_purged_floors":[],"is_endless":false,"potions_floor_spawned":[3,6,10,20],"killed_by":"Snecko","ascension_level":0}}