{"host":"sr8h12zimc8zi8zs","time":1613740968,"event":{"mods":["100% Spire Juice","2.2 Compatiblity","AchievementEnabler","BaseMod","CapriCore","GifTheSpireLib","Minty Spire (QoL Compilation)","Permanent Neow","StSLib"],"gold_per_floor":[10,10,0,0,19,19,62,62,88,106,31,31,54,68,68,198,198,221,236,236,136,152,176,176,199,223,248,267,192,115,136,136,255,255,269,46,65,89,39,39,52,52,52,52,52,67,90,115,115,115,115,115,39,82,82],"floor_reached":56,"language":"KOR","playtime":4519,"items_purged":["Strike_R","Strike_R","Strike_R","Perfected Strike+1","Defend_R"],"score":1153,"play_id":"3a225c2c-b1ac-4015-82d9-1dd6b67034ad","local_time":"20210219222248","is_ascension_mode":false,"campfire_choices":[{"data":"Perfected Strike","floor":6.0,"key":"SMITH"},{"floor":8.0,"key":"RECALL"},{"data":"Evolve","floor":15.0,"key":"SMITH"},{"data":"Offering","floor":24.0,"key":"SMITH"},{"data":"True Grit","floor":32.0,"key":"SMITH"},{"data":"Dropkick","floor":40.0,"key":"SMITH"},{"data":"Dropkick","floor":45.0,"key":"SMITH"},{"data":"Warcry","floor":49.0,"key":"SMITH"},{"data":"Finesse","floor":52.0,"key":"SMITH"}],"circlet_count":0,"master_deck":["Defend_R+1","Bash+1","Dropkick+1","Evolve+1","Rampage","Offering+1","Rage+1","True Grit+1","Dropkick+1","Finesse+1","Warcry+1"],"relics":["Burning Blood","Thread and Needle","Golden Idol","Matryoshka","War Paint","Runic Pyramid","Omamori","Lantern","Smiling Mask","Empty Cage","Ice Cream","Gremlin Horn"],"acts_visited":["Exordium","TheCity","TheBeyond","TheEnding"],"potions_floor_usage":[55],"damage_taken":[{"damage":3.0,"enemies":"Cultist","floor":1.0,"turns":5.0},{"damage":0.0,"enemies":"Small Slimes","floor":5.0,"turns":3.0},{"damage":24.0,"enemies":"Lagavulin","floor":7.0,"turns":5.0},{"damage":2.0,"enemies":"Jaw Worm","floor":10.0,"turns":3.0},{"damage":0.0,"enemies":"Looter","floor":13.0,"turns":2.0},{"damage":0.0,"enemies":"Red Slaver","floor":14.0,"turns":4.0},{"damage":46.0,"enemies":"Slime Boss","floor":16.0,"turns":11.0},{"damage":7.0,"enemies":"Chosen","floor":18.0,"turns":5.0},{"damage":22.0,"enemies":"2 Thieves","floor":19.0,"turns":4.0},{"damage":5.0,"enemies":"Sentry and Sphere","floor":22.0,"turns":8.0},{"damage":11.0,"enemies":"Chosen and Byrds","floor":23.0,"turns":8.0},{"damage":6.0,"enemies":"Centurion and Healer","floor":25.0,"turns":4.0},{"damage":9.0,"enemies":"Cultist and Chosen","floor":28.0,"turns":7.0},{"damage":21.0,"enemies":"3 Cultists","floor":31.0,"turns":8.0},{"damage":36.0,"enemies":"Collector","floor":33.0,"turns":10.0},{"damage":17.0,"enemies":"Orb Walker","floor":35.0,"turns":6.0},{"damage":6.0,"enemies":"3 Darklings","floor":37.0,"turns":3.0},{"damage":7.0,"enemies":"Writhing Mass","floor":38.0,"turns":5.0},{"damage":6.0,"enemies":"Spire Growth","floor":41.0,"turns":2.0},{"damage":11.0,"enemies":"4 Shapes","floor":46.0,"turns":3.0},{"damage":15.0,"enemies":"Sphere and 2 Shapes","floor":47.0,"turns":4.0},{"damage":0.0,"enemies":"Jaw Worm Horde","floor":48.0,"turns":2.0},{"damage":6.0,"enemies":"Donu and Deca","floor":50.0,"turns":2.0},{"damage":28.0,"enemies":"Shield and Spear","floor":54.0,"turns":4.0},{"damage":21,"enemies":"The Heart","floor":55,"turns":6}],"seed_played":"5929914404899333819","potions_obtained":[{"floor":5.0,"key":"AttackPotion"},{"floor":7.0,"key":"Strength Potion"},{"floor":10.0,"key":"Weak Potion"},{"floor":18.0,"key":"SteroidPotion"},{"floor":20.0,"key":"FearPotion"},{"floor":33.0,"key":"Regen Potion"},{"floor":46.0,"key":"FearPotion"},{"floor":47.0,"key":"EntropicBrew"},{"floor":54.0,"key":"Block Potion"}],"is_trial":false,"path_per_floor":["M","?","?","$","M","R","E","R","T","M","$","?","M","M","R","B",null,"M","M","?","$","M","M","R","M","T","T","M","?","$","M","R","B",null,"M","$","M","M","$","R","M","?","T","?","R","M","M","M","R","B",null,"R","$","E","B",null],"character_chosen":"IRONCLAD","items_purchased":["True Grit","Dropkick","Finesse","GamblersBrew"],"campfire_rested":0,"item_purchase_floors":[30,36,36,53],"current_hp_per_floor":[80,60,60,60,66,66,48,48,48,52,52,52,58,64,64,24,80,79,63,63,63,64,59,59,59,59,59,56,56,56,41,41,11,80,69,69,69,80,80,80,80,80,80,76,76,71,62,68,68,68,76,76,76,63,48],"gold":82,"neow_bonus":"ONE_RARE_RELIC","is_daily":false,"chose_seed":false,"campfire_upgraded":8,"win_rate":0.0,"timestamp":1613740968,"path_taken":["M","?","?","?","M","R","E","R","T","M","$","?","M","?","R","BOSS","M","M","?","$","?","M","R","?","T","?","M","?","$","M","R","BOSS","M","$","M","M","$","R","M","?","T","?","R","?","M","M","R","BOSS","R","$","E","BOSS"],"items_purchased_type":["Card","Card","Card","Potion"],"build_version":"2020-12-22","purchased_purges":5,"victory":true,"max_hp_per_floor":[80,80,80,80,80,80,80,80,80,80,80,80,80,80,80,80,80,80,80,80,80,80,80,80,80,80,80,80,80,80,80,80,80,80,80,80,80,80,80,80,80,80,80,76,76,76,76,76,76,76,76,76,76,76,76],"card_choices":[{"not_picked":["Headbutt","Power Through"],"picked":"Perfected Strike","floor":1.0},{"not_picked":["Armaments","Sword Boomerang"],"picked":"Dropkick","floor":5.0},{"not_picked":["Power Through","Pummel"],"picked":"Evolve","floor":7.0},{"not_picked":["Warcry","Second Wind"],"picked":"Rampage","floor":10.0},{"not_picked":["Inflame","Iron Wave","Twin Strike"],"picked":"SKIP","floor":13.0},{"not_picked":["Searing Blow","Cleave","Flex"],"picked":"SKIP","floor":14.0},{"not_picked":["Limit Break","Demon Form"],"picked":"Offering","floor":16.0},{"not_picked":["Havoc","Cleave"],"picked":"Rage+1","floor":18.0},{"not_picked":["Armaments","Sword Boomerang+1","Anger"],"picked":"SKIP","floor":19.0},{"not_picked":["Wild Strike","Hemokinesis+1","Iron Wave"],"picked":"SKIP","floor":22.0},{"not_picked":["Flex+1","Evolve","Headbutt"],"picked":"SKIP","floor":23.0},{"not_picked":["Iron Wave","Pommel Strike","Reckless Charge+1"],"picked":"SKIP","floor":25.0},{"not_picked":["Clash","Havoc","Clothesline+1"],"picked":"SKIP","floor":28.0},{"not_picked":["Clothesline","Shockwave+1","Armaments"],"picked":"SKIP","floor":31.0},{"not_picked":["Metallicize+1","Rupture+1","Havoc+1"],"picked":"SKIP","floor":35.0},{"not_picked":["Clothesline+1","Rupture+1","Metallicize"],"picked":"SKIP","floor":37.0},{"not_picked":["Hemokinesis+1","Warcry","Burning Pact"],"picked":"SKIP","floor":38.0},{"not_picked":["Sword Boomerang","Headbutt+1","Inflame+1"],"picked":"SKIP","floor":41.0},{"not_picked":["Body Slam","Warcry","Shrug It Off+1"],"picked":"SKIP","floor":46.0},{"not_picked":["Thunderclap+1","Fire Breathing+1","Disarm"],"picked":"SKIP","floor":47.0},{"not_picked":["Pommel Strike+1","Evolve"],"picked":"Warcry","floor":48.0},{"not_picked":["Pommel Strike+1","Pummel","Perfected Strike+1"],"picked":"SKIP","floor":54.0}],"player_experience":144798,"relics_obtained":[{"floor":7.0,"key":"Matryoshka"},{"floor":9.0,"key":"War Paint"},{"floor":26.0,"key":"Omamori"},{"floor":26.0,"key":"Lantern"},{"floor":27.0,"key":"Smiling Mask"},{"floor":43.0,"key":"Ice Cream"},{"floor":54.0,"key":"Gremlin Horn"}],"event_choices":[{"damage_healed":0.0,"max_hp_gain":0.0,"max_hp_loss":0.0,"gold_gain":0.0,"event_name":"Golden Idol","player_choice":"Take Damage","floor":2.0,"gold_loss":0.0,"damage_taken":20.0,"relics_obtained":["Golden Idol"]},{"damage_healed":0.0,"max_hp_gain":0.0,"max_hp_loss":0.0,"gold_gain":0.0,"event_name":"World of Goop","player_choice":"Left Gold","floor":3.0,"gold_loss":10.0,"damage_taken":0.0},{"damage_healed":0.0,"max_hp_gain":0.0,"max_hp_loss":0.0,"gold_gain":0.0,"event_name":"Upgrade Shrine","player_choice":"Upgraded","floor":12.0,"gold_loss":0.0,"damage_taken":0.0,"cards_upgraded":["Bash"]},{"damage_healed":0.0,"max_hp_gain":0.0,"max_hp_loss":0.0,"gold_gain":0.0,"event_name":"Lab","player_choice":"Got Potions","floor":20.0,"gold_loss":0.0,"damage_taken":0.0},{"cards_removed":["Defend_R"],"damage_healed":0.0,"max_hp_gain":0.0,"max_hp_loss":0.0,"gold_gain":0.0,"event_name":"Beggar","player_choice":"Gave Gold","floor":29.0,"gold_loss":75.0,"damage_taken":0.0},{"cards_removed":["Defend_R"],"damage_healed":0.0,"max_hp_gain":0.0,"max_hp_loss":0.0,"gold_gain":0.0,"event_name":"Falling","player_choice":"Removed Skill","floor":42.0,"gold_loss":0.0,"damage_taken":0.0},{"damage_healed":0.0,"max_hp_gain":0.0,"max_hp_loss":4.0,"gold_gain":0.0,"event_name":"Winding Halls","player_choice":"Max HP","floor":44.0,"gold_loss":0.0,"damage_taken":0.0}],"is_beta":false,"boss_relics":[{"not_picked":["SlaversCollar","Ectoplasm"],"picked":"Runic Pyramid"},{"not_picked":["Coffee Dripper","Runic Cube"],"picked":"Empty Cage"}],"items_purged_floors":[11,21,30,36,39],"is_endless":false,"potions_floor_spawned":[5,7,10,18,22,23,33,46,47,54],"ascension_level":0}}