{"host":"8yon5n5je7lh4vc0","time":1613729172,"event":{"mods":["AchievementEnabler","BaseMod","BetterRewards","Downfall","Gold Saver","Highlight Path","Hubris","Infinite Spire","Minty Spire (QoL Compilation)","Permanent Neow","Quick Restart","Remilia（蕾米莉亚）","Remove Card Discount Mod","Replay The Spire","Shop Mod","Spicy Shops","StSLib","SuperFastMode","TestMod","The Jungle","Transform Curses","篝火指南"],"gold_per_floor":[119,119,133,208,226,226,226],"floor_reached":6,"language":"ZHS","playtime":719,"items_purged":["Regret","Strike_R","Defend_R","Strike_R"],"score":36,"play_id":"b26fb90b-241f-4aa0-921e-59c69847f17e","local_time":"20210219180612","is_ascension_mode":false,"campfire_choices":[],"circlet_count":0,"master_deck":["Strike_R","Strike_R","Strike_R","Defend_R","Defend_R","Defend_R","Bash","Infernal Blade","Crow Ritual","Crow Ritual","Evolve","Inflame","Inflame"],"relics":["Burning Blood","testmod-TestBox","testmod-IWantAll","Matryoshka","hubris:TenFootPole","DollysMirror","ReplayTheSpireMod:Ring of Exchange","Ring of Misfortune"],"acts_visited":["Exordium"],"potions_floor_usage":[],"damage_taken":[{"damage":2.0,"enemies":"Small Slimes","floor":1.0,"turns":4.0},{"damage":2.0,"enemies":"2 Louse","floor":3.0,"turns":3.0},{"damage":9.0,"enemies":"Cultist","floor":5.0,"turns":4.0},{"damage":59,"enemies":"Gremlin Nob","floor":6,"turns":5}],"seed_played":"3447583078107347640","potions_obtained":[],"is_trial":false,"path_per_floor":["M","?","M","?","M","E"],"character_chosen":"IRONCLAD","items_purchased":["Infernal Blade","Matryoshka","hubris:TenFootPole","Crow Ritual","DollysMirror"],"campfire_rested":0,"item_purchase_floors":[0,0,0,0,0],"current_hp_per_floor":[48,48,52,47,44,0,0],"gold":226,"neow_bonus":"","is_daily":false,"chose_seed":false,"campfire_upgraded":0,"win_rate":0.0,"timestamp":1613729172,"path_taken":["M","?","M","?","M","E"],"items_purchased_type":["Card","Relic","Relic","Card","Relic"],"build_version":"2020-12-22","purchased_purges":4,"victory":false,"max_hp_per_floor":[80,80,80,80,80,80,80],"card_choices":[{"not_picked":["Havoc","Perfected Strike","Iron Wave"],"picked":"SKIP","floor":1.0},{"not_picked":["ReplayTheSpireMod:LeadingStrike","Ghostly Armor"],"picked":"Evolve","floor":3.0},{"not_picked":["ReplayTheSpireMod:Strike From Hell","Disarm"],"picked":"Inflame","floor":5.0},{"not_picked":["ReplayTheSpireMod:Strike From Hell","Disarm"],"picked":"Inflame","floor":5.0}],"player_experience":10502,"relics_obtained":[{"floor":2.0,"key":"ReplayTheSpireMod:Ring of Exchange"},{"floor":2.0,"key":"Ring of Misfortune"}],"event_choices":[{"damage_healed":0.0,"max_hp_gain":0.0,"max_hp_loss":0.0,"gold_gain":75.0,"event_name":"World of Goop","player_choice":"Gather Gold","floor":4.0,"gold_loss":0.0,"damage_taken":11.0}],"is_beta":false,"boss_relics":[],"items_purged_floors":[0,0,0,0],"is_endless":false,"potions_floor_spawned":[],"killed_by":"Gremlin Nob","ascension_level":0}}