{"host":"x5w9zppki4gdwvc7","time":1613770243,"event":{"mods":["AchievementEnabler","BaseMod","Colored Powertips","DeckTracker","Minty Spire (QoL Compilation)","SuperFastMode"],"gold_per_floor":[116,129,148,168,168,168,211,211,264,302,158,182,225,250,250,378,378,391,28,44,69,107,143,166,166,166,166,190,190,233,253,253,253,253],"floor_reached":33,"language":"ENG","playtime":1760,"items_purged":["Injury"],"score":309,"play_id":"fcbc7cad-fea1-439f-8735-01963d6891eb","local_time":"20210219223043","is_ascension_mode":false,"campfire_choices":[{"data":"Uppercut","floor":6.0,"key":"SMITH"},{"data":"True Grit","floor":15.0,"key":"SMITH"},{"data":"Rage","floor":25,"key":"SMITH"},{"data":"Iron Wave","floor":27,"key":"SMITH"},{"data":"Bash","floor":29,"key":"SMITH"},{"floor":32,"key":"REST"}],"circlet_count":0,"master_deck":["Strike_R","Strike_R","Strike_R","Strike_R","Strike_R","Defend_R","Defend_R","Defend_R","Defend_R","Bash+1","Uppercut+1","Iron Wave+1","Warcry+1","Rage+1","Iron Wave+1","Ghostly Armor+1","True Grit+1","Demon Form+1","Heavy Blade+1","Feel No Pain+1","Barricade+1","Feed","Ghostly Armor"],"relics":["Burning Blood","Vajra","Golden Idol","Ornamental Fan","Orichalcum","PreservedInsect","War Paint","Frozen Egg 2","Runic Cube","Gambling Chip","Red Mask","Bird Faced Urn","CaptainsWheel"],"acts_visited":["Exordium","TheCity"],"potions_floor_usage":[16,22,23,31],"damage_taken":[{"damage":1.0,"enemies":"Cultist","floor":1.0,"turns":3.0},{"damage":2.0,"enemies":"2 Louse","floor":2.0,"turns":2.0},{"damage":2.0,"enemies":"Small Slimes","floor":3.0,"turns":3.0},{"damage":17.0,"enemies":"Gremlin Gang","floor":4.0,"turns":4.0},{"damage":21.0,"enemies":"Lagavulin","floor":7.0,"turns":7.0},{"damage":2.0,"enemies":"Gremlin Nob","floor":10.0,"turns":4.0},{"damage":1.0,"enemies":"3 Louse","floor":12.0,"turns":3.0},{"damage":6.0,"enemies":"3 Sentries","floor":13.0,"turns":8.0},{"damage":5.0,"enemies":"Large Slime","floor":14.0,"turns":4.0},{"damage":34,"enemies":"Hexaghost","floor":16,"turns":11},{"damage":5,"enemies":"Shell Parasite","floor":18,"turns":7},{"damage":8,"enemies":"Spheric Guardian","floor":20,"turns":5},{"damage":2,"enemies":"Snecko","floor":21,"turns":4},{"damage":40,"enemies":"Masked Bandits","floor":22,"turns":5},{"damage":17,"enemies":"Book of Stabbing","floor":23,"turns":5},{"damage":30,"enemies":"Snake Plant","floor":24,"turns":7},{"damage":0,"enemies":"Chosen and Byrds","floor":28,"turns":6},{"damage":35,"enemies":"Slavers","floor":30,"turns":6},{"damage":0,"enemies":"Centurion and Healer","floor":31,"turns":6},{"damage":61,"enemies":"Collector","floor":33,"turns":5}],"seed_played":"7483676207321903221","potions_obtained":[{"floor":1.0,"key":"EssenceOfSteel"},{"floor":2.0,"key":"Weak Potion"},{"floor":7.0,"key":"Strength Potion"},{"floor":13.0,"key":"Explosive Potion"},{"floor":18,"key":"SmokeBomb"},{"floor":21,"key":"Regen Potion"},{"floor":23,"key":"HeartOfIron"},{"floor":31,"key":"FearPotion"}],"is_trial":false,"path_per_floor":["M","M","M","M","?","R","E","?","T","E","?","M","E","M","R","B",null,"M","$","M","M","?","E","M","R","T","R","M","R","E","M","R","B"],"character_chosen":"IRONCLAD","items_purchased":["Gambling Chip"],"campfire_rested":1,"item_purchase_floors":[19],"current_hp_per_floor":[80,80,80,69,69,69,54,54,54,58,58,63,63,64,64,36,80,80,80,78,80,46,49,27,27,27,27,37,37,12,22,46,0,0],"gold":253,"neow_bonus":"RANDOM_COMMON_RELIC","is_daily":false,"chose_seed":false,"campfire_upgraded":5,"win_rate":0.0,"timestamp":1613770243,"path_taken":["M","M","M","?","?","R","E","?","T","E","?","M","E","M","R","BOSS","M","$","?","M","?","E","M","R","T","R","M","R","E","M","R","BOSS"],"items_purchased_type":["Relic"],"build_version":"2020-12-22","purchased_purges":1,"victory":false,"max_hp_per_floor":[80,80,80,80,80,80,80,80,80,80,80,80,80,80,80,80,80,80,80,80,80,80,80,80,80,80,80,80,80,80,80,80,80,80],"card_choices":[{"not_picked":["Disarm","Clothesline"],"picked":"Uppercut","floor":1.0},{"not_picked":["Clash","Twin Strike"],"picked":"Iron Wave","floor":2.0},{"not_picked":["Armaments","Sword Boomerang"],"picked":"Warcry","floor":3.0},{"not_picked":["Evolve","Warcry"],"picked":"Rage","floor":4.0},{"not_picked":["Corruption","Evolve"],"picked":"Iron Wave","floor":7.0},{"not_picked":["Bloodletting","Hemokinesis"],"picked":"Ghostly Armor","floor":10.0},{"not_picked":["Cleave","Clothesline","Flex"],"picked":"SKIP","floor":12.0},{"not_picked":["Rampage","Dual Wield","Battle Trance"],"picked":"SKIP","floor":13.0},{"not_picked":["Cleave","Clothesline"],"picked":"True Grit","floor":14.0},{"not_picked":["Berserk+1","Double Tap"],"picked":"Demon Form+1","floor":16},{"not_picked":["True Grit","Wild Strike+1","Disarm"],"picked":"SKIP","floor":18},{"not_picked":["Power Through","Dual Wield","Shrug It Off"],"picked":"SKIP","floor":20},{"not_picked":["Iron Wave","Anger"],"picked":"Heavy Blade+1","floor":21},{"not_picked":["Sword Boomerang+1","Warcry"],"picked":"Feel No Pain+1","floor":22},{"not_picked":["Flex","Carnage","Uppercut"],"picked":"SKIP","floor":23},{"not_picked":["Flex","Dropkick+1"],"picked":"Barricade+1","floor":24},{"not_picked":["Combust+1","Intimidate","Anger"],"picked":"SKIP","floor":28},{"not_picked":["Headbutt+1","Bloodletting"],"picked":"Feed","floor":30},{"not_picked":["Hemokinesis","Dual Wield"],"picked":"Ghostly Armor","floor":31}],"player_experience":676579,"relics_obtained":[{"floor":7.0,"key":"Ornamental Fan"},{"floor":9.0,"key":"Orichalcum"},{"floor":10.0,"key":"PreservedInsect"},{"floor":13.0,"key":"Frozen Egg 2"},{"floor":22,"key":"Red Mask"},{"floor":23,"key":"Bird Faced Urn"},{"floor":30,"key":"CaptainsWheel"}],"event_choices":[{"damage_healed":0.0,"max_hp_gain":0.0,"max_hp_loss":0.0,"gold_gain":0.0,"event_name":"Golden Idol","player_choice":"Take Wound","floor":5.0,"gold_loss":0.0,"damage_taken":0.0,"relics_obtained":["Golden Idol"],"cards_obtained":["Injury"]},{"damage_healed":0.0,"max_hp_gain":0.0,"max_hp_loss":0.0,"gold_gain":0.0,"event_name":"Living Wall","player_choice":"Grow","floor":8.0,"gold_loss":0.0,"damage_taken":0.0,"cards_upgraded":["Iron Wave"]},{"damage_healed":0.0,"max_hp_gain":0.0,"max_hp_loss":0.0,"gold_gain":0.0,"event_name":"WeMeetAgain","player_choice":"Paid Gold","floor":11.0,"gold_loss":144.0,"damage_taken":0.0,"relics_obtained":["War Paint"]},{"damage_healed":0,"gold_gain":0,"player_choice":"Fought Bandits","damage_taken":0,"max_hp_gain":0,"max_hp_loss":0,"event_name":"Masked Bandits","floor":22,"gold_loss":0}],"is_beta":false,"boss_relics":[{"not_picked":["Astrolabe","SacredBark"],"picked":"Runic Cube"}],"items_purged_floors":[19],"is_endless":false,"potions_floor_spawned":[1,2,7,13,18,21,23,31],"killed_by":"Collector","ascension_level":0}}