{"host":"kvo7eymyd21g9abd","time":1613757270,"event":{"mods":["AchievementEnabler","BaseMod","Bestiary","Colored Map","Minty Spire (QoL Compilation)","StSLib"],"gold_per_floor":[113,130,144,219,237,237,264,281,281,308,22,22,22,22,22,127,127,143,143,153,56,56,56,56,56],"floor_reached":24,"language":"ENG","playtime":800,"items_purged":[],"score":235,"play_id":"53316753-cf75-4349-8b4d-0fff8ae99dab","local_time":"20210219125430","is_ascension_mode":true,"campfire_choices":[{"floor":6,"key":"REST"},{"floor":12,"key":"REST"},{"floor":15,"key":"RECALL"},{"floor":23,"key":"REST"}],"circlet_count":0,"master_deck":["Strike_P","Strike_P","Strike_P","Strike_P","Defend_P","Defend_P","Defend_P","Defend_P","Eruption","Vigilance+1","MasterReality","ReachHeaven","EmptyBody","ClearTheMind+1","DeceiveReality","PathToVictory","ForeignInfluence","Ragnarok","EmptyBody","ForeignInfluence","EmptyBody","PathToVictory"],"relics":["PureWater","Oddly Smooth Stone","Prayer Wheel","Bottled Flame","White Beast Statue","VioletLotus"],"acts_visited":["Exordium","TheCity"],"potions_floor_usage":[7,10,20,20,24,24],"damage_taken":[{"damage":0,"enemies":"Cultist","floor":1,"turns":4},{"damage":4,"enemies":"Jaw Worm","floor":2,"turns":3},{"damage":2,"enemies":"Small Slimes","floor":3,"turns":3},{"damage":26,"enemies":"Exordium Thugs","floor":5,"turns":3},{"damage":11,"enemies":"Gremlin Nob","floor":7,"turns":3},{"damage":13,"enemies":"Looter","floor":8,"turns":4},{"damage":9,"enemies":"Lagavulin","floor":10,"turns":5},{"damage":31,"enemies":"The Guardian","floor":16,"turns":8},{"damage":33,"enemies":"2 Thieves","floor":18,"turns":4},{"damage":14,"enemies":"3 Byrds","floor":20,"turns":8},{"damage":46,"enemies":"Gremlin Leader","floor":24,"turns":6}],"seed_played":"8991328241076370041","potions_obtained":[{"floor":0,"key":"LiquidMemories"},{"floor":0,"key":"Fire Potion"},{"floor":0,"key":"Dexterity Potion"},{"floor":7,"key":"AttackPotion"},{"floor":16,"key":"PowerPotion"},{"floor":20,"key":"SteroidPotion"}],"is_trial":false,"path_per_floor":["M","M","M","?","M","R","E","M","T","E","$","R","?","?","R","B",null,"M","?","M","$","?","R","E"],"character_chosen":"WATCHER","items_purchased":["White Beast Statue","ReachHeaven","Block Potion","PathToVictory"],"campfire_rested":3,"item_purchase_floors":[11,11,21,21],"current_hp_per_floor":[72,68,66,55,29,50,39,26,26,17,17,38,24,72,72,41,72,39,26,12,12,12,35,0,0],"gold":56,"neow_bonus":"THREE_SMALL_POTIONS","is_daily":false,"chose_seed":false,"campfire_upgraded":0,"win_rate":0.0,"timestamp":1613757270,"path_taken":["M","M","?","?","M","R","E","M","T","E","$","R","?","?","R","BOSS","M","?","M","$","?","R","E"],"items_purchased_type":["Relic","Card","Potion","Card"],"build_version":"2020-12-22","purchased_purges":0,"victory":false,"max_hp_per_floor":[72,72,72,72,72,72,72,72,72,72,72,72,72,72,72,72,72,72,77,77,77,77,77,77,77],"card_choices":[{"not_picked":["SashWhip","Protect"],"picked":"MasterReality","floor":1},{"not_picked":["JustLucky","FlyingSleeves"],"picked":"ReachHeaven","floor":2},{"not_picked":["ThirdEye","Halt"],"picked":"EmptyBody","floor":3},{"not_picked":["Wireheading","FlurryOfBlows"],"picked":"ClearTheMind","floor":5},{"not_picked":["Omniscience","CrushJoints"],"picked":"DeceiveReality","floor":7},{"not_picked":["Protect","Prostrate"],"picked":"PathToVictory","floor":8},{"not_picked":["FlyingSleeves","Vault"],"picked":"ForeignInfluence","floor":10},{"not_picked":["DeusExMachina","Blasphemy"],"picked":"Ragnarok","floor":16},{"not_picked":["Consecrate","CrushJoints"],"picked":"EmptyBody","floor":18},{"not_picked":["JustLucky","BowlingBash+1","FlyingSleeves"],"picked":"SKIP","floor":18},{"not_picked":["Crescendo","WaveOfTheHand"],"picked":"ForeignInfluence","floor":20},{"not_picked":["SashWhip","Consecrate"],"picked":"EmptyBody","floor":20}],"player_experience":468403,"relics_obtained":[{"floor":7,"key":"Oddly Smooth Stone"},{"floor":9,"key":"Prayer Wheel"},{"floor":10,"key":"Bottled Flame"}],"event_choices":[{"damage_healed":0,"gold_gain":75,"player_choice":"Gather Gold","damage_taken":11,"max_hp_gain":0,"max_hp_loss":0,"event_name":"World of Goop","floor":4,"gold_loss":0},{"damage_healed":0,"gold_gain":0,"player_choice":"Entered Light","damage_taken":14,"max_hp_gain":0,"max_hp_loss":0,"event_name":"Shining Light","floor":13,"gold_loss":0,"cards_upgraded":["Vigilance","ClearTheMind"]},{"cards_removed":["ReachHeaven"],"damage_healed":48,"gold_gain":0,"player_choice":"Offered Uncommon","damage_taken":0,"max_hp_gain":0,"max_hp_loss":0,"event_name":"Bonfire Elementals","floor":14,"gold_loss":0},{"damage_healed":0,"gold_gain":0,"player_choice":"Shed Blood","damage_taken":18,"max_hp_gain":5,"max_hp_loss":0,"event_name":"Forgotten Altar","floor":19,"gold_loss":0},{"damage_healed":0,"gold_gain":0,"player_choice":"0 cards matched","damage_taken":0,"max_hp_gain":0,"max_hp_loss":0,"event_name":"Match and Keep!","floor":22,"gold_loss":0,"cards_obtained":[]}],"is_beta":false,"boss_relics":[{"not_picked":["HolyWater","Empty Cage"],"picked":"VioletLotus"}],"items_purged_floors":[],"is_endless":false,"potions_floor_spawned":[2,7,8,16,18,20],"killed_by":"Gremlin Leader","ascension_level":3}}