{"host":"ywif2ugnepgiw45s","time":1613778992,"event":{"mods":["Act Like it!","BaseMod","Better Skull","Bossed Relics","Downfall","Elementarium","GifTheSpireLib","Hermit","Lobotomy","Minty Spire (QoL Compilation)","READ ME - Guardian Mod","Shade Mod","Shapeshifter Mod","Shop Mod","StSLib","The Cursed","The Exalted","The Jungle","The Servant 0.9.4"],"gold_per_floor":[109,127,127,146,157,157,157],"floor_reached":6,"language":"ENG","playtime":265,"items_purged":[],"score":38,"play_id":"1c138b6d-a95b-494e-9ffa-3d18408d8410","local_time":"20210219185632","is_ascension_mode":false,"campfire_choices":[],"circlet_count":0,"master_deck":["StSShapeShifter:ShapeShifter_Strike","StSShapeShifter:ShapeShifter_Strike","StSShapeShifter:ShapeShifter_Strike","StSShapeShifter:ShapeShifter_Strike","StSShapeShifter:ShapeShifter_Strike","StSShapeShifter:ShapeShifter_Defend","StSShapeShifter:ShapeShifter_Defend","StSShapeShifter:ShapeShifter_Defend","StSShapeShifter:ShapeShifter_Defend","StSShapeShifter:ShapeShifter_Defend","StSShapeShifter:Tortoise_Form","StSShapeShifter:Lynx_Form","StSShapeShifter:Garden","StSShapeShifter:AdaptiveStrikes"],"relics":["StSShapeShifter:AnimalHeart","StSShapeShifter:TheShapeShiftersMagnolia","Bromod:ArcaneNullifier","Bromod:ArcanePulse"],"acts_visited":["Exordium"],"potions_floor_usage":[],"damage_taken":[{"damage":0,"enemies":"Cultist","floor":1,"turns":4},{"damage":2,"enemies":"Jaw Worm","floor":2,"turns":7},{"damage":2,"enemies":"Small Slimes","floor":4,"turns":6},{"damage":32,"enemies":"Exordium Thugs","floor":5,"turns":7},{"damage":54,"enemies":"Gremlin Nob","floor":6,"turns":5}],"seed_played":"1877019487850870227","potions_obtained":[],"is_trial":false,"path_per_floor":["M","M","T","M","M","E"],"character_chosen":"SHAPESHIFTER","items_purchased":[],"campfire_rested":0,"item_purchase_floors":[],"current_hp_per_floor":[78,76,76,74,42,0,0],"gold":157,"neow_bonus":"RANDOM_COMMON_RELIC","is_daily":false,"chose_seed":false,"campfire_upgraded":0,"win_rate":0.0,"timestamp":1613778992,"path_taken":["M","M","?","M","M","E"],"items_purchased_type":[],"build_version":"2020-12-22","purchased_purges":0,"victory":false,"max_hp_per_floor":[78,78,78,78,78,78,78],"card_choices":[{"not_picked":["StSShapeShifter:SunflowerShuriken","StSShapeShifter:BloomingSlash","StSShapeShifter:FlowerShield"],"picked":"SKIP","floor":1},{"not_picked":["StSShapeShifter:MagicMushrooms","StSShapeShifter:PoisonIvy"],"picked":"StSShapeShifter:Garden","floor":2},{"not_picked":["StSShapeShifter:ThornToss","StSShapeShifter:SunflowerShuriken"],"picked":"StSShapeShifter:AdaptiveStrikes","floor":4},{"not_picked":["StSShapeShifter:Sapling","StSShapeShifter:BearForm","StSShapeShifter:Maul"],"picked":"SKIP","floor":5}],"player_experience":1815486,"relics_obtained":[{"floor":3,"key":"Bromod:ArcanePulse"}],"event_choices":[],"is_beta":false,"boss_relics":[],"items_purged_floors":[],"is_endless":false,"potions_floor_spawned":[],"killed_by":"Gremlin Nob","ascension_level":0}}