{"host":"lnnm69al9x392px5","time":1613712495,"event":{"mods":["BaseMod","Downfall","Minty Spire (QoL Compilation)","Reliquary","Replay The Spire","StSLib"],"gold_per_floor":[99,115,130,143,155,155,181,196,207,226,240,257,268,268,287,387,437,437,449,465,477,327,327,404,435,445,455,455,181,181,181,196,301,301,301,319,319,339,439,457,510,510,524,524,524,541,541,559,578,578,578,578],"floor_reached":50,"language":"ENG","playtime":2661,"items_purged":[],"score":468,"play_id":"b9a8cb5c-9365-41c5-aa94-dc58f3c7c30d","local_time":"20210218212815","is_ascension_mode":false,"campfire_choices":[{"data":"Guardian:BaubleBeam","floor":18,"key":"SMITH"},{"data":"Guardian:MultiBeam","floor":23,"key":"SMITH"},{"floor":35,"key":"RECALL"},{"floor":42,"key":"REST"},{"floor":47,"key":"REST"}],"circlet_count":0,"master_deck":["Guardian:Defend_Guardian","Guardian:Defend_Guardian","Guardian:Defend_Guardian","Guardian:Defend_Guardian","Guardian:CurlUp","Guardian:TwinSlam+1","Guardian:Repulse","Guardian:Recover","Guardian:PolyBeam+1","Guardian:Suspension","Guardian:MultiBeam+1","Guardian:Incinerate","Guardian:BaubleBeam+1","Guardian:FloatingOrbs","Guardian:RevengeProtocol","Guardian:PiercingHide+1","Ghostly","Slimebound:Tackle+1","Slimebound:Tackle+1","Slimebound:Tackle+1","Guardian:CompilePackage","Guardian:FuturePlans","Guardian:StasisField","Guardian:BronzeOrb","Replay:SS_fish_1","Guardian:WalkerClaw+1","Parasite","Guardian:ConstructionForm","Guardian:CrystalBeam+1","Guardian:Orbwalk+1","Guardian:Clone"],"relics":["expansioncontent:StudyCardRelic","Centennial Puzzle","Tiny House","reliquary:QuartzCube","Slimebound:StickyStick","Chameleon Ring","MutagenicStrength","Honey Jar","downfall:GremlinWheel"],"acts_visited":["Exordium","TheCity","TheBeyond"],"potions_floor_usage":[12,16,16,25,33,39,40,50,50,50],"damage_taken":[{"damage":6,"enemies":"Jaw Worm","floor":2,"turns":4},{"damage":0,"enemies":"Cultist","floor":3,"turns":2},{"damage":3,"enemies":"Small Slimes","floor":4,"turns":4},{"damage":3,"enemies":"2 Fungi Beasts","floor":5,"turns":5},{"damage":7,"enemies":"Large Slime","floor":8,"turns":5},{"damage":1,"enemies":"Exordium Wildlife","floor":9,"turns":3},{"damage":0,"enemies":"3 Louse","floor":10,"turns":1},{"damage":12,"enemies":"Gremlin Gang","floor":11,"turns":2},{"damage":0,"enemies":"2 Fungi Beasts","floor":12,"turns":1},{"damage":7,"enemies":"Large Slime","floor":13,"turns":5},{"damage":8,"enemies":"3 Louse","floor":15,"turns":3},{"damage":23,"enemies":"DF_ARCHETYPE_STREAMLINE","floor":16,"turns":7},{"damage":21,"enemies":"downfall:LooterAlt2","floor":19,"turns":6},{"damage":3,"enemies":"Shell Parasite","floor":20,"turns":3},{"damage":16,"enemies":"Snake Plant","floor":21,"turns":5},{"damage":18,"enemies":"Book of Stabbing","floor":25,"turns":5},{"damage":6,"enemies":"Cultist and Chosen","floor":26,"turns":5},{"damage":1,"enemies":"Snecko","floor":27,"turns":6},{"damage":0,"enemies":"downfall:FleeingMerchant","floor":29,"turns":4},{"damage":7,"enemies":"Snake Plant","floor":32,"turns":2},{"damage":22,"enemies":"WA_ARCHETYPE_CALM","floor":33,"turns":9},{"damage":5,"enemies":"Orb Walker","floor":36,"turns":4},{"damage":27,"enemies":"3 Shapes","floor":38,"turns":4},{"damage":2,"enemies":"3 Shapes","floor":39,"turns":3},{"damage":10,"enemies":"Transient","floor":40,"turns":5},{"damage":22,"enemies":"Writhing Mass","floor":43,"turns":7},{"damage":13,"enemies":"4 Shapes","floor":46,"turns":5},{"damage":14,"enemies":"Maw","floor":48,"turns":8},{"damage":0,"enemies":"Jaw Worm Horde","floor":49,"turns":4},{"damage":53,"enemies":"IC_BLOCK_ARCHETYPE","floor":50,"turns":7}],"seed_played":"5809051514837356787","potions_obtained":[{"floor":2,"key":"SteroidPotion"},{"floor":3,"key":"Fire Potion"},{"floor":11,"key":"SmokeBomb"},{"floor":12,"key":"DuplicationPotion"},{"floor":13,"key":"AttackPotion"},{"floor":16,"key":"Energy Potion"},{"floor":17,"key":"PowerPotion"},{"floor":25,"key":"Fire Potion"},{"floor":32,"key":"Regen Potion"},{"floor":33,"key":"Dexterity Potion"},{"floor":36,"key":"hexamod:SoulburnPotion"},{"floor":38,"key":"Dexterity Potion"},{"floor":46,"key":"SkillPotion"}],"is_trial":false,"path_per_floor":["R","M","M","M","M","?","T","M","M","M","M","M","M","?","M","B",null,"R","M","M","M","?","R","T","E","M","M","?","$","?","?","M","B",null,"R","M","?","M","?","M","T","R","M","?","?","M","R","M","M","B"],"character_chosen":"GUARDIAN","items_purchased":["Chameleon Ring"],"campfire_rested":2,"item_purchase_floors":[29],"current_hp_per_floor":[80,74,74,71,68,68,68,61,60,60,48,48,41,41,33,10,85,85,64,61,45,45,45,45,27,21,20,20,20,20,20,13,19,85,85,80,80,53,51,41,41,66,44,44,44,31,56,42,42,0,0,0],"gold":578,"neow_bonus":"BOSS_RELIC","is_daily":false,"chose_seed":false,"campfire_upgraded":2,"win_rate":0.0,"timestamp":1613712495,"path_taken":["R","M","M","M","M","?","T","M","M","M","M","M","?","?","M","BOSS","R","M","M","M","?","R","T","E","M","M","?","$","?","?","M","BOSS","R","M","?","M","?","?","T","R","M","?","?","M","R","M","M","BOSS"],"items_purchased_type":["Relic"],"build_version":"2020-12-22","purchased_purges":0,"victory":false,"max_hp_per_floor":[80,80,80,80,80,80,80,80,80,80,80,80,80,80,80,80,85,85,85,85,85,85,85,85,85,85,85,85,85,85,85,85,85,85,85,85,85,85,85,85,85,85,85,85,85,85,85,85,85,85,85,85],"card_choices":[{"not_picked":["Guardian:CrystalBeam","Guardian:Orbwalk"],"picked":"Guardian:PiercingHide","floor":2},{"not_picked":["Guardian:TemporalStrike","Guardian:Incinerate","Guardian:VentSteam"],"picked":"SKIP","floor":3},{"not_picked":["Guardian:DonusPower","Guardian:TemporalStrike"],"picked":"Guardian:Recover","floor":4},{"not_picked":["Guardian:RefractedBeam","Guardian:Planning"],"picked":"Guardian:PolyBeam","floor":5},{"not_picked":["Guardian:PrismaticBeam","Guardian:WalkerClaw"],"picked":"Guardian:Suspension","floor":8},{"not_picked":["Guardian:Gem_Cyan","Guardian:TimeCapacitor"],"picked":"Guardian:MultiBeam","floor":9},{"not_picked":["Guardian:ChargeCore","Guardian:CrystalBeam"],"picked":"Guardian:Incinerate","floor":10},{"not_picked":["Guardian:GuardianWhirl","Guardian:Gem_Red"],"picked":"Guardian:BaubleBeam","floor":11},{"not_picked":["Guardian:FuturePlans","Guardian:Preprogram"],"picked":"Guardian:Gem_Red","floor":12},{"not_picked":["Guardian:WalkerClaw","Guardian:SentryBeam"],"picked":"Guardian:FloatingOrbs","floor":13},{"not_picked":["Guardian:Suspension","Guardian:RefractedBeam"],"picked":"Guardian:Gem_Fragmented","floor":15},{"not_picked":["Guardian:GemFire","Guardian:Gem_Orange"],"picked":"Guardian:RevengeProtocol","floor":16},{"not_picked":["Guardian:CrystalBeam","Guardian:ShieldCharger"],"picked":"Guardian:Gem_Red","floor":19},{"not_picked":["Guardian:PolyBeam+1","Guardian:Planning+1"],"picked":"Guardian:Gem_White","floor":20},{"not_picked":["Guardian:DonusPower","Guardian:TemporalStrike+1"],"picked":"Guardian:PiercingHide+1","floor":21},{"not_picked":["Guardian:Suspension","Guardian:FastForward"],"picked":"Guardian:Gem_Yellow","floor":25},{"not_picked":["Guardian:RollAttack","Guardian:Gem_Cyan"],"picked":"Guardian:Gem_Lightblue","floor":26},{"not_picked":["Guardian:FloatingOrbs","Guardian:Incinerate","Guardian:PrismaticBarrier"],"picked":"SKIP","floor":27},{"not_picked":["Guardian:Suspension","Guardian:TemporalStrike"],"picked":"Guardian:CompilePackage","floor":29},{"not_picked":["Guardian:PiercingHide","Guardian:Reroute"],"picked":"Guardian:FuturePlans","floor":32},{"not_picked":["Guardian:HyperBeam_Guardian","Guardian:Gem_Orange"],"picked":"Guardian:StasisField","floor":33},{"not_picked":["Guardian:TemporalShield","Guardian:Gem_Fragmented","Guardian:Emergency"],"picked":"Guardian:BronzeOrb","floor":36},{"not_picked":["expansioncontent:LastStand","expansioncontent:InvincibleStrength"],"picked":"Replay:SS_fish_1","floor":37},{"not_picked":["Guardian:Gem_Fragmented","Guardian:SentryBeam+1","Guardian:Planning"],"picked":"Guardian:Gem_Red","floor":38},{"not_picked":["Guardian:Harden+1","Guardian:ChargeCore","Guardian:EvasiveProtocol"],"picked":"Guardian:WalkerClaw+1","floor":40},{"not_picked":["Guardian:CrystalBeam","Guardian:Gem_Cyan","Guardian:Reroute+1"],"picked":"Guardian:ConstructionForm","floor":43},{"not_picked":["Guardian:Reroute","Guardian:Gem_Green","Guardian:PiercingHide+1"],"picked":"Guardian:CrystalBeam+1","floor":46},{"not_picked":["Guardian:Incinerate+1","Guardian:ChargeCore","Guardian:EvasiveProtocol"],"picked":"Guardian:Orbwalk+1","floor":48},{"not_picked":["Guardian:PiercingHide+1","Guardian:Reroute","Guardian:PrimingBeam"],"picked":"Guardian:Clone","floor":49}],"player_experience":315163,"relics_obtained":[{"floor":7,"key":"Centennial Puzzle"},{"floor":24,"key":"reliquary:QuartzCube"},{"floor":25,"key":"Slimebound:StickyStick"},{"floor":39,"key":"downfall:GremlinWheel"}],"event_choices":[{"damage_healed":0,"gold_gain":0,"player_choice":"Inject Mutagens","damage_taken":0,"relics_obtained":["MutagenicStrength"],"max_hp_gain":0,"max_hp_loss":0,"event_name":"Drug Dealer","floor":30,"gold_loss":0},{"damage_healed":0,"gold_gain":0,"player_choice":"Ignored","damage_taken":0,"max_hp_gain":0,"max_hp_loss":0,"event_name":"Vampires","floor":31,"gold_loss":0},{"cards_removed":["Guardian:PiercingHide"],"damage_healed":0,"gold_gain":0,"player_choice":"Removed Skill","damage_taken":0,"max_hp_gain":0,"max_hp_loss":0,"event_name":"Falling","floor":44,"gold_loss":0}],"is_beta":false,"boss_relics":[{"not_picked":["Abe\u0027s Treasure","ReplayTheSpireMod:DimensionalGlitch"],"picked":"Tiny House"},{"not_picked":["Sozu","reliquary:KinkedSpring"],"picked":"Honey Jar"}],"items_purged_floors":[],"is_endless":false,"potions_floor_spawned":[2,3,11,12,13,16,25,26,27,32,33,36,38,46],"killed_by":"IC_BLOCK_ARCHETYPE","ascension_level":0}}