{"host":"9mxh6ws95chy03c4","time":1613765408,"event":{"mods":["BaseMod","BetterRewards","Downfall","Minty Spire (QoL Compilation)","StSLib"],"gold_per_floor":[116,291,291,291,304,304,316,316,316,326,346,346,346,358,358,461,461,471,487,402,420,489,489,489],"floor_reached":23,"language":"ENG","playtime":905,"items_purged":[],"score":325,"play_id":"83965efa-9d80-43b1-817c-e0a0c9dbb7a8","local_time":"20210219151008","is_ascension_mode":true,"campfire_choices":[{"data":"Zap","floor":6.0,"key":"SMITH"},{"floor":8.0,"key":"REST"},{"floor":15.0,"key":"REST"}],"circlet_count":0,"master_deck":["Strike_B","Strike_B","Strike_B","Strike_B+1","Defend_B","Defend_B","Defend_B","Defend_B","Zap+1","Dualcast","Steam","Hologram","Loop+1","Conserve Battery","Electrodynamics","Gash","Leap","Go for the Eyes"],"relics":["Cracked Core","Shuriken","DataDisk","Letter Opener"],"acts_visited":["Exordium","TheCity"],"potions_floor_usage":[21,23],"damage_taken":[{"damage":8.0,"enemies":"Jaw Worm","floor":1.0,"turns":4.0},{"damage":0.0,"enemies":"Small Slimes","floor":5.0,"turns":3.0},{"damage":17.0,"enemies":"2 Louse","floor":7.0,"turns":3.0},{"damage":12.0,"enemies":"Lots of Slimes","floor":10.0,"turns":4.0},{"damage":1.0,"enemies":"2 Fungi Beasts","floor":11.0,"turns":3.0},{"damage":18.0,"enemies":"3 Louse","floor":14.0,"turns":3.0},{"damage":24.0,"enemies":"The Guardian","floor":16.0,"turns":13.0},{"damage":27.0,"enemies":"3 Byrds","floor":18.0,"turns":3.0},{"damage":20.0,"enemies":"Spheric Guardian","floor":19.0,"turns":4.0},{"damage":24,"enemies":"Shelled Parasite and Fungi","floor":21,"turns":4},{"damage":12,"enemies":"Chosen and Byrds","floor":23,"turns":4}],"seed_played":"6071554947186280270","potions_obtained":[{"floor":5.0,"key":"LiquidMemories"},{"floor":10.0,"key":"sneckomod:MuddlingPotion"},{"floor":16.0,"key":"SkillPotion"},{"floor":19.0,"key":"bronze:BurnAndBuffPotion"},{"floor":21,"key":"SkillPotion"}],"is_trial":false,"path_per_floor":["M","?","?","?","M","R","M","R","T","M","M","?","$","M","R","B",null,"M","M","?","M","T","M"],"character_chosen":"DEFECT","items_purchased":[],"campfire_rested":2,"item_purchase_floors":[],"current_hp_per_floor":[67,67,60,60,60,60,43,65,65,53,52,37,37,19,41,17,75,48,28,28,4,4,0,0],"gold":489,"neow_bonus":"","is_daily":false,"chose_seed":false,"campfire_upgraded":1,"win_rate":0.0,"timestamp":1613765408,"path_taken":["M","?","?","?","M","R","?","R","T","M","M","?","$","M","R","BOSS","M","M","?","M","?","?"],"items_purchased_type":[],"build_version":"2020-12-22","purchased_purges":0,"victory":false,"max_hp_per_floor":[75,75,75,75,75,75,75,75,75,75,75,75,75,75,75,75,75,75,75,75,75,75,75,75],"card_choices":[{"not_picked":["Stack","Sweeping Beam","Coolheaded"],"picked":"SKIP","floor":1.0},{"not_picked":["Stack","Coolheaded","Defragment"],"picked":"SKIP","floor":5.0},{"not_picked":["Hologram","Stack"],"picked":"Steam","floor":7.0},{"not_picked":["Sweeping Beam","Thunder Strike"],"picked":"Hologram","floor":10.0},{"not_picked":["Streamline","Stack"],"picked":"Loop","floor":11.0},{"not_picked":["Self Repair","Barrage"],"picked":"Conserve Battery","floor":14.0},{"not_picked":["Creative AI","Fission"],"picked":"Electrodynamics","floor":16.0},{"not_picked":["Chaos","Loop"],"picked":"Gash","floor":18.0},{"not_picked":["Ball Lightning","Streamline"],"picked":"Leap","floor":19.0},{"not_picked":["Turbo","Stack"],"picked":"Go for the Eyes","floor":21}],"player_experience":107556,"relics_obtained":[{"floor":9.0,"key":"Shuriken"},{"floor":22,"key":"Letter Opener"}],"event_choices":[{"damage_healed":0.0,"max_hp_gain":0.0,"max_hp_loss":0.0,"gold_gain":175.0,"event_name":"Liars Game","player_choice":"AGREE","floor":2.0,"gold_loss":0.0,"damage_taken":0.0,"cards_obtained":["Doubt"]},{"cards_removed":["Doubt"],"damage_healed":0.0,"max_hp_gain":0.0,"max_hp_loss":0.0,"gold_gain":0.0,"event_name":"Golden Wing","player_choice":"Card Removal","floor":3.0,"gold_loss":0.0,"damage_taken":7.0},{"damage_healed":0.0,"max_hp_gain":0.0,"max_hp_loss":0.0,"gold_gain":0.0,"event_name":"Transmorgrifier","player_choice":"Ignored","floor":4.0,"gold_loss":0.0,"damage_taken":0.0},{"damage_healed":0.0,"max_hp_gain":0.0,"max_hp_loss":0.0,"gold_gain":0.0,"event_name":"Shining Light","player_choice":"Entered Light","floor":12.0,"gold_loss":0.0,"damage_taken":15.0,"cards_upgraded":["Loop","Strike_B"]},{"damage_healed":0.0,"max_hp_gain":0.0,"max_hp_loss":0.0,"gold_gain":0.0,"event_name":"Addict","player_choice":"Obtained Relic","floor":20.0,"gold_loss":85.0,"damage_taken":0.0,"relics_obtained":["DataDisk"]}],"is_beta":false,"boss_relics":[{"not_picked":["Runic Dome","Cursed Key","Busted Crown"]}],"items_purged_floors":[],"is_endless":false,"potions_floor_spawned":[5,10,16,19,21],"killed_by":"Chosen and Byrds","ascension_level":3}}