{"host":"6e4d2nejd5141r00","time":1613775783,"event":{"mods":["Act Like it!","BaseMod","Better Synergies","Better Third Choice","BetterRewards","CapriCore","Colored Map","Colored Powertips","GifTheSpireLib","Infinite Spire","Minty Spire (QoL Compilation)","Relic Stats","Replay The Spire","Spire Arcade","StSLib","Wandering Minibosses"],"gold_per_floor":[113,129,129,129,141,154,154,181,204,223,241,267,122,133,133,234,234,244,244,244,262,222,222,222],"floor_reached":23,"language":"ENG","playtime":1092,"items_purged":[],"score":228,"play_id":"e2da5b33-a92d-466d-9c7c-4a96a6f2e1e6","local_time":"20210220000303","is_ascension_mode":false,"campfire_choices":[{"data":"Replay:Poison Smokescreen","floor":7,"key":"SMITH"},{"data":"Replay:Poison Smokescreen","floor":15,"key":"SMITH"}],"circlet_count":0,"master_deck":["Strike_G","Strike_G","Strike_G","Strike_G","Strike_G","Defend_G","Defend_G","Defend_G","Defend_G","Defend_G","Survivor","Neutralize","PiercingWail","Predator+1","Replay:Poison Smokescreen+1","Pot Of Greed+1","Pot Of Greed","Bouncing Flask","Bane","Replay:Poison Smokescreen+1","Caltrops","Deadly Poison","Corpse Explosion","All Out Attack"],"relics":["Ring of the Snake","Grinning Jar","Nunchaku","Oddly Smooth Stone","Membership Card","Philosopher\u0027s Stone","GremlinMask"],"acts_visited":["Exordium","TheCity"],"potions_floor_usage":[12,16,16,23,23],"damage_taken":[{"damage":1.0,"enemies":"Cultist","floor":1.0,"turns":5.0},{"damage":2.0,"enemies":"Small Slimes","floor":2.0,"turns":5.0},{"damage":0.0,"enemies":"2 Louse","floor":5.0,"turns":4.0},{"damage":0.0,"enemies":"Exordium Thugs","floor":6.0,"turns":5.0},{"damage":21,"enemies":"3 Sentries","floor":8,"turns":9},{"damage":11,"enemies":"Lots of Slimes","floor":10,"turns":5},{"damage":6,"enemies":"2 Fungi Beasts","floor":11,"turns":2},{"damage":0,"enemies":"Replay:BlueRogue","floor":12,"turns":7},{"damage":2,"enemies":"Large Slime","floor":14,"turns":5},{"damage":28,"enemies":"Slime Boss","floor":16,"turns":9},{"damage":12,"enemies":"3 Byrds","floor":18,"turns":3},{"damage":63,"enemies":"Chosen","floor":21,"turns":9},{"damage":16,"enemies":"Slavers","floor":23,"turns":1}],"seed_played":"-6741662976610718915","potions_obtained":[{"floor":1.0,"key":"Block Potion"},{"floor":2.0,"key":"Strength Potion"},{"floor":11,"key":"infinitespire:BlackPotion"},{"floor":12,"key":"Venom Potion"},{"floor":14,"key":"Energy Potion"},{"floor":18,"key":"SneckoOil"},{"floor":21,"key":"LiquidBronze"}],"is_trial":false,"path_per_floor":["M","M","?","?","M","M","R","E","T","M","M","E","$","M","R","B",null,"M","?","?","M","?","E"],"character_chosen":"THE_SILENT","items_purchased":["Membership Card"],"campfire_rested":0,"item_purchase_floors":[13],"current_hp_per_floor":[83,81,81,81,81,81,81,60,60,49,43,53,53,51,51,23,84,72,72,72,9,9,0,0],"gold":222,"neow_bonus":"TWENTY_PERCENT_HP_BONUS","is_daily":false,"chose_seed":false,"campfire_upgraded":2,"win_rate":0.0,"timestamp":1613775783,"path_taken":["M","?","?","?","M","?","R","E","T","M","M","E","?","M","R","BOSS","M","?","?","?","?","E"],"items_purchased_type":["Relic"],"build_version":"2020-12-22","purchased_purges":0,"victory":false,"max_hp_per_floor":[84,84,84,84,84,84,84,84,84,84,84,84,84,84,84,84,84,84,84,84,84,84,84,84],"relic_stats":{"Nunchaku":[4],"counters":[13,69],"obtain_stats":[{"Nunchaku":9,"Oddly Smooth Stone":12,"Philosopher\u0027s Stone":17,"GremlinMask":20,"Membership Card":13,"Grinning Jar":8,"Ring of the Snake":0},{"Nunchaku":5,"Oddly Smooth Stone":8,"Philosopher\u0027s Stone":10,"GremlinMask":11,"Membership Card":8,"Grinning Jar":5,"Ring of the Snake":0},{"Nunchaku":28,"Oddly Smooth Stone":42,"Philosopher\u0027s Stone":56,"GremlinMask":59,"Membership Card":42,"Grinning Jar":28,"Ring of the Snake":0}],"Ring of the Snake":[26]},"card_choices":[{"not_picked":["Deflect","Deadly Poison"],"picked":"PiercingWail","floor":1.0},{"not_picked":["Deflect","Dodge and Roll"],"picked":"Predator","floor":2.0},{"not_picked":["Hidden Blade","PiercingWail","Sucker Punch"],"picked":"SKIP","floor":5.0},{"not_picked":["Quick Slash","All Out Attack"],"picked":"Replay:Poison Smokescreen","floor":6},{"not_picked":["Venomology","Slice"],"picked":"Bouncing Flask","floor":8},{"not_picked":["Prepared","Toxin Wave"],"picked":"Bane","floor":10},{"not_picked":["Endless Agony","Accuracy"],"picked":"Replay:Poison Smokescreen","floor":11},{"not_picked":["Quick Slash","Blur"],"picked":"Caltrops","floor":12},{"not_picked":["Acrobatics","Quick Slash"],"picked":"Deadly Poison","floor":14},{"not_picked":["Venomology","Poison Darts"],"picked":"Corpse Explosion","floor":16},{"not_picked":["ReplayTheSpireMod:Scrap Shanks","Underhanded Strike","Dagger Spray"],"picked":"SKIP","floor":18},{"not_picked":["Terror","Flying Knee+1"],"picked":"All Out Attack","floor":21}],"player_experience":86912,"relics_obtained":[{"floor":8,"key":"Grinning Jar"},{"floor":9,"key":"Nunchaku"},{"floor":12,"key":"Oddly Smooth Stone"}],"event_choices":[{"damage_healed":0.0,"max_hp_gain":0.0,"max_hp_loss":0.0,"gold_gain":0.0,"event_name":"Living Wall","player_choice":"Grow","floor":3.0,"gold_loss":0.0,"damage_taken":0.0,"cards_upgraded":["Predator"]},{"cards_removed":["Strike_R"],"damage_healed":0.0,"max_hp_gain":0.0,"max_hp_loss":0.0,"gold_gain":0.0,"event_name":"Bonfire Elementals","player_choice":"Offered Basic","floor":4.0,"gold_loss":0.0,"damage_taken":0.0},{"damage_healed":0,"gold_gain":0,"player_choice":"Ignored","damage_taken":0,"max_hp_gain":0,"max_hp_loss":0,"event_name":"Ghosts","floor":19,"gold_loss":0},{"damage_healed":0,"gold_gain":0,"player_choice":"Trade","damage_taken":0,"relics_obtained":["GremlinMask"],"max_hp_gain":0,"max_hp_loss":0,"event_name":"FaceTrader","floor":20,"gold_loss":0},{"damage_healed":0,"gold_gain":0,"player_choice":"Upgrade","damage_taken":0,"max_hp_gain":0,"max_hp_loss":0,"event_name":"Designer","floor":22,"gold_loss":40,"cards_upgraded":["Pot Of Greed"]}],"is_beta":false,"boss_relics":[{"not_picked":["Empty Cage","Cursed Key"],"picked":"Philosopher\u0027s Stone"}],"items_purged_floors":[],"is_endless":false,"potions_floor_spawned":[1,2,11,12,14,18,21],"killed_by":"Slavers","ascension_level":0}}