{"host":"mxox80e574zusnt5","time":1613728194,"event":{"mods":["AchievementEnabler","Act Like it!","BaseMod","Better Match","CapriCore","Challenge The Spire","Energized Spire","Friendly Minions","GifTheSpireLib","HexUI Lib","Infinite Spire","Jorbs\u0027s Wanderer Trilogy","Minty Spire (QoL Compilation)","Quick Restart","Reliquary","Replay The Spire","Spire Arcade","StSLib","The Clintock","The Construct","The Elementalist","The Marked","The Servant 0.9.4","The Trickster"],"gold_per_floor":[109,109,133,143,153,153,9,28,51,51,80,28,53,74,74,176,176,193,205,155,169,187,220,148,148,171,197,197,197,52,82,82,188,188,202,227,4,19,19,19,19],"floor_reached":40,"language":"ENG","playtime":4299,"items_purged":["Regret","Normality"],"score":486,"play_id":"06f85010-f54e-4784-beec-9ec65c62214b","local_time":"20210219034954","is_ascension_mode":false,"campfire_choices":[{"data":"stsjorbsmod:RayOfFrost","floor":6.0,"key":"SMITH"},{"data":"stsjorbsmod:FlameWard","floor":10.0,"key":"SMITH"},{"floor":15.0,"key":"REST"},{"data":"stsjorbsmod:FindFamiliar","floor":25,"key":"SMITH"},{"data":"stsjorbsmod:Banish","floor":28,"key":"SMITH"},{"floor":32,"key":"REST"}],"circlet_count":0,"master_deck":["stsjorbsmod:ForbiddenGrimoire+1","stsjorbsmod:Strike_Wanderer","stsjorbsmod:Strike_Wanderer","stsjorbsmod:Strike_Wanderer","stsjorbsmod:Strike_Wanderer","stsjorbsmod:Defend_Wanderer","stsjorbsmod:Defend_Wanderer","stsjorbsmod:Defend_Wanderer","stsjorbsmod:Defend_Wanderer","stsjorbsmod:FreshAdventure","stsjorbsmod:EyeOfTheStorm","stsjorbsmod:ArcaneWeapon","stsjorbsmod:RayOfFrost+1","stsjorbsmod:FlameWard+1","stsjorbsmod:Will","stsjorbsmod:Materialize","stsjorbsmod:HoldMonster","stsjorbsmod:ArcaneWeapon","stsjorbsmod:ArcaneWeapon","stsjorbsmod:Banish+1","stsjorbsmod:DisguiseSelf+1","stsjorbsmod:RayOfFrost+1","stsjorbsmod:FracturedMind","stsjorbsmod:Patron+1","stsjorbsmod:FindFamiliar+1","stsjorbsmod:OldPocket+1","stsjorbsmod:LoseGrip+1","stsjorbsmod:Prestidigitation","stsjorbsmod:Trauma+1","stsjorbsmod:Pyromancy+1","stsjorbsmod:DisguiseSelf+1","stsjorbsmod:ArcaneWeapon+1","stsjorbsmod:FlameWard","stsjorbsmod:Channel+1"],"relics":["stsjorbsmod:GrimoireRelic","WingedGreaves","Blood Vial","Happy Flower","infinitespire:Satchel","Boot","ReplayTheSpireMod:CursedCoin","SlaversCollar","Thread and Needle","reliquary:SharkskinSheath","reliquary:PorcupineQuills","construct:WeddingRing","Guide Book"],"acts_visited":["Exordium","TheCity","TheBeyond"],"potions_floor_usage":[33,33,33],"damage_taken":[{"damage":0.0,"enemies":"Small Slimes","floor":1.0,"turns":3.0},{"damage":9.0,"enemies":"Cultist","floor":3.0,"turns":5.0},{"damage":3.0,"enemies":"Jaw Worm","floor":4.0,"turns":4.0},{"damage":8.0,"enemies":"Gremlin Gang","floor":5.0,"turns":4.0},{"damage":7.0,"enemies":"Looter","floor":8.0,"turns":3.0},{"damage":22.0,"enemies":"Gremlin Nob","floor":11.0,"turns":5.0},{"damage":9.0,"enemies":"Lagavulin","floor":13.0,"turns":6.0},{"damage":24.0,"enemies":"Slime Boss","floor":16.0,"turns":7.0},{"damage":0.0,"enemies":"Chosen","floor":18.0,"turns":5.0},{"damage":0.0,"enemies":"Spheric Guardian","floor":19.0,"turns":5.0},{"damage":3.0,"enemies":"Snake Plant","floor":21.0,"turns":7.0},{"damage":6,"enemies":"Shelled Parasite and Fungi","floor":22,"turns":7},{"damage":14,"enemies":"Book of Stabbing","floor":23,"turns":8},{"damage":12,"enemies":"Nightmare","floor":27,"turns":12},{"damage":14,"enemies":"Cultist and Chosen","floor":31,"turns":7},{"damage":17,"enemies":"Champ","floor":33,"turns":13},{"damage":33,"enemies":"3 Darklings","floor":35,"turns":6},{"damage":2,"enemies":"Orb Walker","floor":36,"turns":5},{"damage":15,"enemies":"Maw","floor":38,"turns":10},{"damage":41,"enemies":"Reptomancer","floor":40,"turns":2}],"seed_played":"-5924478650540941961","potions_obtained":[{"floor":1.0,"key":"construct:ShiftPotion"},{"floor":4.0,"key":"infinitespire:BlackPotion"},{"floor":5.0,"key":"Dexterity Potion"},{"floor":16.0,"key":"LiquidMemories"},{"floor":36,"key":"BlessingOfTheForge"}],"is_trial":false,"path_per_floor":["M","?","M","M","M","R","$","M","T","R","E","$","E","$","R","B",null,"M","M","?","M","M","E","$","R","T","NM","R","?","$","M","R","B",null,"M","M","$","M","?","E"],"character_chosen":"WANDERER","items_purchased":["Happy Flower","stsjorbsmod:ArcaneWeapon","ReplayTheSpireMod:CursedCoin","stsjorbsmod:ArcaneWeapon","stsjorbsmod:FindFamiliar","stsjorbsmod:Prestidigitation","stsjorbsmod:FlameWard","Guide Book"],"campfire_rested":2,"item_purchase_floors":[7,12,14,14,24,30,37,37],"current_hp_per_floor":[68,68,61,64,59,59,59,54,54,54,35,35,29,29,50,28,70,70,70,70,67,64,52,52,52,52,42,42,42,42,30,51,46,70,38,40,40,27,27,0,0],"gold":19,"neow_bonus":"ONE_RARE_RELIC","is_daily":false,"chose_seed":false,"campfire_upgraded":4,"win_rate":0.0,"timestamp":1613728194,"path_taken":["M","?","?","M","M","R","$","M","T","R","E","$","E","?","R","BOSS","M","M","?","?","?","E","$","R","T","NM","R","?","?","M","R","BOSS","M","M","?","M","?","E"],"items_purchased_type":["Relic","Card","Relic","Card","Card","Card","Card","Relic"],"build_version":"2020-12-22","purchased_purges":2,"victory":false,"max_hp_per_floor":[68,68,68,70,70,70,70,70,70,70,70,70,70,70,70,70,70,70,70,70,70,70,70,70,70,70,70,70,70,70,70,70,70,70,70,70,70,70,70,70,70],"card_choices":[{"not_picked":["stsjorbsmod:LoseGrip","stsjorbsmod:Firebolt"],"picked":"stsjorbsmod:ArcaneWeapon","floor":1.0},{"not_picked":["stsjorbsmod:HedgeWizard","stsjorbsmod:Firebolt"],"picked":"stsjorbsmod:RayOfFrost","floor":3.0},{"not_picked":["stsjorbsmod:Hurt","stsjorbsmod:Firebolt"],"picked":"stsjorbsmod:FlameWard","floor":4.0},{"not_picked":["stsjorbsmod:Determination","stsjorbsmod:ScorchingRay"],"picked":"stsjorbsmod:Will","floor":5.0},{"not_picked":["stsjorbsmod:Channel","stsjorbsmod:ParryingBlow"],"picked":"stsjorbsmod:Materialize","floor":8.0},{"not_picked":["stsjorbsmod:Rest","stsjorbsmod:SchoolsOfMagic"],"picked":"stsjorbsmod:HoldMonster","floor":11.0},{"not_picked":["stsjorbsmod:MagicMissiles","stsjorbsmod:Firebolt","stsjorbsmod:TinyHut"],"picked":"SKIP","floor":13.0},{"not_picked":["stsjorbsmod:IvoryTower","stsjorbsmod:Withdraw"],"picked":"stsjorbsmod:Banish","floor":16.0},{"not_picked":["stsjorbsmod:WanderingMind","stsjorbsmod:BurningFlask"],"picked":"stsjorbsmod:DisguiseSelf+1","floor":18.0},{"not_picked":["stsjorbsmod:Thorns","stsjorbsmod:DoubleCheck"],"picked":"stsjorbsmod:RayOfFrost+1","floor":19.0},{"not_picked":["stsjorbsmod:Firebolt+1","stsjorbsmod:WeightOfMemory"],"picked":"stsjorbsmod:FracturedMind","floor":21.0},{"not_picked":["stsjorbsmod:BlackTentacles","stsjorbsmod:Mania","stsjorbsmod:Prestidigitation"],"picked":"SKIP","floor":22},{"not_picked":["stsjorbsmod:Index","stsjorbsmod:WanderingMind"],"picked":"stsjorbsmod:Patron+1","floor":23},{"not_picked":["stsjorbsmod:TrueStrike","stsjorbsmod:RayOfFrost","stsjorbsmod:Mania"],"picked":"SKIP","floor":27},{"not_picked":["stsjorbsmod:AnimateObjects+1","stsjorbsmod:Mania+1"],"picked":"stsjorbsmod:OldPocket+1","floor":29},{"not_picked":["stsjorbsmod:Mania+1","stsjorbsmod:OldPocket+1"],"picked":"stsjorbsmod:LoseGrip+1","floor":29},{"not_picked":["stsjorbsmod:FracturedMind+1","stsjorbsmod:Stalwart"],"picked":"stsjorbsmod:Trauma","floor":31},{"not_picked":["stsjorbsmod:DeathThroes","stsjorbsmod:Entangle"],"picked":"stsjorbsmod:Pyromancy","floor":33},{"not_picked":["stsjorbsmod:Channel+1","stsjorbsmod:TollTheDead"],"picked":"stsjorbsmod:DisguiseSelf+1","floor":35},{"not_picked":["stsjorbsmod:DisguiseSelf","stsjorbsmod:DoubleCheck+1"],"picked":"stsjorbsmod:ArcaneWeapon+1","floor":36},{"not_picked":["stsjorbsmod:WeightOfMemory","stsjorbsmod:TrueStrike"],"picked":"stsjorbsmod:Channel+1","floor":38}],"player_experience":980103,"relics_obtained":[{"floor":11.0,"key":"infinitespire:Satchel"},{"floor":13.0,"key":"Boot"},{"floor":23,"key":"Thread and Needle"},{"floor":26,"key":"reliquary:SharkskinSheath"},{"floor":27,"key":"reliquary:PorcupineQuills"}],"event_choices":[{"damage_healed":0.0,"max_hp_gain":0.0,"max_hp_loss":0.0,"gold_gain":0.0,"event_name":"WeMeetAgain","player_choice":"Gave Potion","floor":2.0,"gold_loss":0.0,"damage_taken":0.0,"relics_obtained":["Blood Vial"]},{"damage_healed":0.0,"max_hp_gain":0.0,"max_hp_loss":0.0,"gold_gain":0.0,"event_name":"The Joust","player_choice":"Bet on Owner","floor":20.0,"gold_loss":50.0,"damage_taken":0.0},{"damage_healed":0,"gold_gain":0,"player_choice":"2","damage_taken":0,"max_hp_gain":0,"max_hp_loss":0,"event_name":"betterMatch:BetterMatch","floor":29,"gold_loss":0,"cards_obtained":["betterMatch:UncommonCard","betterMatch:UncommonCard"]}],"is_beta":false,"boss_relics":[{"not_picked":["reliquary:Craggleroot","reliquary:RedCape"],"picked":"SlaversCollar"},{"not_picked":["Replay:Wanted Poster","energizedSpire:HugeHouse"],"picked":"construct:WeddingRing"}],"items_purged_floors":[14,30],"is_endless":false,"potions_floor_spawned":[1,4,5,16,19,22,36],"killed_by":"Reptomancer","ascension_level":0}}