{"host":"f9ntswufr8mq3t4y","time":1613749026,"event":{"mods":["AchievementEnabler","BaseMod","Best Route Mod","Block Reminder","Colored Map","Colored Powertips","Curses Come First","DeckTracker","Displayed Cursed Tome","Highlight Path","Minty Spire (QoL Compilation)","Permanent Neow","Quick Restart","Slay-I","StSLib"],"gold_per_floor":[116,116,132,149,159,184,184,194,219,219,219,234,183,212,212,310,310,330,330,349,363,383,383,383],"floor_reached":23,"language":"ENG","playtime":1029,"items_purged":[],"score":288,"play_id":"b1f53bf6-ac99-455a-8aba-337574caad60","local_time":"20210219183706","is_ascension_mode":true,"campfire_choices":[{"data":"LessonLearned","floor":7.0,"key":"SMITH"},{"data":"SandsOfTime","floor":10.0,"key":"SMITH"},{"data":"Establishment","floor":15.0,"key":"SMITH"}],"circlet_count":0,"master_deck":["Strike_P+1","Strike_P+1","Strike_P","Defend_P+1","Defend_P+1","Defend_P","Eruption+1","Vigilance+1","Clumsy","LessonLearned+1","ReachHeaven+1","EmptyFist+1","SandsOfTime+1","SandsOfTime+1","Vengeance","Establishment+1","LessonLearned+1"],"relics":["PureWater","StrikeDummy","MealTicket","Regal Pillow","Boot","Runic Pyramid"],"acts_visited":["Exordium","TheCity"],"potions_floor_usage":[23],"damage_taken":[{"damage":0.0,"enemies":"Cultist","floor":1.0,"turns":2.0},{"damage":0.0,"enemies":"2 Louse","floor":3.0,"turns":3.0},{"damage":0.0,"enemies":"Jaw Worm","floor":4.0,"turns":1.0},{"damage":2.0,"enemies":"2 Fungi Beasts","floor":5.0,"turns":3.0},{"damage":0.0,"enemies":"Gremlin Nob","floor":6.0,"turns":3.0},{"damage":0.0,"enemies":"Large Slime","floor":8.0,"turns":3.0},{"damage":0.0,"enemies":"Looter","floor":12.0,"turns":2.0},{"damage":24.0,"enemies":"3 Sentries","floor":14.0,"turns":3.0},{"damage":45.0,"enemies":"Hexaghost","floor":16.0,"turns":6.0},{"damage":2.0,"enemies":"Shell Parasite","floor":18.0,"turns":3.0},{"damage":6.0,"enemies":"Spheric Guardian","floor":20.0,"turns":3.0},{"damage":12,"enemies":"Cultist and Chosen","floor":21,"turns":4},{"damage":28,"enemies":"Snake Plant","floor":22,"turns":3},{"damage":13,"enemies":"Slavers","floor":23,"turns":1}],"seed_played":"4918102546821472238","potions_obtained":[{"floor":4.0,"key":"BottledMiracle"},{"floor":6.0,"key":"SteroidPotion"},{"floor":8.0,"key":"LiquidMemories"},{"floor":20,"key":"SpeedPotion"}],"is_trial":false,"path_per_floor":["M","?","M","M","M","E","R","M","T","R","?","M","$","E","R","B",null,"M","?","M","M","M","E"],"character_chosen":"WATCHER","items_purchased":["PowerPotion"],"campfire_rested":0,"item_purchase_floors":[13],"current_hp_per_floor":[72,65,65,65,63,63,63,63,63,63,68,68,77,53,53,8,60,58,58,52,40,12,0,0],"gold":383,"neow_bonus":"TRANSFORM_TWO_CARDS","is_daily":false,"chose_seed":false,"campfire_upgraded":3,"win_rate":0.0,"timestamp":1613749026,"path_taken":["M","?","M","M","M","E","R","M","T","R","?","M","$","E","R","BOSS","M","?","M","M","M","E"],"items_purchased_type":["Potion"],"build_version":"2020-12-22","purchased_purges":0,"victory":false,"max_hp_per_floor":[72,72,72,72,72,72,72,72,72,72,77,77,77,77,77,77,77,77,77,77,77,77,77,77],"card_choices":[{"not_picked":["CrushJoints","Prostrate"],"picked":"EmptyFist","floor":1.0},{"not_picked":["EmptyFist","Indignation","BowlingBash"],"picked":"SKIP","floor":3.0},{"not_picked":["TalkToTheHand","FlyingSleeves","Crescendo"],"picked":"SKIP","floor":4.0},{"not_picked":["EmptyBody","Swivel"],"picked":"SandsOfTime","floor":5.0},{"not_picked":["Consecrate","FlurryOfBlows"],"picked":"SandsOfTime","floor":6.0},{"not_picked":["InnerPeace","FlurryOfBlows"],"picked":"Vengeance","floor":8.0},{"not_picked":["JustLucky","Pray","Tantrum"],"picked":"SKIP","floor":12.0},{"not_picked":["EmptyBody","WindmillStrike"],"picked":"Establishment","floor":14.0},{"not_picked":["CutThroughFate","ThirdEye","BowlingBash"],"picked":"SKIP","floor":18.0},{"not_picked":["Tantrum","Wallop","Evaluate"],"picked":"SKIP","floor":20},{"not_picked":["Establishment","PathToVictory","FlurryOfBlows"],"picked":"SKIP","floor":21},{"not_picked":["BowlingBash+1","Evaluate","Consecrate"],"picked":"SKIP","floor":22}],"player_experience":453165,"relics_obtained":[{"floor":6.0,"key":"MealTicket"},{"floor":9.0,"key":"Regal Pillow"},{"floor":14.0,"key":"Boot"}],"event_choices":[{"damage_healed":0.0,"max_hp_gain":0.0,"max_hp_loss":0.0,"gold_gain":0.0,"event_name":"Scrap Ooze","player_choice":"Success","floor":2.0,"gold_loss":0.0,"damage_taken":7.0,"relics_obtained":["StrikeDummy"]},{"damage_healed":0.0,"max_hp_gain":5.0,"max_hp_loss":0.0,"gold_gain":0.0,"event_name":"Big Fish","player_choice":"Donut","floor":11.0,"gold_loss":0.0,"damage_taken":0.0},{"damage_healed":0.0,"max_hp_gain":0.0,"max_hp_loss":0.0,"gold_gain":0.0,"event_name":"Duplicator","player_choice":"Copied","floor":19.0,"gold_loss":0.0,"damage_taken":0.0,"cards_obtained":["LessonLearned"]}],"is_beta":false,"boss_relics":[{"not_picked":["Tiny House","HolyWater"],"picked":"Runic Pyramid"}],"items_purged_floors":[],"is_endless":false,"potions_floor_spawned":[4,6,8,16,20],"killed_by":"Slavers","ascension_level":5}}