{"host":"g3js2eermvvpeiqn","time":1613697439,"event":{"mods":["BaseMod","DeckTracker","Downfall","Minty Spire (QoL Compilation)","Quick Restart","StSLib"],"gold_per_floor":[110,35,35,51,65,65,99,115,115,148,148,176,176,204,204,281,281,321,321,357,357,357,357,410,441,441,499,499,539,539,572,572,681,681,722,944,989,1039,446,503,503,559,559,559,605,48,48,48,48,48,48,48,48,1,27,27,27],"floor_reached":56,"language":"ENG","playtime":3006,"items_purged":["Strike_P","Strike_P","Strike_P"],"score":2349,"play_id":"875ae1d7-2fd0-4528-a2d2-bab7fb74af37","local_time":"20210218191719","is_ascension_mode":true,"campfire_choices":[{"data":"ReachHeaven","floor":6.0,"key":"SMITH"},{"data":"FlyingSleeves","floor":11.0,"key":"SMITH"},{"data":"TalkToTheHand","floor":13.0,"key":"SMITH"},{"data":"Establishment","floor":15.0,"key":"SMITH"},{"floor":23.0,"key":"REST"},{"data":"Wish","floor":28.0,"key":"SMITH"},{"floor":30.0,"key":"REST"},{"floor":32.0,"key":"REST"},{"floor":41.0,"key":"RECALL"},{"floor":44.0,"key":"DIG"},{"floor":47.0,"key":"REST"},{"floor":49.0,"key":"DIG"},{"floor":53.0,"key":"DIG"}],"circlet_count":0,"master_deck":["AscendersBane","Strike_P","Defend_P","Defend_P+1","Defend_P","Defend_P+1","Eruption+1","Vigilance","ReachHeaven+1","FlyingSleeves+1","DeusExMachina","InnerPeace","TalkToTheHand+1","Establishment+1","Wish+1","Protect","FlurryOfBlows","CurseOfTheBell","CurseOfTheBell","Parasite","DevaForm","CarveReality","Wallop","BattleHymn","Meditate","ConjureBlade","SpiritShield","WheelKick+1","Wallop+1","TalkToTheHand+1","Protect","TalkToTheHand+1"],"relics":["HolyWater","Toy Ornithopter","Strawberry","Yang","PreservedInsect","War Paint","MutagenicStrength","downfall:ExtraCursedBell","Vajra","The Courier","Thread and Needle","Du-Vu Doll","Red Mask","Gremlin Horn","Dream Catcher","Shovel","Fusion Hammer","TungstenRod","Lee\u0027s Waffle","Pen Nib","Calipers","Molten Egg 2","Blue Candle","FossilizedHelix","Bottled Lightning","Pantograph","HornCleat","Akabeko"],"acts_visited":["Exordium","TheCity","TheBeyond","TheEnding"],"potions_floor_usage":[],"damage_taken":[{"damage":1.0,"enemies":"Cultist","floor":1.0,"turns":3.0},{"damage":8.0,"enemies":"Small Slimes","floor":4.0,"turns":4.0},{"damage":0.0,"enemies":"2 Louse","floor":5.0,"turns":3.0},{"damage":20.0,"enemies":"Lagavulin","floor":7.0,"turns":5.0},{"damage":3.0,"enemies":"Looter","floor":8.0,"turns":2.0},{"damage":7.0,"enemies":"3 Sentries","floor":10.0,"turns":4.0},{"damage":0.0,"enemies":"Lagavulin","floor":12.0,"turns":3.0},{"damage":0.0,"enemies":"Gremlin Nob","floor":14.0,"turns":2.0},{"damage":0.0,"enemies":"Slime Boss","floor":16.0,"turns":4.0},{"damage":12.0,"enemies":"Shell Parasite","floor":18.0,"turns":5.0},{"damage":10.0,"enemies":"Spheric Guardian","floor":20.0,"turns":3.0},{"damage":22.0,"enemies":"Slavers","floor":24.0,"turns":5.0},{"damage":8.0,"enemies":"Masked Bandits","floor":25.0,"turns":3.0},{"damage":0.0,"enemies":"Gremlin Leader","floor":27.0,"turns":2.0},{"damage":26.0,"enemies":"Snake Plant","floor":29.0,"turns":7.0},{"damage":15.0,"enemies":"Book of Stabbing","floor":31.0,"turns":3.0},{"damage":24.0,"enemies":"Collector","floor":33.0,"turns":8.0},{"damage":20.0,"enemies":"3 Darklings","floor":35.0,"turns":4.0},{"damage":17.0,"enemies":"Orb Walker","floor":37.0,"turns":3.0},{"damage":4.0,"enemies":"4 Shapes","floor":38.0,"turns":6.0},{"damage":17.0,"enemies":"Giant Head","floor":40.0,"turns":6.0},{"damage":0.0,"enemies":"Reptomancer","floor":42.0,"turns":6.0},{"damage":14.0,"enemies":"Sphere and 2 Shapes","floor":45.0,"turns":6.0},{"damage":12.0,"enemies":"Donu and Deca","floor":50.0,"turns":5.0},{"damage":31.0,"enemies":"Time Eater","floor":51.0,"turns":7.0},{"damage":64.0,"enemies":"Shield and Spear","floor":55.0,"turns":6.0},{"damage":36,"enemies":"The Heart","floor":56,"turns":8}],"seed_played":"7777096535408829275","potions_obtained":[{"floor":1.0,"key":"SpeedPotion"},{"floor":3.0,"key":"FearPotion"},{"floor":4.0,"key":"Explosive Potion"},{"floor":12.0,"key":"AttackPotion"},{"floor":24.0,"key":"CultistPotion"},{"floor":29.0,"key":"ColorlessPotion"},{"floor":33.0,"key":"AttackPotion"},{"floor":35.0,"key":"Regen Potion"},{"floor":42.0,"key":"CultistPotion"},{"floor":45.0,"key":"SteroidPotion"}],"is_trial":false,"path_per_floor":["M","$","?","M","M","R","E","M","T","E","R","E","R","E","R","B",null,"M","?","M","?","?","R","E","?","T","E","R","M","R","E","R","B",null,"M","?","M","M","$","E","R","E","T","R","M","$","R","?","R","B","B",null,"R","$","E","B"],"character_chosen":"WATCHER","items_purchased":["TungstenRod","Lee\u0027s Waffle","Pen Nib","FossilizedHelix","Bottled Lightning","Protect"],"campfire_rested":4,"item_purchase_floors":[39,39,39,46,46,54],"current_hp_per_floor":[60,60,60,52,52,52,32,29,36,34,34,39,39,39,39,39,66,59,59,49,49,49,71,49,41,41,41,41,15,37,27,49,30,64,49,49,32,48,82,65,65,65,65,65,51,51,75,75,75,75,51,74,74,74,10,0,0],"gold":27,"neow_bonus":"UPGRADE_CARD","is_daily":false,"chose_seed":false,"campfire_upgraded":5,"win_rate":0.0,"timestamp":1613697439,"path_taken":["M","?","?","M","M","R","E","?","T","E","R","E","R","E","R","BOSS","M","?","M","?","?","R","E","?","T","E","R","M","R","E","R","BOSS","M","?","M","M","$","E","R","E","T","R","M","$","R","?","R","BOSS","BOSS","R","$","E","BOSS"],"items_purchased_type":["Relic","Relic","Relic","Relic","Relic","Card"],"build_version":"2020-12-22","purchased_purges":3,"victory":false,"max_hp_per_floor":[68,68,68,68,68,68,68,68,75,75,75,75,75,75,75,75,75,75,75,75,75,75,75,75,75,75,75,75,75,75,75,75,75,75,75,75,75,75,82,82,82,82,82,82,82,82,82,82,82,82,82,82,82,82,82,82,82],"card_choices":[{"not_picked":["FollowUp","SashWhip"],"picked":"ReachHeaven","floor":1.0},{"not_picked":["CrushJoints","WindmillStrike"],"picked":"FlyingSleeves","floor":4.0},{"not_picked":["Crescendo","FlyingSleeves","ReachHeaven"],"picked":"SKIP","floor":5.0},{"not_picked":["Evaluate","Fasting2"],"picked":"DeusExMachina","floor":7.0},{"not_picked":["Conclude","WindmillStrike"],"picked":"InnerPeace","floor":8.0},{"not_picked":["FlyingSleeves","JustLucky","Evaluate"],"picked":"SKIP","floor":10.0},{"not_picked":["ClearTheMind","Prostrate"],"picked":"TalkToTheHand","floor":12.0},{"not_picked":["ReachHeaven","Crescendo"],"picked":"Establishment","floor":14.0},{"not_picked":["Blasphemy","DeusExMachina"],"picked":"Wish","floor":16.0},{"not_picked":["WindmillStrike","CrushJoints"],"picked":"Protect","floor":18.0},{"not_picked":["CarveReality","Sanctity"],"picked":"FlurryOfBlows","floor":20.0},{"not_picked":["FlyingSleeves","CrushJoints"],"picked":"CarveReality","floor":24.0},{"not_picked":["Crescendo","Alpha","Indignation"],"picked":"SKIP","floor":27.0},{"not_picked":["JustLucky","Vengeance"],"picked":"Wallop","floor":29.0},{"not_picked":["JustLucky","Weave"],"picked":"BattleHymn","floor":30.0},{"not_picked":["CutThroughFate","ForeignInfluence"],"picked":"Meditate","floor":31.0},{"not_picked":["Alpha","DevaForm"],"picked":"ConjureBlade","floor":33.0},{"not_picked":["FlyingSleeves","Protect","ReachHeaven+1"],"picked":"SKIP","floor":35.0},{"not_picked":["EmptyFist","Prostrate+1","SashWhip"],"picked":"SKIP","floor":37.0},{"not_picked":["Halt","CrushJoints+1","Weave+1"],"picked":"SKIP","floor":38.0},{"not_picked":["ClearTheMind","FlyingSleeves"],"picked":"SpiritShield","floor":40.0},{"not_picked":["FlyingSleeves+1","CrushJoints+1","EmptyBody"],"picked":"SKIP","floor":42.0},{"not_picked":["CrushJoints+1","Swivel"],"picked":"WheelKick+1","floor":45.0},{"not_picked":["ThirdEye+1","WheelKick+1"],"picked":"Wallop+1","floor":47.0},{"not_picked":["Wish","Halt"],"picked":"TalkToTheHand+1","floor":55.0}],"player_experience":1503642,"relics_obtained":[{"floor":7.0,"key":"Toy Ornithopter"},{"floor":9.0,"key":"Strawberry"},{"floor":10.0,"key":"Yang"},{"floor":12.0,"key":"PreservedInsect"},{"floor":14.0,"key":"War Paint"},{"floor":22.0,"key":"Vajra"},{"floor":22.0,"key":"The Courier"},{"floor":22.0,"key":"Thread and Needle"},{"floor":24.0,"key":"Du-Vu Doll"},{"floor":25.0,"key":"Red Mask"},{"floor":26.0,"key":"Gremlin Horn"},{"floor":27.0,"key":"Dream Catcher"},{"floor":31.0,"key":"Shovel"},{"floor":40.0,"key":"Calipers"},{"floor":42.0,"key":"Molten Egg 2"},{"floor":44.0,"key":"Blue Candle"},{"floor":49.0,"key":"Pantograph"},{"floor":53.0,"key":"HornCleat"},{"floor":55.0,"key":"Akabeko"}],"event_choices":[{"damage_healed":0.0,"max_hp_gain":0.0,"max_hp_loss":0.0,"gold_gain":0.0,"event_name":"Lab","player_choice":"Got Potions","floor":3.0,"gold_loss":0.0,"damage_taken":0.0},{"damage_healed":0.0,"max_hp_gain":0.0,"max_hp_loss":0.0,"gold_gain":0.0,"event_name":"Ghosts","player_choice":"Ignored","floor":19.0,"gold_loss":0.0,"damage_taken":0.0},{"damage_healed":0.0,"max_hp_gain":0.0,"max_hp_loss":0.0,"gold_gain":0.0,"event_name":"Drug Dealer","player_choice":"Inject Mutagens","floor":21.0,"gold_loss":0.0,"damage_taken":0.0,"relics_obtained":["MutagenicStrength"]},{"damage_healed":0.0,"max_hp_gain":0.0,"max_hp_loss":0.0,"gold_gain":0.0,"event_name":"Masked Bandits","player_choice":"Fought Bandits","floor":25.0,"gold_loss":0.0,"damage_taken":0.0},{"damage_healed":0.0,"max_hp_gain":0.0,"max_hp_loss":0.0,"gold_gain":222.0,"event_name":"Tomb of Lord Red Mask","player_choice":"Wore Mask","floor":36.0,"gold_loss":0.0,"damage_taken":0.0},{"damage_healed":0.0,"max_hp_gain":0.0,"max_hp_loss":0.0,"gold_gain":0.0,"event_name":"Duplicator","player_choice":"Copied","floor":48.0,"gold_loss":0.0,"damage_taken":0.0,"cards_obtained":["TalkToTheHand"]}],"is_beta":false,"boss_relics":[{"not_picked":["Astrolabe","SlaversCollar"],"picked":"HolyWater"},{"not_picked":["bronze:MakeshiftBattery","Velvet Choker"],"picked":"Fusion Hammer"}],"items_purged_floors":[2,39,46],"is_endless":false,"potions_floor_spawned":[1,4,12,24,29,33,35,42,45],"killed_by":"The Heart","ascension_level":20}}