{"host":"8n3a40idg6eftpiu","time":1613736524,"event":{"mods":["AchievementEnabler","Act Like it!","BaseMod","BetterRewards","Block Reminder","Colored Map","Colored Powertips","Conspire","DeckTracker","Dota2Spire","Energized Spire","GungeonMod","Hallownest","Highlight Path","Hubris","Minty Spire (QoL Compilation)","Quick Restart","Relic Filter Mod","Reliquary","StS++","StSLib","The Blue Laboratory","The Bug Knight","The Forsaken","The Necromancer","The Servant 0.9.4","Wandering Minibosses"],"gold_per_floor":[117,117,117,117,134,134,144,144,144,69,81,115,115,290,290,393,393,377,70,88,103,103,103,103,103,103,103,103,121,121,138,138,235,235,249,180,180,197,223,223,223,223,223,66,66,66],"floor_reached":45,"language":"POL","playtime":1549,"items_purged":["conspire:NecroticWound"],"score":507,"play_id":"b77f3720-dda0-4225-94a2-3e6a3b812700","local_time":"20210219130844","daily_mods":["Vintage","Red Cards","Green Cards","Blue Cards","Purple Cards","Heirloom","Time Dilation","Flight","Cursed Run","Binary"],"is_ascension_mode":false,"campfire_choices":[{"data":"Zap","floor":6.0,"key":"SMITH"},{"data":"Dualcast","floor":8.0,"key":"SMITH"},{"data":"Cold Snap","floor":13.0,"key":"SMITH"},{"data":"Coolheaded","floor":15.0,"key":"SMITH"},{"data":"hubris:Despair","floor":23.0,"key":"PURGE"},{"data":"Doubt","floor":24.0,"key":"PURGE"},{"data":"Conserve Battery","floor":27.0,"key":"SMITH"},{"data":"hubris:Sloth","floor":32,"key":"PURGE"},{"data":"Noxious Fumes","floor":40,"key":"SMITH"},{"data":"hubris:Compulsion","floor":41,"key":"PURGE"},{"data":"hubris:Sloth","floor":42,"key":"PURGE"}],"circlet_count":0,"master_deck":["Strike_B","Strike_B","Strike_B+1","Defend_B","Defend_B","Defend_B+1","Defend_B","Zap+1","Dualcast+1","Coolheaded+1","Cold Snap+1","Conserve Battery+1","Noxious Fumes+1","hubris:Wrath"],"relics":["Cursed Key","Darkstone Periapt","Du-Vu Doll","Busted Crown","StSpp:GiftCard","Dota2Spire:DrumOfEndurance","reliquary:GummyVitamins","DemoMod:ClearGuonStone","hubris:Metronome","Art of War","reliquary:Boomerang","DemoMod:GlassGuonStoneRelic","hubris:Backtick","Peace Pipe","PreservedInsect","Orichalcum","Sling","Dota2Spire:CrimsonGuard","reliquary:JackalopeAntler","MutagenicStrength","reliquary:SilkGlove","Centennial Puzzle","hubris:BottledHeart","reliquary:Buckler","hubris:ScarierMask","DemoMod:PinkGuonStone","DemoMod:PoisonVial","reliquary:BoilingFlask","Lee\u0027s Waffle"],"acts_visited":["Exordium","TheCity","TheBeyond"],"potions_floor_usage":[33,33,33,45],"damage_taken":[{"damage":0.0,"enemies":"2 Louse","floor":1.0,"turns":3.0},{"damage":2.0,"enemies":"Small Slimes","floor":5.0,"turns":3.0},{"damage":5.0,"enemies":"Jaw Worm","floor":7.0,"turns":3.0},{"damage":0.0,"enemies":"Looter","floor":11.0,"turns":3.0},{"damage":8.0,"enemies":"Gremlin Nob","floor":12.0,"turns":5.0},{"damage":23.0,"enemies":"Slime Boss","floor":16.0,"turns":7.0},{"damage":0.0,"enemies":"2 Thieves","floor":18.0,"turns":4.0},{"damage":0.0,"enemies":"Chosen","floor":20.0,"turns":5.0},{"damage":0.0,"enemies":"3 Cultists","floor":21.0,"turns":8.0},{"damage":0,"enemies":"Centurion and Healer","floor":29,"turns":7},{"damage":0,"enemies":"conspire:HollyBat","floor":31,"turns":10},{"damage":0,"enemies":"conspire:MysteriousRune","floor":33,"turns":23},{"damage":0,"enemies":"3 Shapes","floor":35,"turns":5},{"damage":0,"enemies":"Orb Walker","floor":38,"turns":4},{"damage":0,"enemies":"Transient","floor":45,"turns":4}],"seed_played":"1448704468380570226","potions_obtained":[{"floor":5.0,"key":"blueLaboratory:CorrosionFlask"},{"floor":20.0,"key":"SkillPotion"},{"floor":29,"key":"StSpp:ScatteredPotion"},{"floor":35,"key":"blueLaboratory:LouseDecoction"},{"floor":37,"key":"AttackPotion"},{"floor":37,"key":"Strength Potion"},{"floor":38,"key":"Fire Potion"}],"is_trial":true,"path_per_floor":["M","?","?","$","M","R","M","R","T","$","M","E","R","?","R","B",null,"M","$","M","M","?","R","R","$","T","R","?","M","?","M","R","B",null,"M","$","?","M","T","R","R","R","T","$","M"],"character_chosen":"DEFECT","items_purchased":["Block Potion","Fire Potion","Coolheaded","Cold Snap","Orichalcum","Conserve Battery","Sling","ColorlessPotion","Noxious Fumes","Explosive Potion","Lee\u0027s Waffle"],"campfire_rested":0,"item_purchase_floors":[4,4,10,10,19,19,19,25,36,36,44],"current_hp_per_floor":[75,75,75,75,73,73,68,68,74,74,74,66,66,72,72,55,93,93,93,93,93,93,93,93,93,99,99,79,79,1,1,1,1,1,1,1,1,1,1,1,1,1,1,1,1,1],"gold":66,"neow_bonus":"","is_daily":false,"chose_seed":false,"campfire_upgraded":6,"win_rate":0.0,"timestamp":1613736524,"path_taken":["M","?","?","$","?","R","M","R","T","$","M","E","R","?","R","BOSS","M","$","M","M","?","R","R","$","T","R","?","M","?","M","R","BOSS","M","$","?","?","?","R","R","R","T","$","M"],"items_purchased_type":["Potion","Potion","Card","Card","Relic","Card","Relic","Potion","Card","Potion","Relic"],"build_version":"2020-12-22","purchased_purges":1,"victory":false,"max_hp_per_floor":[75,75,75,75,75,75,75,75,81,81,81,81,81,87,87,93,93,93,93,93,93,93,93,93,93,99,99,104,104,1,1,1,1,1,1,1,1,1,1,1,1,1,1,1,1,1],"card_choices":[],"player_experience":262856,"relics_obtained":[{"floor":1.0,"key":"Dota2Spire:DrumOfEndurance"},{"floor":5.0,"key":"reliquary:GummyVitamins"},{"floor":7.0,"key":"DemoMod:ClearGuonStone"},{"floor":9.0,"key":"hubris:Metronome"},{"floor":11.0,"key":"Art of War"},{"floor":12.0,"key":"reliquary:Boomerang"},{"floor":18.0,"key":"PreservedInsect"},{"floor":20.0,"key":"Dota2Spire:CrimsonGuard"},{"floor":21.0,"key":"reliquary:JackalopeAntler"},{"floor":26.0,"key":"reliquary:SilkGlove"},{"floor":29,"key":"Centennial Puzzle"},{"floor":31,"key":"reliquary:Buckler"},{"floor":38,"key":"DemoMod:PinkGuonStone"},{"floor":39,"key":"DemoMod:PoisonVial"},{"floor":43,"key":"reliquary:BoilingFlask"}],"event_choices":[{"damage_healed":0.0,"max_hp_gain":0.0,"max_hp_loss":0.0,"gold_gain":0.0,"event_name":"conspire:LoneGhost","player_choice":"Disagree","floor":2.0,"gold_loss":0.0,"damage_taken":0.0},{"cards_removed":["Strike_B"],"damage_healed":0.0,"max_hp_gain":0.0,"max_hp_loss":0.0,"gold_gain":0.0,"event_name":"Bonfire Elementals","player_choice":"Offered Basic","floor":3.0,"gold_loss":0.0,"damage_taken":0.0},{"damage_healed":0.0,"max_hp_gain":0.0,"max_hp_loss":0.0,"gold_gain":175.0,"event_name":"Liars Game","player_choice":"AGREE","floor":14.0,"gold_loss":0.0,"damage_taken":0.0,"cards_obtained":["Doubt"]},{"damage_healed":0.0,"max_hp_gain":0.0,"max_hp_loss":0.0,"gold_gain":0.0,"event_name":"Drug Dealer","player_choice":"Inject Mutagens","floor":22.0,"gold_loss":0.0,"damage_taken":0.0,"relics_obtained":["MutagenicStrength"]},{"damage_healed":0.0,"max_hp_gain":5.0,"max_hp_loss":0.0,"gold_gain":0.0,"event_name":"Forgotten Altar","player_choice":"Shed Blood","floor":28.0,"gold_loss":0.0,"damage_taken":25.0},{"damage_healed":0,"gold_gain":0,"player_choice":"Got Potions","damage_taken":0,"max_hp_gain":0,"max_hp_loss":0,"event_name":"Lab","floor":37,"gold_loss":0}],"is_beta":false,"boss_relics":[{"not_picked":["energizedSpire:OgreHead","energizedSpire:MagnifyingGlass"],"picked":"hubris:Backtick"},{"not_picked":["Black Star","Dota2Spire:Bloodstone"],"picked":"hubris:ScarierMask"}],"items_purged_floors":[10],"is_endless":true,"potions_floor_spawned":[5,7,12,20,29,33,35,38],"killed_by":"Transient","ascension_level":0}}