{"host":"w5thk1acqacem6ba","time":1613744361,"event":{"mods":["AchievementEnabler","BaseMod","Colored Map","KOR Keyword Fix","Minty Spire (QoL Compilation)","SuperFastMode"],"gold_per_floor":[116,39,39,54,16,16,31,31,58,87,87,106,106,123,123,224,224,164,164,89,89,89],"floor_reached":21,"language":"KOR","playtime":714,"items_purged":["Finisher"],"score":233,"play_id":"911ffa28-76c9-40c0-bafb-78cb4f409ab4","local_time":"20210219231921","is_ascension_mode":true,"campfire_choices":[{"floor":6,"key":"REST"},{"data":"Catalyst","floor":8,"key":"SMITH"},{"floor":15,"key":"REST"}],"circlet_count":0,"master_deck":["Survivor","Neutralize","Deflect","Terror","Catalyst","Bullet Time+1","Predator","Infinite Blades","Concentrate+1","Tools of the Trade","Catalyst+1","Poisoned Stab","Catalyst","Slice","Poisoned Stab","Deadly Poison","Wraith Form v2","Dash","Backflip"],"relics":["Pandora\u0027s Box","War Paint","Ancient Tea Set","Ectoplasm"],"acts_visited":["Exordium","TheCity"],"potions_floor_usage":[],"damage_taken":[{"damage":10,"enemies":"Small Slimes","floor":1,"turns":4},{"damage":0,"enemies":"Cultist","floor":4,"turns":3},{"damage":6,"enemies":"2 Louse","floor":7,"turns":4},{"damage":53,"enemies":"3 Sentries","floor":10,"turns":8},{"damage":17,"enemies":"Blue Slaver","floor":12,"turns":4},{"damage":12,"enemies":"2 Fungi Beasts","floor":14,"turns":3},{"damage":10,"enemies":"The Guardian","floor":16,"turns":4},{"damage":44,"enemies":"2 Thieves","floor":18,"turns":5},{"damage":8,"enemies":"Chosen","floor":19,"turns":3},{"damage":6,"enemies":"3 Cultists","floor":21,"turns":2}],"seed_played":"-1692044722252815063","potions_obtained":[{"floor":1,"key":"Energy Potion"},{"floor":14,"key":"GamblersBrew"},{"floor":16,"key":"LiquidBronze"},{"floor":18,"key":"Explosive Potion"}],"is_trial":false,"path_per_floor":["M","$","?","M","$","R","M","R","T","E","?","M","?","M","R","B",null,"M","M","$","M"],"character_chosen":"THE_SILENT","items_purchased":["Catalyst","Catalyst"],"campfire_rested":2,"item_purchase_floors":[2,5],"current_hp_per_floor":[53,53,46,46,46,67,61,61,61,8,31,14,14,2,23,13,56,12,4,4,0,0],"gold":89,"neow_bonus":"BOSS_RELIC","is_daily":false,"chose_seed":false,"campfire_upgraded":1,"win_rate":0.0,"timestamp":1613744361,"path_taken":["M","$","?","M","$","R","?","R","T","E","?","M","?","M","R","BOSS","M","M","$","M"],"items_purchased_type":["Card","Card"],"build_version":"2020-12-22","purchased_purges":1,"victory":false,"max_hp_per_floor":[70,70,70,70,70,70,70,70,70,70,70,70,70,70,70,70,70,70,70,70,70,70],"card_choices":[{"not_picked":["Masterful Stab","Skewer","Flechettes"],"picked":"SKIP","floor":1},{"not_picked":["Backflip","Dagger Throw"],"picked":"Poisoned Stab","floor":4},{"not_picked":["Setup","Finisher"],"picked":"Slice","floor":7},{"not_picked":["PiercingWail","Flying Knee","Glass Knife"],"picked":"SKIP","floor":10},{"not_picked":["Backflip","Dagger Throw"],"picked":"Poisoned Stab","floor":12},{"not_picked":["Blade Dance","Flying Knee"],"picked":"Deadly Poison","floor":14},{"not_picked":["Die Die Die","Grand Finale"],"picked":"Wraith Form v2","floor":16},{"not_picked":["Footwork","Noxious Fumes"],"picked":"Dash","floor":18},{"not_picked":["Crippling Poison+1","Acrobatics"],"picked":"Backflip","floor":19}],"player_experience":429391,"relics_obtained":[{"floor":9,"key":"War Paint"},{"floor":10,"key":"Ancient Tea Set"}],"event_choices":[{"damage_healed":0,"gold_gain":0,"player_choice":"Damaged","damage_taken":7,"max_hp_gain":0,"max_hp_loss":0,"event_name":"Wheel of Change","floor":3,"gold_loss":0},{"damage_healed":23,"gold_gain":0,"player_choice":"Banana","damage_taken":0,"max_hp_gain":0,"max_hp_loss":0,"event_name":"Big Fish","floor":11,"gold_loss":0},{"cards_removed":["Finisher"],"damage_healed":0,"gold_gain":0,"player_choice":"Forget","damage_taken":0,"max_hp_gain":0,"max_hp_loss":0,"event_name":"Living Wall","floor":13,"gold_loss":0}],"is_beta":false,"boss_relics":[{"not_picked":["Velvet Choker","SacredBark"],"picked":"Ectoplasm"}],"items_purged_floors":[20],"is_endless":false,"potions_floor_spawned":[1,14,16,18],"killed_by":"3 Cultists","ascension_level":6}}