{"host":"xhy9gc4eyomy2i9o","time":1613745807,"event":{"mods":["AchievementEnabler","Act Like it!","BaseMod","Better Vampires","Minty Spire (QoL Compilation)","Permanent Neow","Quick Restart","Shop Mod","StSLib","Waifu the Spire"],"gold_per_floor":[115,131,131,141,155,155,155,155,155,169,200,271,27,56,56,132,132,148,167,178,178,103,103,114,143,166,146,157,157,257,257,257,329,329,349,349,98,116,131,156,171,189,189,217,241,269,286,306,306,306,306,306,10,36,36],"floor_reached":56,"language":"ZHS","playtime":6054,"items_purged":["Strike_G","Strike_G"],"score":2092,"play_id":"03d9a2e6-9849-480b-b2e3-ee7f84484af0","local_time":"20210219224327","is_ascension_mode":true,"campfire_choices":[{"data":"Neutralize","floor":6.0,"key":"SMITH"},{"floor":8.0,"key":"REST"},{"data":"Calculated Gamble","floor":15.0,"key":"SMITH"},{"data":"A Thousand Cuts","floor":23.0,"key":"SMITH"},{"data":"Blade Dance","floor":29.0,"key":"SMITH"},{"floor":32.0,"key":"DIG"},{"floor":49.0,"key":"RECALL"},{"data":"Blade Dance","floor":52.0,"key":"SMITH"}],"circlet_count":0,"master_deck":["AscendersBane","Strike_G+1","Strike_G+1","Strike_G+1","Defend_G","Defend_G","Defend_G","Defend_G","Defend_G","Survivor","Neutralize+1","A Thousand Cuts+1","Deflect","Calculated Gamble+1","Blade Dance+1","Prepared","A Thousand Cuts+1","PiercingWail","Escape Plan","Backflip+1","Ghostly","Ghostly","Ghostly","Ghostly","Ghostly+1","Blade Dance+1","Footwork","Storm of Steel","Quick Slash+1","Cloak And Dagger","Cloak And Dagger+1","Backflip+1","Caltrops"],"relics":["Ring of the Snake","Paper Crane","Ninja Scroll","Letter Opener","Kunai","Boot","SlaversCollar","Du-Vu Doll","Shovel","InkBottle","Ginger","Busted Crown","Matryoshka","Toy Ornithopter","Anchor","Toxic Egg 2","Shuriken","Whetstone","Snake Skull","Pen Nib","Centennial Puzzle"],"acts_visited":["Exordium","TheCity","TheBeyond","TheEnding"],"potions_floor_usage":[55,55],"damage_taken":[{"damage":4.0,"enemies":"2 Louse","floor":1.0,"turns":4.0},{"damage":0.0,"enemies":"Jaw Worm","floor":2.0,"turns":5.0},{"damage":0.0,"enemies":"Small Slimes","floor":4.0,"turns":3.0},{"damage":7.0,"enemies":"Looter","floor":5.0,"turns":3.0},{"damage":2.0,"enemies":"Gremlin Gang","floor":10.0,"turns":3.0},{"damage":10.0,"enemies":"3 Sentries","floor":11.0,"turns":6.0},{"damage":5.0,"enemies":"Gremlin Nob","floor":14.0,"turns":3.0},{"damage":4.0,"enemies":"The Guardian","floor":16.0,"turns":9.0},{"damage":18.0,"enemies":"2 Thieves","floor":18.0,"turns":4.0},{"damage":0.0,"enemies":"3 Byrds","floor":19.0,"turns":3.0},{"damage":3.0,"enemies":"Cultist and Chosen","floor":20.0,"turns":5.0},{"damage":1.0,"enemies":"Centurion and Healer","floor":24.0,"turns":6.0},{"damage":0.0,"enemies":"Gremlin Leader","floor":25.0,"turns":5.0},{"damage":3.0,"enemies":"3 Cultists","floor":28.0,"turns":3.0},{"damage":2.0,"enemies":"Colosseum Slavers","floor":30.0,"turns":4.0},{"damage":2.0,"enemies":"Colosseum Nobs","floor":30.0,"turns":3.0},{"damage":24.0,"enemies":"Automaton","floor":33.0,"turns":9.0},{"damage":3.0,"enemies":"Orb Walker","floor":35.0,"turns":3.0},{"damage":2.0,"enemies":"3 Shapes","floor":38.0,"turns":4.0},{"damage":2.0,"enemies":"Spire Growth","floor":39.0,"turns":4.0},{"damage":27.0,"enemies":"Nemesis","floor":40.0,"turns":7.0},{"damage":0.0,"enemies":"Jaw Worm Horde","floor":41.0,"turns":4.0},{"damage":0.0,"enemies":"4 Shapes","floor":42.0,"turns":3.0},{"damage":3.0,"enemies":"Giant Head","floor":44.0,"turns":7.0},{"damage":0.0,"enemies":"Reptomancer","floor":46.0,"turns":4.0},{"damage":0.0,"enemies":"Maw","floor":47.0,"turns":5.0},{"damage":3.0,"enemies":"Spire Growth","floor":48.0,"turns":4.0},{"damage":0.0,"enemies":"Awakened One","floor":50.0,"turns":12.0},{"damage":0.0,"enemies":"Shield and Spear","floor":54.0,"turns":5.0},{"damage":9,"enemies":"The Heart","floor":55,"turns":8}],"seed_played":"2600736649364741142","potions_obtained":[{"floor":4.0,"key":"Explosive Potion"},{"floor":10.0,"key":"FairyPotion"},{"floor":11.0,"key":"ColorlessPotion"},{"floor":14.0,"key":"LiquidBronze"},{"floor":18.0,"key":"DistilledChaos"},{"floor":20.0,"key":"Poison Potion"},{"floor":27.0,"key":"BlessingOfTheForge"},{"floor":28.0,"key":"Strength Potion"},{"floor":40.0,"key":"EssenceOfSteel"},{"floor":46.0,"key":"CultistPotion"}],"is_trial":false,"path_per_floor":["M","M","?","M","M","R","?","R","T","M","E","T","$","E","R","B",null,"M","M","M","?","$","R","M","E","T","?","M","R","?","?","R","B",null,"M","?","$","M","M","E","M","M","T","E","T","E","M","M","R","B",null,"R","$","E","B",null],"character_chosen":"THE_SILENT","items_purchased":["Kunai","Matryoshka","Backflip+1","Caltrops","LiquidMemories"],"campfire_rested":1,"item_purchase_floors":[13,37,53,53,53],"current_hp_per_floor":[40,40,27,27,20,20,20,39,39,37,27,27,27,22,22,18,54,36,36,33,33,33,33,32,32,32,32,29,29,25,25,25,1,25,22,22,22,20,18,9,9,9,9,6,6,11,11,8,8,8,27,27,27,27,28],"gold":36,"neow_bonus":"THREE_RARE_CARDS","is_daily":false,"chose_seed":false,"campfire_upgraded":5,"win_rate":0.0,"timestamp":1613745807,"path_taken":["M","M","?","M","M","R","?","R","T","M","E","?","$","E","R","BOSS","M","M","M","?","$","R","M","E","T","?","?","R","?","?","R","BOSS","M","?","$","?","M","E","M","M","T","E","?","E","M","M","R","BOSS","R","$","E","BOSS"],"items_purchased_type":["Relic","Relic","Card","Card","Potion"],"build_version":"2020-12-22","purchased_purges":2,"victory":true,"max_hp_per_floor":[66,66,66,66,66,66,66,66,66,66,66,66,66,66,66,66,66,66,66,66,33,33,33,33,33,33,33,33,33,33,33,33,33,33,33,33,33,33,33,33,33,33,33,33,33,33,33,33,33,33,33,33,33,33,33],"card_choices":[{"not_picked":["Doppelganger","Unload"],"picked":"A Thousand Cuts","floor":0.0},{"not_picked":["Slice","Deadly Poison"],"picked":"Deflect","floor":1.0},{"not_picked":["Predator","Dagger Throw"],"picked":"Calculated Gamble","floor":2.0},{"not_picked":["Caltrops","Bane","Sucker Punch"],"picked":"SKIP","floor":4.0},{"not_picked":["Bane","Catalyst","Sucker Punch"],"picked":"SKIP","floor":5.0},{"not_picked":["Dagger Throw","Bane"],"picked":"Blade Dance","floor":10.0},{"not_picked":["Underhanded Strike","Night Terror"],"picked":"Prepared","floor":11.0},{"not_picked":["Dodge and Roll","Finisher","Predator"],"picked":"SKIP","floor":14.0},{"not_picked":["Grand Finale","Doppelganger"],"picked":"A Thousand Cuts","floor":16.0},{"not_picked":["Slice","Flying Knee"],"picked":"PiercingWail","floor":18.0},{"not_picked":["Bouncing Flask","Dagger Throw"],"picked":"Escape Plan","floor":19.0},{"not_picked":["Reflex","Dodge and Roll"],"picked":"Backflip+1","floor":20.0},{"not_picked":["Riddle With Holes","Acrobatics"],"picked":"Blade Dance","floor":24.0},{"not_picked":["Reflex","Blade Dance"],"picked":"Footwork","floor":25.0},{"not_picked":["Wraith Form v2","Poisoned Stab","Deadly Poison"],"picked":"SKIP","floor":28.0},{"not_picked":["Wraith Form v2","Grand Finale"],"picked":"Storm of Steel","floor":33.0},{"not_picked":["Dagger Throw+1"],"picked":"SKIP","floor":35.0},{"not_picked":[],"picked":"Quick Slash+1","floor":38.0},{"not_picked":["Sucker Punch"],"picked":"SKIP","floor":39.0},{"not_picked":[],"picked":"Cloak And Dagger","floor":40.0},{"not_picked":["Setup"],"picked":"SKIP","floor":41.0},{"not_picked":["Backflip"],"picked":"SKIP","floor":42.0},{"not_picked":["Sucker Punch+1"],"picked":"SKIP","floor":44.0},{"not_picked":["Blur+1"],"picked":"SKIP","floor":46.0},{"not_picked":["Outmaneuver+1"],"picked":"SKIP","floor":47.0},{"not_picked":[],"picked":"Cloak And Dagger+1","floor":48.0},{"not_picked":["Tactician+1"],"picked":"SKIP","floor":54.0}],"player_experience":442721,"relics_obtained":[{"floor":9.0,"key":"Paper Crane"},{"floor":11.0,"key":"Ninja Scroll"},{"floor":12.0,"key":"Letter Opener"},{"floor":14.0,"key":"Boot"},{"floor":25.0,"key":"Du-Vu Doll"},{"floor":30.0,"key":"Shovel"},{"floor":30.0,"key":"InkBottle"},{"floor":32.0,"key":"Ginger"},{"floor":40.0,"key":"Toy Ornithopter"},{"floor":43.0,"key":"Anchor"},{"floor":43.0,"key":"Toxic Egg 2"},{"floor":44.0,"key":"Shuriken"},{"floor":45.0,"key":"Whetstone"},{"floor":45.0,"key":"Snake Skull"},{"floor":46.0,"key":"Pen Nib"},{"floor":54.0,"key":"Centennial Puzzle"}],"event_choices":[{"damage_healed":0.0,"max_hp_gain":0.0,"max_hp_loss":0.0,"gold_gain":0.0,"event_name":"Shining Light","player_choice":"Entered Light","floor":3.0,"gold_loss":0.0,"damage_taken":13.0,"cards_upgraded":["A Thousand Cuts","Strike_G"]},{"damage_healed":0.0,"max_hp_gain":0.0,"max_hp_loss":0.0,"gold_gain":0.0,"event_name":"Scrap Ooze","player_choice":"Fled","floor":7.0,"gold_loss":0.0,"damage_taken":0.0},{"damage_healed":0.0,"max_hp_gain":0.0,"max_hp_loss":33.0,"gold_gain":0.0,"event_name":"Ghosts","player_choice":"Became a Ghost","floor":21.0,"gold_loss":0.0,"damage_taken":0.0,"cards_obtained":["Ghostly","Ghostly","Ghostly","Ghostly","Ghostly"]},{"damage_healed":0.0,"max_hp_gain":0.0,"max_hp_loss":0.0,"gold_gain":0.0,"event_name":"The Woman in Blue","player_choice":"Bought 1 Potion","floor":27.0,"gold_loss":0.0,"damage_taken":0.0},{"damage_healed":0.0,"max_hp_gain":0.0,"max_hp_loss":0.0,"gold_gain":0.0,"event_name":"Colosseum","player_choice":"Fight","floor":30.0,"gold_loss":0.0,"damage_taken":0.0},{"damage_healed":0.0,"max_hp_gain":0.0,"max_hp_loss":0.0,"gold_gain":0.0,"event_name":"Colosseum","player_choice":"Fought Nobs","floor":30.0,"gold_loss":0.0,"damage_taken":0.0},{"damage_healed":0.0,"max_hp_gain":0.0,"max_hp_loss":0.0,"gold_gain":0.0,"event_name":"Cursed Tome","player_choice":"Ignored","floor":31.0,"gold_loss":0.0,"damage_taken":0.0},{"damage_healed":0.0,"max_hp_gain":0.0,"max_hp_loss":0.0,"gold_gain":0.0,"event_name":"Upgrade Shrine","player_choice":"Upgraded","floor":36.0,"gold_loss":0.0,"damage_taken":0.0,"cards_upgraded":["Ghostly"]}],"is_beta":false,"boss_relics":[{"not_picked":["Fusion Hammer","Ectoplasm"],"picked":"SlaversCollar"},{"not_picked":["Black Star","Pandora\u0027s Box"],"picked":"Busted Crown"}],"items_purged_floors":[22,53],"is_endless":false,"potions_floor_spawned":[4,10,11,14,18,20,28,30,38,40,41,46,47],"ascension_level":14}}