{"host":"o9lehcdjc4u6j9un","time":1613731935,"event":{"mods":["Aspiration","BaseMod","Better-Laid Plans","Bossed Relics","Colored Map","Downfall","Gremlin Mod","Hermit","Koishi","Marisa£®ÏF”Í°°ƒß¿Ì…≥£©","Minty Spire (QoL Compilation)","Reimu£®≤©¿ˆ¡È√Œ£©","Remilia£®¿Ÿ√◊¿Ú—«£©","Robot Space Explorer","StSLib","The Alterego","The Hierophant","The Jungle","The Marked","The Runesmith","The Senshi","The Servant 0.9.4","Yakumo Yukari mod","Youmu£®ªÍ∆«—˝√Œ£©","≤–¡Ù÷ÆŒÔ"],"gold_per_floor":[110,110,0,10,10,45,45,63,140,140,173,190,206,222,222,327,327,337,191,208,225,244,269,287,305,305,330,342,342,342],"floor_reached":29,"language":"ZHS","playtime":4175,"items_purged":["Koishi:BasicStrike","Koishi:BasicStrike"],"score":381,"play_id":"2f230c0e-9351-41fe-be05-dd1dd7f10141","local_time":"20210219185215","is_ascension_mode":false,"campfire_choices":[{"floor":7,"key":"REST"},{"data":"Koishi:ReleaseOfTheId","floor":15,"key":"SMITH"}],"circlet_count":0,"master_deck":["Koishi:BasicStrike","Koishi:BasicDefend","Koishi:BasicDefend","Koishi:BasicDefend","Koishi:BasicDefend","Koishi:Provoke","Koishi:HauntingSlash","Koishi:SpiritedAway","Koishi:SprinkleStarAndHeart","Koishi:MindNumbingTerror","Koishi:ParalyzingFear","Koishi:EmbryosDream","Koishi:PhantomBarrier","Koishi:FreudianInstinct","Koishi:RorschachInDanmaku","Koishi:SpiritedAway","Koishi:ReleaseOfTheId+1","Koishi:SilentAndRestless","Koishi:HeartAttack","Koishi:UnconsciousUprising","Koishi:HeartfeltFancy","Koishi:SpiritedAway","Koishi:SpiritedAway","Koishi:StingingMind","Koishi:UnconsciousUprising","Koishi:SubterraneanRose","Koishi:PhantomStrike","Koishi:SubterraneanRose"],"relics":["Koishi:ImaginaryFriend","Regal Pillow","Dream Catcher","Bottled Flame","Mummified Hand","aspiration:PoetsPen_weak","Omamori","aspiration:DSix","aspiration:HiddenCompartment"],"acts_visited":["Exordium","Exordium"],"potions_floor_usage":[11,16,22,25],"damage_taken":[{"damage":1,"enemies":"2 Louse","floor":1,"turns":2},{"damage":1,"enemies":"Cultist","floor":4,"turns":3},{"damage":25,"enemies":"Gremlin Nob","floor":6,"turns":6},{"damage":3,"enemies":"Jaw Worm","floor":8,"turns":4},{"damage":9,"enemies":"3 Sentries","floor":11,"turns":9},{"damage":1,"enemies":"Exordium Thugs","floor":12,"turns":5},{"damage":0,"enemies":"2 Fungi Beasts","floor":13,"turns":3},{"damage":0,"enemies":"Blue Slaver","floor":14,"turns":5},{"damage":5,"enemies":"Slime Boss","floor":16,"turns":7},{"damage":7,"enemies":"theJungle:Flameango_and_Byrd","floor":18,"turns":5},{"damage":5,"enemies":"Shell Parasite","floor":20,"turns":4},{"damage":12,"enemies":"Snake Plant","floor":21,"turns":3},{"damage":18,"enemies":"theJungle:2_Snecko_Cultists","floor":22,"turns":5},{"damage":1,"enemies":"theJungle:MamaSnecko","floor":23,"turns":4},{"damage":4,"enemies":"theJungle:SlimyTreeVines","floor":24,"turns":4},{"damage":8,"enemies":"theJungle:Snecko_Cultist_And_Trap","floor":25,"turns":5},{"damage":42,"enemies":"theJungle:2_Phrogs","floor":27,"turns":11},{"damage":18,"enemies":"theJungle:2_Flameangoes","floor":28,"turns":5},{"damage":21,"enemies":"theJungle:Cassacara","floor":29,"turns":3}],"seed_played":"-2853016898325212612","potions_obtained":[{"floor":1,"key":"EssenceOfSteel"},{"floor":4,"key":"SteroidPotion"},{"floor":6,"key":"DuplicationPotion"},{"floor":8,"key":"FearPotion"},{"floor":10,"key":"FairyPotion"},{"floor":10,"key":"BlessingOfTheForge"},{"floor":14,"key":"FairyPotion"},{"floor":20,"key":"Fire Potion"},{"floor":24,"key":"DuplicationPotion"}],"is_trial":false,"path_per_floor":["M","?","$","M","$","E","R","M","T","?","E","M","M","M","R","B",null,"M","$","M","M","M","E","M","M","T","E","M","E"],"character_chosen":"KOISHI","items_purchased":["Koishi:MindNumbingTerror","Koishi:UnconsciousUprising"],"campfire_rested":1,"item_purchase_floors":[3,19],"current_hp_per_floor":[60,60,60,60,60,36,60,58,58,58,51,51,52,53,53,48,60,54,54,50,39,22,23,27,23,23,15,16,0,0],"gold":342,"neow_bonus":"RANDOM_COMMON_RELIC","is_daily":false,"chose_seed":false,"campfire_upgraded":1,"win_rate":0.0,"timestamp":1613731935,"path_taken":["M","?","$","M","?","E","R","M","T","?","E","M","M","M","R","BOSS","M","$","M","M","M","E","M","M","T","E","M","E"],"items_purchased_type":["Card","Card"],"build_version":"2020-12-22","purchased_purges":2,"victory":false,"max_hp_per_floor":[60,60,60,60,60,60,60,60,60,60,60,60,60,60,60,60,60,60,60,60,60,60,60,60,60,60,60,60,60,60],"card_choices":[{"not_picked":["Koishi:UnseenTerror","Koishi:Catatonia"],"picked":"Koishi:SpiritedAway","floor":1},{"not_picked":["Koishi:StrangeCloudFist","Koishi:StingingMind"],"picked":"Koishi:ParalyzingFear","floor":4},{"not_picked":["Koishi:Catatonia","Koishi:StrangeCloudFist"],"picked":"Koishi:EmbryosDream","floor":6},{"not_picked":["Koishi:StingingMind","Koishi:BloodcurdlingScream"],"picked":"Koishi:PhantomBarrier","floor":7},{"not_picked":["Koishi:MassHysteria","Koishi:HeartAttack","Koishi:BramblyRoseGarden"],"picked":"SKIP","floor":8},{"not_picked":["Koishi:RuptureMind","Koishi:ApparitionsStalkTheNight"],"picked":"Koishi:FreudianInstinct","floor":11},{"not_picked":["Koishi:FidgetySnatcher","Koishi:LastRemote"],"picked":"Koishi:RorschachInDanmaku","floor":12},{"not_picked":["Koishi:CatchAndRose","Koishi:FreudianInstinct"],"picked":"Koishi:SpiritedAway","floor":13},{"not_picked":["Koishi:HeartfeltFancy","Koishi:IdleWhim"],"picked":"Koishi:ReleaseOfTheId","floor":14},{"not_picked":["Koishi:Ego","Koishi:PerfectMindControl"],"picked":"Koishi:SilentAndRestless","floor":16},{"not_picked":["Koishi:EmbryosDream","Koishi:BloodcurdlingScream+1"],"picked":"Koishi:HeartAttack","floor":18},{"not_picked":["Koishi:UnansweredLove","Koishi:PhantomBarrier+1"],"picked":"Koishi:HeartfeltFancy","floor":20},{"not_picked":["Koishi:UnseenTerror","Koishi:Untouchable+1"],"picked":"Koishi:SpiritedAway","floor":21},{"not_picked":["Koishi:Catatonia","Koishi:BloodcurdlingScream+1"],"picked":"Koishi:SpiritedAway","floor":22},{"not_picked":["Koishi:UnansweredLove","Koishi:TremblingHands+1"],"picked":"Koishi:StingingMind","floor":23},{"not_picked":["Koishi:Vanish+1","Koishi:FidgetySnatcher"],"picked":"Koishi:UnconsciousUprising","floor":24},{"not_picked":["Koishi:DanmakuParanoia","Koishi:BramblyRoseGarden"],"picked":"Koishi:SubterraneanRose","floor":25},{"not_picked":["Koishi:FormlessExistence","Koishi:ImGoingToCallYouNow"],"picked":"Koishi:PhantomStrike","floor":27},{"not_picked":["Koishi:DreadfulBlow","Koishi:Vanish"],"picked":"Koishi:SubterraneanRose","floor":28}],"player_experience":353035,"relics_obtained":[{"floor":6,"key":"Dream Catcher"},{"floor":9,"key":"Bottled Flame"},{"floor":11,"key":"Mummified Hand"},{"floor":23,"key":"Omamori"},{"floor":26,"key":"aspiration:DSix"},{"floor":27,"key":"aspiration:HiddenCompartment"}],"event_choices":[{"damage_healed":0,"gold_gain":0,"cards_transformed":["Koishi:BasicStrike"],"player_choice":"Transformed","damage_taken":0,"max_hp_gain":0,"max_hp_loss":0,"event_name":"Transmorgrifier","floor":2,"gold_loss":0,"cards_obtained":["Koishi:SprinkleStarAndHeart"]},{"damage_healed":0,"gold_gain":0,"player_choice":"Got Potions","damage_taken":0,"max_hp_gain":0,"max_hp_loss":0,"event_name":"Lab","floor":10,"gold_loss":0}],"is_beta":false,"boss_relics":[{"not_picked":["Velvet Choker","sneckomod:SneckoTalon"],"picked":"aspiration:PoetsPen_weak"}],"items_purged_floors":[3,19],"is_endless":false,"potions_floor_spawned":[1,4,6,8,14,20,21,24],"killed_by":"theJungle:Cassacara","ascension_level":0}}