{"host":"pm6tps78s2qrawcb","time":1613756726,"event":{"mods":["BaseMod","BetterRewards","Colored Map","Downfall","Hubris","Infinite Spire","Mimic Mod","Minty Spire (QoL Compilation)","Reliquary","Replay The Spire","Shop Mod","StSLib"],"gold_per_floor":[110,110,110,122,47,79,95,95,95,111,139,139,139,170,170,278,278,301,342,387,395,395],"floor_reached":21,"language":"ENG","playtime":1082,"items_purged":["Strike_B"],"score":231,"play_id":"9040afee-9399-4e38-b360-a89adbe0abe3","local_time":"20210219174526","is_ascension_mode":true,"campfire_choices":[{"data":"Ball Lightning","floor":8,"key":"SMITH"},{"data":"Undo","floor":12,"key":"SMITH"},{"data":"Leap","floor":15,"key":"SMITH"}],"circlet_count":0,"master_deck":["Strike_B","Strike_B","Strike_B","Defend_B","Defend_B","Defend_B","Defend_B","Zap","Dualcast+1","Conserve Battery+1","Ball Lightning+1","Undo+1","Leap+1","Loop","Barrage","Recycle+1"],"relics":["Cracked Core","NeowsBlessing","hubris:Towel","Counterbalance","infinitespire:Midas Blood","Prayer Wheel","infinitespire:BottledMercury","Happy Flower","hubris:SlimyHat","Replay:Bronze Core","Red Mask","Mummified Hand","Symbiotic Virus"],"acts_visited":["Exordium","TheCity"],"potions_floor_usage":[11,14,16,19],"damage_taken":[{"damage":0,"enemies":"Cultist","floor":1,"turns":1},{"damage":0,"enemies":"Jaw Worm","floor":4,"turns":1},{"damage":0,"enemies":"Lagavulin","floor":6,"turns":1},{"damage":2,"enemies":"Small Slimes","floor":7,"turns":3},{"damage":0,"enemies":"Looter","floor":10,"turns":3},{"damage":6,"enemies":"Gremlin Nob","floor":11,"turns":3},{"damage":1,"enemies":"3 Sentries","floor":14,"turns":6},{"damage":28,"enemies":"Slime Boss","floor":16,"turns":9},{"damage":6,"enemies":"Shell Parasite","floor":18,"turns":10},{"damage":61,"enemies":"Masked Bandits","floor":19,"turns":6},{"damage":8,"enemies":"3 Byrds","floor":20,"turns":10},{"damage":5,"enemies":"3 Byrds","floor":21,"turns":3}],"seed_played":"-6394605062187391464","potions_obtained":[{"floor":7,"key":"champ:CounterPotion"},{"floor":10,"key":"Explosive Potion"},{"floor":14,"key":"ColorlessPotion"},{"floor":16,"key":"sneckomod:MuddlingPotion"},{"floor":19,"key":"Fruit Juice"}],"is_trial":false,"path_per_floor":["M","?","?","M","$","E","M","R","T","M","E","R","?","E","R","B",null,"M","?","MIM","M"],"character_chosen":"DEFECT","items_purchased":[],"campfire_rested":0,"item_purchase_floors":[],"current_hp_per_floor":[75,60,60,60,60,60,58,58,58,58,52,52,52,51,51,23,75,69,13,5,0,0],"gold":395,"neow_bonus":"THREE_ENEMY_KILL","is_daily":false,"chose_seed":false,"campfire_upgraded":3,"win_rate":0.0,"timestamp":1613756726,"path_taken":["M","?","?","M","$","E","M","R","T","M","E","R","?","E","R","BOSS","M","?","?","?"],"items_purchased_type":[],"build_version":"2020-12-22","purchased_purges":1,"victory":false,"max_hp_per_floor":[75,75,75,75,75,75,75,75,75,75,75,75,75,75,75,75,75,75,80,80,80,80],"card_choices":[{"not_picked":["Glacier","Redo"],"picked":"Conserve Battery","floor":1},{"not_picked":["Glacier","Sunder"],"picked":"Ball Lightning","floor":4},{"not_picked":["Aggregate","ReplayTheSpireMod:GoodbyeWorld"],"picked":"Undo","floor":6},{"not_picked":["Streamline","BasicCrystalCard"],"picked":"Leap","floor":7},{"not_picked":["Panic Button","Coolheaded"],"picked":"ReplayTheSpireMod:Fabricate Wheel","floor":10},{"not_picked":["Leap","BasicCrystalCard","Redo"],"picked":"SKIP","floor":11},{"not_picked":["ReplayTheSpireMod:GoodbyeWorld","Compile Driver"],"picked":"Loop","floor":14},{"not_picked":["Redo+1","Rebound"],"picked":"Barrage","floor":18},{"not_picked":["Chill+1","Gash"],"picked":"Recycle+1","floor":18}],"player_experience":314570,"relics_obtained":[{"floor":6,"key":"Counterbalance"},{"floor":9,"key":"infinitespire:Midas Blood"},{"floor":11,"key":"infinitespire:BottledMercury"},{"floor":13,"key":"Happy Flower"},{"floor":14,"key":"hubris:SlimyHat"},{"floor":19,"key":"Red Mask"},{"floor":20,"key":"Mummified Hand"},{"floor":20,"key":"Symbiotic Virus"}],"event_choices":[{"damage_healed":0,"gold_gain":0,"player_choice":"Entered Light","damage_taken":15,"max_hp_gain":0,"max_hp_loss":0,"event_name":"Shining Light","floor":2,"gold_loss":0,"cards_upgraded":["Conserve Battery","Dualcast"]},{"damage_healed":0,"gold_gain":0,"player_choice":"Fought Bandits","damage_taken":0,"max_hp_gain":0,"max_hp_loss":0,"event_name":"Masked Bandits","floor":19,"gold_loss":0}],"is_beta":false,"boss_relics":[{"not_picked":["reliquary:Ember","hubris:CrackedHourglass"],"picked":"Replay:Bronze Core"}],"items_purged_floors":[5],"is_endless":false,"potions_floor_spawned":[7,10,14,16,19],"killed_by":"3 Byrds","ascension_level":1}}