{"host":"f0gpob8hq9vgebej","time":1613725671,"event":{"mods":["AchievementEnabler","BaseMod","Minty Spire (QoL Compilation)","Quick Restart","SuperFastMode"],"gold_per_floor":[117,117,135,154,171,171,191,191,191,208,219,253,7,24,24,99,99,110,80,80],"floor_reached":19,"language":"KOR","playtime":654,"items_purged":["Strike_G"],"score":324,"play_id":"ed00797d-ff1b-4b9d-afe7-185b1a03456f","local_time":"20210219180751","is_ascension_mode":true,"campfire_choices":[{"data":"Dash","floor":6.0,"key":"SMITH"},{"data":"Footwork","floor":8.0,"key":"SMITH"},{"data":"Deadly Poison","floor":15.0,"key":"SMITH"}],"circlet_count":0,"master_deck":["AscendersBane","Strike_G","Strike_G","Strike_G","Strike_G","Defend_G","Defend_G","Defend_G","Defend_G","Defend_G","Survivor","Neutralize+1","Infinite Blades","Blade Dance","Quick Slash","Dash+1","Footwork+1","Skewer","Dagger Spray","Blade Dance","Deadly Poison+1","LessonLearned","Shrug It Off","Distraction"],"relics":["Ring of the Serpent","Blue Candle","StoneCalendar","PrismaticShard"],"acts_visited":["Exordium","TheCity"],"potions_floor_usage":[16],"damage_taken":[{"damage":1.0,"enemies":"Cultist","floor":1.0,"turns":5.0},{"damage":1.0,"enemies":"Small Slimes","floor":3.0,"turns":4.0},{"damage":2.0,"enemies":"Jaw Worm","floor":4.0,"turns":5.0},{"damage":5.0,"enemies":"2 Fungi Beasts","floor":5.0,"turns":4.0},{"damage":2.0,"enemies":"3 Louse","floor":7.0,"turns":4.0},{"damage":0.0,"enemies":"Looter","floor":10.0,"turns":4.0},{"damage":2.0,"enemies":"Lots of Slimes","floor":11.0,"turns":6.0},{"damage":15.0,"enemies":"3 Sentries","floor":12.0,"turns":8.0},{"damage":0.0,"enemies":"2 Fungi Beasts","floor":14.0,"turns":3.0},{"damage":6,"enemies":"Slime Boss","floor":16,"turns":7},{"damage":20,"enemies":"Spheric Guardian","floor":18,"turns":7},{"damage":23,"enemies":"2 Thieves","floor":19,"turns":4}],"seed_played":"-7589370751392162203","potions_obtained":[{"floor":1.0,"key":"Swift Potion"},{"floor":4.0,"key":"FairyPotion"},{"floor":14.0,"key":"Strength Potion"},{"floor":16,"key":"FearPotion"},{"floor":19,"key":"CultistPotion"}],"is_trial":false,"path_per_floor":["M","?","M","M","M","R","M","R","T","M","M","E","$","M","R","B",null,"M","M"],"character_chosen":"THE_SILENT","items_purchased":["PrismaticShard"],"campfire_rested":0,"item_purchase_floors":[13],"current_hp_per_floor":[58,63,62,60,55,55,53,53,53,53,51,36,36,36,36,30,61,41,18,18],"gold":80,"neow_bonus":"UPGRADE_CARD","is_daily":false,"chose_seed":false,"campfire_upgraded":3,"win_rate":0.0,"timestamp":1613725671,"path_taken":["M","?","M","M","M","R","M","R","T","M","M","E","$","M","R","BOSS","M","M"],"items_purchased_type":["Relic"],"build_version":"2020-12-22","purchased_purges":1,"victory":false,"max_hp_per_floor":[66,71,71,71,71,71,71,71,71,71,71,71,71,71,71,71,71,71,71,71],"card_choices":[{"not_picked":["Dodge and Roll","Calculated Gamble"],"picked":"Infinite Blades","floor":1.0},{"not_picked":["Backflip","Sucker Punch"],"picked":"Blade Dance","floor":3.0},{"not_picked":["Flechettes","Flying Knee"],"picked":"Quick Slash","floor":4.0},{"not_picked":["Storm of Steel","Escape Plan"],"picked":"Dash","floor":5.0},{"not_picked":["Blur","Slice"],"picked":"Footwork","floor":7.0},{"not_picked":["Outmaneuver","Slice"],"picked":"Skewer","floor":10.0},{"not_picked":["Noxious Fumes","Dodge and Roll"],"picked":"Dagger Spray","floor":11.0},{"not_picked":["Distraction","Bane"],"picked":"Blade Dance","floor":12.0},{"not_picked":["DeceiveReality","Protect"],"picked":"Deadly Poison","floor":14.0},{"not_picked":["Glass Knife","Alpha"],"picked":"LessonLearned","floor":16},{"not_picked":["Gash","Dagger Throw"],"picked":"Shrug It Off","floor":18},{"not_picked":["Havoc","Accuracy"],"picked":"Distraction","floor":19}],"player_experience":389752,"relics_obtained":[{"floor":9.0,"key":"Blue Candle"},{"floor":12.0,"key":"StoneCalendar"}],"event_choices":[{"damage_healed":0.0,"max_hp_gain":5.0,"max_hp_loss":0.0,"gold_gain":0.0,"event_name":"Big Fish","player_choice":"Donut","floor":2.0,"gold_loss":0.0,"damage_taken":0.0}],"is_beta":false,"boss_relics":[{"not_picked":["SacredBark","SlaversCollar"],"picked":"Ring of the Serpent"}],"items_purged_floors":[13],"is_endless":false,"potions_floor_spawned":[1,4,7,10,11,14,16,19],"killed_by":"2 Thieves","ascension_level":17}}