{"host":"6qo42zgaknezulyg","time":1613742576,"event":{"mods":["2.2 Compatiblity","BaseMod","Better Altar","Colored Map","Faster Ascension Climbing","Highlight Path","Keyboard Shortcuts","Minty Spire (QoL Compilation)","Permanent Neow","Quick Restart","StSLib","SuperFastMode","Yakumo Yukari mod"],"gold_per_floor":[172,322,375,140,178,248,248,278,303,17,60,60,60,153,153,227,227,247,122,122,122,122,122,148,148,148,185,230,289,299,2,2,76,76,118,133,158,196,196,196,211,211,279,313,313,33,102,112,112,137,162],"floor_reached":52,"language":"ENG","playtime":3693,"items_purged":["Doubt","AT_purpleEX","AT_purpleEX","Defend_purpleEX"],"score":1985,"play_id":"6205f12d-c2be-4b5b-932a-1d196c501f8d","local_time":"20210219224936","is_ascension_mode":true,"campfire_choices":[{"data":"HandOfGreed","floor":7.0,"key":"SMITH"},{"floor":12.0,"key":"REST"},{"data":"Apotheosis","floor":15.0,"key":"SMITH"},{"data":"Yakumo_Ran_purple","floor":23.0,"key":"SMITH"},{"floor":25.0,"key":"REST"},{"floor":32.0,"key":"REST"},{"floor":40,"key":"REST"},{"data":"Anti_communist_purple","floor":42,"key":"SMITH"},{"data":"Fantasy_PerpetualMotionMachine_purple","floor":45,"key":"SMITH"},{"floor":49,"key":"REST"}],"circlet_count":0,"master_deck":["AscendersBane","AT_purpleEX+1","Defend_purpleEX","Defend_purpleEX","Defend_purpleEX","Observe_purple_1+1","Observe_purple_2","HandOfGreed+1","WeekHit_purple","Apotheosis+1","Yakumo_Ran_purple+1","Human_Monster_Realm_purple","Bait_HighSpeedFlying_purple","MNeedle_purple","Fantasy_PerpetualMotionMachine_purple+1","Anti_communist_purple+1","UniverseChoice_purple","SfantasyHide_purple+1","AdvanceAttack_purple+1","Boundary_ObjectiveBoundary_purple+1","Bait_Toxicbait_purple","MonsterNeedle_purple+1"],"relics":["Boundary_crack","Memoryfragments_purpleEX","Art of War","Antimatter_spacedebris","Centennial Puzzle","Orichalcum","Philosopher\u0027s Stone","Bag of Marbles","Pear","Toy Ornithopter","Membership Card","Oddly Smooth Stone","SlaversCollar","Gambling Chip","Mummified Hand","Whetstone","InkBottle"],"acts_visited":["Exordium","TheCity","TheBeyond"],"potions_floor_usage":[51,51],"damage_taken":[{"damage":6.0,"enemies":"Small Slimes","floor":1.0,"turns":4.0},{"damage":0.0,"enemies":"2 Louse","floor":3.0,"turns":4.0},{"damage":2.0,"enemies":"Jaw Worm","floor":5.0,"turns":3.0},{"damage":29.0,"enemies":"3 Sentries","floor":6.0,"turns":7.0},{"damage":11.0,"enemies":"Gremlin Nob","floor":8.0,"turns":3.0},{"damage":3.0,"enemies":"Blue Slaver","floor":11.0,"turns":2.0},{"damage":9.0,"enemies":"Lots of Slimes","floor":14.0,"turns":6.0},{"damage":5.0,"enemies":"The Guardian","floor":16.0,"turns":6.0},{"damage":0.0,"enemies":"Chosen","floor":18.0,"turns":3.0},{"damage":15.0,"enemies":"Gremlin Leader","floor":24.0,"turns":3.0},{"damage":3.0,"enemies":"3 Byrds","floor":27.0,"turns":3.0},{"damage":13.0,"enemies":"Snake Plant","floor":28.0,"turns":3.0},{"damage":30.0,"enemies":"Slavers","floor":29.0,"turns":5.0},{"damage":16.0,"enemies":"Shelled Parasite and Fungi","floor":30.0,"turns":2.0},{"damage":10.0,"enemies":"Automaton","floor":33.0,"turns":7.0},{"damage":12.0,"enemies":"Orb Walker","floor":35.0,"turns":3.0},{"damage":0.0,"enemies":"3 Darklings","floor":36.0,"turns":1.0},{"damage":0.0,"enemies":"Mind Bloom Boss Battle","floor":37.0,"turns":5.0},{"damage":9.0,"enemies":"Maw","floor":38.0,"turns":6.0},{"damage":1,"enemies":"Writhing Mass","floor":41,"turns":6},{"damage":6,"enemies":"Giant Head","floor":44,"turns":7},{"damage":1,"enemies":"Sphere and 2 Shapes","floor":47,"turns":5},{"damage":2,"enemies":"Spire Growth","floor":48,"turns":6},{"damage":23,"enemies":"Awakened One","floor":50,"turns":12},{"damage":48,"enemies":"Donu and Deca","floor":51,"turns":8}],"seed_played":"-7078395230399738555","potions_obtained":[{"floor":1.0,"key":"FearPotion"},{"floor":3.0,"key":"ColorlessPotion"},{"floor":6.0,"key":"SpeedPotion"},{"floor":11.0,"key":"Strength Potion"},{"floor":18.0,"key":"AttackPotion"},{"floor":24.0,"key":"LiquidBronze"},{"floor":29.0,"key":"AttackPotion"},{"floor":36.0,"key":"LiquidMemories"},{"floor":41,"key":"DuplicationPotion"}],"is_trial":false,"path_per_floor":["M","?","M","$","M","E","R","E","T","$","M","R","?","M","R","B",null,"M","$","?","$","?","R","E","R","T","M","M","E","M","$","R","B",null,"M","M","?","M","?","R","M","R","T","E","R","$","M","M","R","B","B",null],"character_chosen":"Youkari","items_purchased":["Art of War","Apotheosis","Membership Card","Oddly Smooth Stone","EntropicBrew","Bait_Toxicbait_purple","InkBottle","Dexterity Potion"],"campfire_rested":5,"item_purchase_floors":[4,10,31,31,31,46,46,46],"current_hp_per_floor":[54,54,54,54,52,24,24,13,13,13,10,27,27,22,22,19,49,49,49,49,49,49,49,35,52,62,59,47,18,7,7,32,22,57,52,52,53,44,44,64,63,63,63,61,61,61,60,59,69,46,9],"gold":162,"neow_bonus":"RANDOM_COLORLESS_2","is_daily":false,"chose_seed":false,"campfire_upgraded":5,"win_rate":0.0,"timestamp":1613742576,"path_taken":["M","?","M","$","M","E","R","E","T","$","M","R","?","M","R","BOSS","M","$","?","?","?","R","E","R","T","M","?","E","M","?","R","BOSS","M","M","?","M","?","R","M","R","T","E","R","$","M","M","R","BOSS","BOSS"],"items_purchased_type":["Relic","Card","Relic","Relic","Potion","Card","Relic","Potion"],"build_version":"2020-12-22","purchased_purges":4,"victory":true,"max_hp_per_floor":[59,59,59,59,59,59,59,59,59,59,59,59,59,59,59,59,59,59,59,59,59,59,59,59,59,69,69,69,69,69,69,69,69,69,69,69,69,69,69,69,69,69,69,69,69,69,69,69,69,69,69],"card_choices":[{"not_picked":["Violence","Transmutation"],"picked":"HandOfGreed","floor":0.0},{"not_picked":["RuptureOfTimeAndSpace_purple","WingOfChimera_purple"],"picked":"WeekHit_purple","floor":1.0},{"not_picked":["SharpContractionReality_purple","Worldmountain_purple","Line_surface_state_purple"],"picked":"SKIP","floor":3.0},{"not_picked":["WeekHit_purple","Charmbait_purple","StateDuplicate_purple"],"picked":"SKIP","floor":5.0},{"not_picked":["SfantasyHide_purple","Worldmountain_purple","MagicEyes_LaplaceDemon_purple"],"picked":"SKIP","floor":6.0},{"not_picked":["ExistenceContinue_purple","Mirror_Drifter_purple","OmniscientAndOmnipotent_Monster_purple"],"picked":"SKIP","floor":8.0},{"not_picked":["Shallow_ocean_purpleEX","Erosivefilter_purple"],"picked":"Yakumo_Ran_purple","floor":11.0},{"not_picked":["OmniscientAndOmnipotent_Monster_purple","SfantasyHide_purple","MeetDecomposer_purple"],"picked":"SKIP","floor":14.0},{"not_picked":["Computing_the_future_purpleEX","UniverseChoice_purple"],"picked":"Human_Monster_Realm_purple","floor":16.0},{"not_picked":["Boundary_of_Extermination_purpleEX","OmniscientAndOmnipotent_Monster_purple","Yakumo_Ran_purple"],"picked":"SKIP","floor":18.0},{"not_picked":["Worldmountain_purple","SharpContractionReality_purple"],"picked":"MNeedle_purple","floor":24.0},{"not_picked":["Extrememeaning_purpleEX","StateDuplicate_purple","Shallow_ocean_purpleEX"],"picked":"SKIP","floor":27.0},{"not_picked":["Boundary_of_Extermination_purpleEX","OmniscientAndOmnipotent_Monster_purple"],"picked":"Fantasy_PerpetualMotionMachine_purple","floor":28.0},{"not_picked":["Shallow_ocean_purpleEX","AdvanceAttack_purple","MNeedle_purple"],"picked":"SKIP","floor":29.0},{"not_picked":["Shallow_ocean_purpleEX","AdvanceAttack_purple","MNeedle_purple"],"picked":"SKIP","floor":29.0},{"not_picked":["Umbrella_purple","Mirror_FormAndEmptin_purple"],"picked":"Anti_communist_purple","floor":30.0},{"not_picked":["BarrageBoundary_PipeDream_purple","MagicEyes_LaplaceDemon_purple"],"picked":"UniverseChoice_purple","floor":33.0},{"not_picked":["Boundary_DynamicStaticEquilibrium_purple+1","ExternalForce_HighSpeedFlying_purple"],"picked":"SfantasyHide_purple+1","floor":35.0},{"not_picked":["Realm_recovery_purpleEX","MetroBOOM_purple","OmniscientAndOmnipotent_Monster_purple"],"picked":"SKIP","floor":36.0},{"not_picked":["RuleDissolution_purple","StretchesForeverDream_purple"],"picked":"AdvanceAttack_purple+1","floor":38.0},{"not_picked":["SharpContractionReality_purple","ExistenceContinue_purple"],"picked":"Boundary_ObjectiveBoundary_purple+1","floor":41},{"not_picked":["Mirror_FourBoundary_purple+1","SharpContractionReality_purple","Realm_recovery_purpleEX"],"picked":"SKIP","floor":44},{"not_picked":["Umbrella_purple","SfantasyHide_purple","SharpContractionReality_purple"],"picked":"SKIP","floor":47},{"not_picked":["SfantasyHide_purple+1","StateDuplicate_purple"],"picked":"MonsterNeedle_purple+1","floor":48}],"player_experience":730205,"relics_obtained":[{"floor":6.0,"key":"Antimatter_spacedebris"},{"floor":8.0,"key":"Centennial Puzzle"},{"floor":9.0,"key":"Orichalcum"},{"floor":24.0,"key":"Bag of Marbles"},{"floor":26.0,"key":"Pear"},{"floor":29.0,"key":"Toy Ornithopter"},{"floor":37.0,"key":"Gambling Chip"},{"floor":43,"key":"Mummified Hand"},{"floor":44,"key":"Whetstone"}],"event_choices":[{"damage_healed":0.0,"max_hp_gain":0.0,"max_hp_loss":0.0,"gold_gain":150.0,"event_name":"Liars Game","player_choice":"AGREE","floor":2.0,"gold_loss":0.0,"damage_taken":0.0,"cards_obtained":["Doubt"]},{"damage_healed":0.0,"max_hp_gain":0.0,"max_hp_loss":0.0,"gold_gain":0.0,"event_name":"Scrap Ooze","player_choice":"Fled","floor":13.0,"gold_loss":0.0,"damage_taken":0.0},{"damage_healed":0.0,"max_hp_gain":0.0,"max_hp_loss":0.0,"gold_gain":0.0,"event_name":"TheLibraryeventEX","player_choice":"Read","floor":20.0,"gold_loss":0.0,"damage_taken":0.0,"cards_obtained":["Bait_HighSpeedFlying_purple"]},{"cards_removed":["AT_purpleEX"],"damage_healed":0.0,"max_hp_gain":0.0,"max_hp_loss":0.0,"gold_gain":0.0,"event_name":"Bonfire Elementals","player_choice":"Offered Basic","floor":22.0,"gold_loss":0.0,"damage_taken":0.0},{"damage_healed":0.0,"max_hp_gain":0.0,"max_hp_loss":0.0,"gold_gain":0.0,"event_name":"MindBloom","player_choice":"Fight","floor":37.0,"gold_loss":0.0,"damage_taken":0.0},{"damage_healed":0,"gold_gain":0,"player_choice":"Memory 1","damage_taken":0,"max_hp_gain":0,"max_hp_loss":0,"event_name":"SensoryStone","floor":39,"gold_loss":0}],"is_beta":false,"boss_relics":[{"not_picked":["Velvet Choker","Empty Cage"],"picked":"Philosopher\u0027s Stone"},{"not_picked":["Black Star","Astrolabe"],"picked":"SlaversCollar"}],"items_purged_floors":[4,10,19,46],"is_endless":false,"potions_floor_spawned":[1,3,6,11,18,24,29,36,37,41],"ascension_level":20}}