{"host":"usrgk25etjl0nf5i","time":1613775420,"event":{"mods":["2.2 Compatiblity","BaseMod","Downfall","Hubris","Minty Spire (QoL Compilation)","Permanent Neow","StSLib","SuperFastMode"],"gold_per_floor":[116,133,133,110,120,149,149,177,177,277,277,52,85,104,104,201,201,217,234,214,230,230,265,281,281,361,361,42,52,84,96,96,199,199,214,62,73,89,107,107,107],"floor_reached":40,"language":"ENG","playtime":2330,"items_purged":["hubris:Wrath"],"score":680,"play_id":"724dc99c-5b90-40c6-8414-bc41ce1920bc","local_time":"20210219145700","is_ascension_mode":true,"campfire_choices":[{"data":"Omniscience","floor":7,"key":"SMITH"},{"floor":11,"key":"REST"},{"data":"Pray","floor":15,"key":"SMITH"},{"floor":25,"key":"REST"},{"data":"Perseverance","floor":27,"key":"SMITH"},{"floor":32,"key":"REST"}],"circlet_count":0,"master_deck":["Strike_P","Strike_P","Strike_P","Strike_P","Defend_P","Defend_P","Defend_P","Eruption","Vigilance","Pray+1","Perseverance+1","FlurryOfBlows","SandsOfTime","Omniscience+1","Protect","CurseOfTheBell","CurseOfTheBell","Clumsy","DevaForm","DeusExMachina","FollowUp","Establishment","Evaluate","ClearTheMind","Study+1","WindmillStrike","Crescendo","Sanctity","Ragnarok","WheelKick"],"relics":["PureWater","Vajra","Lantern","hubris:Reverence","downfall:ExtraCursedBell","Damaru","Pantograph","hubris:Zylophone","Guardian:PocketSentry","Bag of Preparation","Black Star","Art of War","Bottled Tornado","Matryoshka","Ginger","Regal Pillow","Busted Crown","Chemical X"],"acts_visited":["Exordium","TheCity","TheBeyond"],"potions_floor_usage":[6,16,21,23,23,29,35,37,38,39],"damage_taken":[{"damage":0,"enemies":"Cultist","floor":1,"turns":3},{"damage":2,"enemies":"Jaw Worm","floor":2,"turns":4},{"damage":0,"enemies":"2 Louse","floor":5,"turns":2},{"damage":12,"enemies":"Lagavulin","floor":6,"turns":7},{"damage":13,"enemies":"Gremlin Nob","floor":8,"turns":3},{"damage":9,"enemies":"Lagavulin","floor":13,"turns":7},{"damage":6,"enemies":"Looter","floor":14,"turns":2},{"damage":0,"enemies":"Slime Boss","floor":16,"turns":5},{"damage":21,"enemies":"Spheric Guardian","floor":18,"turns":5},{"damage":5,"enemies":"Shell Parasite","floor":19,"turns":4},{"damage":1,"enemies":"Snecko","floor":21,"turns":6},{"damage":30,"enemies":"Book of Stabbing","floor":23,"turns":4},{"damage":0,"enemies":"Centurion and Healer","floor":24,"turns":3},{"damage":3,"enemies":"Chosen and Byrds","floor":29,"turns":3},{"damage":17,"enemies":"Gremlin Leader","floor":30,"turns":5},{"damage":19,"enemies":"Sentry and Sphere","floor":31,"turns":4},{"damage":31,"enemies":"Collector","floor":33,"turns":8},{"damage":6,"enemies":"3 Shapes","floor":35,"turns":3},{"damage":14,"enemies":"Orb Walker","floor":37,"turns":3},{"damage":19,"enemies":"Writhing Mass","floor":38,"turns":4},{"damage":21,"enemies":"3 Darklings","floor":39,"turns":4},{"damage":20,"enemies":"Nemesis","floor":40,"turns":4}],"seed_played":"-2207524188186920631","potions_obtained":[{"floor":1,"key":"Energy Potion"},{"floor":2,"key":"Fire Potion"},{"floor":14,"key":"hexamod:SoulburnPotion"},{"floor":20,"key":"FearPotion"},{"floor":21,"key":"Swift Potion"},{"floor":23,"key":"Slimebound:ThreeZeroPotion"},{"floor":33,"key":"EntropicBrew"},{"floor":35,"key":"FearPotion"},{"floor":38,"key":"AttackPotion"}],"is_trial":false,"path_per_floor":["M","M","?","$","M","E","R","E","T","?","R","$","E","M","R","B",null,"M","M","?","M","?","E","M","R","T","R","$","M","E","M","R","B",null,"M","$","M","M","M","E"],"character_chosen":"WATCHER","items_purchased":["FlurryOfBlows","Guardian:PocketSentry","Matryoshka","WindmillStrike","Chemical X"],"campfire_rested":3,"item_purchase_floors":[4,12,28,28,36],"current_hp_per_floor":[61,59,59,59,59,47,47,34,34,34,59,59,50,44,44,69,82,61,56,56,55,55,25,25,50,50,50,50,47,30,11,51,45,76,70,70,56,37,16,0,0],"gold":107,"neow_bonus":"TWENTY_PERCENT_HP_BONUS","is_daily":false,"chose_seed":false,"campfire_upgraded":3,"win_rate":0.0,"timestamp":1613775420,"path_taken":["M","M","?","?","M","E","R","E","T","?","R","$","E","M","R","BOSS","M","M","?","?","?","E","M","R","T","R","$","M","E","M","R","BOSS","M","$","?","M","M","E"],"items_purchased_type":["Card","Relic","Relic","Card","Relic"],"build_version":"2020-12-22","purchased_purges":1,"victory":false,"max_hp_per_floor":[86,86,86,86,86,86,86,86,86,86,86,86,86,86,86,86,86,86,86,86,86,86,86,86,86,86,86,86,86,86,86,86,86,86,86,86,86,86,86,86,86],"card_choices":[{"not_picked":["FearNoEvil","ThirdEye"],"picked":"Pray","floor":1},{"not_picked":["Wireheading","Sanctity"],"picked":"Perseverance","floor":2},{"not_picked":["EmptyBody","BowlingBash"],"picked":"SandsOfTime","floor":5},{"not_picked":["ReachHeaven","SignatureMove"],"picked":"Omniscience","floor":6},{"not_picked":["EmptyFist","Consecrate"],"picked":"Protect","floor":8},{"not_picked":["Evaluate","Judgement"],"picked":"DeusExMachina","floor":13},{"not_picked":["FlyingSleeves","BowlingBash"],"picked":"FollowUp","floor":14},{"not_picked":["Wish","MasterReality"],"picked":"Establishment","floor":16},{"not_picked":["WaveOfTheHand","Pray"],"picked":"Evaluate","floor":18},{"not_picked":["Collect","CarveReality"],"picked":"ClearTheMind","floor":19},{"not_picked":["Indignation","EmptyFist+1"],"picked":"Study","floor":21},{"not_picked":["CrushJoints","Prostrate","PathToVictory"],"picked":"SKIP","floor":23},{"not_picked":["Swivel","WreathOfFlame","CrushJoints"],"picked":"SKIP","floor":24},{"not_picked":["SashWhip","ClearTheMind"],"picked":"Crescendo","floor":29},{"not_picked":["Halt","Alpha"],"picked":"Sanctity","floor":30},{"not_picked":["Vengeance","TalkToTheHand","ForeignInfluence"],"picked":"SKIP","floor":31},{"not_picked":["Wish","SpiritShield"],"picked":"Ragnarok","floor":33},{"not_picked":["ThirdEye+1"],"picked":"SKIP","floor":35},{"not_picked":["WreathOfFlame"],"picked":"SKIP","floor":37},{"not_picked":["ForeignInfluence"],"picked":"SKIP","floor":38},{"not_picked":[],"picked":"WheelKick","floor":39}],"player_experience":693881,"relics_obtained":[{"floor":6,"key":"Vajra"},{"floor":8,"key":"Lantern"},{"floor":9,"key":"hubris:Reverence"},{"floor":10,"key":"Damaru"},{"floor":10,"key":"Pantograph"},{"floor":10,"key":"hubris:Zylophone"},{"floor":13,"key":"Bag of Preparation"},{"floor":23,"key":"Art of War"},{"floor":26,"key":"Bottled Tornado"},{"floor":30,"key":"Ginger"},{"floor":30,"key":"Regal Pillow"}],"event_choices":[{"cards_removed":["Defend_P"],"damage_healed":0,"gold_gain":0,"player_choice":"Offered Basic","damage_taken":0,"max_hp_gain":0,"max_hp_loss":0,"event_name":"Bonfire Elementals","floor":3,"gold_loss":0},{"damage_healed":0,"gold_gain":0,"player_choice":"Bought 1 Potion","damage_taken":0,"max_hp_gain":0,"max_hp_loss":0,"event_name":"The Woman in Blue","floor":20,"gold_loss":0},{"damage_healed":0,"gold_gain":0,"player_choice":"Upgraded","damage_taken":0,"max_hp_gain":0,"max_hp_loss":0,"event_name":"Upgrade Shrine","floor":22,"gold_loss":0,"cards_upgraded":["Study"]}],"is_beta":false,"boss_relics":[{"not_picked":["SacredBark","Runic Pyramid"],"picked":"Black Star"},{"not_picked":["Tiny House","Coffee Dripper"],"picked":"Busted Crown"}],"items_purged_floors":[12],"is_endless":false,"potions_floor_spawned":[1,2,14,21,23,33,35,38],"killed_by":"Nemesis","ascension_level":6}}