{"host":"nonrudiqgwgca70t","time":1613712463,"event":{"mods":["BaseMod","Hermit","MarisaÅiñ∂âJÅ@ñÇóùçπÅj","Minty Spire (QoL Compilation)","StSLib","The Cursed"],"gold_per_floor":[364,65,76,96,106,141,153,199,263,275,301,324,336,381,393,509,521,547,270,270,270,289,289,289,289,289,289,304,316,316,336,336,435,435,454,464,476,182,196,196,246,246,291,291,291,291,308,319,319,319],"floor_reached":51,"language":"ENG","playtime":3946,"items_purged":["Defend_G","Strike_G+1"],"score":816,"play_id":"1fb0e68d-2d47-4e08-b4e9-c5ad86dde3e7","local_time":"20210218222743","is_ascension_mode":true,"campfire_choices":[{"floor":7.0,"key":"REST"},{"floor":13.0,"key":"REST"},{"data":"Crippling Poison","floor":15.0,"key":"SMITH"},{"data":"Ghostly","floor":23.0,"key":"SMITH"},{"data":"Footwork","floor":30.0,"key":"SMITH"},{"data":"Footwork","floor":32.0,"key":"SMITH"},{"data":"Caltrops","floor":40,"key":"SMITH"},{"data":"Caltrops","floor":42,"key":"SMITH"},{"data":"Ghostly","floor":44,"key":"SMITH"},{"data":"Ghostly","floor":46,"key":"SMITH"},{"data":"Catalyst","floor":49,"key":"SMITH"}],"circlet_count":0,"master_deck":["Strike_G+1","Strike_G+1","Strike_G+1","Strike_G+1","Defend_G+1","Defend_G+1","Defend_G+1","Defend_G+1","Survivor","Neutralize","Backstab","Crippling Poison+1","Quick Slash","Dash","Caltrops+1","Glass Knife","PiercingWail","Dash","Footwork+1","Footwork+1","Blade Dance","Blur","Ghostly+1","Ghostly+1","Ghostly+1","Ghostly+1","Ghostly+1","Dagger Spray","Adrenaline","Catalyst+1","Blade Dance+1","Noxious Fumes","Calculated Gamble+1","Cloak And Dagger","Caltrops+1","Finesse","Footwork+1","Escape Plan+1","Crippling Poison+1"],"relics":["Ring of the Snake","Orichalcum","Bronze Scales","MawBank","Ninja Scroll","Dream Catcher","Boot","SacredBark","TwistedFunnel","White Beast Statue","Coffee Dripper","StoneCalendar","Oddly Smooth Stone"],"acts_visited":["Exordium","TheCity","TheBeyond"],"potions_floor_usage":[39,41,50,50],"damage_taken":[{"damage":3.0,"enemies":"Jaw Worm","floor":1.0,"turns":4.0},{"damage":0.0,"enemies":"2 Louse","floor":3.0,"turns":1.0},{"damage":0.0,"enemies":"Cultist","floor":4.0,"turns":3.0},{"damage":2.0,"enemies":"Looter","floor":5.0,"turns":3.0},{"damage":9.0,"enemies":"Gremlin Nob","floor":6.0,"turns":4.0},{"damage":29.0,"enemies":"Lagavulin","floor":8.0,"turns":6.0},{"damage":0.0,"enemies":"Blue Slaver","floor":11.0,"turns":1.0},{"damage":0.0,"enemies":"3 Louse","floor":12.0,"turns":1.0},{"damage":0.0,"enemies":"Gremlin Nob","floor":14.0,"turns":2.0},{"damage":13.0,"enemies":"The Guardian","floor":16.0,"turns":10.0},{"damage":7.0,"enemies":"2 Thieves","floor":18.0,"turns":4.0},{"damage":0.0,"enemies":"Spheric Guardian","floor":22.0,"turns":4.0},{"damage":0.0,"enemies":"Shelled Parasite and Fungi","floor":28.0,"turns":5.0},{"damage":0.0,"enemies":"Snake Plant","floor":29.0,"turns":4.0},{"damage":0.0,"enemies":"Centurion and Healer","floor":31.0,"turns":7.0},{"damage":6.0,"enemies":"Collector","floor":33.0,"turns":5.0},{"damage":0.0,"enemies":"Orb Walker","floor":35.0,"turns":3.0},{"damage":0.0,"enemies":"3 Darklings","floor":36.0,"turns":3.0},{"damage":0.0,"enemies":"Sphere and 2 Shapes","floor":37.0,"turns":4.0},{"damage":1,"enemies":"Spire Growth","floor":39,"turns":6},{"damage":0,"enemies":"Mind Bloom Boss Battle","floor":41,"turns":7},{"damage":0,"enemies":"Transient","floor":47,"turns":5},{"damage":0,"enemies":"Sphere and 2 Shapes","floor":48,"turns":4},{"damage":16,"enemies":"Donu and Deca","floor":50,"turns":9}],"seed_played":"-8354736458564898317","potions_obtained":[{"floor":1.0,"key":"Weak Potion"},{"floor":8.0,"key":"SmokeBomb"},{"floor":12.0,"key":"CunningPotion"},{"floor":14.0,"key":"Energy Potion"},{"floor":16.0,"key":"DistilledChaos"},{"floor":28.0,"key":"Fire Potion"},{"floor":29.0,"key":"Poison Potion"},{"floor":33.0,"key":"Fire Potion"},{"floor":35.0,"key":"Weak Potion"},{"floor":36.0,"key":"Strength Potion"},{"floor":37.0,"key":"SkillPotion"},{"floor":39,"key":"FearPotion"},{"floor":41,"key":"Ancient Potion"},{"floor":47,"key":"Energy Potion"},{"floor":48,"key":"AttackPotion"}],"is_trial":false,"path_per_floor":["M","$","M","M","M","E","R","E","T","?","M","M","R","E","R","B",null,"M","$","?","?","M","R","?","?","T","?","M","M","R","M","R","B",null,"M","M","M","$","M","R","?","R","T","R","?","R","M","M","R","B",null],"character_chosen":"THE_SILENT","items_purchased":["Orichalcum","Bronze Scales","TwistedFunnel","Blur","Dexterity Potion","Swift Potion","Finesse"],"campfire_rested":2,"item_purchase_floors":[2,2,19,19,38,38,38],"current_hp_per_floor":[46,46,46,46,44,35,56,27,27,13,13,13,34,34,34,21,70,63,63,35,35,35,35,35,35,35,35,35,35,35,35,35,29,35,35,35,35,35,34,34,34,34,34,34,34,34,34,34,34,18],"gold":319,"neow_bonus":"TWO_FIFTY_GOLD","is_daily":false,"chose_seed":false,"campfire_upgraded":9,"win_rate":0.0,"timestamp":1613712463,"path_taken":["M","$","M","M","M","E","R","E","T","?","M","M","R","E","R","BOSS","M","$","?","?","?","R","?","?","T","?","M","M","R","M","R","BOSS","M","M","M","$","?","R","?","R","T","R","?","R","M","M","R","BOSS"],"items_purchased_type":["Relic","Relic","Relic","Card","Potion","Potion","Card"],"build_version":"2020-12-22","purchased_purges":2,"victory":true,"max_hp_per_floor":[70,70,70,70,70,70,70,70,70,70,70,70,70,70,70,70,70,70,70,35,35,35,35,35,35,35,35,35,35,35,35,35,35,35,35,35,35,35,35,35,35,35,35,35,35,35,35,35,35,35],"card_choices":[{"not_picked":["Blade Dance","Caltrops"],"picked":"Backstab","floor":1.0},{"not_picked":["Deflect","Slice"],"picked":"Crippling Poison","floor":3.0},{"not_picked":["Backflip","Deadly Poison"],"picked":"Quick Slash","floor":4.0},{"not_picked":["Escape Plan","Prepared"],"picked":"Dash","floor":5.0},{"not_picked":["Acrobatics","Bouncing Flask"],"picked":"Caltrops","floor":6.0},{"not_picked":["Riddle With Holes","Backflip"],"picked":"Glass Knife","floor":8.0},{"not_picked":["Bane","Deflect"],"picked":"PiercingWail","floor":11.0},{"not_picked":["Envenom","Flying Knee"],"picked":"Dash","floor":12.0},{"not_picked":["Slice","Blade Dance"],"picked":"Footwork","floor":13.0},{"not_picked":["Noxious Fumes","Bane"],"picked":"Footwork","floor":14.0},{"not_picked":["Slice","Quick Slash"],"picked":"Blade Dance","floor":18.0},{"not_picked":["Sucker Punch","Cloak And Dagger"],"picked":"Dagger Spray","floor":22.0},{"not_picked":["Slice","Outmaneuver","Sucker Punch+1"],"picked":"SKIP","floor":28.0},{"not_picked":["Sucker Punch","Bane"],"picked":"Blade Dance+1","floor":29.0},{"not_picked":["Flying Knee+1","Poisoned Stab"],"picked":"Noxious Fumes","floor":31.0},{"not_picked":["Skewer+1","Blade Dance+1"],"picked":"Calculated Gamble+1","floor":35.0},{"not_picked":["PiercingWail","Blade Dance"],"picked":"Cloak And Dagger","floor":36.0},{"not_picked":["All Out Attack+1","Bane"],"picked":"Caltrops","floor":37.0},{"not_picked":["Backflip","Sucker Punch"],"picked":"Footwork+1","floor":39},{"not_picked":["Blade Dance+1","Cloak And Dagger+1"],"picked":"Escape Plan+1","floor":41},{"not_picked":["Outmaneuver","Deflect"],"picked":"Crippling Poison+1","floor":47},{"not_picked":["Skewer+1","Dagger Throw","Accuracy"],"picked":"SKIP","floor":48}],"player_experience":184813,"relics_obtained":[{"floor":6.0,"key":"MawBank"},{"floor":8.0,"key":"Ninja Scroll"},{"floor":9.0,"key":"Dream Catcher"},{"floor":14.0,"key":"Boot"},{"floor":26.0,"key":"White Beast Statue"},{"floor":41,"key":"StoneCalendar"},{"floor":43,"key":"Oddly Smooth Stone"}],"event_choices":[{"damage_healed":0.0,"max_hp_gain":0.0,"max_hp_loss":0.0,"gold_gain":0.0,"event_name":"Shining Light","player_choice":"Entered Light","floor":10.0,"gold_loss":0.0,"damage_taken":14.0,"cards_upgraded":["Defend_G","Strike_G"]},{"damage_healed":0.0,"max_hp_gain":0.0,"max_hp_loss":35.0,"gold_gain":0.0,"event_name":"Ghosts","player_choice":"Became a Ghost","floor":20.0,"gold_loss":0.0,"damage_taken":0.0,"cards_obtained":["Ghostly","Ghostly","Ghostly","Ghostly","Ghostly"]},{"damage_healed":0.0,"max_hp_gain":0.0,"max_hp_loss":0.0,"gold_gain":0.0,"event_name":"Upgrade Shrine","player_choice":"Upgraded","floor":21.0,"gold_loss":0.0,"damage_taken":0.0,"cards_upgraded":["Ghostly"]},{"damage_healed":0.0,"max_hp_gain":0.0,"max_hp_loss":0.0,"gold_gain":0.0,"event_name":"Back to Basics","player_choice":"Simplicity","floor":24.0,"gold_loss":0.0,"damage_taken":0.0,"cards_upgraded":["Strike_G","Strike_G","Strike_G","Strike_G","Defend_G","Defend_G","Defend_G"]},{"damage_healed":0.0,"max_hp_gain":0.0,"max_hp_loss":0.0,"gold_gain":0.0,"event_name":"The Library","player_choice":"Read","floor":25.0,"gold_loss":0.0,"damage_taken":0.0,"cards_obtained":["Adrenaline"]},{"damage_healed":0.0,"max_hp_gain":0.0,"max_hp_loss":0.0,"gold_gain":0.0,"event_name":"Match and Keep!","player_choice":"1 cards matched","floor":27.0,"gold_loss":0.0,"damage_taken":0.0,"cards_obtained":["Catalyst"]},{"damage_healed":0,"gold_gain":0,"player_choice":"Fight","damage_taken":0,"max_hp_gain":0,"max_hp_loss":0,"event_name":"MindBloom","floor":41,"gold_loss":0},{"damage_healed":0,"gold_gain":0,"player_choice":"Upgraded","damage_taken":0,"max_hp_gain":0,"max_hp_loss":0,"event_name":"Upgrade Shrine","floor":45,"gold_loss":0,"cards_upgraded":["Ghostly"]}],"is_beta":false,"boss_relics":[{"not_picked":["Astrolabe","Busted Crown"],"picked":"SacredBark"},{"not_picked":["Velvet Choker","Calling Bell"],"picked":"Coffee Dripper"}],"items_purged_floors":[19,38],"is_endless":false,"potions_floor_spawned":[1,8,12,14,16,28,29,31,33,35,36,37,39,41,47,48],"ascension_level":3}}