{"host":"lv7etzzgwahaenh9","time":1613705293,"event":{"mods":["AchievementEnabler","BaseMod","Colored Map","Colored Powertips","Highlight Path","Minty Spire (QoL Compilation)","Permanent Neow","Quick Restart","Random Character Button","StSLib"],"gold_per_floor":[111,129,129,142,142,177,197,197,197,197,231,300,313,346,346,476,476,501,130,154,178,191,191,210,210,210,223,259,272,197,197,197,316,316,334,148,173,27,45,79,94,125,200,200,200,224,224,224,224,224,224,224,69,108,108,108],"floor_reached":55,"language":"ENG","playtime":4074,"items_purged":["Strike_G"],"score":1295,"play_id":"41022441-dc01-437a-a81b-f758eaae3126","local_time":"20210218192813","is_ascension_mode":true,"campfire_choices":[{"data":"Calculated Gamble","floor":8.0,"key":"SMITH"},{"floor":10.0,"key":"REST"},{"floor":15.0,"key":"REST"},{"data":"Sadistic Nature","floor":23.0,"key":"SMITH"},{"data":"Night Terror","floor":25.0,"key":"SMITH"},{"floor":32.0,"key":"REST"},{"data":"Apotheosis","floor":44.0,"key":"SMITH"},{"floor":47.0,"key":"REST"},{"floor":49.0,"key":"RECALL"},{"data":"After Image","floor":52.0,"key":"SMITH"}],"circlet_count":0,"master_deck":["AscendersBane","Survivor","Neutralize","Dagger Throw","Underhanded Strike","Dash","Deflect","Calculated Gamble+1","Terror","Caltrops","Predator","Glass Knife","Night Terror+1","Blur","Noxious Fumes","Sadistic Nature+1","Blur","Footwork+1","Underhanded Strike","Prepared","Eviscerate","Deflect+1","Malaise","Prepared","Grand Finale","Adrenaline","After Image+1","Footwork","Burst","Acrobatics","Acrobatics","Apotheosis+1","Madness","Madness","Bouncing Flask","Deadly Poison+1"],"relics":["Runic Pyramid","Golden Idol","Strawberry","InkBottle","FossilizedHelix","Smiling Mask","HornCleat","HoveringKite","Bottled Tornado","Darkstone Periapt","Pandora\u0027s Box","Orichalcum","Ninja Scroll","Mercury Hourglass","Meat on the Bone","Chemical X","Bottled Flame"],"acts_visited":["Exordium","TheCity","TheBeyond","TheEnding"],"potions_floor_usage":[55],"damage_taken":[{"damage":4.0,"enemies":"Jaw Worm","floor":1.0,"turns":5.0},{"damage":1.0,"enemies":"2 Louse","floor":2.0,"turns":3.0},{"damage":0.0,"enemies":"Cultist","floor":4.0,"turns":3.0},{"damage":5.0,"enemies":"3 Sentries","floor":6.0,"turns":7.0},{"damage":0.0,"enemies":"Exordium Wildlife","floor":7.0,"turns":4.0},{"damage":31.0,"enemies":"Gremlin Nob","floor":11.0,"turns":5.0},{"damage":24.0,"enemies":"Lagavulin Event","floor":12.0,"turns":7.0},{"damage":11.0,"enemies":"Exordium Thugs","floor":13.0,"turns":6.0},{"damage":0.0,"enemies":"Lagavulin","floor":14.0,"turns":5.0},{"damage":11.0,"enemies":"Hexaghost","floor":16.0,"turns":10.0},{"damage":6.0,"enemies":"Chosen","floor":18.0,"turns":4.0},{"damage":0.0,"enemies":"3 Byrds","floor":20.0,"turns":5.0},{"damage":0.0,"enemies":"Snake Plant","floor":21.0,"turns":6.0},{"damage":0.0,"enemies":"Shelled Parasite and Fungi","floor":22.0,"turns":6.0},{"damage":9.0,"enemies":"Cultist and Chosen","floor":24.0,"turns":7.0},{"damage":0.0,"enemies":"Snecko","floor":27.0,"turns":6.0},{"damage":40.0,"enemies":"Gremlin Leader","floor":28.0,"turns":10.0},{"damage":0.0,"enemies":"3 Cultists","floor":29.0,"turns":5.0},{"damage":27.0,"enemies":"Champ","floor":33.0,"turns":10.0},{"damage":15.0,"enemies":"3 Darklings","floor":35.0,"turns":4.0},{"damage":0.0,"enemies":"3 Shapes","floor":37.0,"turns":7.0},{"damage":0.0,"enemies":"Spire Growth","floor":39.0,"turns":5.0},{"damage":0.0,"enemies":"Nemesis","floor":40.0,"turns":7.0},{"damage":11.0,"enemies":"Sphere and 2 Shapes","floor":41.0,"turns":5.0},{"damage":0.0,"enemies":"Giant Head","floor":42.0,"turns":7.0},{"damage":0.0,"enemies":"Transient","floor":46.0,"turns":5.0},{"damage":15.0,"enemies":"Awakened One","floor":50.0,"turns":13.0},{"damage":12.0,"enemies":"Shield and Spear","floor":54.0,"turns":8.0},{"damage":65,"enemies":"The Heart","floor":55,"turns":6}],"seed_played":"-2361087751197681110","potions_obtained":[{"floor":4.0,"key":"Fire Potion"},{"floor":7.0,"key":"EssenceOfSteel"},{"floor":14.0,"key":"FearPotion"},{"floor":16.0,"key":"GamblersBrew"},{"floor":20.0,"key":"Energy Potion"},{"floor":21.0,"key":"Regen Potion"},{"floor":22.0,"key":"Energy Potion"},{"floor":24.0,"key":"EntropicBrew"},{"floor":39.0,"key":"Regen Potion"},{"floor":40.0,"key":"FearPotion"},{"floor":41.0,"key":"AttackPotion"},{"floor":46.0,"key":"Ancient Potion"}],"is_trial":false,"path_per_floor":["M","M","?","M","?","E","M","R","T","R","E","?","M","E","R","B",null,"M","$","M","M","M","R","M","R","T","M","E","M","?","?","R","B",null,"M","$","M","$","M","E","M","E","T","R","?","M","R","T","R","B",null,"R","$","E","B"],"character_chosen":"THE_SILENT","items_purchased":["Noxious Fumes","Sadistic Nature","Blur","Apotheosis","Orichalcum","Chemical X"],"campfire_rested":4,"item_purchase_floors":[19,19,19,36,38,53],"current_hp_per_floor":[59,58,41,41,46,48,48,48,48,72,41,17,6,6,30,19,66,60,60,60,60,75,75,66,66,66,66,26,26,26,26,50,23,67,52,52,52,52,52,52,55,55,55,55,45,45,69,69,69,54,75,75,75,63,0,0],"gold":108,"neow_bonus":"BOSS_RELIC","is_daily":false,"chose_seed":false,"campfire_upgraded":5,"win_rate":0.0,"timestamp":1613705293,"path_taken":["M","M","?","M","?","E","M","R","T","R","E","?","M","E","R","BOSS","M","$","M","M","M","R","M","R","T","M","E","M","?","?","R","BOSS","M","$","M","?","M","E","M","E","T","R","?","M","R","?","R","BOSS","R","$","E","BOSS"],"items_purchased_type":["Card","Card","Card","Card","Relic","Relic"],"build_version":"2020-12-22","purchased_purges":1,"victory":false,"max_hp_per_floor":[70,70,70,70,75,82,82,82,82,82,82,82,82,82,82,82,82,82,82,82,82,82,82,82,82,82,82,82,82,82,82,82,82,82,82,82,82,82,82,82,82,82,82,82,82,82,82,82,82,82,82,82,82,82,82,82],"card_choices":[{"not_picked":["Sucker Punch","Concentrate"],"picked":"Dagger Throw","floor":1.0},{"not_picked":["Backflip","Masterful Stab"],"picked":"Underhanded Strike","floor":2.0},{"not_picked":["Underhanded Strike","Bouncing Flask"],"picked":"Dash","floor":4.0},{"not_picked":["Catalyst","Sucker Punch"],"picked":"Deflect","floor":6.0},{"not_picked":["Heel Hook","Choke"],"picked":"Calculated Gamble","floor":7.0},{"not_picked":["Underhanded Strike","Slice"],"picked":"Terror","floor":11.0},{"not_picked":["Crippling Poison","Blur"],"picked":"Caltrops","floor":12.0},{"not_picked":["Flechettes","Terror"],"picked":"Predator","floor":13.0},{"not_picked":["Caltrops","Backflip"],"picked":"Glass Knife","floor":14.0},{"not_picked":["Wraith Form v2","Adrenaline"],"picked":"Night Terror","floor":16.0},{"not_picked":["PiercingWail","Deflect"],"picked":"Blur","floor":18.0},{"not_picked":["Slice","Deflect"],"picked":"Footwork+1","floor":20.0},{"not_picked":["Quick Slash+1","Dagger Spray","Poisoned Stab"],"picked":"SKIP","floor":21.0},{"not_picked":["Flechettes","Endless Agony"],"picked":"Underhanded Strike","floor":22.0},{"not_picked":["Backflip","Adrenaline"],"picked":"Prepared","floor":24.0},{"not_picked":["Masterful Stab","Dodge and Roll"],"picked":"Eviscerate","floor":27.0},{"not_picked":["Wraith Form v2","Slice"],"picked":"Deflect+1","floor":28.0},{"not_picked":["Deflect","Deadly Poison","Poisoned Stab"],"picked":"SKIP","floor":29.0},{"not_picked":["A Thousand Cuts","Wraith Form v2"],"picked":"Malaise","floor":33.0},{"not_picked":["Masterful Stab","Dagger Throw"],"picked":"Acrobatics","floor":35.0},{"not_picked":["Underhanded Strike+1","Dagger Throw","Finisher"],"picked":"SKIP","floor":37.0},{"not_picked":["Dagger Spray","Skewer","Flying Knee"],"picked":"SKIP","floor":39.0},{"not_picked":["Cloak And Dagger","Choke","Quick Slash"],"picked":"SKIP","floor":40.0},{"not_picked":["Deflect","Expertise","Dash"],"picked":"SKIP","floor":41.0},{"not_picked":["Night Terror","Slice","Bane"],"picked":"SKIP","floor":42.0},{"not_picked":["Infinite Blades","Deflect"],"picked":"Bouncing Flask","floor":46.0},{"not_picked":["Prepared","All Out Attack"],"picked":"Deadly Poison+1","floor":54.0}],"player_experience":433233,"relics_obtained":[{"floor":6.0,"key":"Strawberry"},{"floor":9.0,"key":"InkBottle"},{"floor":11.0,"key":"FossilizedHelix"},{"floor":12.0,"key":"Smiling Mask"},{"floor":14.0,"key":"HornCleat"},{"floor":26.0,"key":"Bottled Tornado"},{"floor":28.0,"key":"Darkstone Periapt"},{"floor":40.0,"key":"Ninja Scroll"},{"floor":42.0,"key":"Mercury Hourglass"},{"floor":43.0,"key":"Meat on the Bone"},{"floor":54.0,"key":"Bottled Flame"}],"event_choices":[{"damage_healed":0.0,"max_hp_gain":0.0,"max_hp_loss":0.0,"gold_gain":0.0,"event_name":"Golden Idol","player_choice":"Take Damage","floor":3.0,"gold_loss":0.0,"damage_taken":17.0,"relics_obtained":["Golden Idol"]},{"damage_healed":0.0,"max_hp_gain":5.0,"max_hp_loss":0.0,"gold_gain":0.0,"event_name":"Big Fish","player_choice":"Donut","floor":5.0,"gold_loss":0.0,"damage_taken":0.0},{"damage_healed":0.0,"max_hp_gain":0.0,"max_hp_loss":0.0,"gold_gain":0.0,"event_name":"Dead Adventurer","player_choice":"Searched \u00271\u0027 times","floor":12.0,"gold_loss":0.0,"damage_taken":0.0},{"cards_removed":["Strike_G"],"damage_healed":0.0,"max_hp_gain":0.0,"max_hp_loss":0.0,"gold_gain":0.0,"event_name":"Beggar","player_choice":"Gave Gold","floor":30.0,"gold_loss":75.0,"damage_taken":0.0},{"cards_removed":["Defend_G"],"damage_healed":0.0,"max_hp_gain":0.0,"max_hp_loss":0.0,"gold_gain":0.0,"event_name":"Bonfire Elementals","player_choice":"Offered Basic","floor":31.0,"gold_loss":0.0,"damage_taken":0.0},{"damage_healed":0.0,"max_hp_gain":0.0,"max_hp_loss":0.0,"gold_gain":0.0,"event_name":"Winding Halls","player_choice":"Embrace Madness","floor":45.0,"gold_loss":0.0,"damage_taken":10.0,"cards_obtained":["Madness","Madness"]}],"is_beta":false,"boss_relics":[{"not_picked":["SacredBark","Empty Cage"],"picked":"HoveringKite"},{"not_picked":["Philosopher\u0027s Stone","Fusion Hammer"],"picked":"Pandora\u0027s Box"}],"items_purged_floors":[19],"is_endless":false,"potions_floor_spawned":[4,7,14,16,20,21,22,24,39,40,41,46],"killed_by":"The Heart","ascension_level":12}}