{"host":"fxrgx7wt2cpkbhka","time":1613727844,"event":{"mods":["AchievementEnabler","BaseMod","Colored Powertips","Dark Map","Minty Spire (QoL Compilation)","Permanent Neow","Quick Restart","Slay-I","StSLib","Waifu the Spire"],"gold_per_floor":[114,114,134,134,149,149,178,203,242,254,254],"floor_reached":10,"language":"ENG","playtime":310,"items_purged":[],"score":116,"play_id":"7b9e98c4-53e4-418a-811b-d89946cac50e","local_time":"20210219014404","is_ascension_mode":true,"campfire_choices":[{"data":"Capacitor","floor":6,"key":"SMITH"}],"circlet_count":0,"master_deck":["AscendersBane","Strike_B","Strike_B","Strike_B","Strike_B","Defend_B","Defend_B","Defend_B+1","Defend_B+1","Zap","Dualcast","Storm","Capacitor+1","BootSequence","Defragment"],"relics":["Cracked Core","Anchor","Toy Ornithopter","MawBank","War Paint"],"acts_visited":["Exordium"],"potions_floor_usage":[7,7],"damage_taken":[{"damage":7,"enemies":"Small Slimes","floor":1,"turns":4},{"damage":0,"enemies":"2 Louse","floor":3,"turns":2},{"damage":1,"enemies":"Cultist","floor":5,"turns":3},{"damage":53,"enemies":"3 Sentries","floor":7,"turns":10},{"damage":6,"enemies":"2 Fungi Beasts","floor":8,"turns":4},{"damage":9,"enemies":"Lagavulin","floor":10,"turns":5}],"seed_played":"5985131311133551424","potions_obtained":[{"floor":1,"key":"DuplicationPotion"},{"floor":5,"key":"ColorlessPotion"},{"floor":7,"key":"Dexterity Potion"}],"is_trial":false,"path_per_floor":["M","?","M","?","M","R","E","M","T","E"],"character_chosen":"DEFECT","items_purchased":[],"campfire_rested":0,"item_purchase_floors":[],"current_hp_per_floor":[57,50,50,55,54,54,11,5,5,0,0],"gold":254,"neow_bonus":"RANDOM_COMMON_RELIC","is_daily":false,"chose_seed":false,"campfire_upgraded":1,"win_rate":0.0,"timestamp":1613727844,"path_taken":["M","?","M","?","M","R","E","M","T","E"],"items_purchased_type":[],"build_version":"2020-12-22","purchased_purges":0,"victory":false,"max_hp_per_floor":[71,71,71,76,76,76,76,76,76,76,76],"card_choices":[{"not_picked":["Darkness","Stack","Rebound"],"picked":"SKIP","floor":1},{"not_picked":["Redo","Undo"],"picked":"Storm","floor":3},{"not_picked":["Gash","Rip and Tear"],"picked":"Capacitor","floor":5},{"not_picked":["Stack","Chaos"],"picked":"BootSequence","floor":7},{"not_picked":["Skim","Hologram"],"picked":"Defragment","floor":8}],"player_experience":798764,"relics_obtained":[{"floor":7,"key":"MawBank"},{"floor":9,"key":"War Paint"}],"event_choices":[{"damage_healed":0,"gold_gain":0,"player_choice":"Success","damage_taken":7,"relics_obtained":["Toy Ornithopter"],"max_hp_gain":0,"max_hp_loss":0,"event_name":"Scrap Ooze","floor":2,"gold_loss":0},{"damage_healed":0,"gold_gain":0,"player_choice":"Donut","damage_taken":0,"max_hp_gain":5,"max_hp_loss":0,"event_name":"Big Fish","floor":4,"gold_loss":0}],"is_beta":false,"boss_relics":[],"items_purged_floors":[],"is_endless":false,"potions_floor_spawned":[1,5,7],"killed_by":"Lagavulin","ascension_level":14}}