{"host":"z39atn33tyek63fd","time":1613694207,"event":{"mods":["BaseMod","Minty Spire (QoL Compilation)","everything is the same but u backflip on backflip"],"gold_per_floor":[118,132,132,132,142,142,142,160,234,245,245,245,42,58,58,137,137,147,147,6,0,17,17,17,17],"floor_reached":24,"language":"ENG","playtime":1247,"items_purged":[],"score":307,"play_id":"2cd75bd3-37df-4528-b455-f490c0590f2b","local_time":"20210218182327","is_ascension_mode":true,"campfire_choices":[{"data":"Envenom","floor":6,"key":"SMITH"},{"floor":11,"key":"REST"},{"data":"Catalyst","floor":15,"key":"SMITH"},{"data":"Glass Knife","floor":23,"key":"SMITH"}],"circlet_count":0,"master_deck":["AscendersBane","Strike_G","Strike_G","Strike_G","Strike_G","Strike_G","Defend_G","Defend_G","Defend_G","Defend_G","Defend_G","Survivor","Neutralize+1","PiercingWail","Envenom+1","Quick Slash","Dagger Spray+1","Deadly Poison","Glass Knife+1","Prepared","Catalyst+1","A Thousand Cuts","Deadly Poison","Cloak And Dagger","Bandage Up","Bane"],"relics":["Ring of the Snake","Eternal Feather","Pen Nib","SacredBark","Whetstone"],"acts_visited":["Exordium","TheCity"],"potions_floor_usage":[7,8,16,24],"damage_taken":[{"damage":8,"enemies":"Jaw Worm","floor":1,"turns":7},{"damage":16,"enemies":"Small Slimes","floor":2,"turns":5},{"damage":0,"enemies":"Cultist","floor":5,"turns":5},{"damage":16,"enemies":"The Mushroom Lair","floor":7,"turns":6},{"damage":2,"enemies":"Red Slaver","floor":8,"turns":4},{"damage":18,"enemies":"Exordium Thugs","floor":10,"turns":7},{"damage":7,"enemies":"Blue Slaver","floor":14,"turns":4},{"damage":44,"enemies":"Slime Boss","floor":16,"turns":9},{"damage":29,"enemies":"Chosen","floor":18,"turns":5},{"damage":13,"enemies":"3 Byrds","floor":22,"turns":5},{"damage":53,"enemies":"Book of Stabbing","floor":24,"turns":5}],"seed_played":"7144649973070867491","potions_obtained":[{"floor":2,"key":"Regen Potion"},{"floor":5,"key":"SmokeBomb"},{"floor":8,"key":"Fruit Juice"},{"floor":10,"key":"LiquidBronze"}],"is_trial":false,"path_per_floor":["M","M","?","$","M","R","?","M","T","M","R","?","$","M","R","B",null,"M","T","$","?","M","R","E"],"character_chosen":"THE_SILENT","items_purchased":["Pen Nib","Prepared","Cloak And Dagger","Bandage Up"],"campfire_rested":1,"item_purchase_floors":[13,13,20,20],"current_hp_per_floor":[62,46,46,46,46,46,30,33,33,15,48,48,48,41,53,24,68,39,39,39,39,30,45,0,0],"gold":17,"neow_bonus":"TEN_PERCENT_HP_BONUS","is_daily":false,"chose_seed":false,"campfire_upgraded":3,"win_rate":0.0,"timestamp":1613694207,"path_taken":["M","M","?","$","M","R","?","M","T","M","R","?","$","?","R","BOSS","M","?","?","?","M","R","E"],"items_purchased_type":["Relic","Card","Card","Card"],"build_version":"2020-12-22","purchased_purges":0,"victory":false,"max_hp_per_floor":[77,77,77,77,77,77,77,82,82,82,82,82,82,82,82,82,82,82,82,82,82,82,82,82,82],"card_choices":[{"not_picked":["Deflect","Dagger Throw"],"picked":"PiercingWail","floor":1},{"not_picked":["Flying Knee","Deflect"],"picked":"Envenom","floor":2},{"not_picked":["Outmaneuver","Sucker Punch"],"picked":"Quick Slash","floor":5},{"not_picked":["Terror","Poisoned Stab"],"picked":"Dagger Spray","floor":8},{"not_picked":["Calculated Gamble","Expertise"],"picked":"Deadly Poison","floor":10},{"not_picked":["Caltrops","Expertise"],"picked":"Catalyst","floor":14},{"not_picked":["Grand Finale","Tools of the Trade"],"picked":"A Thousand Cuts","floor":16},{"not_picked":["Outmaneuver","Dagger Throw"],"picked":"Deadly Poison","floor":18},{"not_picked":["Masterful Stab","Deadly Poison+1"],"picked":"Bane","floor":22}],"player_experience":815694,"relics_obtained":[{"floor":9,"key":"Eternal Feather"},{"floor":19,"key":"Whetstone"}],"event_choices":[{"damage_healed":0,"gold_gain":0,"player_choice":"Ignored","damage_taken":0,"max_hp_gain":0,"max_hp_loss":0,"event_name":"Golden Wing","floor":3,"gold_loss":0},{"damage_healed":0,"gold_gain":0,"player_choice":"Fought Mushrooms","damage_taken":0,"max_hp_gain":0,"max_hp_loss":0,"event_name":"Mushrooms","floor":7,"gold_loss":0},{"damage_healed":0,"gold_gain":0,"player_choice":"1 cards matched","damage_taken":0,"max_hp_gain":0,"max_hp_loss":0,"event_name":"Match and Keep!","floor":12,"gold_loss":0,"cards_obtained":["Glass Knife"]},{"damage_healed":0,"gold_gain":0,"player_choice":"Paid Fearfully","damage_taken":0,"max_hp_gain":0,"max_hp_loss":0,"event_name":"Masked Bandits","floor":21,"gold_loss":6}],"is_beta":false,"boss_relics":[{"not_picked":["Coffee Dripper","Snecko Eye"],"picked":"SacredBark"}],"items_purged_floors":[],"is_endless":false,"potions_floor_spawned":[2,5,8,10],"killed_by":"Book of Stabbing","ascension_level":13}}