{"host":"xp5rvh2jwe2ejyfm","time":1613740179,"event":{"mods":["2.2 Compatiblity","Aspiration","BaseMod","Better Altar","Better Match","Better Note","Better Sensory Stone","Better Skull","BetterRewards","Colored Powertips","Conspire","Downfall","GifTheSpireLib","Gremlin Mod","GungeonMod","Hermit","Hubris","Jorbs\u0027s Wanderer Trilogy","Minty Spire (QoL Compilation)","Potionbrewer","Quick Restart","Replay The Spire","Robot Space Explorer","Shade Mod","Somnambulant","StSLib","The Bug Knight","The Clintock","The Construct","The Cursed","The Disciple","The Forsaken","The Hierophant","The Marked","The Necromancer","The Runesmith","The Servant 0.9.4","The Valiant","The Witch","TheFirefly","thorton"],"gold_per_floor":[115,12,31,47,63,97,108,108,108,108,119,119,149,46,46,147,147,161,141,1,1,15,15,15],"floor_reached":23,"language":"ENG","playtime":833,"items_purged":[],"score":203,"play_id":"0bfb2f03-5fd7-4257-b347-c818143a43b4","local_time":"20210219080939","is_ascension_mode":false,"campfire_choices":[{"floor":8,"key":"REST"},{"floor":12,"key":"RECALL"},{"floor":15,"key":"REST"}],"circlet_count":0,"master_deck":["Strike_G","Strike_G","Strike_G","Strike_G","Strike_G","Defend_G","Defend_G","Defend_G","Defend_G","Defend_G","Survivor","Neutralize","Blade Dance","Underhanded Strike","hubris:SlightOfHand","Cloak And Dagger","ReplayTheSpireMod:Necrosis","Deadly Poison","Leg Sweep","Dagger Spray","Dagger Spray","Bane","Bane","Bane","Caltrops","A Thousand Cuts","conspire:DoublingDagger+1","Backflip+1","conspire:Banana","Prepared","Footwork"],"relics":["Ring of the Snake","NeowsBlessing","Runesmith:AutoHammer","aspiration:StickyExplosives_weak","DemoMod:ResourcefulSack","Black Star"],"acts_visited":["Exordium","TheCity"],"potions_floor_usage":[13,16,22,22],"damage_taken":[{"damage":0,"enemies":"2 Louse","floor":1,"turns":1},{"damage":0,"enemies":"Small Slimes","floor":3,"turns":1},{"damage":0,"enemies":"Jaw Worm","floor":4,"turns":1},{"damage":0,"enemies":"Large Slime","floor":5,"turns":7},{"damage":47,"enemies":"Lagavulin","floor":6,"turns":8},{"damage":0,"enemies":"Looter","floor":7,"turns":4},{"damage":3,"enemies":"2 Fungi Beasts","floor":11,"turns":3},{"damage":7,"enemies":"HollowMod:MossKnight","floor":13,"turns":5},{"damage":37,"enemies":"Hexaghost","floor":16,"turns":9},{"damage":20,"enemies":"3 Byrds","floor":18,"turns":4},{"damage":29,"enemies":"2 Thieves","floor":19,"turns":4},{"damage":26,"enemies":"Centurion and Healer","floor":22,"turns":7},{"damage":23,"enemies":"Slavers","floor":23,"turns":2}],"seed_played":"1707438513989001159","potions_obtained":[{"floor":3,"key":"DemoMod:LeadSkinPotion"},{"floor":7,"key":"Weak Potion"},{"floor":11,"key":"FairyPotion"},{"floor":16,"key":"Swift Potion"},{"floor":19,"key":"Guardian:BlockOnCardUsePotion"}],"is_trial":false,"path_per_floor":["M","$","M","M","M","E","M","R","T","?","M","R","E","$","R","B",null,"M","M","$","?","M","E"],"character_chosen":"THE_SILENT","items_purchased":["Underhanded Strike","hubris:SlightOfHand","Bane","Caltrops","conspire:Banana","Prepared"],"campfire_rested":2,"item_purchase_floors":[2,2,14,14,20,20],"current_hp_per_floor":[70,70,70,70,70,23,23,44,44,67,64,64,57,57,70,33,70,50,21,21,21,19,0,0],"gold":15,"neow_bonus":"THREE_ENEMY_KILL","is_daily":false,"chose_seed":false,"campfire_upgraded":0,"win_rate":0.0,"timestamp":1613740179,"path_taken":["M","$","M","M","M","E","M","R","T","?","M","R","E","$","R","BOSS","M","M","$","?","M","E"],"items_purchased_type":["Card","Card","Card","Card","Card","Card"],"build_version":"2020-12-22","purchased_purges":0,"victory":false,"max_hp_per_floor":[70,70,70,70,70,70,70,70,70,70,70,70,70,70,70,70,70,70,70,70,70,71,71,71],"card_choices":[{"not_picked":["Acrobatics","Heel Hook"],"picked":"Blade Dance","floor":1},{"not_picked":["Well Laid Plans","Expertise"],"picked":"Cloak And Dagger","floor":3},{"not_picked":["Crippling Poison","Outmaneuver"],"picked":"ReplayTheSpireMod:Necrosis","floor":4},{"not_picked":["Fluid Movement","Footwork"],"picked":"Deadly Poison","floor":5},{"not_picked":["Slice","Setup"],"picked":"Leg Sweep","floor":6},{"not_picked":["Bane","Deflect"],"picked":"Dagger Spray","floor":7},{"not_picked":["Deflect","hubris:SlightOfHand"],"picked":"Dagger Spray","floor":11},{"not_picked":["Dagger Throw","ReplayTheSpireMod:Tripwire"],"picked":"Bane","floor":13},{"not_picked":["Replay:Bag of Tricks","aspiration:Lunge"],"picked":"A Thousand Cuts","floor":16},{"not_picked":["Escape Plan","Hidden Blade"],"picked":"conspire:DoublingDagger+1","floor":18},{"not_picked":["ReplayTheSpireMod:Exploit Weakness","Underhanded Strike"],"picked":"Backflip+1","floor":19},{"not_picked":["Flying Knee","Blade Dance"],"picked":"Footwork","floor":22}],"player_experience":534896,"relics_obtained":[{"floor":6,"key":"Runesmith:AutoHammer"},{"floor":9,"key":"aspiration:StickyExplosives_weak"},{"floor":13,"key":"DemoMod:ResourcefulSack"}],"event_choices":[{"damage_healed":23,"gold_gain":0,"player_choice":"Banana","damage_taken":0,"max_hp_gain":0,"max_hp_loss":0,"event_name":"Big Fish","floor":10,"gold_loss":0},{"damage_healed":0,"gold_gain":0,"player_choice":"Got Potions","damage_taken":0,"max_hp_gain":0,"max_hp_loss":0,"event_name":"Lab","floor":21,"gold_loss":0}],"is_beta":false,"boss_relics":[{"not_picked":["hubris:RunicObelisk","Replay:Grab Bag"],"picked":"Black Star"}],"items_purged_floors":[],"is_endless":false,"potions_floor_spawned":[3,7,11,16,19],"killed_by":"Slavers","ascension_level":0}}