{"host":"raaimkojny05jekw","time":1613748678,"event":{"mods":["AchievementEnabler","BaseMod","Colored Map","Colored Powertips","DeckTracker","Minty Spire (QoL Compilation)","Quick Restart","Rare Cards Sparkle","everything is the same but u backflip on backflip"],"gold_per_floor":[112,112,112,130,130,130,172,201,247,58,79,99,124,124,124,228,228,244,244,266,266,266,266,291,291,291],"floor_reached":25,"language":"KOR","playtime":643,"items_purged":[],"score":362,"play_id":"f1a3123b-171b-4f64-b99a-51c65fdd2cfb","local_time":"20210220003118","is_ascension_mode":true,"campfire_choices":[{"data":"Sever Soul","floor":6,"key":"SMITH"},{"data":"Immolate","floor":15,"key":"SMITH"},{"data":"Demon Form","floor":23,"key":"SMITH"}],"circlet_count":0,"master_deck":["AscendersBane","Strike_R","Strike_R","Strike_R","Strike_R","Strike_R","Defend_R","Defend_R","Defend_R","Defend_R+1","Bash","Sever Soul+1","Combust+1","Demon Form+1","Thunderclap","Power Through","Fire Breathing","Battle Trance+1","Inflame","Immolate+1","Fiend Fire","Heavy Blade+1","Shrug It Off"],"relics":["Burning Blood","NeowsBlessing","CeramicFish","Strawberry","Odd Mushroom","Pantograph","Sozu","Nilry\u0027s Codex"],"acts_visited":["Exordium","TheCity"],"potions_floor_usage":[11,16],"damage_taken":[{"damage":0,"enemies":"Jaw Worm","floor":1,"turns":1},{"damage":0,"enemies":"2 Louse","floor":4,"turns":1},{"damage":0,"enemies":"Lagavulin","floor":7,"turns":1},{"damage":1,"enemies":"Cultist","floor":8,"turns":2},{"damage":26,"enemies":"The Mushroom Lair","floor":11,"turns":3},{"damage":22,"enemies":"Gremlin Gang","floor":12,"turns":5},{"damage":7,"enemies":"Exordium Thugs","floor":13,"turns":4},{"damage":22,"enemies":"Slime Boss","floor":16,"turns":5},{"damage":9,"enemies":"Chosen","floor":18,"turns":3},{"damage":22,"enemies":"Shell Parasite","floor":20,"turns":4},{"damage":23,"enemies":"Snake Plant","floor":24,"turns":4},{"damage":36,"enemies":"Gremlin Leader","floor":25,"turns":3}],"seed_played":"2692272511179117739","potions_obtained":[{"floor":4,"key":"Swift Potion"},{"floor":11,"key":"FearPotion"},{"floor":13,"key":"Fire Potion"}],"is_trial":false,"path_per_floor":["M","?","$","M","?","R","E","M","T","$","?","M","M","?","R","B",null,"M","?","M","?","?","R","M","E"],"character_chosen":"IRONCLAD","items_purchased":["Power Through","Fire Breathing","Battle Trance"],"campfire_rested":0,"item_purchase_floors":[10,10,10],"current_hp_per_floor":[78,83,83,85,68,68,74,79,86,86,66,50,49,49,49,58,84,81,81,65,49,49,49,32,0,0],"gold":291,"neow_bonus":"THREE_ENEMY_KILL","is_daily":false,"chose_seed":false,"campfire_upgraded":3,"win_rate":0.0,"timestamp":1613748678,"path_taken":["M","?","$","M","?","R","E","M","T","$","?","M","?","?","R","BOSS","M","?","?","?","?","R","M","E"],"items_purchased_type":["Card","Card","Card"],"build_version":"2020-12-22","purchased_purges":0,"victory":false,"max_hp_per_floor":[80,85,85,85,85,85,85,85,92,92,92,92,92,92,92,92,92,92,92,92,92,92,92,92,92,92],"card_choices":[{"not_picked":["Twin Strike","Thunderclap"],"picked":"Sever Soul","floor":1},{"not_picked":["Sever Soul","Iron Wave"],"picked":"Combust","floor":4},{"not_picked":["Rupture","Searing Blow"],"picked":"Demon Form","floor":7},{"not_picked":["Havoc","Perfected Strike"],"picked":"Thunderclap","floor":8},{"not_picked":["True Grit","Sentinel"],"picked":"Inflame","floor":12},{"not_picked":["True Grit","Cleave"],"picked":"Immolate","floor":13},{"not_picked":["Double Tap","Juggernaut"],"picked":"Fiend Fire","floor":16},{"not_picked":["Rage+1","Pommel Strike","Entrench"],"picked":"SKIP","floor":18},{"not_picked":["Cleave","Flame Barrier"],"picked":"Heavy Blade+1","floor":20},{"not_picked":["Body Slam","True Grit"],"picked":"Shrug It Off","floor":24}],"player_experience":775498,"relics_obtained":[{"floor":7,"key":"CeramicFish"},{"floor":9,"key":"Strawberry"},{"floor":11,"key":"Odd Mushroom"},{"floor":21,"key":"Nilry\u0027s Codex"}],"event_choices":[{"damage_healed":0,"gold_gain":0,"player_choice":"Donut","damage_taken":0,"max_hp_gain":5,"max_hp_loss":0,"event_name":"Big Fish","floor":2,"gold_loss":0},{"damage_healed":0,"gold_gain":0,"player_choice":"Entered Light","damage_taken":17,"max_hp_gain":0,"max_hp_loss":0,"event_name":"Shining Light","floor":5,"gold_loss":0,"cards_upgraded":["Combust","Defend_R"]},{"damage_healed":0,"gold_gain":0,"player_choice":"Fought Mushrooms","damage_taken":0,"max_hp_gain":0,"max_hp_loss":0,"event_name":"Mushrooms","floor":11,"gold_loss":0},{"damage_healed":0,"gold_gain":0,"player_choice":"Gave Potion","damage_taken":0,"relics_obtained":["Pantograph"],"max_hp_gain":0,"max_hp_loss":0,"event_name":"WeMeetAgain","floor":14,"gold_loss":0},{"damage_healed":0,"gold_gain":0,"player_choice":"Bought 0 Potions","damage_taken":0,"max_hp_gain":0,"max_hp_loss":0,"event_name":"The Woman in Blue","floor":19,"gold_loss":0},{"damage_healed":0,"gold_gain":0,"player_choice":"Obtained Book","damage_taken":16,"max_hp_gain":0,"max_hp_loss":0,"event_name":"Cursed Tome","floor":21,"gold_loss":0},{"damage_healed":0,"gold_gain":0,"player_choice":"Forge","damage_taken":0,"max_hp_gain":0,"max_hp_loss":0,"event_name":"Accursed Blacksmith","floor":22,"gold_loss":0,"cards_upgraded":["Battle Trance"]}],"is_beta":false,"boss_relics":[{"not_picked":["Astrolabe","SlaversCollar"],"picked":"Sozu"}],"items_purged_floors":[],"is_endless":false,"potions_floor_spawned":[4,11,13,18,24],"killed_by":"Gremlin Leader","ascension_level":12}}