{"host":"2c84cb4cp1emursg","time":1613779023,"event":{"mods":["Act Like it!","BaseMod","Better Third Choice","Bossed Relics","Downfall","Hermit","Mimic Mod","Minty Spire (QoL Compilation)","Permanent Neow","StSLib"],"gold_per_floor":[99,114,99,119,16,29,29,55,55,55,40,73,73,90,104,201,201,101,21,21,21,296,322,349,362,393,410,21,31,31,48,66,167,167,167,182,194,244,262,110,156,156,156,156],"floor_reached":42,"language":"ENG","playtime":2934,"items_purged":[],"score":588,"play_id":"dd911a5a-edc1-4533-904b-cc7fd543ba6b","local_time":"20210219165703","is_ascension_mode":true,"campfire_choices":[{"data":"Slimebound:Split","floor":1.0,"key":"SMITH"},{"floor":13.0,"key":"REST"},{"data":"Discovery","floor":18.0,"key":"SMITH"},{"data":"Slimebound:Teamwork","floor":30.0,"key":"SMITH"},{"floor":35,"key":"RECALL"}],"circlet_count":0,"master_deck":["Slimebound:Tackle","Slimebound:Defend_Slimebound","Slimebound:Defend_Slimebound","Slimebound:Defend_Slimebound","Slimebound:Defend_Slimebound","Slimebound:Split+1","Slimebound:CorrosiveSpit+1","Slimebound:LeechingTouch","Slimebound:FlameTackle","Slimebound:GoopTackle","Slimebound:LeechingTouch","Discovery+1","Slimebound:SplitAcid","Slimebound:TagTeam","Slimebound:Prepare","Slimebound:SplitMire","Slimebound:RollThrough","Slimebound:LeechLife","Slimebound:Teamwork+1","Slimebound:ProtectTheBoss","Slimebound:FlameTackle","Bite","Bite","Bite","Bite","Bite","Slimebound:Tackle+1","Slimebound:Tackle+1","Slimebound:Tackle+1","Regret","Slimebound:FinishingTackle","Slimebound:RejuvenatingLick","expansioncontent:AwakenDeath","Slimebound:SamplingLick+1","Slimebound:Gluttony","Slimebound:MassFeed","Slimebound:Prepare+1","Slimebound:Gluttony+1","Parasite","Slimebound:RejuvenatingLick+1","expansioncontent:AwakenDeath"],"relics":["Slimebound:AbsorbEndCombatUpgraded","Lizard Tail","Potion Belt","Pear","expansioncontent:StudyCardRelic","downfall:HeartBlessingGreen","Slimebound:SelfDamagePreventRelic","Bottled Flame","Calipers","Strawberry","Tiny Chest","Slimebound:PotencyRelic","Ice Cream","DollysMirror"],"acts_visited":["Exordium","TheCity","TheBeyond"],"potions_floor_usage":[38,39,42],"damage_taken":[{"damage":4.0,"enemies":"2 Louse","floor":2.0,"turns":3.0},{"damage":14.0,"enemies":"downfall:FleeingMerchant","floor":3.0,"turns":4.0},{"damage":6.0,"enemies":"Cultist","floor":4.0,"turns":3.0},{"damage":33.0,"enemies":"downfall:FleeingMerchant","floor":5.0,"turns":4.0},{"damage":0.0,"enemies":"Jaw Worm","floor":6.0,"turns":3.0},{"damage":22.0,"enemies":"3 Sentries","floor":8.0,"turns":5.0},{"damage":0.0,"enemies":"downfall:FleeingMerchant","floor":11.0,"turns":4.0},{"damage":18.0,"enemies":"Lagavulin","floor":12.0,"turns":5.0},{"damage":5.0,"enemies":"downfall:LooterAlt","floor":14.0,"turns":2.0},{"damage":2.0,"enemies":"Large Slime","floor":15.0,"turns":3.0},{"damage":7.0,"enemies":"SI_SHIV_ARCHETYPE","floor":16.0,"turns":4.0},{"damage":15.0,"enemies":"downfall:FleeingMerchant","floor":19.0,"turns":3.0},{"damage":30.0,"enemies":"Gremlin Leader","floor":23.0,"turns":6.0},{"damage":5.0,"enemies":"Spheric Guardian","floor":25.0,"turns":3.0},{"damage":47.0,"enemies":"Book of Stabbing","floor":26.0,"turns":4.0},{"damage":41.0,"enemies":"3 Byrds","floor":27.0,"turns":4.0},{"damage":15.0,"enemies":"Cultist and Chosen","floor":29.0,"turns":5.0},{"damage":22.0,"enemies":"Snecko","floor":31.0,"turns":4.0},{"damage":3.0,"enemies":"3 Cultists","floor":32.0,"turns":3.0},{"damage":40.0,"enemies":"IC_MUSHROOM_ARCHETYPE","floor":33.0,"turns":8.0},{"damage":27,"enemies":"Orb Walker","floor":36,"turns":3},{"damage":28,"enemies":"3 Shapes","floor":37,"turns":3},{"damage":3,"enemies":"3 Shapes","floor":38,"turns":3},{"damage":27,"enemies":"Writhing Mass","floor":39,"turns":3},{"damage":125,"enemies":"Giant Head","floor":42,"turns":8}],"seed_played":"-6782529262832713923","potions_obtained":[{"floor":4.0,"key":"FairyPotion"},{"floor":6.0,"key":"DuplicationPotion"},{"floor":8.0,"key":"CultistPotion"},{"floor":10.0,"key":"sneckomod:MuddlingPotion"},{"floor":10.0,"key":"Energy Potion"},{"floor":10.0,"key":"ColorlessPotion"},{"floor":12.0,"key":"hexamod:SoulburnPotion"},{"floor":14.0,"key":"AttackPotion"},{"floor":16.0,"key":"FairyPotion"},{"floor":25.0,"key":"Block Potion"},{"floor":27.0,"key":"Slimebound:SlimedPotion"},{"floor":29.0,"key":"DuplicationPotion"},{"floor":31.0,"key":"Swift Potion"},{"floor":33.0,"key":"Explosive Potion"},{"floor":38,"key":"Fruit Juice"}],"is_trial":false,"path_per_floor":["R","M","$","M","$","M","T","E","?","?","$","E","R","M","M","B",null,"R","$","?","?","?","E","T","M","E","M","$","M","R","M","M","B",null,"R","M","M","?","M","$","T","E"],"character_chosen":"SLIMEBOUND","items_purchased":["Discovery","Slimebound:SelfDamagePreventRelic","Slimebound:FlameTackle","Bottled Flame","Slimebound:PotencyRelic","expansioncontent:AwakenDeath","DollysMirror"],"campfire_rested":1,"item_purchase_floors":[5,19,19,19,28,28,40],"current_hp_per_floor":[65,63,53,51,24,28,28,8,8,8,14,14,36,35,37,32,75,75,60,52,52,52,36,43,42,19,7,7,12,12,31,36,25,59,59,44,19,31,16,16,16,0,0,0],"gold":156,"neow_bonus":"UPGRADE_CARD","is_daily":false,"chose_seed":false,"campfire_upgraded":3,"win_rate":0.0,"timestamp":1613779023,"path_taken":["R","M","$","M","$","M","T","E","?","?","$","E","R","?","M","BOSS","R","?","?","?","?","E","T","M","E","M","$","M","R","M","M","BOSS","R","M","M","?","M","$","T","E"],"items_purchased_type":["Card","Relic","Card","Relic","Relic","Card","Relic"],"build_version":"2020-12-22","purchased_purges":0,"victory":false,"max_hp_per_floor":[65,65,65,65,65,65,65,65,65,65,65,75,75,75,75,75,75,75,75,52,52,52,52,59,59,59,59,59,59,59,59,59,59,59,59,59,59,64,64,64,64,64,64,64],"card_choices":[{"not_picked":["Slimebound:ItLooksTasty","Slimebound:SlimeSpikes"],"picked":"Slimebound:LeechingTouch","floor":2.0},{"not_picked":["Slimebound:HauntingLick","Slimebound:Grow"],"picked":"Slimebound:FlameTackle","floor":3.0},{"not_picked":["Slimebound:Replication","Slimebound:FinishingTackle"],"picked":"Slimebound:GoopTackle","floor":4.0},{"not_picked":["Slimebound:RainOfGoop","Slimebound:SamplingLick"],"picked":"Slimebound:LeechingTouch","floor":5.0},{"not_picked":["Slimebound:DivideAndConquer","Slimebound:ServeAndProtect"],"picked":"Slimebound:SplitAcid","floor":6.0},{"not_picked":["Slimebound:ProtectTheBoss","Slimebound:GoopTackle"],"picked":"Slimebound:TagTeam","floor":8.0},{"not_picked":["Slimebound:ItLooksTasty","Slimebound:LeadByExample"],"picked":"Slimebound:Prepare","floor":11.0},{"not_picked":["Slimebound:TongueLash","Slimebound:SplitBruiser"],"picked":"Slimebound:SplitMire","floor":12.0},{"not_picked":["Slimebound:ItLooksTasty","Slimebound:SlimeSpikes"],"picked":"Slimebound:RollThrough","floor":14.0},{"not_picked":["Slimebound:ServeAndProtect","Slimebound:SamplingLick"],"picked":"Slimebound:LeechLife","floor":15.0},{"not_picked":["Slimebound:FirmFortitude","Slimebound:MassRepurpose"],"picked":"Slimebound:Teamwork","floor":16.0},{"not_picked":["Slimebound:SlimeTap","Slimebound:ViciousTackle"],"picked":"Slimebound:ProtectTheBoss","floor":19.0},{"not_picked":["Slimebound:ProtectTheBoss","Slimebound:LeechEnergy"],"picked":"Slimebound:FinishingTackle","floor":23.0},{"not_picked":["Slimebound:Dissolve","Slimebound:RejuvenatingLick","Slimebound:SlimeSpikes+1"],"picked":"SKIP","floor":25.0},{"not_picked":["Slimebound:ItLooksTasty+1","Slimebound:HauntingLick","Slimebound:SlimeSlap"],"picked":"SKIP","floor":26.0},{"not_picked":["Slimebound:LivingWall","Slimebound:DivideAndConquer"],"picked":"Slimebound:RejuvenatingLick","floor":27.0},{"not_picked":["Slimebound:LivingWall","Slimebound:PressTheAttack"],"picked":"Slimebound:SamplingLick+1","floor":29.0},{"not_picked":["Slimebound:SlimeSpikes","Slimebound:SplitAcid+1"],"picked":"Slimebound:Gluttony","floor":31.0},{"not_picked":["Slimebound:SpikyOuterGoop","Slimebound:SlimeSpikes","Slimebound:TongueLash"],"picked":"SKIP","floor":32.0},{"not_picked":["Slimebound:MinionMaster","Slimebound:TagTeam"],"picked":"Slimebound:MassFeed","floor":33.0},{"not_picked":["Slimebound:GoopSpray+1","Slimebound:FlameTackle+1"],"picked":"Slimebound:Prepare+1","floor":36},{"not_picked":["Slimebound:HungryTackle+1","Slimebound:SplitMire+1","Slimebound:RollThrough+1"],"picked":"SKIP","floor":37},{"not_picked":["Slimebound:FinishingTackle+1","Slimebound:HauntingLick"],"picked":"Slimebound:Gluttony+1","floor":38},{"not_picked":["Slimebound:GoopTackle","Slimebound:SamplingLick"],"picked":"Slimebound:RejuvenatingLick+1","floor":39}],"player_experience":670323,"relics_obtained":[{"floor":7.0,"key":"Lizard Tail"},{"floor":8.0,"key":"Potion Belt"},{"floor":12.0,"key":"Pear"},{"floor":23.0,"key":"Calipers"},{"floor":24.0,"key":"Strawberry"},{"floor":26.0,"key":"Tiny Chest"},{"floor":38,"key":"Ice Cream"}],"event_choices":[{"damage_healed":0.0,"max_hp_gain":0.0,"max_hp_loss":0.0,"gold_gain":0.0,"event_name":"Lab","player_choice":"Got Potions","floor":10.0,"gold_loss":0.0,"damage_taken":0.0},{"damage_healed":0.0,"max_hp_gain":0.0,"max_hp_loss":23.0,"gold_gain":0.0,"event_name":"Vampires","player_choice":"Became a vampire","floor":20.0,"gold_loss":0.0,"damage_taken":0.0,"cards_obtained":["Bite","Bite","Bite","Bite","Bite"]}],"is_beta":false,"boss_relics":[{"not_picked":["Slimebound:TarBlob","SlaversCollar"],"picked":"expansioncontent:StudyCardRelic"},{"not_picked":["Astrolabe","Sozu"],"picked":"Slimebound:AbsorbEndCombatUpgraded"}],"items_purged_floors":[],"is_endless":false,"potions_floor_spawned":[4,6,8,12,14,16,25,27,29,31,33,38],"killed_by":"Giant Head","ascension_level":3}}