{"host":"sc0o2qwpf9j16a4i","time":1613771177,"event":{"mods":["AchievementEnabler","BaseMod","BetterRewards","Block Reminder","Colored Map","Colored Powertips","Custom Start","Highlight Path","Minty Spire (QoL Compilation)","Relic Stats"],"gold_per_floor":[119,134,146,221,221,254,254,284,284,284,295,315,315,351,351,463,463,474,502,502,30,30,65,65,106,156,199,236,236,263,298,298,406,406,426,426,447,502,534,584,23,55,55,90,118,118,162,183,183,183],"floor_reached":51,"language":"ENG","playtime":2142,"items_purged":[],"score":1338,"play_id":"ea1f30d2-d740-48dd-8841-42702e6b96e7","local_time":"20210219234617","daily_mods":["Specialized","Red Cards","DeadlyEvents"],"is_ascension_mode":false,"campfire_choices":[{"floor":7.0,"key":"REST"},{"floor":15.0,"key":"REST"},{"data":"Neutralize","floor":24.0,"key":"SMITH"},{"data":"Blade Dance","floor":29.0,"key":"SMITH"},{"data":"Dual Wield","floor":32.0,"key":"SMITH"},{"data":"Defend_G","floor":46.0,"key":"PURGE"},{"data":"Defend_G","floor":49.0,"key":"PURGE"}],"circlet_count":0,"master_deck":["Strike_G","Strike_G","Strike_G","Strike_G","Strike_G","Defend_G","Defend_G","Survivor","Neutralize+1","Endless Agony","Endless Agony","Endless Agony","Endless Agony","Endless Agony","Headbutt","Terror+1","Dual Wield+1","Feel No Pain+1","Corpse Explosion","PiercingWail","Shrug It Off","Shrug It Off+1","Footwork+1","Blade Dance+1","Deflect","Blade Dance","Juggernaut+1","Dual Wield+1","Backstab+1","Inflame+1","Crippling Poison+1","Acrobatics+1","Shrug It Off","Dodge and Roll+1","Burst","Cloak And Dagger+1","Acrobatics+1","Deflect+1","Spot Weakness+1","Backflip+1","Shrug It Off+1"],"relics":["Ring of the Snake","The Courier","WingedGreaves","Thread and Needle","CaptainsWheel","Frozen Egg 2","CeramicFish","Black Star","Lee\u0027s Waffle","Prayer Wheel","Happy Flower","Toy Ornithopter","Blue Candle","Smiling Mask","Strawberry","Oddly Smooth Stone","Ornamental Fan","Bird Faced Urn","Mummified Hand","Shuriken","Fusion Hammer","Incense Burner","MawBank","StrikeDummy","Peace Pipe","Bottled Lightning","FossilizedHelix","Orrery","Vajra","Darkstone Periapt","Bag of Preparation","Mango","Bronze Scales","Molten Egg 2"],"acts_visited":["Exordium","TheCity","TheBeyond"],"potions_floor_usage":[50],"damage_taken":[{"damage":0.0,"enemies":"Small Slimes","floor":1.0,"turns":2.0},{"damage":0.0,"enemies":"2 Louse","floor":2.0,"turns":1.0},{"damage":0.0,"enemies":"Jaw Worm","floor":3.0,"turns":3.0},{"damage":17.0,"enemies":"Lagavulin","floor":6.0,"turns":8.0},{"damage":20.0,"enemies":"3 Sentries","floor":8.0,"turns":10.0},{"damage":0.0,"enemies":"Lots of Slimes","floor":11.0,"turns":4.0},{"damage":0.0,"enemies":"Blue Slaver","floor":12.0,"turns":3.0},{"damage":0.0,"enemies":"Lagavulin","floor":14.0,"turns":5.0},{"damage":19.0,"enemies":"Slime Boss","floor":16.0,"turns":15.0},{"damage":8.0,"enemies":"Shell Parasite","floor":18.0,"turns":6.0},{"damage":2.0,"enemies":"3 Byrds","floor":19.0,"turns":3.0},{"damage":7.0,"enemies":"Book of Stabbing","floor":23.0,"turns":7.0},{"damage":9.0,"enemies":"Slavers","floor":25.0,"turns":4.0},{"damage":0.0,"enemies":"Book of Stabbing","floor":27.0,"turns":8.0},{"damage":0.0,"enemies":"Shelled Parasite and Fungi","floor":28.0,"turns":6.0},{"damage":0.0,"enemies":"Gremlin Leader","floor":30.0,"turns":8.0},{"damage":0.0,"enemies":"Centurion and Healer","floor":31.0,"turns":2.0},{"damage":0.0,"enemies":"Automaton","floor":33.0,"turns":11.0},{"damage":0.0,"enemies":"3 Darklings","floor":35.0,"turns":3.0},{"damage":1.0,"enemies":"Orb Walker","floor":37.0,"turns":3.0},{"damage":0.0,"enemies":"2 Orb Walkers","floor":38.0,"turns":5.0},{"damage":2.0,"enemies":"Nemesis","floor":39.0,"turns":5.0},{"damage":0.0,"enemies":"Reptomancer","floor":40.0,"turns":5.0},{"damage":0.0,"enemies":"3 Darklings","floor":42.0,"turns":3.0},{"damage":0.0,"enemies":"Giant Head","floor":44.0,"turns":5.0},{"damage":0.0,"enemies":"Transient","floor":45.0,"turns":5.0},{"damage":0.0,"enemies":"Reptomancer","floor":47.0,"turns":3.0},{"damage":0.0,"enemies":"Jaw Worm Horde","floor":48.0,"turns":1.0},{"damage":0,"enemies":"Awakened One","floor":50,"turns":12}],"seed_played":"7834152521351135600","potions_obtained":[{"floor":6.0,"key":"BlessingOfTheForge"},{"floor":11.0,"key":"Block Potion"},{"floor":12.0,"key":"SkillPotion"},{"floor":18.0,"key":"ColorlessPotion"},{"floor":25.0,"key":"SteroidPotion"},{"floor":30.0,"key":"DistilledChaos"},{"floor":33.0,"key":"CunningPotion"},{"floor":39.0,"key":"LiquidMemories"},{"floor":40.0,"key":"Swift Potion"},{"floor":47.0,"key":"Fire Potion"}],"is_trial":true,"path_per_floor":["M","M","M","?","?","E","R","E","T","?","M","M","T","E","R","B",null,"M","M","?","$","?","E","R","E","T","E","M","R","E","M","R","B",null,"M","?","M","?","E","E","$","M","T","E","M","R","E","M","R","B",null],"character_chosen":"THE_SILENT","items_purchased":["Lee\u0027s Waffle","Prayer Wheel","Happy Flower","FossilizedHelix","Orrery","Vajra","Burst"],"campfire_rested":2,"item_purchase_floors":[21,21,21,41,41,41,41],"current_hp_per_floor":[70,70,70,59,47,30,51,31,31,31,31,31,31,31,52,33,70,62,60,47,82,82,75,75,73,73,73,75,75,79,79,79,87,89,89,89,88,89,89,89,89,89,89,103,103,103,103,103,103,103],"gold":183,"neow_bonus":"","is_daily":false,"chose_seed":false,"campfire_upgraded":3,"win_rate":0.0,"timestamp":1613771177,"path_taken":["M","M","?","?","?","E","R","?","T","?","?","M","?","E","R","BOSS","M","?","?","$","?","E","R","?","T","E","M","R","E","M","R","BOSS","M","?","M","?","?","E","$","M","T","E","M","R","E","M","R","BOSS"],"items_purchased_type":["Relic","Relic","Relic","Relic","Relic","Relic","Card"],"build_version":"2020-12-22","purchased_purges":0,"victory":true,"max_hp_per_floor":[70,70,70,70,70,70,70,70,70,70,70,70,70,70,70,70,70,70,70,75,82,82,82,82,89,89,89,89,89,89,89,89,89,89,89,89,89,89,89,89,89,89,89,103,103,103,103,103,103,103],"relic_stats":{"Darkstone Periapt":0,"Lee\u0027s Waffle":35,"Happy Flower":[32],"counters":[29,156],"CeramicFish":216,"Blue Candle":[0],"Bag of Preparation":[10],"Smiling Mask":0,"MawBank":24,"Peace Pipe":2,"Ornamental Fan":[300],"Mummified Hand":[51],"Shuriken":[65],"Bird Faced Urn":[17],"Bronze Scales":[63],"Prayer Wheel":7,"Black Star":8,"obtain_stats":[{"Darkstone Periapt":43,"CeramicFish":14,"Vajra":41,"Mango":44,"Incense Burner":38,"Bag of Preparation":44,"Smiling Mask":25,"Mummified Hand":30,"Strawberry":25,"Prayer Wheel":21,"WingedGreaves":6,"Fusion Hammer":34,"Ring of the Snake":0,"Lee\u0027s Waffle":21,"Happy Flower":21,"Blue Candle":23,"Oddly Smooth Stone":26,"Thread and Needle":8,"The Courier":5,"Frozen Egg 2":13,"MawBank":39,"Peace Pipe":40,"CaptainsWheel":9,"Ornamental Fan":27,"Shuriken":30,"Bird Faced Urn":27,"Bronze Scales":47,"Orrery":41,"Molten Egg 2":47,"Black Star":17,"Bottled Lightning":40,"StrikeDummy":39,"Toy Ornithopter":23,"FossilizedHelix":41},{"Darkstone Periapt":24,"CeramicFish":8,"Vajra":23,"Mango":25,"Incense Burner":21,"Bag of Preparation":25,"Smiling Mask":13,"Mummified Hand":16,"Strawberry":13,"Prayer Wheel":11,"WingedGreaves":4,"Fusion Hammer":18,"Ring of the Snake":0,"Lee\u0027s Waffle":11,"Happy Flower":11,"Blue Candle":12,"Oddly Smooth Stone":13,"Thread and Needle":5,"The Courier":3,"Frozen Egg 2":7,"MawBank":22,"Peace Pipe":23,"CaptainsWheel":5,"Ornamental Fan":14,"Shuriken":16,"Bird Faced Urn":14,"Bronze Scales":27,"Orrery":23,"Molten Egg 2":27,"Black Star":9,"Bottled Lightning":23,"StrikeDummy":22,"Toy Ornithopter":12,"FossilizedHelix":23},{"Darkstone Periapt":130,"CeramicFish":36,"Vajra":127,"Mango":135,"Incense Burner":117,"Bag of Preparation":135,"Smiling Mask":71,"Mummified Hand":93,"Strawberry":71,"Prayer Wheel":60,"WingedGreaves":14,"Fusion Hammer":106,"Ring of the Snake":0,"Lee\u0027s Waffle":60,"Happy Flower":60,"Blue Candle":67,"Oddly Smooth Stone":71,"Thread and Needle":24,"The Courier":6,"Frozen Egg 2":31,"MawBank":122,"Peace Pipe":127,"CaptainsWheel":24,"Ornamental Fan":79,"Shuriken":93,"Bird Faced Urn":79,"Bronze Scales":143,"Orrery":127,"Molten Egg 2":143,"Black Star":51,"Bottled Lightning":127,"StrikeDummy":122,"Toy Ornithopter":67,"FossilizedHelix":127}],"Toy Ornithopter":0,"Ring of the Snake":[65]},"card_choices":[{"not_picked":["Cleave","Clash","Pommel Strike"],"picked":"SKIP","floor":1.0},{"not_picked":["Havoc","Second Wind","Twin Strike"],"picked":"SKIP","floor":2.0},{"not_picked":["Accuracy","Body Slam"],"picked":"Headbutt","floor":3.0},{"not_picked":["Metallicize","Bane"],"picked":"Terror","floor":6.0},{"not_picked":["Sword Boomerang","Perfected Strike","Pommel Strike"],"picked":"SKIP","floor":8.0},{"not_picked":["Iron Wave","Heavy Blade"],"picked":"Dual Wield","floor":11.0},{"not_picked":["Burning Pact","Heavy Blade","Tools of the Trade"],"picked":"SKIP","floor":12.0},{"not_picked":["Outmaneuver","Backstab"],"picked":"Feel No Pain+1","floor":14.0},{"not_picked":["Bludgeon","Burst"],"picked":"Corpse Explosion","floor":16.0},{"not_picked":["Reckless Charge","Setup+1","Headbutt"],"picked":"SKIP","floor":18.0},{"not_picked":["Dodge and Roll+1","Clash"],"picked":"PiercingWail","floor":19.0},{"not_picked":["Perfected Strike","Berserk+1","Clash"],"picked":"SKIP","floor":23.0},{"not_picked":["Expertise","Fire Breathing+1"],"picked":"Shrug It Off","floor":25.0},{"not_picked":["Heavy Blade","Body Slam"],"picked":"Shrug It Off+1","floor":27.0},{"not_picked":["Acrobatics","Slice"],"picked":"Footwork+1","floor":28.0},{"not_picked":["PiercingWail","All Out Attack"],"picked":"Blade Dance","floor":28.0},{"not_picked":["Power Through+1","Sucker Punch","Catalyst"],"picked":"SKIP","floor":30.0},{"not_picked":["Hemokinesis+1","Outmaneuver+1"],"picked":"Deflect","floor":31.0},{"not_picked":["Cleave","Outmaneuver+1"],"picked":"Blade Dance","floor":31.0},{"not_picked":["Glass Knife","Grand Finale"],"picked":"Juggernaut+1","floor":33.0},{"not_picked":["Warcry+1","Headbutt"],"picked":"Dual Wield+1","floor":35.0},{"not_picked":["Warcry","Sentinel+1","Bane+1"],"picked":"SKIP","floor":35.0},{"not_picked":["Blade Dance","Cleave+1"],"picked":"Backstab+1","floor":37.0},{"not_picked":["Flex","Infernal Blade","Heavy Blade"],"picked":"SKIP","floor":37.0},{"not_picked":["Masterful Stab","Heavy Blade"],"picked":"Inflame+1","floor":38.0},{"not_picked":["Skewer","Outmaneuver","Infernal Blade+1"],"picked":"SKIP","floor":39.0},{"not_picked":["Power Through","Dagger Throw"],"picked":"Crippling Poison+1","floor":40.0},{"not_picked":["Dash","Flying Knee+1"],"picked":"Acrobatics+1","floor":41.0},{"not_picked":["Dodge and Roll","Accuracy+1"],"picked":"Shrug It Off","floor":41.0},{"not_picked":["Body Slam+1","Bane+1"],"picked":"Dodge and Roll+1","floor":41.0},{"not_picked":["Body Slam+1","Underhanded Strike+1"],"picked":"Cloak And Dagger+1","floor":42.0},{"not_picked":["Reflex","Poisoned Stab+1"],"picked":"Acrobatics+1","floor":42.0},{"not_picked":["Poisoned Stab","Slice+1","Tools of the Trade+1"],"picked":"SKIP","floor":44.0},{"not_picked":["Headbutt","Catalyst"],"picked":"Deflect+1","floor":45.0},{"not_picked":["Dagger Throw","Twin Strike+1"],"picked":"Spot Weakness+1","floor":45.0},{"not_picked":["Flame Barrier","Rupture+1"],"picked":"Backflip+1","floor":47.0},{"not_picked":["Caltrops+1","Bane+1"],"picked":"Shrug It Off+1","floor":48.0},{"not_picked":["Caltrops+1","Perfected Strike+1","Cleave+1"],"picked":"SKIP","floor":48.0}],"player_experience":1501286,"relics_obtained":[{"floor":6.0,"key":"WingedGreaves"},{"floor":8.0,"key":"Thread and Needle"},{"floor":9.0,"key":"CaptainsWheel"},{"floor":13.0,"key":"Frozen Egg 2"},{"floor":14.0,"key":"CeramicFish"},{"floor":23.0,"key":"Toy Ornithopter"},{"floor":23.0,"key":"Blue Candle"},{"floor":25.0,"key":"Smiling Mask"},{"floor":25.0,"key":"Strawberry"},{"floor":26.0,"key":"Oddly Smooth Stone"},{"floor":27.0,"key":"Ornamental Fan"},{"floor":27.0,"key":"Bird Faced Urn"},{"floor":30.0,"key":"Mummified Hand"},{"floor":30.0,"key":"Shuriken"},{"floor":38.0,"key":"Incense Burner"},{"floor":39.0,"key":"MawBank"},{"floor":39.0,"key":"StrikeDummy"},{"floor":40.0,"key":"Peace Pipe"},{"floor":40.0,"key":"Bottled Lightning"},{"floor":43.0,"key":"Darkstone Periapt"},{"floor":44.0,"key":"Bag of Preparation"},{"floor":44.0,"key":"Mango"},{"floor":47.0,"key":"Bronze Scales"},{"floor":47.0,"key":"Molten Egg 2"}],"event_choices":[{"damage_healed":0.0,"max_hp_gain":0.0,"max_hp_loss":0.0,"gold_gain":75.0,"event_name":"World of Goop","player_choice":"Gather Gold","floor":4.0,"gold_loss":0.0,"damage_taken":11.0},{"damage_healed":0.0,"max_hp_gain":0.0,"max_hp_loss":0.0,"gold_gain":0.0,"event_name":"Scrap Ooze","player_choice":"Success","floor":5.0,"gold_loss":0.0,"damage_taken":12.0,"relics_obtained":["The Courier"]},{"damage_healed":0.0,"max_hp_gain":0.0,"max_hp_loss":0.0,"gold_gain":0.0,"event_name":"Living Wall","player_choice":"Grow","floor":10.0,"gold_loss":0.0,"damage_taken":0.0,"cards_upgraded":["Terror"]},{"damage_healed":0.0,"max_hp_gain":5.0,"max_hp_loss":0.0,"gold_gain":0.0,"event_name":"Forgotten Altar","player_choice":"Shed Blood","floor":20.0,"gold_loss":0.0,"damage_taken":18.0},{"cards_removed":["Defend_G"],"damage_healed":0.0,"max_hp_gain":0.0,"max_hp_loss":0.0,"gold_gain":0.0,"event_name":"Falling","player_choice":"Removed Skill","floor":36.0,"gold_loss":0.0,"damage_taken":0.0},{"damage_healed":0.0,"max_hp_gain":0.0,"max_hp_loss":0.0,"gold_gain":0.0,"event_name":"Mysterious Sphere","player_choice":"Fight","floor":38.0,"gold_loss":0.0,"damage_taken":0.0}],"is_beta":false,"boss_relics":[{"not_picked":["Busted Crown","Ring of the Serpent"],"picked":"Black Star"},{"not_picked":["Runic Dome","Runic Pyramid"],"picked":"Fusion Hammer"}],"items_purged_floors":[],"is_endless":false,"potions_floor_spawned":[6,11,12,18,25,30,33,39,40,44,47,48],"ascension_level":0}}