{"host":"7qoz5gmva6til3yp","time":1613763115,"event":{"mods":["2.2 Compatiblity","BaseMod","Minty Spire (QoL Compilation)","StSLib","SuperFastMode"],"gold_per_floor":[116,116,132,64,74,74,74,107,153,183,2,2,36,49,49,127,1127,1052,1052,977,977,977,977,977,977,977,977,977,977,754,754,754,754,754,754,754,754,577,577,577,577,577,577,577,173,173,173,173,173,173,173,173,61,61,61],"floor_reached":56,"language":"KOR","playtime":1699,"items_purged":["Defend_P","Strike_P","Defend_P","Strike_P","Swivel+1"],"score":2123,"play_id":"5f91f2d1-8d30-4558-bfc0-ce6dedddb1f7","local_time":"20210220043155","is_ascension_mode":true,"campfire_choices":[{"data":"Eruption","floor":6.0,"key":"SMITH"},{"data":"Fasting2","floor":15.0,"key":"SMITH"},{"data":"DevaForm","floor":23.0,"key":"SMITH"},{"data":"WheelKick","floor":27.0,"key":"SMITH"},{"data":"Ragnarok","floor":32.0,"key":"SMITH"},{"data":"Wallop","floor":41.0,"key":"SMITH"},{"data":"EmptyMind","floor":44.0,"key":"SMITH"},{"floor":47.0,"key":"REST"},{"floor":49.0,"key":"REST"},{"data":"Vigilance","floor":52.0,"key":"SMITH"}],"circlet_count":0,"master_deck":["AscendersBane","Eruption+1","Vigilance+1","Wallop+1","DevaForm+1","WheelKick+1","Fasting2+1","EmptyMind+1","FlurryOfBlows+1","Omniscience+1","Ragnarok+1","Prostrate+1","Swivel+1","Master of Strategy+1","DeusExMachina+1","Devotion+1","CrushJoints+1","Scrawl+1","Alpha+1","ConjureBlade+1","Wish+1"],"relics":["PureWater","Bag of Marbles","PreservedInsect","Potion Belt","Toxic Egg 2","Membership Card","Art of War","Ectoplasm","Nunchaku","Strawberry","Bag of Preparation","Nloth\u0027s Gift","Astrolabe","Lee\u0027s Waffle","Pen Nib","Ornamental Fan","Chemical X","Whetstone","Omamori","Du-Vu Doll","White Beast Statue"],"acts_visited":["Exordium","TheCity","TheBeyond","TheEnding"],"potions_floor_usage":[55,55],"damage_taken":[{"damage":0.0,"enemies":"Small Slimes","floor":1.0,"turns":3.0},{"damage":0.0,"enemies":"Cultist","floor":3.0,"turns":3.0},{"damage":9.0,"enemies":"Jaw Worm","floor":5.0,"turns":4.0},{"damage":9.0,"enemies":"Lagavulin","floor":8.0,"turns":6.0},{"damage":37.0,"enemies":"3 Sentries","floor":10.0,"turns":9.0},{"damage":0.0,"enemies":"Gremlin Nob","floor":13.0,"turns":2.0},{"damage":0.0,"enemies":"Exordium Thugs","floor":14.0,"turns":1.0},{"damage":16.0,"enemies":"The Guardian","floor":16.0,"turns":7.0},{"damage":31.0,"enemies":"2 Thieves","floor":18.0,"turns":4.0},{"damage":0.0,"enemies":"3 Byrds","floor":19.0,"turns":1.0},{"damage":38.0,"enemies":"Gremlin Leader","floor":24.0,"turns":3.0},{"damage":10.0,"enemies":"Snecko","floor":25.0,"turns":3.0},{"damage":24.0,"enemies":"Book of Stabbing","floor":28.0,"turns":3.0},{"damage":18.0,"enemies":"Snake Plant","floor":29.0,"turns":3.0},{"damage":54.0,"enemies":"Automaton","floor":33.0,"turns":8.0},{"damage":25.0,"enemies":"3 Darklings","floor":35.0,"turns":3.0},{"damage":0.0,"enemies":"Orb Walker","floor":36.0,"turns":1.0},{"damage":17.0,"enemies":"Transient","floor":37.0,"turns":5.0},{"damage":0.0,"enemies":"Mind Bloom Boss Battle","floor":39.0,"turns":4.0},{"damage":30.0,"enemies":"Reptomancer","floor":40.0,"turns":4.0},{"damage":20.0,"enemies":"Sphere and 2 Shapes","floor":42.0,"turns":4.0},{"damage":22.0,"enemies":"2 Orb Walkers","floor":46.0,"turns":3.0},{"damage":39.0,"enemies":"Writhing Mass","floor":48.0,"turns":3.0},{"damage":79.0,"enemies":"Time Eater","floor":50.0,"turns":6.0},{"damage":50,"enemies":"Shield and Spear","floor":54,"turns":5},{"damage":160,"enemies":"The Heart","floor":55,"turns":7}],"seed_played":"-6643933518817278642","potions_obtained":[{"floor":1.0,"key":"FearPotion"},{"floor":3.0,"key":"Regen Potion"},{"floor":12.0,"key":"FearPotion"},{"floor":12.0,"key":"FearPotion"},{"floor":13.0,"key":"FairyPotion"},{"floor":19.0,"key":"Dexterity Potion"},{"floor":33.0,"key":"ColorlessPotion"},{"floor":37.0,"key":"ColorlessPotion"},{"floor":42.0,"key":"Fruit Juice"},{"floor":54,"key":"FearPotion"}],"is_trial":false,"path_per_floor":["M","?","M","$","M","R","T","E","T","E","$","?","E","M","R","B",null,"M","M","?","?","?","R","E","M","T","R","E","M","$","?","R","B",null,"M","M","M","$","?","E","R","M","T","R","$","?","R","M","R","B",null,"R","$","E","B",null],"character_chosen":"WATCHER","items_purchased":["WheelKick","Membership Card","Bag of Preparation","Master of Strategy+1","Lee\u0027s Waffle","Regen Potion","ConjureBlade+1","Chemical X","Whetstone","Omamori","Strength Potion","Swift Potion"],"campfire_rested":2,"item_purchase_floors":[4,11,30,30,38,38,45,45,45,45,45,53],"current_hp_per_floor":[61,61,61,61,52,52,52,43,43,6,6,6,6,6,6,26,58,27,27,27,8,8,8,35,25,25,25,8,60,60,60,60,6,62,37,37,20,87,87,57,57,37,37,37,37,15,41,2,28,34,74,74,74,24,46],"gold":61,"neow_bonus":"ONE_RANDOM_RARE_CARD","is_daily":false,"chose_seed":false,"campfire_upgraded":8,"win_rate":0.0,"timestamp":1613763115,"path_taken":["M","?","M","$","?","R","?","E","T","E","$","?","E","?","R","BOSS","M","M","?","?","?","R","E","M","T","R","E","?","$","?","R","BOSS","M","M","?","$","?","E","R","M","T","R","$","?","R","M","R","BOSS","R","$","E","BOSS"],"items_purchased_type":["Card","Relic","Relic","Card","Relic","Potion","Card","Relic","Relic","Relic","Potion","Potion"],"build_version":"2020-12-22","purchased_purges":5,"victory":true,"max_hp_per_floor":[68,68,68,68,68,68,68,68,68,68,68,68,68,68,68,68,68,68,68,68,73,73,73,73,73,73,73,80,80,80,80,80,80,80,80,80,80,87,87,87,87,87,87,87,87,87,87,87,87,87,87,87,87,87,87],"card_choices":[{"not_picked":["FearNoEvil","SashWhip"],"picked":"Wallop","floor":1.0},{"not_picked":["Conclude","Consecrate","ClearTheMind"],"picked":"SKIP","floor":3.0},{"not_picked":["Indignation","Protect"],"picked":"Fasting2","floor":5.0},{"not_picked":["DeceiveReality","Wallop"],"picked":"EmptyMind","floor":8.0},{"not_picked":["EmptyFist","FlyingSleeves"],"picked":"FlurryOfBlows","floor":10.0},{"not_picked":["Evaluate+1","FlurryOfBlows"],"picked":"Omniscience+1","floor":13.0},{"not_picked":["Consecrate","ClearTheMind+1","ReachHeaven"],"picked":"SKIP","floor":14.0},{"not_picked":["Brilliance","Alpha+1"],"picked":"Ragnarok","floor":16.0},{"not_picked":["Crescendo+1","Protect+1","Meditate+1"],"picked":"SKIP","floor":18.0},{"not_picked":["Wallop","EmptyFist","Consecrate"],"picked":"SKIP","floor":19.0},{"not_picked":["LikeWater","EmptyFist","Halt+1"],"picked":"SKIP","floor":24.0},{"not_picked":["FlyingSleeves","Worship+1","SpiritShield+1"],"picked":"SKIP","floor":25.0},{"not_picked":["FlyingSleeves","Worship+1"],"picked":"Prostrate+1","floor":28.0},{"not_picked":["FollowUp","Crescendo+1"],"picked":"Swivel+1","floor":29.0},{"not_picked":["DevaForm","SpiritShield+1"],"picked":"DeusExMachina+1","floor":33.0},{"not_picked":["EmptyBody+1","SashWhip","EmptyMind+1"],"picked":"SKIP","floor":35.0},{"not_picked":["FollowUp+1","Protect+1","EmptyBody+1"],"picked":"SKIP","floor":36.0},{"not_picked":["Conclude","Crescendo+1"],"picked":"Scrawl+1","floor":37.0},{"not_picked":["Perseverance+1","Scrawl+1"],"picked":"Alpha+1","floor":39.0},{"not_picked":["Scrawl+1","Sanctity+1","ForeignInfluence+1"],"picked":"SKIP","floor":40.0},{"not_picked":["EmptyFist+1","CrushJoints","EmptyBody+1"],"picked":"SKIP","floor":42.0},{"not_picked":["FlurryOfBlows","JustLucky","EmptyFist"],"picked":"SKIP","floor":48.0},{"not_picked":["Scrawl+1","Sanctity+1"],"picked":"Wish+1","floor":54}],"player_experience":492269,"relics_obtained":[{"floor":7.0,"key":"Bag of Marbles"},{"floor":8.0,"key":"PreservedInsect"},{"floor":9.0,"key":"Potion Belt"},{"floor":10.0,"key":"Toxic Egg 2"},{"floor":13.0,"key":"Art of War"},{"floor":24.0,"key":"Nunchaku"},{"floor":26.0,"key":"Bronze Scales"},{"floor":28.0,"key":"Strawberry"},{"floor":40.0,"key":"Pen Nib"},{"floor":43.0,"key":"Ornamental Fan"},{"floor":46.0,"key":"Du-Vu Doll"},{"floor":54,"key":"White Beast Statue"}],"event_choices":[{"damage_healed":0.0,"max_hp_gain":0.0,"max_hp_loss":0.0,"gold_gain":0.0,"cards_transformed":["Omniscience"],"event_name":"Transmorgrifier","player_choice":"Transformed","floor":2.0,"gold_loss":0.0,"damage_taken":0.0,"cards_obtained":["DevaForm"]},{"damage_healed":0.0,"max_hp_gain":0.0,"max_hp_loss":0.0,"gold_gain":0.0,"event_name":"Lab","player_choice":"Got Potions","floor":12.0,"gold_loss":0.0,"damage_taken":0.0},{"cards_removed":["Strike_P"],"damage_healed":0.0,"max_hp_gain":0.0,"max_hp_loss":0.0,"gold_gain":0.0,"event_name":"Beggar","player_choice":"Gave Gold","floor":20.0,"gold_loss":75.0,"damage_taken":0.0},{"damage_healed":0.0,"max_hp_gain":5.0,"max_hp_loss":0.0,"gold_gain":0.0,"event_name":"Forgotten Altar","player_choice":"Shed Blood","floor":21.0,"gold_loss":0.0,"damage_taken":24.0},{"damage_healed":0.0,"max_hp_gain":0.0,"max_hp_loss":0.0,"gold_gain":0.0,"event_name":"FaceTrader","player_choice":"Leave","floor":22.0,"gold_loss":0.0,"damage_taken":0.0},{"damage_healed":0.0,"max_hp_gain":0.0,"max_hp_loss":0.0,"gold_gain":0.0,"event_name":"N\u0027loth","player_choice":"Traded Relic","floor":31.0,"relics_lost":["Bronze Scales"],"gold_loss":0.0,"damage_taken":0.0,"relics_obtained":["Nloth\u0027s Gift"]},{"damage_healed":0.0,"max_hp_gain":0.0,"max_hp_loss":0.0,"gold_gain":0.0,"event_name":"MindBloom","player_choice":"Fight","floor":39.0,"gold_loss":0.0,"damage_taken":0.0},{"damage_healed":0.0,"max_hp_gain":0.0,"max_hp_loss":0.0,"gold_gain":0.0,"event_name":"Mysterious Sphere","player_choice":"Fight","floor":46.0,"gold_loss":0.0,"damage_taken":0.0}],"is_beta":false,"boss_relics":[{"not_picked":["Black Star","Snecko Eye"],"picked":"Ectoplasm"},{"not_picked":["Philosopher\u0027s Stone","HolyWater"],"picked":"Astrolabe"}],"items_purged_floors":[11,30,38,45,53],"is_endless":false,"potions_floor_spawned":[1,3,5,13,19,33,37,42,46,48,54],"ascension_level":15}}