{"host":"m6rwrrl4vtok99e8","time":1613729120,"event":{"mods":["ATMod(??Mod)","Act Like it!","Aspiration","BaseMod","Colored Powertips","Downfall","Energized Spire","GungeonMod","Jedi Mod","Koishi","LagranYue(???·?)","Lobotomy","Marisa????????","Minty Spire (QoL Compilation)","Pale of the Ancients","Quick Restart","Relic Stats","Reliquary","Remilia??????","Replay The Spire","Spicy Shops","StSLib","TestMod","The Servant 0.9.4","Waifu the Spire","WarShipGirlsR/????R mod","??????REMEMod"],"gold_per_floor":[112,112,112,112,82,82,108,126,196,214,214,214],"floor_reached":11,"language":"ZHS","playtime":1473,"items_purged":[],"score":71,"play_id":"b4167cdd-0735-4898-aed2-978b0816005d","local_time":"20210219180520","is_ascension_mode":false,"campfire_choices":[{"data":"Koishi:ConfinedInnocent","floor":6.0,"key":"SMITH"}],"circlet_count":0,"master_deck":["Koishi:BasicStrike","Koishi:BasicStrike","Koishi:BasicStrike","Koishi:BasicStrike","Koishi:BasicDefend","Koishi:BasicDefend","Koishi:BasicDefend","Koishi:BasicDefend","Koishi:Provoke","Koishi:HauntingSlash+1","AT_EssenceShift","UniverseFragment","Koishi:ConfinedInnocent+1","MHz","Koishi:PhantomStrike","OldLady","Koishi:BramblyRoseGarden"],"relics":["Koishi:ImaginaryFriend","testmod-TestBox","REME_ComplimentaryCards","LagranYue:RandomDrawCardRelic","testmod-Hope","CogitoBucket","REME_ComplimentaryCards","Lizard Tail","jedi:archwizardhat"],"acts_visited":["Exordium"],"potions_floor_usage":[],"damage_taken":[{"damage":0.0,"enemies":"2 Louse","floor":1.0,"turns":4.0},{"damage":39,"enemies":"Lagavulin","floor":7,"turns":11},{"damage":1,"enemies":"Jaw Worm","floor":8,"turns":5},{"damage":0,"enemies":"Small Slimes","floor":10,"turns":2},{"damage":35,"enemies":"3 Sentries","floor":11,"turns":5}],"seed_played":"-3504649562924453775","potions_obtained":[{"floor":5.0,"key":"Cursed Concoction"},{"floor":5.0,"key":"bronze:BurnAndBuffPotion"},{"floor":8,"key":"SpeedPotion"},{"floor":10,"key":"FearPotion"}],"is_trial":false,"path_per_floor":["M","?","?","T","?","R","E","M","T","M","E"],"character_chosen":"KOISHI","items_purchased":[],"campfire_rested":0,"item_purchase_floors":[],"current_hp_per_floor":[60,60,60,60,60,60,33,34,34,34,29,29],"gold":214,"neow_bonus":"","is_daily":false,"chose_seed":false,"campfire_upgraded":1,"win_rate":0.0,"timestamp":1613729120,"path_taken":["M","?","?","?","?","R","E","M","T","?","E"],"items_purchased_type":[],"build_version":"2020-12-22","purchased_purges":0,"victory":false,"max_hp_per_floor":[60,60,60,60,60,60,60,60,60,60,60,60],"relic_stats":{"Lizard Tail":30,"counters":[5,27],"obtain_stats":[{"CogitoBucket":0,"Lizard Tail":7,"AT_ATBox":0,"testmod-TestBox":0,"LagranYue:RandomDrawCardRelic":0,"testmod-Hope":0,"DemoMod:GlassGuonStoneRelic":7,"jedi:archwizardhat":9,"Koishi:ImaginaryFriend":0,"REME_ComplimentaryCards":0},{"CogitoBucket":0,"Lizard Tail":2,"AT_ATBox":0,"testmod-TestBox":0,"LagranYue:RandomDrawCardRelic":0,"testmod-Hope":0,"DemoMod:GlassGuonStoneRelic":2,"jedi:archwizardhat":3,"Koishi:ImaginaryFriend":0,"REME_ComplimentaryCards":0},{"CogitoBucket":0,"Lizard Tail":15,"AT_ATBox":0,"testmod-TestBox":0,"LagranYue:RandomDrawCardRelic":0,"testmod-Hope":0,"DemoMod:GlassGuonStoneRelic":15,"jedi:archwizardhat":20,"Koishi:ImaginaryFriend":0,"REME_ComplimentaryCards":0}]},"card_choices":[{"not_picked":["PlagueDoctor","CherryBlossoms"],"picked":"UniverseFragment","floor":1.0},{"not_picked":["Koishi:SpiritedAway","Koishi:UnansweredLove","Koishi:EmbryosDream"],"picked":"SKIP","floor":1.0},{"not_picked":["Rudolta","BeautyBeast"],"picked":"MHz","floor":7},{"not_picked":["Koishi:VengefulSpirit","Koishi:HeartAttack"],"picked":"Koishi:PhantomStrike","floor":7},{"not_picked":["FairyFestival","CherryBlossoms"],"picked":"OldLady","floor":8},{"not_picked":["Koishi:Prune","Koishi:CatchAndRose","Koishi:EmbryosDream"],"picked":"SKIP","floor":8},{"not_picked":["Koishi:Bloodlust","Koishi:FleetingPhantom"],"picked":"Koishi:BramblyRoseGarden","floor":10}],"player_experience":43480,"relics_obtained":[{"floor":7,"key":"Lizard Tail"},{"floor":9,"key":"jedi:archwizardhat"}],"event_choices":[{"damage_healed":0.0,"max_hp_gain":0.0,"max_hp_loss":0.0,"gold_gain":0.0,"event_name":"??????","player_choice":"Swap Relic","floor":2.0,"relics_lost":["AT_ATBox"],"gold_loss":0.0,"damage_taken":0.0,"relics_obtained":["REME_ComplimentaryCards"]},{"damage_healed":0.0,"max_hp_gain":0.0,"max_hp_loss":0.0,"gold_gain":0.0,"event_name":"Living Wall","player_choice":"Grow","floor":3.0,"gold_loss":0.0,"damage_taken":0.0,"cards_upgraded":["Koishi:HauntingSlash"]},{"damage_healed":0.0,"max_hp_gain":0.0,"max_hp_loss":0.0,"gold_gain":0.0,"event_name":"The Woman in Blue","player_choice":"Bought 2 Potions","floor":5.0,"gold_loss":0.0,"damage_taken":0.0}],"is_beta":false,"boss_relics":[],"items_purged_floors":[],"is_endless":false,"potions_floor_spawned":[8,10],"killed_by":"3 Sentries","ascension_level":0}}