{"host":"syfsfjmzue8y1a6l","time":1613747330,"event":{"mods":["AchievementEnabler","BaseMod","Colored Map","DeckTracker","Minty Spire (QoL Compilation)","Permanent Neow","SuperFastMode"],"gold_per_floor":[15,32,44,44,44,68,101,101,101,101,122,145,145,183,201,201,320,320,334,259,259,284,284,318,318,318,318],"floor_reached":26,"language":"KOR","playtime":1001,"items_purged":["Strike_G"],"score":263,"play_id":"86ebdaad-c406-400b-b04d-b2b775712aa5","local_time":"20210220000850","is_ascension_mode":false,"campfire_choices":[{"data":"Neutralize","floor":8,"key":"SMITH"},{"floor":13,"key":"RECALL"},{"data":"Deadly Poison","floor":16,"key":"SMITH"},{"data":"Corpse Explosion","floor":25,"key":"SMITH"}],"circlet_count":0,"master_deck":["Strike_G","Strike_G","Strike_G","Defend_G","Defend_G","Defend_G","Survivor","Neutralize+1","Poisoned Stab+1","Calculated Gamble","Corpse Explosion+1","Deadly Poison+1","Bane+1"],"relics":["Ring of the Snake","Gambling Chip","Golden Idol","MealTicket","Pear","Empty Cage","Torii","Pantograph"],"acts_visited":["Exordium","TheCity"],"potions_floor_usage":[7,13,14,26],"damage_taken":[{"damage":0.0,"enemies":"2 Louse","floor":1.0,"turns":3.0},{"damage":0.0,"enemies":"Jaw Worm","floor":2.0,"turns":5.0},{"damage":0.0,"enemies":"Small Slimes","floor":3.0,"turns":3.0},{"damage":5.0,"enemies":"Blue Slaver","floor":6.0,"turns":4.0},{"damage":21,"enemies":"Gremlin Nob","floor":7,"turns":4},{"damage":6,"enemies":"3 Louse","floor":11,"turns":3},{"damage":0,"enemies":"Exordium Wildlife","floor":12,"turns":3},{"damage":28,"enemies":"Lagavulin","floor":14,"turns":9},{"damage":0,"enemies":"Looter","floor":15,"turns":3},{"damage":18,"enemies":"The Guardian","floor":17,"turns":9},{"damage":0,"enemies":"3 Byrds","floor":19,"turns":2},{"damage":10,"enemies":"Spheric Guardian","floor":22,"turns":4},{"damage":49,"enemies":"Slavers","floor":24,"turns":4},{"damage":33,"enemies":"Gremlin Leader","floor":26,"turns":3}],"seed_played":"-2289690268469083760","potions_obtained":[{"floor":1.0,"key":"BlessingOfTheForge"},{"floor":3.0,"key":"SkillPotion"},{"floor":7,"key":"Fruit Juice"},{"floor":11,"key":"FairyPotion"},{"floor":15,"key":"CunningPotion"},{"floor":22,"key":"Energy Potion"}],"is_trial":false,"path_per_floor":["M","M","M","?","?","M","E","R","?","T","M","M","R","E","M","R","B",null,"M","$","?","M","?","E","R","E"],"character_chosen":"THE_SILENT","items_purchased":[],"campfire_rested":0,"item_purchase_floors":[],"current_hp_per_floor":[70,70,70,63,46,41,20,20,20,20,14,14,19,32,32,32,14,85,85,85,85,75,75,26,26,0,0],"gold":318,"neow_bonus":"ONE_RARE_RELIC","is_daily":false,"chose_seed":false,"campfire_upgraded":3,"win_rate":0.0,"timestamp":1613747330,"path_taken":["M","M","M","?","?","M","E","R","?","T","M","M","R","E","M","R","BOSS","M","$","?","M","?","E","R","E"],"items_purchased_type":[],"build_version":"2020-12-22","purchased_purges":1,"victory":false,"max_hp_per_floor":[70,70,70,70,70,70,70,70,70,70,70,70,75,85,85,85,85,85,85,85,85,85,85,85,85,85,85],"card_choices":[{"not_picked":["Eviscerate","Outmaneuver","Quick Slash"],"picked":"SKIP","floor":1.0},{"not_picked":["Deflect","Sucker Punch","Slice"],"picked":"SKIP","floor":2.0},{"not_picked":["Distraction","Sucker Punch"],"picked":"Poisoned Stab","floor":3.0},{"not_picked":["Outmaneuver","Distraction","Blade Dance"],"picked":"SKIP","floor":6.0},{"not_picked":["Riddle With Holes","After Image"],"picked":"Calculated Gamble","floor":7},{"not_picked":["Masterful Stab","Flechettes","Predator"],"picked":"SKIP","floor":11},{"not_picked":["Escape Plan","Dash","Tactician"],"picked":"SKIP","floor":12},{"not_picked":["Sucker Punch","Outmaneuver"],"picked":"Corpse Explosion","floor":14},{"not_picked":["Underhanded Strike","Deflect"],"picked":"Deadly Poison","floor":15},{"not_picked":["Well Laid Plans","Reflex+1","Accuracy"],"picked":"SKIP","floor":19},{"not_picked":["Outmaneuver","Dodge and Roll","Accuracy"],"picked":"SKIP","floor":22},{"not_picked":["Slice+1","Blade Dance"],"picked":"Bane+1","floor":24}],"player_experience":166302,"relics_obtained":[{"floor":7,"key":"MealTicket"},{"floor":14,"key":"Pear"},{"floor":24,"key":"Pantograph"}],"event_choices":[{"cards_removed":["Defend_G"],"damage_healed":0.0,"max_hp_gain":0.0,"max_hp_loss":0.0,"gold_gain":0.0,"event_name":"Golden Wing","player_choice":"Card Removal","floor":4.0,"gold_loss":0.0,"damage_taken":7.0},{"damage_healed":0.0,"max_hp_gain":0.0,"max_hp_loss":0.0,"gold_gain":0.0,"event_name":"Golden Idol","player_choice":"Take Damage","floor":5.0,"gold_loss":0.0,"damage_taken":17.0,"relics_obtained":["Golden Idol"]},{"damage_healed":0,"gold_gain":0,"player_choice":"Grow","damage_taken":0,"max_hp_gain":0,"max_hp_loss":0,"event_name":"Living Wall","floor":9,"gold_loss":0,"cards_upgraded":["Poisoned Stab"]},{"damage_healed":0,"gold_gain":0,"player_choice":"Ignored","damage_taken":0,"max_hp_gain":0,"max_hp_loss":0,"event_name":"Vampires","floor":21,"gold_loss":0},{"damage_healed":0,"gold_gain":0,"player_choice":"Opened","damage_taken":0,"relics_obtained":["Torii"],"max_hp_gain":0,"max_hp_loss":0,"event_name":"The Mausoleum","floor":23,"gold_loss":0}],"is_beta":false,"boss_relics":[{"not_picked":["Pandora\u0027s Box","Snecko Eye"],"picked":"Empty Cage"}],"items_purged_floors":[20],"is_endless":false,"potions_floor_spawned":[1,3,7,11,15,22],"killed_by":"Gremlin Leader","ascension_level":0}}