{"host":"684z1xpuwaoqmmh1","time":1613732658,"event":{"mods":["A Magickal Journey","BaseMod","Downfall","Hermit","Jorbs\u0027s Wanderer Trilogy","Marisa????????","Minty Spire (QoL Compilation)","Robot Space Explorer","Shade Mod","StSLib","The Bug Knight","The Dragon Tamer","The Elementalist","The Hayseed","The Hierophant","The Marked","The Mystic","The Runesmith","The Saiyan","The Senshi","The Spell Scribe","The Vixen","TheBandit","TheFirefly"],"gold_per_floor":[109,34,47,47,58,58,83,83,162,162,186,224,244,257,257,355,355,370,370,348,238,238,277,277,277,277],"floor_reached":25,"language":"ENG","playtime":1015,"items_purged":[],"score":462,"play_id":"e9f2cf68-a3ea-4ebc-965c-b5903ed90753","local_time":"20210219130418","is_ascension_mode":true,"campfire_choices":[{"data":"theSenshi:MarsPride","floor":6,"key":"SMITH"},{"data":"theSenshi:MoonCrystalPowerMakeUp","floor":10,"key":"SMITH"},{"floor":15,"key":"REST"},{"floor":24,"key":"REST"}],"circlet_count":0,"master_deck":["AscendersBane","theSenshi:SailorKick","theSenshi:SailorKick","theSenshi:SailorKick","theSenshi:SailorBlock","theSenshi:SailorBlock","theSenshi:SailorBlock","theSenshi:SailorBlock+1","theSenshi:RoseThrow","theSenshi:MoonPrismPowerMakeUp","theSenshi:MarsPride+1","theSenshi:MoonCrystalPowerMakeUp+1","theSenshi:ChibiMoonsLove","theSenshi:SailorVenusAssists","theSenshi:PlutosSolemnity+1","theSenshi:SailorChibiMoonAssists","theSenshi:IWillPunishYou+1","theSenshi:SailorMercuryAssists+1","theSenshi:SailorUranusAssists","theSenshi:WarriorOfTheMoon+1"],"relics":["theSenshi:TransformationBroochRelic","Orichalcum","Golden Idol","HollowMod:LifeEnderRelic","Toxic Egg 2","theSenshi:EternalSailorFukuRelic","Juzu Bracelet","Gremlin Horn"],"acts_visited":["Exordium","TheCity"],"potions_floor_usage":[7,14,20,20,23],"damage_taken":[{"damage":4,"enemies":"Small Slimes","floor":1,"turns":5},{"damage":0,"enemies":"Jaw Worm","floor":3,"turns":5},{"damage":2,"enemies":"Cultist","floor":5,"turns":4},{"damage":32,"enemies":"Gremlin Nob","floor":7,"turns":4},{"damage":24,"enemies":"Large Slime","floor":11,"turns":8},{"damage":18,"enemies":"Lagavulin","floor":12,"turns":6},{"damage":5,"enemies":"Looter","floor":13,"turns":2},{"damage":10,"enemies":"Lots of Slimes","floor":14,"turns":5},{"damage":22,"enemies":"The Guardian","floor":16,"turns":10},{"damage":5,"enemies":"Spheric Guardian","floor":18,"turns":3},{"damage":15,"enemies":"2 Thieves","floor":20,"turns":4},{"damage":52,"enemies":"Gremlin Leader","floor":23,"turns":8},{"damage":68,"enemies":"Masked Bandits","floor":25,"turns":4}],"seed_played":"-2167732214954959678","potions_obtained":[{"floor":3,"key":"Swift Potion"},{"floor":7,"key":"LiquidBronze"},{"floor":11,"key":"Swift Potion"},{"floor":14,"key":"DuplicationPotion"},{"floor":18,"key":"Guardian:BlockOnCardUsePotion"},{"floor":20,"key":"hexamod:SoulburnPotion"}],"is_trial":false,"path_per_floor":["M","?","M","?","M","R","E","?","T","R","M","E","M","M","R","B",null,"M","?","M","?","?","E","R","?"],"character_chosen":"THE_SENSHI","items_purchased":[],"campfire_rested":2,"item_purchase_floors":[],"current_hp_per_floor":[71,71,71,76,74,74,42,42,42,42,28,20,15,15,38,26,66,71,71,56,56,56,14,37,0,0],"gold":277,"neow_bonus":"TEN_PERCENT_HP_BONUS","is_daily":false,"chose_seed":false,"campfire_upgraded":2,"win_rate":0.0,"timestamp":1613732658,"path_taken":["M","?","M","?","M","R","E","?","T","R","M","E","M","M","R","BOSS","M","?","M","?","?","E","R","?"],"items_purchased_type":[],"build_version":"2020-12-22","purchased_purges":0,"victory":false,"max_hp_per_floor":[82,82,82,87,87,87,87,79,79,79,79,79,79,79,79,79,79,79,79,79,79,79,79,79,79,79],"card_choices":[{"not_picked":["theSenshi:SailorStarMakerAssists","theSenshi:Sidestep"],"picked":"theSenshi:MarsPride","floor":1},{"not_picked":["theSenshi:LateForSchool","theSenshi:MoonSpiralHeartAttack","theSenshi:MoonPower"],"picked":"SKIP","floor":3},{"not_picked":["theSenshi:MoonsReflection","theSenshi:LunaWiseMentor"],"picked":"theSenshi:MoonCrystalPowerMakeUp","floor":5},{"not_picked":["theSenshi:MoonKick","theSenshi:MoonTiaraMagic"],"picked":"theSenshi:ChibiMoonsLove","floor":7},{"not_picked":["theSenshi:OdangoHead","theSenshi:MoonlightKnight"],"picked":"theSenshi:SailorVenusAssists","floor":11},{"not_picked":["theSenshi:MarsPride+1","theSenshi:SteeledNerves"],"picked":"theSenshi:PlutosSolemnity+1","floor":12},{"not_picked":["theSenshi:MoonKick","theSenshi:PlutosSolemnity+1"],"picked":"theSenshi:SailorChibiMoonAssists","floor":13},{"not_picked":["theSenshi:MoonSpiralHeartAttack","theSenshi:SupersonicWaves","theSenshi:MarsPride+1"],"picked":"SKIP","floor":14},{"not_picked":["theSenshi:StarlightHoneymoonTherapyKiss","theSenshi:JupitersPower"],"picked":"theSenshi:IWillPunishYou+1","floor":16},{"not_picked":["theSenshi:MoonlightKnight","theSenshi:TallSilhouette+1"],"picked":"theSenshi:SailorMercuryAssists+1","floor":18},{"not_picked":["theSenshi:LunasBite","theSenshi:SailorChibiMoonAssists"],"picked":"theSenshi:SailorUranusAssists","floor":20},{"not_picked":["theSenshi:InTheNickOfTime+1","theSenshi:SailorMarsAssists"],"picked":"theSenshi:WarriorOfTheMoon+1","floor":23}],"player_experience":3336406,"relics_obtained":[{"floor":7,"key":"Orichalcum"},{"floor":9,"key":"HollowMod:LifeEnderRelic"},{"floor":12,"key":"Toxic Egg 2"},{"floor":23,"key":"Gremlin Horn"}],"event_choices":[{"cards_removed":["theSenshi:SailorKick"],"damage_healed":0,"gold_gain":0,"player_choice":"Card Removal","damage_taken":0,"max_hp_gain":0,"max_hp_loss":0,"event_name":"The Cleric","floor":2,"gold_loss":75},{"damage_healed":0,"gold_gain":0,"player_choice":"Donut","damage_taken":0,"max_hp_gain":5,"max_hp_loss":0,"event_name":"Big Fish","floor":4,"gold_loss":0},{"damage_healed":0,"gold_gain":0,"player_choice":"Lose Max HP","damage_taken":0,"relics_obtained":["Golden Idol"],"max_hp_gain":0,"max_hp_loss":8,"event_name":"Golden Idol","floor":8,"gold_loss":0},{"damage_healed":0,"gold_gain":0,"player_choice":"Opened","damage_taken":0,"relics_obtained":["Juzu Bracelet"],"max_hp_gain":0,"max_hp_loss":0,"event_name":"The Mausoleum","floor":19,"gold_loss":0,"cards_obtained":["Writhe"]},{"cards_removed":["Writhe"],"damage_healed":0,"gold_gain":0,"player_choice":"Upgrade and Remove","damage_taken":0,"max_hp_gain":0,"max_hp_loss":0,"event_name":"Designer","floor":21,"gold_loss":110,"cards_upgraded":["theSenshi:SailorBlock"]},{"damage_healed":0,"gold_gain":0,"player_choice":"Fought Bandits","damage_taken":0,"max_hp_gain":0,"max_hp_loss":0,"event_name":"Masked Bandits","floor":25,"gold_loss":0}],"is_beta":false,"boss_relics":[{"not_picked":["Cursed Key","bronze:MakeshiftBattery"],"picked":"theSenshi:EternalSailorFukuRelic"}],"items_purged_floors":[],"is_endless":false,"potions_floor_spawned":[3,7,11,14,18,20],"killed_by":"Masked Bandits","ascension_level":20}}