{"host":"df48i9djcn92c5sx","time":1613741892,"event":{"mods":["Act Like it!","Arknights","BaseMod","Decade(王小明)","Downfall","Gensokyo","Marisa（F雨　魔理沙）","Minty Spire (QoL Compilation)","READ ME - Guardian Mod","READ ME - Snecko Mod","Reimu（博丽灵梦）","Remilia（蕾米莉亚）","Shop Mod","StSLib","The Jungle","The Servant 0.9.4"],"gold_per_floor":[116,15,15,32,45,72,72,32,32,51,51,66,66,83,83,156,156,174,190,206,216,229,229,229,229],"floor_reached":24,"language":"ZHS","playtime":750,"items_purged":[],"score":420,"play_id":"af8f37b3-a7c1-4820-9d37-ff21c94a0521","local_time":"20210219213812","is_ascension_mode":true,"campfire_choices":[{"data":"Neutralize","floor":7,"key":"SMITH"},{"data":"Catalyst","floor":11,"key":"SMITH"},{"data":"Deadly Poison","floor":13,"key":"SMITH"},{"data":"Deadly Poison","floor":15,"key":"SMITH"},{"data":"Night Terror","floor":23,"key":"SMITH"}],"circlet_count":0,"master_deck":["AscendersBane","Strike_G","Strike_G","Strike_G","Strike_G","Defend_G","Defend_G","Defend_G","Defend_G","Defend_G","Survivor","Neutralize+1","PiercingWail","Deadly Poison+1","Poisoned Stab","Sucker Punch","Deadly Poison+1","Catalyst+1","Night Terror+1","Dash","Bouncing Flask+1","Bane","Dodge and Roll"],"relics":["Ring of the Snake","NeowsBlessing","bronze:DecasWashers","The Courier","Cursed Key"],"acts_visited":["Exordium","TheCity"],"potions_floor_usage":[6,6,18,21,21],"damage_taken":[{"damage":0,"enemies":"Small Slimes","floor":1,"turns":1},{"damage":0,"enemies":"Cultist","floor":4,"turns":1},{"damage":0,"enemies":"Jaw Worm","floor":5,"turns":1},{"damage":11,"enemies":"Gremlin Nob","floor":6,"turns":4},{"damage":0,"enemies":"3 Louse","floor":10,"turns":4},{"damage":1,"enemies":"Blue Slaver","floor":12,"turns":4},{"damage":0,"enemies":"2 Fungi Beasts","floor":14,"turns":3},{"damage":24,"enemies":"The Guardian","floor":16,"turns":9},{"damage":9,"enemies":"Shell Parasite","floor":18,"turns":4},{"damage":1,"enemies":"Spheric Guardian","floor":19,"turns":3},{"damage":5,"enemies":"Snecko","floor":20,"turns":4},{"damage":3,"enemies":"3 Cultists","floor":21,"turns":4},{"damage":20,"enemies":"Sentry and Sphere","floor":22,"turns":5},{"damage":21,"enemies":"Cultist and Chosen","floor":24,"turns":4}],"seed_played":"3555194189782681335","potions_obtained":[{"floor":1,"key":"champ:CounterPotion"},{"floor":4,"key":"BlessingOfTheForge"},{"floor":14,"key":"Block Potion"},{"floor":16,"key":"Fire Potion"},{"floor":19,"key":"Explosive Potion"}],"is_trial":false,"path_per_floor":["M","$","?","M","M","E","R","$","T","M","R","M","R","M","R","B",null,"M","M","M","M","M","R","M"],"character_chosen":"THE_SILENT","items_purchased":["Deadly Poison","Poisoned Stab","Catalyst"],"campfire_rested":0,"item_purchase_floors":[2,2,8],"current_hp_per_floor":[59,59,59,59,59,48,48,48,48,48,48,47,47,47,47,23,55,46,45,40,37,17,17,0,0],"gold":229,"neow_bonus":"THREE_ENEMY_KILL","is_daily":false,"chose_seed":false,"campfire_upgraded":5,"win_rate":0.0,"timestamp":1613741892,"path_taken":["M","$","?","?","M","E","R","?","T","M","R","?","R","?","R","BOSS","M","?","M","M","M","R","M"],"items_purchased_type":["Card","Card","Card"],"build_version":"2020-12-22","purchased_purges":0,"victory":false,"max_hp_per_floor":[66,66,66,66,66,66,66,66,66,66,66,66,66,66,66,66,66,66,66,66,66,66,66,66,66],"card_choices":[{"not_picked":["Finisher","Deflect"],"picked":"PiercingWail","floor":1},{"not_picked":["Underhanded Strike","Outmaneuver","Endless Agony"],"picked":"SKIP","floor":4},{"not_picked":["Setup","Riddle With Holes"],"picked":"Sucker Punch","floor":5},{"not_picked":["Skewer","Backflip"],"picked":"Deadly Poison","floor":6},{"not_picked":["Masterful Stab","Expertise","Deflect"],"picked":"SKIP","floor":10},{"not_picked":["Deadly Poison","Underhanded Strike","Quick Slash"],"picked":"SKIP","floor":12},{"not_picked":["Outmaneuver","Sucker Punch","Masterful Stab"],"picked":"SKIP","floor":14},{"not_picked":["Storm of Steel","Doppelganger"],"picked":"Night Terror","floor":16},{"not_picked":["Endless Agony","Prepared"],"picked":"Dash","floor":18},{"not_picked":["Poisoned Stab","Underhanded Strike"],"picked":"Bouncing Flask+1","floor":19},{"not_picked":["Calculated Gamble","Blade Dance","Dodge and Roll"],"picked":"SKIP","floor":20},{"not_picked":["Poisoned Stab","Prepared"],"picked":"Bane","floor":21},{"not_picked":["PiercingWail","Deadly Poison"],"picked":"Dodge and Roll","floor":22}],"player_experience":1589743,"relics_obtained":[{"floor":6,"key":"bronze:DecasWashers"},{"floor":9,"key":"The Courier"}],"event_choices":[{"cards_removed":["Strike_G"],"damage_healed":0,"gold_gain":0,"player_choice":"Purged","damage_taken":0,"max_hp_gain":0,"max_hp_loss":0,"event_name":"Purifier","floor":3,"gold_loss":0}],"is_beta":false,"boss_relics":[{"not_picked":["WristBlade","SacredBark"],"picked":"Cursed Key"}],"items_purged_floors":[],"is_endless":false,"potions_floor_spawned":[1,4,14,16,19],"killed_by":"Cultist and Chosen","ascension_level":17}}