{"host":"uafoej811sw8via1","time":1613701750,"event":{"mods":["BaseMod","Minty Spire (QoL Compilation)","Relic Stats","StSLib"],"gold_per_floor":[119,119,133,149,20,20,37,48,48,75,94,104,132,146,146,220,220,233,4,4,4,22,22,49,49,49,49,49,69,69,101,101,175,175,187,2,2,22,22,22,348,348,400,434,434,434,447,447,447,447,447,447],"floor_reached":51,"language":"ENG","playtime":3784,"items_purged":["Pain"],"score":1481,"play_id":"81f93be2-42cc-4abb-884b-b5fc38d4a7de","local_time":"20210218212909","is_ascension_mode":true,"campfire_choices":[{"data":"Bouncing Flask","floor":6.0,"key":"SMITH"},{"data":"Footwork","floor":15.0,"key":"SMITH"},{"data":"Corpse Explosion","floor":23,"key":"SMITH"},{"data":"Doppelganger","floor":25,"key":"SMITH"},{"data":"Calculated Gamble","floor":28,"key":"SMITH"},{"floor":30,"key":"REST"},{"data":"Burst","floor":32,"key":"SMITH"},{"data":"Leg Sweep","floor":40,"key":"SMITH"},{"floor":42,"key":"REST"},{"floor":46,"key":"REST"},{"data":"Crippling Poison","floor":49,"key":"SMITH"}],"circlet_count":0,"master_deck":["AscendersBane","Survivor","Neutralize","Poisoned Stab","Bouncing Flask+1","Blade Dance","Footwork+1","Doppelganger+1","PiercingWail","Underhanded Strike+1","Skewer+1","Calculated Gamble+1","Sucker Punch+1","Corpse Explosion+1","Dash+1","Backflip","PiercingWail+1","Burst+1","Tools of the Trade+1","Crippling Poison+1","Bane+1","Caltrops+1","Crippling Poison","Phantasmal Killer","Predator+1","Leg Sweep+1","Backflip+1","Reflex","Concentrate","Enlightenment","Injury","Parasite","Wraith Form v2+1","Parasite","Masterful Stab+1"],"relics":["Snecko Eye","Molten Egg 2","Blue Candle","Juzu Bracelet","Cursed Key","PreservedInsect","WarpedTongs","The Courier","Frozen Egg 2","Pandora\u0027s Box","InkBottle","Old Coin","Kunai"],"acts_visited":["Exordium","TheCity","TheBeyond"],"potions_floor_usage":[18,19,24,33,41,44,51],"damage_taken":[{"damage":10.0,"enemies":"2 Louse","floor":1.0,"turns":3.0},{"damage":1.0,"enemies":"Cultist","floor":3.0,"turns":4.0},{"damage":0.0,"enemies":"Jaw Worm","floor":4.0,"turns":3.0},{"damage":6.0,"enemies":"Blue Slaver","floor":7.0,"turns":3.0},{"damage":4.0,"enemies":"Red Slaver","floor":8.0,"turns":3.0},{"damage":8.0,"enemies":"3 Sentries","floor":10.0,"turns":7.0},{"damage":0.0,"enemies":"Looter","floor":11.0,"turns":4.0},{"damage":10.0,"enemies":"Exordium Wildlife","floor":12.0,"turns":5.0},{"damage":5.0,"enemies":"Lagavulin","floor":13.0,"turns":5.0},{"damage":2.0,"enemies":"3 Louse","floor":14.0,"turns":4.0},{"damage":6,"enemies":"Hexaghost","floor":16,"turns":8},{"damage":14,"enemies":"Shell Parasite","floor":18,"turns":4},{"damage":1,"enemies":"Chosen","floor":22,"turns":4},{"damage":8,"enemies":"Gremlin Leader","floor":24,"turns":4},{"damage":2,"enemies":"Centurion and Healer","floor":29,"turns":4},{"damage":6,"enemies":"Slavers","floor":31,"turns":2},{"damage":19,"enemies":"Automaton","floor":33,"turns":11},{"damage":23,"enemies":"3 Darklings","floor":35,"turns":3},{"damage":0,"enemies":"Orb Walker","floor":38,"turns":3},{"damage":5,"enemies":"Nemesis","floor":41,"turns":5},{"damage":57,"enemies":"Reptomancer","floor":44,"turns":6},{"damage":8,"enemies":"Writhing Mass","floor":47,"turns":4},{"damage":19,"enemies":"Awakened One","floor":50,"turns":11},{"damage":16,"enemies":"Donu and Deca","floor":51,"turns":3}],"seed_played":"6540486459020944849","potions_obtained":[{"floor":3.0,"key":"Fire Potion"},{"floor":12.0,"key":"Energy Potion"},{"floor":13.0,"key":"Fruit Juice"},{"floor":16,"key":"ColorlessPotion"},{"floor":18,"key":"EssenceOfSteel"},{"floor":22,"key":"FairyPotion"},{"floor":29,"key":"CultistPotion"},{"floor":35,"key":"LiquidMemories"},{"floor":41,"key":"Poison Potion"},{"floor":44,"key":"BlessingOfTheForge"}],"is_trial":false,"path_per_floor":["M","?","M","M","$","R","M","M","T","E","M","M","E","M","R","B",null,"M","$","?","?","M","R","E","R","T","?","R","M","R","E","R","B",null,"M","$","?","M","T","R","E","R","T","E","?","R","M","?","R","B","B"],"character_chosen":"THE_SILENT","items_purchased":["Footwork","SkillPotion","PreservedInsect","AttackPotion","Reflex","Concentrate"],"campfire_rested":3,"item_purchase_floors":[5,5,19,19,36,36],"current_hp_per_floor":[49,49,48,48,48,48,42,38,38,30,30,20,15,13,13,7,51,37,42,42,42,41,41,33,33,33,33,33,31,52,46,46,27,60,37,37,32,32,32,32,27,48,48,21,21,42,34,34,34,15,0,0],"gold":447,"neow_bonus":"BOSS_RELIC","is_daily":false,"chose_seed":false,"campfire_upgraded":8,"win_rate":0.0,"timestamp":1613701749,"path_taken":["M","?","M","M","$","R","M","?","T","E","M","M","E","M","R","BOSS","M","$","?","?","M","R","E","R","T","?","R","M","R","E","R","BOSS","M","$","?","M","?","R","E","R","T","E","?","R","M","?","R","BOSS","BOSS"],"items_purchased_type":["Card","Potion","Relic","Potion","Card","Card"],"build_version":"2020-12-22","purchased_purges":1,"victory":false,"max_hp_per_floor":[66,66,66,66,66,66,66,66,66,66,66,66,66,66,66,66,66,66,71,71,71,71,71,71,71,71,71,71,71,71,71,71,71,71,71,71,71,71,71,71,71,71,71,71,71,71,71,71,71,71,71,71],"relic_stats":{"counters":[24,113],"Blue Candle":[16],"Snecko Eye":[207,207,213,199],"Pandora\u0027s Box":["Crippling Poison","Bane","Poisoned Stab","Caltrops","Grand Finale","Crippling Poison","Phantasmal Killer","Predator","Leg Sweep"],"PreservedInsect":214,"Juzu Bracelet":1,"Kunai":[10],"Cursed Key":2,"obtain_stats":[{"Blue Candle":10,"PreservedInsect":19,"The Courier":24,"Juzu Bracelet":13,"Frozen Egg 2":31,"Cursed Key":17,"WarpedTongs":21,"Old Coin":41,"Snecko Eye":0,"Molten Egg 2":9,"Pandora\u0027s Box":34,"Kunai":44,"InkBottle":39,"Ring of the Snake":0},{"Blue Candle":6,"PreservedInsect":12,"The Courier":14,"Juzu Bracelet":9,"Frozen Egg 2":16,"Cursed Key":11,"WarpedTongs":12,"Old Coin":20,"Snecko Eye":0,"Molten Egg 2":5,"Pandora\u0027s Box":17,"Kunai":21,"InkBottle":19,"Ring of the Snake":0},{"Blue Candle":23,"PreservedInsect":53,"The Courier":61,"Juzu Bracelet":37,"Frozen Egg 2":67,"Cursed Key":49,"WarpedTongs":53,"Old Coin":89,"Snecko Eye":0,"Molten Egg 2":16,"Pandora\u0027s Box":78,"Kunai":95,"InkBottle":84,"Ring of the Snake":0}],"InkBottle":[18],"WarpedTongs":[47]},"card_choices":[{"not_picked":["Blur","Prepared"],"picked":"Poisoned Stab","floor":1.0},{"not_picked":["Dagger Spray","Slice"],"picked":"Bouncing Flask","floor":3.0},{"not_picked":["Masterful Stab","Sucker Punch"],"picked":"Blade Dance","floor":4.0},{"not_picked":["Quick Slash","Reflex"],"picked":"Doppelganger","floor":7.0},{"not_picked":["Heel Hook","Blade Dance"],"picked":"PiercingWail","floor":8.0},{"not_picked":["Blade Dance","Expertise"],"picked":"Underhanded Strike+1","floor":10.0},{"not_picked":["Dagger Spray+1","Poisoned Stab+1"],"picked":"Skewer+1","floor":11.0},{"not_picked":["Cloak And Dagger","Bane+1","Deadly Poison"],"picked":"SKIP","floor":12.0},{"not_picked":["Poisoned Stab+1","Endless Agony+1"],"picked":"Calculated Gamble","floor":13.0},{"not_picked":["PiercingWail","Caltrops"],"picked":"Sucker Punch+1","floor":14.0},{"not_picked":["Phantasmal Killer","Grand Finale+1"],"picked":"Corpse Explosion","floor":16},{"not_picked":["Backflip+1","Quick Slash+1"],"picked":"Dash+1","floor":18},{"not_picked":["Escape Plan+1","Cloak And Dagger","Slice+1"],"picked":"SKIP","floor":22},{"not_picked":["Dagger Throw+1","Accuracy"],"picked":"Backflip","floor":24},{"not_picked":["Endless Agony+1","Quick Slash+1"],"picked":"PiercingWail+1","floor":29},{"not_picked":["Infinite Blades+1","Accuracy+1"],"picked":"Burst","floor":31},{"not_picked":["Storm of Steel","Burst"],"picked":"Tools of the Trade+1","floor":33},{"not_picked":["Dagger Spray+1","Distraction+1"],"picked":"Backflip+1","floor":35},{"not_picked":["Madness","Purity"],"picked":"Enlightenment","floor":37},{"not_picked":["Cloak And Dagger","Finisher+1","Poisoned Stab+1"],"picked":"SKIP","floor":38},{"not_picked":["Blur","Infinite Blades+1","Dagger Spray+1"],"picked":"SKIP","floor":41},{"not_picked":["Flechettes+1","Blur"],"picked":"Wraith Form v2+1","floor":44},{"not_picked":["Skewer+1","Dagger Throw+1","Escape Plan"],"picked":"SKIP","floor":47}],"player_experience":1054216,"relics_obtained":[{"floor":9.0,"key":"Molten Egg 2"},{"floor":10.0,"key":"Blue Candle"},{"floor":13.0,"key":"Juzu Bracelet"},{"floor":24,"key":"The Courier"},{"floor":31,"key":"Frozen Egg 2"},{"floor":39,"key":"InkBottle"},{"floor":41,"key":"Old Coin"},{"floor":44,"key":"Kunai"}],"event_choices":[{"cards_removed":["Strike_G"],"damage_healed":0.0,"max_hp_gain":0.0,"max_hp_loss":0.0,"gold_gain":0.0,"event_name":"Purifier","player_choice":"Purged","floor":2.0,"gold_loss":0.0,"damage_taken":0.0},{"damage_healed":0,"gold_gain":0,"player_choice":"Simplicity","damage_taken":0,"max_hp_gain":0,"max_hp_loss":0,"event_name":"Back to Basics","floor":20,"gold_loss":0,"cards_upgraded":["Strike_G","Strike_G","Strike_G","Strike_G","Defend_G","Defend_G","Defend_G","Defend_G","Defend_G"]},{"damage_healed":0,"gold_gain":0,"player_choice":"Rummage","damage_taken":0,"relics_obtained":["WarpedTongs"],"max_hp_gain":0,"max_hp_loss":0,"event_name":"Accursed Blacksmith","floor":21,"gold_loss":0,"cards_obtained":["Pain"]},{"damage_healed":0,"gold_gain":0,"player_choice":"Ignored","damage_taken":0,"max_hp_gain":0,"max_hp_loss":0,"event_name":"Ghosts","floor":27,"gold_loss":0},{"damage_healed":0,"gold_gain":0,"player_choice":"Memory 2","damage_taken":5,"max_hp_gain":0,"max_hp_loss":0,"event_name":"SensoryStone","floor":37,"gold_loss":0},{"cards_removed":["Poisoned Stab"],"damage_healed":0,"gold_gain":0,"player_choice":"Removed Attack","damage_taken":0,"max_hp_gain":0,"max_hp_loss":0,"event_name":"Falling","floor":45,"gold_loss":0},{"damage_healed":0,"gold_gain":0,"cards_transformed":["Grand Finale"],"player_choice":"Transformed","damage_taken":0,"max_hp_gain":0,"max_hp_loss":0,"event_name":"Transmorgrifier","floor":48,"gold_loss":0,"cards_obtained":["Masterful Stab"]}],"is_beta":false,"boss_relics":[{"not_picked":["Black Star","Runic Pyramid"],"picked":"Cursed Key"},{"not_picked":["Philosopher\u0027s Stone","Runic Dome"],"picked":"Pandora\u0027s Box"}],"items_purged_floors":[36],"is_endless":false,"potions_floor_spawned":[3,8,12,13,16,18,22,29,35,41,44],"killed_by":"Donu and Deca","ascension_level":20}}