{"host":"7wi4qgm5yw4j7oz0","time":1613746833,"event":{"mods":["AchievementEnabler","BaseMod","Block Reminder","Colored Map","Colored Powertips","Highlight Path","Minty Spire (QoL Compilation)","Permanent Neow","Random Character Button","StSLib","SuperFastMode","everything is the same but u backflip on backflip"],"gold_per_floor":[112,126,143,159,67,67,77,77,150,150,168,168,168,181,181,256,256,270,282,293,70,86,86,116,131,158,158,158],"floor_reached":27,"language":"KOR","playtime":1294,"items_purged":["Strike_R"],"score":401,"play_id":"56f069b1-d07f-499f-ba8c-81fe8820eeba","local_time":"20210220000033","is_ascension_mode":true,"campfire_choices":[{"data":"Trip","floor":6.0,"key":"SMITH"},{"data":"Enlightenment","floor":13.0,"key":"SMITH"},{"data":"Armaments","floor":15.0,"key":"SMITH"},{"data":"Body Slam","floor":23.0,"key":"SMITH"}],"circlet_count":0,"master_deck":["AscendersBane","Strike_R","Strike_R","Strike_R","Defend_R","Defend_R","Defend_R","Defend_R","Bash","Enlightenment+1","Armaments+1","Dropkick","Body Slam+1","Rage","Trip+1","Uppercut","Carnage","Shrug It Off","Decay","Impervious","Clothesline","Ghostly Armor+1","Seeing Red"],"relics":["Burning Blood","Shuriken","Runic Pyramid","Bag of Preparation","Champion Belt","Pen Nib"],"acts_visited":["Exordium","TheCity"],"potions_floor_usage":[27,27],"damage_taken":[{"damage":4.0,"enemies":"Small Slimes","floor":1.0,"turns":4.0},{"damage":7.0,"enemies":"2 Louse","floor":2.0,"turns":3.0},{"damage":11.0,"enemies":"Cultist","floor":3.0,"turns":4.0},{"damage":0.0,"enemies":"Gremlin Gang","floor":4.0,"turns":2.0},{"damage":9.0,"enemies":"Looter","floor":7.0,"turns":4.0},{"damage":21.0,"enemies":"Lots of Slimes","floor":11.0,"turns":6.0},{"damage":9.0,"enemies":"Blue Slaver","floor":14.0,"turns":2.0},{"damage":47.0,"enemies":"Slime Boss","floor":16.0,"turns":11.0},{"damage":5.0,"enemies":"Spheric Guardian","floor":18.0,"turns":5.0},{"damage":17.0,"enemies":"3 Byrds","floor":19.0,"turns":6.0},{"damage":27.0,"enemies":"Snake Plant","floor":20.0,"turns":5.0},{"damage":16.0,"enemies":"Shelled Parasite and Fungi","floor":22.0,"turns":5.0},{"damage":21,"enemies":"Gremlin Leader","floor":24,"turns":5},{"damage":18,"enemies":"Sentry and Sphere","floor":25,"turns":5},{"damage":17,"enemies":"Snecko","floor":27,"turns":4}],"seed_played":"7355276310918053247","potions_obtained":[{"floor":2.0,"key":"Explosive Potion"},{"floor":3.0,"key":"DistilledChaos"},{"floor":4.0,"key":"LiquidMemories"},{"floor":14.0,"key":"Regen Potion"},{"floor":19.0,"key":"Fruit Juice"},{"floor":24,"key":"SteroidPotion"},{"floor":25,"key":"CultistPotion"}],"is_trial":false,"path_per_floor":["M","M","M","M","$","R","M","?","T","?","M","?","R","M","R","B",null,"M","M","M","$","M","R","E","M","T","M"],"character_chosen":"IRONCLAD","items_purchased":["Trip","Bag of Preparation"],"campfire_rested":0,"item_purchase_floors":[5,21],"current_hp_per_floor":[70,69,64,70,70,70,67,67,67,72,57,57,57,54,54,13,63,64,58,46,46,36,36,21,9,9,0,0],"gold":158,"neow_bonus":"RANDOM_COLORLESS","is_daily":false,"chose_seed":false,"campfire_upgraded":4,"win_rate":0.0,"timestamp":1613746833,"path_taken":["M","M","M","M","$","R","M","?","T","?","M","?","R","?","R","BOSS","M","M","M","$","M","R","E","M","T","?"],"items_purchased_type":["Card","Relic"],"build_version":"2020-12-22","purchased_purges":1,"victory":false,"max_hp_per_floor":[75,75,75,75,75,75,75,75,75,80,80,80,80,80,80,80,80,80,85,85,85,85,85,85,85,85,85,85],"card_choices":[{"not_picked":["Impatience","Discovery"],"picked":"Enlightenment","floor":0.0},{"not_picked":["Warcry","True Grit"],"picked":"Armaments","floor":1.0},{"not_picked":["Anger","Searing Blow"],"picked":"Dropkick","floor":2.0},{"not_picked":["Fire Breathing","Infernal Blade"],"picked":"Body Slam","floor":3.0},{"not_picked":["Headbutt","Sentinel"],"picked":"Rage","floor":4.0},{"not_picked":["Intimidate","Pummel"],"picked":"Uppercut","floor":7.0},{"not_picked":["Cleave","Heavy Blade"],"picked":"Shrug It Off","floor":11.0},{"not_picked":["Warcry","Seeing Red","Burning Pact"],"picked":"SKIP","floor":14.0},{"not_picked":["Feed","Corruption"],"picked":"Impervious","floor":16.0},{"not_picked":["Flex","Sword Boomerang+1"],"picked":"Clothesline","floor":18.0},{"not_picked":["Evolve","Thunderclap","Sever Soul"],"picked":"SKIP","floor":19.0},{"not_picked":["Wild Strike","Thunderclap","Armaments+1"],"picked":"SKIP","floor":20.0},{"not_picked":["Sword Boomerang","Iron Wave"],"picked":"Ghostly Armor+1","floor":22.0},{"not_picked":["Whirlwind","Berserk","Fire Breathing"],"picked":"SKIP","floor":24},{"not_picked":["Armaments","Sword Boomerang"],"picked":"Seeing Red","floor":25}],"player_experience":338993,"relics_obtained":[{"floor":9.0,"key":"Shuriken"},{"floor":24,"key":"Champion Belt"},{"floor":26,"key":"Pen Nib"}],"event_choices":[{"damage_healed":0.0,"max_hp_gain":0.0,"max_hp_loss":0.0,"gold_gain":0.0,"cards_transformed":["Strike_R"],"event_name":"Living Wall","player_choice":"Change","floor":8.0,"gold_loss":0.0,"damage_taken":0.0,"cards_obtained":["Carnage"]},{"damage_healed":0.0,"max_hp_gain":5.0,"max_hp_loss":0.0,"gold_gain":0.0,"event_name":"Big Fish","player_choice":"Donut","floor":10.0,"gold_loss":0.0,"damage_taken":0.0},{"damage_healed":0.0,"max_hp_gain":0.0,"max_hp_loss":0.0,"gold_gain":0.0,"event_name":"Wheel of Change","player_choice":"Cursed","floor":12.0,"gold_loss":0.0,"damage_taken":0.0,"cards_obtained":["Decay"]}],"is_beta":false,"boss_relics":[{"not_picked":["Calling Bell","Pandora\u0027s Box"],"picked":"Runic Pyramid"}],"items_purged_floors":[21],"is_endless":false,"potions_floor_spawned":[2,3,4,14,19,24,25],"killed_by":"Snecko","ascension_level":15}}