{"host":"hc1f295weu7l12ix","time":1613769056,"event":{"mods":["AchievementEnabler","BaseMod","Minty Spire (QoL Compilation)","Slay-I","Spicy Shops","StSLib"],"gold_per_floor":[119,77,77,94,104,104,137,137,137,137,137,149,197,209,209,311,311,322,237,257,257,257,257,267,267,291,216,233,249,276,101,101,101,101],"floor_reached":33,"language":"ENG","playtime":1920,"items_purged":["Strike_B","Ball Lightning"],"score":290,"play_id":"3e47ae37-b168-4698-8732-bed6bb97e13a","local_time":"20210219161056","is_ascension_mode":false,"campfire_choices":[{"data":"Gash","floor":6,"key":"SMITH"},{"floor":8,"key":"REST"},{"floor":10,"key":"REST"},{"floor":15,"key":"REST"},{"floor":23,"key":"REST"},{"floor":25,"key":"REST"},{"floor":32,"key":"REST"}],"circlet_count":0,"master_deck":["Defend_B","Defend_B","Defend_B","Zap","Dualcast","Conserve Battery","Gash","Gash+1","Hello World","Ball Lightning","Go for the Eyes","Biased Cognition","Leap","Go for the Eyes+1","White Noise","All For One","Scrape+1","Streamline","Beam Cell","Gash","Gash+1","Self Repair","Hello World"],"relics":["Cracked Core","NeowsBlessing","WingedGreaves","Prayer Wheel","Bag of Preparation","Empty Cage","Blood Vial","Nunchaku","Meat on the Bone"],"acts_visited":["Exordium","TheCity"],"potions_floor_usage":[7,30,30,33],"damage_taken":[{"damage":0,"enemies":"Jaw Worm","floor":1,"turns":1},{"damage":0,"enemies":"Cultist","floor":4,"turns":1},{"damage":0,"enemies":"Small Slimes","floor":5,"turns":1},{"damage":73,"enemies":"3 Sentries","floor":7,"turns":14},{"damage":3,"enemies":"Looter","floor":12,"turns":3},{"damage":13,"enemies":"Gremlin Gang","floor":14,"turns":3},{"damage":30,"enemies":"Hexaghost","floor":16,"turns":9},{"damage":30,"enemies":"2 Thieves","floor":18,"turns":3},{"damage":9,"enemies":"Shell Parasite","floor":20,"turns":4},{"damage":8,"enemies":"Snecko","floor":24,"turns":3},{"damage":30,"enemies":"3 Cultists","floor":28,"turns":5},{"damage":10,"enemies":"Cultist and Chosen","floor":29,"turns":4},{"damage":13,"enemies":"Gremlin Leader","floor":30,"turns":3},{"damage":63,"enemies":"Collector","floor":33,"turns":6}],"seed_played":"-9161491204523517199","potions_obtained":[{"floor":1,"key":"GamblersBrew"},{"floor":12,"key":"Strength Potion"},{"floor":16,"key":"Weak Potion"},{"floor":18,"key":"Fire Potion"},{"floor":29,"key":"AttackPotion"},{"floor":30,"key":"Swift Potion"}],"is_trial":false,"path_per_floor":["M","?","?","M","M","R","E","R","T","R","?","M","T","M","R","B",null,"M","?","M","?","?","R","M","R","T","?","M","M","E","$","R","B"],"character_chosen":"DEFECT","items_purchased":[],"campfire_rested":6,"item_purchase_floors":[],"current_hp_per_floor":[75,75,75,75,75,75,2,24,24,46,46,43,43,30,52,22,75,45,45,38,38,38,60,54,75,75,75,45,37,26,26,48,0,0],"gold":101,"neow_bonus":"THREE_ENEMY_KILL","is_daily":false,"chose_seed":false,"campfire_upgraded":1,"win_rate":0.0,"timestamp":1613769056,"path_taken":["M","?","?","M","?","R","E","R","T","R","?","M","?","M","R","BOSS","M","?","M","?","?","R","?","R","T","?","M","M","E","$","R","BOSS"],"items_purchased_type":[],"build_version":"2020-12-22","purchased_purges":2,"victory":false,"max_hp_per_floor":[75,75,75,75,75,75,75,75,75,75,75,75,75,75,75,75,75,75,75,75,75,75,75,75,75,75,75,75,75,75,75,75,75,75],"card_choices":[{"not_picked":["Fusion","Sweeping Beam"],"picked":"Conserve Battery","floor":1},{"not_picked":["Darkness","Loop"],"picked":"Gash","floor":4},{"not_picked":["Self Repair","Leap"],"picked":"Gash","floor":5},{"not_picked":["Cold Snap","Machine Learning"],"picked":"Hello World","floor":7},{"not_picked":["Conserve Battery","Leap"],"picked":"Ball Lightning","floor":12},{"not_picked":["Stack","Double Energy"],"picked":"Ball Lightning","floor":12},{"not_picked":["Rebound","Gash"],"picked":"Go for the Eyes","floor":14},{"not_picked":["Tempest","Heatsinks","Beam Cell"],"picked":"SKIP","floor":14},{"not_picked":["Thunder Strike","Buffer"],"picked":"Biased Cognition","floor":16},{"not_picked":["Hologram","Auto Shields"],"picked":"Leap","floor":18},{"not_picked":["Coolheaded","Gash"],"picked":"Go for the Eyes+1","floor":18},{"not_picked":["Static Discharge","BootSequence"],"picked":"White Noise","floor":20},{"not_picked":["Static Discharge+1","Darkness+1"],"picked":"All For One","floor":20},{"not_picked":["Beam Cell+1","Leap+1"],"picked":"Streamline","floor":24},{"not_picked":["Compile Driver+1","Lockon","Redo"],"picked":"SKIP","floor":24},{"not_picked":["BootSequence","Chaos"],"picked":"Beam Cell","floor":28},{"not_picked":["Barrage","Capacitor"],"picked":"Gash","floor":28},{"not_picked":["Steam Power","Stack"],"picked":"Gash+1","floor":29},{"not_picked":["Chill","Conserve Battery"],"picked":"Self Repair","floor":29},{"not_picked":["Creative AI","Coolheaded+1"],"picked":"Hello World","floor":30}],"player_experience":28157,"relics_obtained":[{"floor":7,"key":"WingedGreaves"},{"floor":9,"key":"Prayer Wheel"},{"floor":13,"key":"Bag of Preparation"},{"floor":26,"key":"Nunchaku"},{"floor":30,"key":"Meat on the Bone"}],"event_choices":[{"damage_healed":0,"gold_gain":0,"player_choice":"Left Gold","damage_taken":0,"max_hp_gain":0,"max_hp_loss":0,"event_name":"World of Goop","floor":2,"gold_loss":42},{"cards_removed":["Strike_B"],"damage_healed":0,"gold_gain":0,"player_choice":"Offered Basic","damage_taken":0,"max_hp_gain":0,"max_hp_loss":0,"event_name":"Bonfire Elementals","floor":3,"gold_loss":0},{"damage_healed":0,"gold_gain":0,"player_choice":"Searched \u00271\u0027 times","damage_taken":0,"max_hp_gain":0,"max_hp_loss":0,"event_name":"Dead Adventurer","floor":11,"gold_loss":0},{"damage_healed":0,"gold_gain":0,"player_choice":"Obtained Relic","damage_taken":0,"relics_obtained":["Blood Vial"],"max_hp_gain":0,"max_hp_loss":0,"event_name":"Addict","floor":19,"gold_loss":85},{"damage_healed":0,"gold_gain":0,"player_choice":"Read","damage_taken":0,"max_hp_gain":0,"max_hp_loss":0,"event_name":"The Library","floor":21,"gold_loss":0,"cards_obtained":["Scrape"]},{"damage_healed":0,"gold_gain":0,"player_choice":"Forge","damage_taken":0,"max_hp_gain":0,"max_hp_loss":0,"event_name":"Accursed Blacksmith","floor":22,"gold_loss":0,"cards_upgraded":["Scrape"]},{"cards_removed":["Strike_B"],"damage_healed":0,"gold_gain":0,"player_choice":"Gave Gold","damage_taken":0,"max_hp_gain":0,"max_hp_loss":0,"event_name":"Beggar","floor":27,"gold_loss":75}],"is_beta":false,"boss_relics":[{"not_picked":["SacredBark","Coffee Dripper"],"picked":"Empty Cage"}],"items_purged_floors":[31,31],"is_endless":false,"potions_floor_spawned":[1,12,16,18,29,30],"killed_by":"Collector","ascension_level":0}}