{"host":"bplbr8uekuotory4","time":1613712064,"event":{"mods":["Act Like it!","BaseMod","GungeonMod","Hermit","KinomotoSakuraMod(木之本樱)","Marisa（F雨　魔理沙）","Minty Spire (QoL Compilation)","Prisma Mod","Quick Restart","Reimu（博丽灵梦）","SOS（斯巴达之子）","Spicy Shops","StSLib","TestMod","The Blackbeard","The Cursed","The Mystic","The Saiyan","The Senshi","The Servant 0.9.4","Yuri Mod","[IsaacMod]以撒尖塔"],"gold_per_floor":[117,517,517,531,831,861,917,988,988,1018,1029,1041,1053,12,12,84,84,99,24,95,112,112,112,145,145,216,249,263,281,315,408,408,478,478,489,504,504,548,567,601,601,635,702,718,425,425,472,485,485,485,485,485,26,54,54],"floor_reached":56,"language":"ZHS","playtime":1335,"items_purged":["blackbeard:BlackbeardStrike","blackbeard:BlackbeardDefend","blackbeard:BlackbeardStrike","blackbeard:Cutlass","Shame","blackbeard:BlackbeardDefend"],"score":3044,"play_id":"553ceb09-a8d6-491e-9e30-528716c84b45","local_time":"20210219132104","is_ascension_mode":true,"campfire_choices":[{"data":"blackbeard:CannonballSupply","floor":15,"key":"SMITH"},{"data":"blackbeard:FinalBarrage","floor":23,"key":"SMITH"},{"data":"blackbeard:BeatUp","floor":32,"key":"SMITH"},{"data":"blackbeard:CaptainsCabin","floor":46,"key":"SMITH"},{"floor":49,"key":"RECALL"},{"data":"blackbeard:BlackbeardStrike","floor":52,"key":"PURGE"}],"circlet_count":0,"master_deck":["AscendersBane","blackbeard:BlackbeardStrike+1","blackbeard:IntimidatingStrike","blackbeard:BlackbeardDefend+1","blackbeard:BeatUp+1","blackbeard:CannonballSupply+1","blackbeard:GoldenRain","blackbeard:FinalBarrage+1","Finesse","testmod-Arrangement","blackbeard:CaptainsCabin+1","blackbeard:PowerHungry","Dark Shackles","blackbeard:GoldenStrike+1"],"relics":["blackbeard:LoadTheCannons","testmod-TestBox","HushsDoor","GuppysTail","testmod-Hope","NeowsBlessing","Old Coin","DemoMod:BlueGuonStone","Anchor","TheBible","testmod-ObsoleteBoomerang","testmod-TurbochargingSystem","testmod-Charity","RuthlessExorcism:ReiMu","testmod-FatalChain","testmod-HarvestTotem","GuppysHairball","BelialBook","theSenshi:FeatherClipsRelic","Enchiridion","DeathBook","Centennial Puzzle","DemoMod:GlassGuonStoneRelic","blackbeard:PoorMathSkills","Cursed Key","GuppysPaw","SatanicBible","CatCart","DemoMod:ClearGuonStone","DoctorsRemote","Pantograph","Bronze Scales","Peace Pipe","Toolbox","testmod-Justice"],"acts_visited":["Exordium","TheCity","TheBeyond","TheEnding"],"potions_floor_usage":[10,14,16,18,33,50,50,55,55,55,55],"damage_taken":[{"damage":0,"enemies":"Small Slimes","floor":1,"turns":1},{"damage":0,"enemies":"2 Louse","floor":4,"turns":1},{"damage":0,"enemies":"Lagavulin","floor":6,"turns":1},{"damage":0,"enemies":"Gremlin Nob","floor":7,"turns":2},{"damage":10,"enemies":"3 Sentries","floor":10,"turns":8},{"damage":0,"enemies":"Jaw Worm","floor":11,"turns":1},{"damage":0,"enemies":"Large Slime","floor":12,"turns":3},{"damage":0,"enemies":"Blue Slaver","floor":13,"turns":2},{"damage":0,"enemies":"Slime Boss","floor":16,"turns":2},{"damage":0,"enemies":"2 Thieves","floor":18,"turns":2},{"damage":0,"enemies":"Spheric Guardian","floor":21,"turns":1},{"damage":0,"enemies":"Book of Stabbing","floor":24,"turns":4},{"damage":0,"enemies":"Gremlin Leader","floor":27,"turns":1},{"damage":0,"enemies":"Centurion and Healer","floor":28,"turns":1},{"damage":0,"enemies":"3 Cultists","floor":29,"turns":1},{"damage":0,"enemies":"Slavers","floor":30,"turns":1},{"damage":0,"enemies":"Collector","floor":33,"turns":2},{"damage":0,"enemies":"3 Shapes","floor":35,"turns":1},{"damage":0,"enemies":"3 Darklings","floor":36,"turns":1},{"damage":0,"enemies":"Orin","floor":38,"turns":3},{"damage":0,"enemies":"Spire Growth","floor":39,"turns":2},{"damage":0,"enemies":"Nemesis","floor":40,"turns":1},{"damage":0,"enemies":"Reptomancer","floor":42,"turns":1},{"damage":0,"enemies":"Writhing Mass","floor":44,"turns":1},{"damage":0,"enemies":"2 Orb Walkers","floor":47,"turns":1},{"damage":0,"enemies":"Maw","floor":48,"turns":2},{"damage":0,"enemies":"Time Eater","floor":50,"turns":1},{"damage":0,"enemies":"Shield and Spear","floor":54,"turns":2},{"damage":0,"enemies":"The Heart","floor":55,"turns":5}],"seed_played":"5139544033071036714","potions_obtained":[{"floor":1,"key":"SkillPotion"},{"floor":11,"key":"BlessingOfTheForge"},{"floor":16,"key":"AttackPotion"},{"floor":21,"key":"Explosive Potion"},{"floor":24,"key":"ColorlessPotion"},{"floor":35,"key":"BlessingOfTheForge"},{"floor":40,"key":"ColorlessPotion"}],"is_trial":false,"path_per_floor":["M","?","?","M","T","E","?","T","T","E","M","M","M","$","R","B",null,"M","?","T","M","$","R","E","?","T","E","M","M","E","?","R","B",null,"M","M","?","?","M","E","?","E","T","M","$","R","?","M","R","B",null,"R","$","E","B",null],"character_chosen":"BLACKBEARD_CLASS","items_purchased":["testmod-SpacePotion","testmod-Charity","DemoMod:LeadSkinPotion","RuthlessExorcism:ReiMu","testmod-FatalChain","GuppysHairball","BelialBook","blackbeard:FinalBarrage","Finesse","testmod-Arrangement","testmod-TimePotion","GuppysPaw","SatanicBible","Bronze Scales","Toolbox","blackbeard:OrangeJuicePotion","DuplicationPotion"],"campfire_rested":0,"item_purchase_floors":[14,14,14,14,14,17,17,17,17,17,17,34,34,45,53,53,53],"current_hp_per_floor":[64,64,43,43,43,43,43,43,43,33,33,33,33,33,33,34,104,108,108,110,112,112,112,114,93,97,113,120,122,124,113,113,128,101,103,105,105,107,109,111,111,113,115,117,117,117,119,121,121,121,121,121,121,123,123],"gold":54,"neow_bonus":"THREE_ENEMY_KILL","is_daily":false,"chose_seed":false,"campfire_upgraded":4,"win_rate":0.0,"timestamp":1613712064,"path_taken":["M","?","?","M","?","E","?","?","T","E","M","M","M","$","R","BOSS","M","?","?","M","$","R","E","?","T","E","M","?","E","?","R","BOSS","M","?","?","?","?","E","?","E","T","?","$","R","?","M","R","BOSS","R","$","E","BOSS"],"items_purchased_type":["Potion","Relic","Undefined","Relic","Relic","Relic","Relic","Card","Card","Card","Potion","Relic","Relic","Relic","Relic","Potion","Potion"],"build_version":"2020-12-22","purchased_purges":6,"victory":true,"max_hp_per_floor":[71,71,71,71,71,71,71,71,71,71,71,71,71,71,71,72,104,108,108,110,112,112,112,114,114,116,118,120,122,124,126,126,128,101,103,105,105,107,109,111,111,113,115,117,117,117,119,121,121,121,121,121,121,123,123],"card_choices":[{"not_picked":[],"picked":"ChaosCard","floor":0},{"not_picked":["blackbeard:Dagger","blackbeard:WeaponProficiency"],"picked":"blackbeard:BeatUp","floor":1},{"not_picked":["blackbeard:JollyRoger","blackbeard:Fencing","blackbeard:FishingNets"],"picked":"SKIP","floor":4},{"not_picked":["blackbeard:CloakAndCannonball","blackbeard:BountyHunter"],"picked":"Bomb","floor":6},{"not_picked":["blackbeard:PiratesWill","blackbeard:GhostInTheRum"],"picked":"blackbeard:CannonballSupply","floor":7},{"not_picked":["blackbeard:PowderKeg","blackbeard:BeatUp","blackbeard:WiseDefense"],"picked":"SKIP","floor":10},{"not_picked":["blackbeard:GoldenDefense","blackbeard:Upgrade"],"picked":"Bomb","floor":11},{"not_picked":["blackbeard:FieryDefense","blackbeard:JollyRoger","blackbeard:WiseDefense"],"picked":"SKIP","floor":12},{"not_picked":["blackbeard:Fencing","blackbeard:ArmorUp","blackbeard:Sword"],"picked":"SKIP","floor":13},{"not_picked":["blackbeard:HumongousCannonball","blackbeard:BountyHunter"],"picked":"blackbeard:GoldenRain","floor":16},{"not_picked":["blackbeard:GoldenDefense","blackbeard:JollyRoger"],"picked":"blackbeard:CaptainsCabin","floor":18},{"not_picked":["blackbeard:Fencing+1","blackbeard:ArmorUp","blackbeard:Spear"],"picked":"SKIP","floor":21},{"not_picked":["blackbeard:GoldenDefense","blackbeard:WiseDefense"],"picked":"blackbeard:PowerHungry","floor":24},{"not_picked":["blackbeard:CannonballSupply","blackbeard:Fencing","blackbeard:Sword"],"picked":"SKIP","floor":27},{"not_picked":["blackbeard:TacticalRetreat","blackbeard:FieryDefense","blackbeard:PiratesWill"],"picked":"SKIP","floor":28},{"not_picked":["blackbeard:TacticalRetreat","blackbeard:Upgrade","blackbeard:BeatUp+1"],"picked":"SKIP","floor":29},{"not_picked":["blackbeard:RearmingStrike","blackbeard:ArmorUp","blackbeard:Shrapnel"],"picked":"SKIP","floor":30},{"not_picked":["blackbeard:PirateEarring","blackbeard:BeatUp+1","blackbeard:FieryDefense+1"],"picked":"SKIP","floor":35},{"not_picked":["blackbeard:WiseDefense+1","blackbeard:RemoveScurvy","blackbeard:Sword+1"],"picked":"SKIP","floor":36},{"not_picked":["Deep Breath","testmod-BackupPower"],"picked":"Dark Shackles","floor":37},{"not_picked":["blackbeard:BlindAttacks","blackbeard:GhostInTheRum","blackbeard:Scrap"],"picked":"SKIP","floor":39},{"not_picked":["blackbeard:Recklessness+1","blackbeard:Eyepatch","blackbeard:Shrapnel"],"picked":"SKIP","floor":40},{"not_picked":["blackbeard:FishingNets","blackbeard:Recklessness","blackbeard:BeatUp"],"picked":"SKIP","floor":42},{"not_picked":["blackbeard:TerrorOfTheSeas+1","blackbeard:Eyepatch","blackbeard:GoldenDefense"],"picked":"SKIP","floor":44},{"not_picked":["blackbeard:WiseDefense","blackbeard:FishingNets"],"picked":"blackbeard:GoldenStrike+1","floor":48},{"not_picked":["blackbeard:GoldenRain","blackbeard:AgileStrike","blackbeard:DoubleCannonball"],"picked":"SKIP","floor":54}],"player_experience":1153793,"relics_obtained":[{"floor":5,"key":"Old Coin"},{"floor":6,"key":"DemoMod:BlueGuonStone"},{"floor":7,"key":"Anchor"},{"floor":8,"key":"TheBible"},{"floor":9,"key":"testmod-ObsoleteBoomerang"},{"floor":10,"key":"testmod-TurbochargingSystem"},{"floor":24,"key":"theSenshi:FeatherClipsRelic"},{"floor":25,"key":"Enchiridion"},{"floor":26,"key":"DeathBook"},{"floor":27,"key":"Centennial Puzzle"},{"floor":30,"key":"blackbeard:PoorMathSkills"},{"floor":38,"key":"CatCart"},{"floor":40,"key":"DemoMod:ClearGuonStone"},{"floor":42,"key":"DoctorsRemote"},{"floor":43,"key":"Pantograph"},{"floor":47,"key":"Peace Pipe"},{"floor":54,"key":"testmod-Justice"}],"event_choices":[{"damage_healed":0,"gold_gain":400,"player_choice":"Sell","damage_taken":0,"max_hp_gain":0,"max_hp_loss":0,"event_name":"恩洛斯的盘子","floor":2,"relics_lost":["DemoMod:GlassGuonStoneRelic"],"gold_loss":0},{"damage_healed":0,"gold_gain":0,"player_choice":"Entered Light","damage_taken":21,"max_hp_gain":0,"max_hp_loss":0,"event_name":"Shining Light","floor":3,"gold_loss":0,"cards_upgraded":["blackbeard:BlackbeardDefend","blackbeard:BlackbeardStrike"]},{"damage_healed":0,"gold_gain":30,"player_choice":"Searched \u00272\u0027 times","damage_taken":0,"max_hp_gain":0,"max_hp_loss":0,"event_name":"Dead Adventurer","floor":7,"gold_loss":0},{"cards_removed":["blackbeard:BlackbeardDefend"],"damage_healed":0,"gold_gain":0,"player_choice":"Gave Gold","damage_taken":0,"max_hp_gain":0,"max_hp_loss":0,"event_name":"Beggar","floor":19,"gold_loss":75},{"damage_healed":0,"gold_gain":0,"player_choice":"Obtained Book","damage_taken":21,"max_hp_gain":0,"max_hp_loss":0,"event_name":"Cursed Tome","floor":25,"gold_loss":0},{"damage_healed":0,"gold_gain":0,"player_choice":"Memory 1","damage_taken":0,"max_hp_gain":0,"max_hp_loss":0,"event_name":"SensoryStone","floor":37,"gold_loss":0},{"damage_healed":0,"gold_gain":0,"player_choice":"Fight","damage_taken":0,"max_hp_gain":0,"max_hp_loss":0,"event_name":"OrinTheCat","floor":38,"gold_loss":0},{"damage_healed":0,"gold_gain":0,"player_choice":"Swap Relic","damage_taken":0,"relics_obtained":["testmod-HarvestTotem"],"max_hp_gain":0,"max_hp_loss":0,"event_name":"给自己的盒子","floor":41,"relics_lost":["testmod-HarvestTotem"],"gold_loss":0},{"damage_healed":0,"gold_gain":0,"player_choice":"Fight","damage_taken":0,"max_hp_gain":0,"max_hp_loss":0,"event_name":"Mysterious Sphere","floor":47,"gold_loss":0}],"is_beta":false,"boss_relics":[{"not_picked":["Empty Cage","testmod-KeyOfTheVoid"],"picked":"testmod-HarvestTotem"},{"not_picked":[]},{"not_picked":["testmod-GoldenSoul","testmod-BatchProcessingSystem"],"picked":"Cursed Key"},{"not_picked":[]}],"items_purged_floors":[14,14,17,34,45,53],"is_endless":false,"potions_floor_spawned":[1,11,16,21,24,28,30,35,40,47,54],"ascension_level":17}}