{"host":"rolltorest","time":1613766840,"event":{"mods":["BaseMod","Minty Spire (QoL Compilation)","Relic Stats","Slay the Relics Exporter","StSLib"],"gold_per_floor":[109,109,109,109,134,134,165,184,184,28,72,86,127,16,16,107,107,122,147,163,29,42,80,80,80,80],"floor_reached":25,"language":"ENG","playtime":689,"items_purged":["Strike_R"],"score":532,"play_id":"0401b6a4-24b9-41a3-896f-f38c8535b668","local_time":"20210219123400","is_ascension_mode":true,"campfire_choices":[{"data":"Second Wind","floor":6,"key":"SMITH"},{"data":"Feed","floor":15,"key":"SMITH"},{"data":"Demon Form","floor":24,"key":"SMITH"}],"circlet_count":0,"master_deck":["AscendersBane","Strike_R","Strike_R","Strike_R","Strike_R","Defend_R","Defend_R","Defend_R","Defend_R","Bash","Carnage+1","Second Wind+1","Metallicize","Power Through","Evolve","Blood for Blood","Feed+1","Battle Trance+1","Armaments+1","Immolate","Dark Embrace+1","Headbutt","True Grit+1","Clothesline","Demon Form+1"],"relics":["Burning Blood","NeowsBlessing","Golden Idol","Paper Frog","Toy Ornithopter","Toxic Egg 2","Kunai","Snecko Eye","Tiny Chest"],"acts_visited":["Exordium","TheCity"],"potions_floor_usage":[11,13,16,20,23,25],"damage_taken":[{"damage":0,"enemies":"2 Louse","floor":1,"turns":1},{"damage":0,"enemies":"Jaw Worm","floor":5,"turns":1},{"damage":0,"enemies":"3 Sentries","floor":7,"turns":2},{"damage":0,"enemies":"Cultist","floor":8,"turns":2},{"damage":36,"enemies":"Gremlin Nob","floor":11,"turns":5},{"damage":16,"enemies":"Exordium Wildlife","floor":12,"turns":5},{"damage":7,"enemies":"Lagavulin","floor":13,"turns":7},{"damage":22,"enemies":"Hexaghost","floor":16,"turns":15},{"damage":0,"enemies":"Chosen","floor":18,"turns":2},{"damage":11,"enemies":"2 Thieves","floor":19,"turns":4},{"damage":0,"enemies":"Shelled Parasite and Fungi","floor":20,"turns":3},{"damage":4,"enemies":"Snecko","floor":22,"turns":5},{"damage":35,"enemies":"Book of Stabbing","floor":23,"turns":4},{"damage":20,"enemies":"Slavers","floor":25,"turns":3}],"seed_played":"1983178927090669431","potions_obtained":[{"floor":7,"key":"DistilledChaos"},{"floor":11,"key":"Weak Potion"},{"floor":13,"key":"Block Potion"},{"floor":20,"key":"DistilledChaos"},{"floor":22,"key":"Strength Potion"},{"floor":23,"key":"Swift Potion"}],"is_trial":false,"path_per_floor":["M","$","?","?","M","R","E","M","T","$","E","M","E","$","R","B",null,"M","M","M","$","M","E","R","E"],"character_chosen":"IRONCLAD","items_purchased":["Power Through","Evolve","Armaments+1","PowerPotion","True Grit+1"],"campfire_rested":0,"item_purchase_floors":[10,10,14,14,21],"current_hp_per_floor":[74,74,68,68,68,68,68,68,68,68,38,28,32,32,32,25,60,70,65,80,80,80,51,51,36,36],"gold":80,"neow_bonus":"THREE_ENEMY_KILL","is_daily":false,"chose_seed":false,"campfire_upgraded":3,"win_rate":0.0,"timestamp":1613766840,"path_taken":["M","$","?","?","M","R","E","M","T","$","E","M","E","$","R","BOSS","M","M","M","?","M","E","R","E"],"items_purchased_type":["Card","Card","Card","Potion","Card"],"build_version":"2020-12-18","purchased_purges":1,"victory":false,"max_hp_per_floor":[75,75,68,68,68,68,68,68,68,68,68,68,68,68,68,72,72,76,76,80,80,80,80,80,80,80],"relic_stats":{"counters":[14,59],"Golden Idol":75,"Snecko Eye":[39,40,40,45],"Tiny Chest":0,"Kunai":[7],"obtain_stats":[{"NeowsBlessing":0,"Golden Idol":3,"Snecko Eye":17,"Tiny Chest":23,"Kunai":13,"Toxic Egg 2":11,"Burning Blood":0,"Toy Ornithopter":9,"Paper Frog":7},{"NeowsBlessing":0,"Golden Idol":1,"Snecko Eye":8,"Tiny Chest":13,"Kunai":7,"Toxic Egg 2":5,"Burning Blood":0,"Toy Ornithopter":4,"Paper Frog":3},{"NeowsBlessing":0,"Golden Idol":1,"Snecko Eye":38,"Tiny Chest":56,"Kunai":23,"Toxic Egg 2":11,"Burning Blood":0,"Toy Ornithopter":6,"Paper Frog":4}],"Burning Blood":58,"Toy Ornithopter":20},"card_choices":[{"not_picked":["Headbutt","Clash"],"picked":"Carnage","floor":1},{"not_picked":["Clash","Burning Pact"],"picked":"Second Wind","floor":5},{"not_picked":["Wild Strike","Havoc"],"picked":"Metallicize","floor":7},{"not_picked":["Havoc","Perfected Strike","Heavy Blade"],"picked":"SKIP","floor":8},{"not_picked":["Combust","Reckless Charge"],"picked":"Blood for Blood","floor":11},{"not_picked":["Body Slam","Perfected Strike"],"picked":"Feed","floor":12},{"not_picked":["Evolve","Power Through+1"],"picked":"Battle Trance+1","floor":13},{"not_picked":["Feed","Barricade"],"picked":"Immolate","floor":16},{"not_picked":["Metallicize+1","Burning Pact+1"],"picked":"Dark Embrace+1","floor":18},{"not_picked":["Sword Boomerang","Iron Wave+1"],"picked":"Headbutt","floor":19},{"not_picked":["Rage+1","Entrench+1","Metallicize"],"picked":"SKIP","floor":20},{"not_picked":["Ghostly Armor+1","Sentinel+1"],"picked":"Clothesline","floor":22},{"not_picked":["Cleave","Iron Wave"],"picked":"Demon Form","floor":23}],"player_experience":2002527,"relics_obtained":[{"floor":7,"key":"Paper Frog"},{"floor":9,"key":"Toy Ornithopter"},{"floor":11,"key":"Toxic Egg 2"},{"floor":13,"key":"Kunai"},{"floor":23,"key":"Tiny Chest"}],"event_choices":[{"damage_healed":0,"gold_gain":0,"player_choice":"Lose Max HP","damage_taken":0,"relics_obtained":["Golden Idol"],"max_hp_gain":0,"max_hp_loss":7,"event_name":"Golden Idol","floor":3,"gold_loss":0},{"damage_healed":0,"gold_gain":0,"player_choice":"Upgraded","damage_taken":0,"max_hp_gain":0,"max_hp_loss":0,"event_name":"Upgrade Shrine","floor":4,"gold_loss":0,"cards_upgraded":["Carnage"]}],"is_beta":true,"boss_relics":[{"not_picked":["Runic Dome","Velvet Choker"],"picked":"Snecko Eye"}],"items_purged_floors":[21],"is_endless":false,"potions_floor_spawned":[7,11,13,20,22,23],"killed_by":"Slavers","ascension_level":20}}