{"host":"2l5k2wp87eek7qja","time":1613759982,"event":{"mods":["BaseMod","Colored Map","Minty Spire (QoL Compilation)","Relic Stats"],"gold_per_floor":[119,133,133,133,152,177,21,21,21,41,41,55,81,57,57,135,135,150,150,170,197,214,243,243,276,299,332,332,343,343,373,373,450,450,466,204,215,265,265,265,590,590,643,643,643,643],"floor_reached":45,"language":"ENG","playtime":2243,"items_purged":["Strike_G","Writhe"],"score":1049,"play_id":"f360fb35-746c-4124-9a8f-62a0ed978286","local_time":"20210219203942","is_ascension_mode":true,"campfire_choices":[{"data":"Blade Dance","floor":8.0,"key":"SMITH"},{"data":"Accuracy","floor":11.0,"key":"SMITH"},{"floor":15.0,"key":"REST"},{"data":"Well Laid Plans","floor":24.0,"key":"SMITH"},{"data":"Cloak And Dagger","floor":28.0,"key":"SMITH"},{"data":"Blade Dance","floor":30.0,"key":"SMITH"},{"floor":32.0,"key":"REST"},{"floor":40.0,"key":"RECALL"},{"data":"Neutralize","floor":42.0,"key":"SMITH"},{"floor":44.0,"key":"DIG"}],"circlet_count":0,"master_deck":["AscendersBane","Strike_G+1","Strike_G+1","Strike_G+1","Defend_G+1","Defend_G+1","Defend_G+1","Defend_G+1","Defend_G+1","Survivor","Neutralize+1","Blade Dance+1","Cloak And Dagger+1","Finisher","Caltrops","Blade Dance+1","Accuracy+1","Distraction+1","Crippling Poison+1","Deflect+1","Burst+1","Well Laid Plans+1","Catalyst+1","Bouncing Flask+1","Acrobatics+1","Injury","Acrobatics+1","Deadly Poison+1","Corpse Explosion+1","Backflip+1","Prepared+1","Pain"],"relics":["Ring of the Serpent","Vajra","Happy Flower","Toxic Egg 2","Odd Mushroom","Cursed Key","Turnip","Tingsha","MealTicket","Matryoshka","Shovel","Bag of Marbles","Tough Bandages","Old Coin","Bag of Preparation","Nunchaku","Regal Pillow"],"acts_visited":["Exordium","TheCity","TheBeyond"],"potions_floor_usage":[45],"damage_taken":[{"damage":7.0,"enemies":"Small Slimes","floor":1.0,"turns":5.0},{"damage":0.0,"enemies":"2 Louse","floor":2.0,"turns":2.0},{"damage":0.0,"enemies":"Cultist","floor":5.0,"turns":3.0},{"damage":38.0,"enemies":"Gremlin Nob","floor":6.0,"turns":4.0},{"damage":11.0,"enemies":"Exordium Thugs","floor":10.0,"turns":3.0},{"damage":0.0,"enemies":"Looter","floor":12.0,"turns":1.0},{"damage":0.0,"enemies":"The Mushroom Lair","floor":13.0,"turns":3.0},{"damage":7.0,"enemies":"The Guardian","floor":16.0,"turns":8.0},{"damage":0.0,"enemies":"3 Byrds","floor":18.0,"turns":4.0},{"damage":1.0,"enemies":"Spheric Guardian","floor":20.0,"turns":5.0},{"damage":3.0,"enemies":"Cultist and Chosen","floor":22.0,"turns":4.0},{"damage":12.0,"enemies":"Gremlin Leader","floor":23.0,"turns":3.0},{"damage":16.0,"enemies":"Slavers","floor":25.0,"turns":4.0},{"damage":4.0,"enemies":"Gremlin Leader","floor":27.0,"turns":5.0},{"damage":3.0,"enemies":"Snake Plant","floor":29.0,"turns":5.0},{"damage":6.0,"enemies":"Book of Stabbing","floor":31.0,"turns":5.0},{"damage":12.0,"enemies":"Champ","floor":33.0,"turns":8.0},{"damage":2.0,"enemies":"Orb Walker","floor":35.0,"turns":3.0},{"damage":0.0,"enemies":"3 Shapes","floor":37.0,"turns":2.0},{"damage":26.0,"enemies":"2 Orb Walkers","floor":38.0,"turns":4.0},{"damage":1.0,"enemies":"Mind Bloom Boss Battle","floor":41.0,"turns":4.0},{"damage":44,"enemies":"Reptomancer","floor":45,"turns":4}],"seed_played":"3324489936807730580","potions_obtained":[{"floor":1.0,"key":"Swift Potion"},{"floor":6.0,"key":"CultistPotion"},{"floor":10.0,"key":"Energy Potion"},{"floor":13.0,"key":"Poison Potion"},{"floor":20.0,"key":"FearPotion"},{"floor":23.0,"key":"Dexterity Potion"},{"floor":27.0,"key":"Block Potion"},{"floor":29.0,"key":"SkillPotion"},{"floor":31.0,"key":"Weak Potion"},{"floor":38.0,"key":"SkillPotion"}],"is_trial":false,"path_per_floor":["M","M","?","?","M","E","$","R","T","M","R","M","?","$","R","B",null,"M","?","M","T","M","E","R","E","T","E","R","M","R","E","R","B",null,"M","$","M","?","?","R","?","R","T","R","E"],"character_chosen":"THE_SILENT","items_purchased":["Blade Dance","AttackPotion","Deflect+1","Bag of Marbles"],"campfire_rested":2,"item_purchase_floors":[7,7,14,36],"current_hp_per_floor":[52,52,57,57,57,19,19,19,19,8,8,8,8,8,29,22,59,59,59,58,58,55,43,43,27,27,23,23,20,20,14,35,23,59,57,71,71,45,45,45,44,44,44,44,0,0],"gold":643,"neow_bonus":"RANDOM_COMMON_RELIC","is_daily":false,"chose_seed":false,"campfire_upgraded":6,"win_rate":0.0,"timestamp":1613759982,"path_taken":["M","M","?","?","?","E","?","R","T","M","R","M","?","$","R","BOSS","M","?","M","?","M","E","R","E","T","E","R","M","R","E","R","BOSS","M","$","M","?","?","R","?","R","T","R","E"],"items_purchased_type":["Card","Potion","Card","Relic"],"build_version":"2020-12-22","purchased_purges":2,"victory":false,"max_hp_per_floor":[66,66,71,71,71,71,71,71,71,71,71,71,71,71,71,71,71,71,71,71,71,71,71,71,71,71,71,71,71,71,71,71,71,71,71,71,71,71,71,71,71,71,71,71,71,71],"relic_stats":{"Tough Bandages":[15],"Nunchaku":[1],"Regal Pillow":0,"Shovel":1,"Happy Flower":[25],"counters":[22,89],"Tingsha":[62],"MealTicket":14,"Turnip":[8],"Bag of Preparation":[2],"Cursed Key":3,"obtain_stats":[{"Regal Pillow":44,"Happy Flower":6,"Vajra":0,"Tingsha":25,"Bag of Preparation":43,"Odd Mushroom":13,"Cursed Key":17,"Old Coin":41,"Tough Bandages":38,"Nunchaku":43,"Matryoshka":27,"Shovel":31,"MealTicket":26,"Turnip":23,"Bag of Marbles":36,"Toxic Egg 2":9,"Ring of the Serpent":34,"Ring of the Snake":0},{"Regal Pillow":21,"Happy Flower":4,"Vajra":0,"Tingsha":13,"Bag of Preparation":21,"Odd Mushroom":7,"Cursed Key":8,"Old Coin":21,"Tough Bandages":20,"Nunchaku":21,"Matryoshka":14,"Shovel":16,"MealTicket":13,"Turnip":12,"Bag of Marbles":18,"Toxic Egg 2":4,"Ring of the Serpent":17,"Ring of the Snake":0},{"Regal Pillow":85,"Happy Flower":14,"Vajra":0,"Tingsha":49,"Bag of Preparation":85,"Odd Mushroom":21,"Cursed Key":29,"Old Coin":85,"Tough Bandages":81,"Nunchaku":85,"Matryoshka":54,"Shovel":64,"MealTicket":49,"Turnip":45,"Bag of Marbles":75,"Toxic Egg 2":14,"Ring of the Serpent":72,"Ring of the Snake":0}]},"card_choices":[{"not_picked":["Expertise","Outmaneuver"],"picked":"Blade Dance","floor":1.0},{"not_picked":["Prepared","Crippling Poison"],"picked":"Cloak And Dagger","floor":2.0},{"not_picked":["Catalyst","Dagger Spray"],"picked":"Finisher","floor":5.0},{"not_picked":["Predator","Acrobatics"],"picked":"Caltrops","floor":6.0},{"not_picked":["Bane","A Thousand Cuts"],"picked":"Accuracy","floor":10.0},{"not_picked":["Skewer","Dagger Throw"],"picked":"Distraction+1","floor":12.0},{"not_picked":["Prepared+1","Deflect+1"],"picked":"Crippling Poison+1","floor":13.0},{"not_picked":["Bullet Time+1","Venomology+1"],"picked":"Burst+1","floor":16.0},{"not_picked":["Caltrops","Outmaneuver+1"],"picked":"Well Laid Plans","floor":18.0},{"not_picked":["Deadly Poison+1","Footwork"],"picked":"Catalyst+1","floor":20.0},{"not_picked":["Infinite Blades","Bane"],"picked":"Bouncing Flask+1","floor":22.0},{"not_picked":["Dash","Glass Knife","Dagger Spray"],"picked":"SKIP","floor":23.0},{"not_picked":["Cloak And Dagger+1","Dagger Spray"],"picked":"Acrobatics+1","floor":25.0},{"not_picked":["Distraction+1","Doppelganger+1"],"picked":"Acrobatics+1","floor":27.0},{"not_picked":["Underhanded Strike","Dagger Spray","Acrobatics+1"],"picked":"SKIP","floor":29.0},{"not_picked":["Dagger Spray","Acrobatics+1"],"picked":"Deadly Poison+1","floor":31.0},{"not_picked":["Phantasmal Killer+1","Unload"],"picked":"Corpse Explosion+1","floor":33.0},{"not_picked":["Outmaneuver+1","Dagger Spray","Sucker Punch"],"picked":"SKIP","floor":35.0},{"not_picked":["Setup+1","Concentrate+1"],"picked":"Backflip+1","floor":37.0},{"not_picked":["Dagger Spray","Dagger Throw+1"],"picked":"Prepared+1","floor":38.0}],"player_experience":808852,"relics_obtained":[{"floor":6.0,"key":"Happy Flower"},{"floor":9.0,"key":"Toxic Egg 2"},{"floor":13.0,"key":"Odd Mushroom"},{"floor":23.0,"key":"Turnip"},{"floor":25.0,"key":"Tingsha"},{"floor":26.0,"key":"MealTicket"},{"floor":27.0,"key":"Matryoshka"},{"floor":31.0,"key":"Shovel"},{"floor":38.0,"key":"Tough Bandages"},{"floor":41.0,"key":"Old Coin"},{"floor":43.0,"key":"Bag of Preparation"},{"floor":43.0,"key":"Nunchaku"},{"floor":44.0,"key":"Regal Pillow"}],"event_choices":[{"damage_healed":0.0,"max_hp_gain":5.0,"max_hp_loss":0.0,"gold_gain":0.0,"event_name":"Big Fish","player_choice":"Donut","floor":3.0,"gold_loss":0.0,"damage_taken":0.0},{"damage_healed":0.0,"max_hp_gain":0.0,"max_hp_loss":0.0,"gold_gain":0.0,"event_name":"Match and Keep!","player_choice":"0 cards matched","floor":4.0,"gold_loss":0.0,"damage_taken":0.0,"cards_obtained":[]},{"damage_healed":0.0,"max_hp_gain":0.0,"max_hp_loss":0.0,"gold_gain":0.0,"event_name":"Mushrooms","player_choice":"Fought Mushrooms","floor":13.0,"gold_loss":0.0,"damage_taken":0.0},{"damage_healed":0.0,"max_hp_gain":0.0,"max_hp_loss":0.0,"gold_gain":0.0,"event_name":"Back to Basics","player_choice":"Simplicity","floor":19.0,"gold_loss":0.0,"damage_taken":0.0,"cards_upgraded":["Strike_G","Strike_G","Strike_G","Strike_G","Defend_G","Defend_G","Defend_G","Defend_G","Defend_G"]},{"damage_healed":0.0,"max_hp_gain":0.0,"max_hp_loss":0.0,"gold_gain":0.0,"event_name":"Mysterious Sphere","player_choice":"Fight","floor":38.0,"gold_loss":0.0,"damage_taken":0.0},{"cards_removed":["Strike_G"],"damage_healed":0.0,"max_hp_gain":0.0,"max_hp_loss":0.0,"gold_gain":0.0,"event_name":"Falling","player_choice":"Removed Attack","floor":39.0,"gold_loss":0.0,"damage_taken":0.0},{"damage_healed":0.0,"max_hp_gain":0.0,"max_hp_loss":0.0,"gold_gain":0.0,"event_name":"MindBloom","player_choice":"Fight","floor":41.0,"gold_loss":0.0,"damage_taken":0.0}],"is_beta":false,"boss_relics":[{"not_picked":["Busted Crown","Empty Cage"],"picked":"Cursed Key"},{"not_picked":["Runic Dome","HoveringKite"],"picked":"Ring of the Serpent"}],"items_purged_floors":[7,36],"is_endless":false,"potions_floor_spawned":[1,6,10,13,20,23,27,29,31,38],"killed_by":"Reptomancer","ascension_level":20}}