{"host":"d744ndivyohnro60","time":1613705486,"event":{"mods":["BaseMod","Bestiary","Colored Powertips","Minty Spire (QoL Compilation)","Relic Stats"],"gold_per_floor":[119,119,65,75,87,121,121,135,135,53,109,109,120,132,132,234,234,246,246,265,284,302,302,335,347,347,223,241,255,265,281,281,281,281],"floor_reached":33,"language":"ENG","playtime":1312,"items_purged":["Defend_B"],"score":371,"play_id":"55e53751-028d-4a68-8a7f-965cbbe86c9d","local_time":"20210218223126","is_ascension_mode":true,"campfire_choices":[{"data":"Dualcast","floor":7,"key":"SMITH"},{"floor":15,"key":"REST"},{"data":"Beam Cell","floor":23,"key":"SMITH"},{"data":"Zap","floor":32,"key":"SMITH"}],"circlet_count":0,"master_deck":["Strike_B","Strike_B","Strike_B","Strike_B","Defend_B","Defend_B","Zap+1","Dualcast+1","Beam Cell+1","Steam","Rip and Tear","Steam","Hyperbeam","Steam","FTL","All For One","BootSequence","Self Repair","All For One","CurseOfTheBell","Melter","Go for the Eyes","Stack","Seek","Beam Cell","Leap","FTL+1","Go for the Eyes","Steam Power"],"relics":["Busted Crown","GremlinMask","StrikeDummy","Question Card","Calling Bell","CaptainsWheel","Eternal Feather","Blood Vial","Meat on the Bone","Singing Bowl","Sundial"],"acts_visited":["Exordium","TheCity"],"potions_floor_usage":[13,16,16,20,21,24,29,31,33,33],"damage_taken":[{"damage":1,"enemies":"2 Louse","floor":1,"turns":3},{"damage":0,"enemies":"Cultist","floor":4,"turns":4},{"damage":0,"enemies":"Small Slimes","floor":5,"turns":3},{"damage":14,"enemies":"Lagavulin","floor":6,"turns":6},{"damage":9,"enemies":"2 Fungi Beasts","floor":8,"turns":2},{"damage":0,"enemies":"Red Slaver","floor":13,"turns":2},{"damage":7,"enemies":"Blue Slaver","floor":14,"turns":3},{"damage":21,"enemies":"The Guardian","floor":16,"turns":6},{"damage":26,"enemies":"Chosen","floor":18,"turns":6},{"damage":9,"enemies":"Shell Parasite","floor":20,"turns":4},{"damage":13,"enemies":"Centurion and Healer","floor":21,"turns":4},{"damage":23,"enemies":"Shelled Parasite and Fungi","floor":22,"turns":5},{"damage":3,"enemies":"Book of Stabbing","floor":24,"turns":4},{"damage":17,"enemies":"Snake Plant","floor":25,"turns":5},{"damage":18,"enemies":"Sentry and Sphere","floor":28,"turns":5},{"damage":28,"enemies":"Snecko","floor":29,"turns":6},{"damage":10,"enemies":"Snake Plant","floor":30,"turns":4},{"damage":0,"enemies":"Centurion and Healer","floor":31,"turns":5},{"damage":84,"enemies":"Collector","floor":33,"turns":8}],"seed_played":"2998715012755481084","potions_obtained":[{"floor":4,"key":"FearPotion"},{"floor":6,"key":"DistilledChaos"},{"floor":13,"key":"Weak Potion"},{"floor":14,"key":"SteroidPotion"},{"floor":16,"key":"CultistPotion"},{"floor":18,"key":"SkillPotion"},{"floor":22,"key":"FocusPotion"},{"floor":28,"key":"Block Potion"},{"floor":29,"key":"Swift Potion"},{"floor":30,"key":"Weak Potion"},{"floor":31,"key":"FearPotion"}],"is_trial":false,"path_per_floor":["M","?","$","M","M","E","R","M","T","$","?","?","M","M","R","B",null,"M","?","M","M","M","R","E","M","T","$","M","M","M","M","R","B"],"character_chosen":"DEFECT","items_purchased":["Steam","FTL","Beam Cell"],"campfire_rested":1,"item_purchase_floors":[3,10,27],"current_hp_per_floor":[67,67,67,67,67,53,53,44,44,44,44,44,44,37,59,45,68,51,51,51,47,45,57,65,57,57,57,48,41,52,61,76,0,0],"gold":281,"neow_bonus":"BOSS_RELIC","is_daily":false,"chose_seed":false,"campfire_upgraded":3,"win_rate":0.0,"timestamp":1613705486,"path_taken":["M","?","$","M","M","E","R","M","T","?","?","?","M","?","R","BOSS","M","?","M","M","M","R","E","M","T","$","M","M","M","M","R","BOSS"],"items_purchased_type":["Card","Card","Card"],"build_version":"2020-12-22","purchased_purges":1,"victory":false,"max_hp_per_floor":[75,75,75,75,75,75,75,75,75,75,75,75,75,75,75,75,75,75,75,75,75,75,75,77,77,77,77,77,77,77,77,77,77,77],"relic_stats":{"Blood Vial":21,"Busted Crown":38,"Singing Bowl":2,"counters":[19,85],"Sundial":[2],"Eternal Feather":27,"Question Card":14,"obtain_stats":[{"Calling Bell":17,"Blood Vial":17,"CaptainsWheel":17,"Busted Crown":0,"Singing Bowl":24,"Sundial":26,"GremlinMask":2,"Eternal Feather":17,"Cracked Core":0,"StrikeDummy":6,"Question Card":9,"Meat on the Bone":19},{"Calling Bell":8,"Blood Vial":8,"CaptainsWheel":8,"Busted Crown":0,"Singing Bowl":13,"Sundial":14,"GremlinMask":1,"Eternal Feather":8,"Cracked Core":0,"StrikeDummy":4,"Question Card":5,"Meat on the Bone":9},{"Calling Bell":29,"Blood Vial":29,"CaptainsWheel":29,"Busted Crown":0,"Singing Bowl":52,"Sundial":57,"GremlinMask":3,"Eternal Feather":29,"Cracked Core":0,"StrikeDummy":16,"Question Card":18,"Meat on the Bone":35}],"Meat on the Bone":36},"card_choices":[{"not_picked":[],"picked":"Beam Cell","floor":1},{"not_picked":[],"picked":"Rip and Tear","floor":4},{"not_picked":[],"picked":"Steam","floor":5},{"not_picked":[],"picked":"Hyperbeam","floor":6},{"not_picked":[],"picked":"Steam","floor":8},{"not_picked":["Blizzard"],"picked":"BootSequence","floor":13},{"not_picked":["Stack"],"picked":"Self Repair","floor":14},{"not_picked":["Amplify"],"picked":"All For One","floor":16},{"not_picked":["Hello World"],"picked":"Melter","floor":18},{"not_picked":["Cold Snap"],"picked":"Go for the Eyes","floor":20},{"not_picked":["Barrage","White Noise"],"picked":"SKIP","floor":21},{"not_picked":["Streamline"],"picked":"Stack","floor":22},{"not_picked":["Compile Driver","Tempest"],"picked":"Singing Bowl","floor":24},{"not_picked":["Ball Lightning"],"picked":"Seek","floor":25},{"not_picked":["Glacier"],"picked":"Leap","floor":28},{"not_picked":["Storm+1"],"picked":"FTL+1","floor":29},{"not_picked":["Leap"],"picked":"Go for the Eyes","floor":30},{"not_picked":["Ball Lightning"],"picked":"Steam Power","floor":31}],"player_experience":241705,"relics_obtained":[{"floor":6,"key":"StrikeDummy"},{"floor":9,"key":"Question Card"},{"floor":17,"key":"CaptainsWheel"},{"floor":17,"key":"Eternal Feather"},{"floor":17,"key":"Blood Vial"},{"floor":24,"key":"Singing Bowl"},{"floor":26,"key":"Sundial"}],"event_choices":[{"damage_healed":0,"gold_gain":0,"player_choice":"Trade","damage_taken":0,"relics_obtained":["GremlinMask"],"max_hp_gain":0,"max_hp_loss":0,"event_name":"FaceTrader","floor":2,"gold_loss":0},{"damage_healed":0,"gold_gain":56,"player_choice":"Gained Gold","damage_taken":0,"max_hp_gain":0,"max_hp_loss":0,"event_name":"Golden Wing","floor":11,"gold_loss":0},{"damage_healed":0,"gold_gain":0,"cards_transformed":["Defend_B"],"player_choice":"Transformed","damage_taken":0,"max_hp_gain":0,"max_hp_loss":0,"event_name":"Transmorgrifier","floor":12,"gold_loss":0,"cards_obtained":["All For One"]},{"damage_healed":0,"gold_gain":0,"player_choice":"Opened","damage_taken":0,"relics_obtained":["Meat on the Bone"],"max_hp_gain":0,"max_hp_loss":0,"event_name":"The Mausoleum","floor":19,"gold_loss":0}],"is_beta":false,"boss_relics":[{"not_picked":["Runic Pyramid","Black Star"],"picked":"Calling Bell"}],"items_purged_floors":[27],"is_endless":false,"potions_floor_spawned":[4,6,13,14,16,18,22,28,29,30,31],"killed_by":"Collector","ascension_level":7}}