{"host":"yvb207ks1sg3cxef","time":1613773386,"event":{"mods":["2.2 Compatiblity","BaseMod","Bestiary","Colored Powertips","Minty Spire (QoL Compilation)","Permanent Neow","Quick Restart","Relic Stats","StSLib"],"gold_per_floor":[109,123,137,137,137,172,7,7,7],"floor_reached":8,"language":"ENG","playtime":362,"items_purged":["Strike_G"],"score":112,"play_id":"c5864c9b-96f5-4cdd-a7f8-6a8caefae01f","local_time":"20210220035306","is_ascension_mode":true,"campfire_choices":[],"circlet_count":0,"master_deck":["AscendersBane","Strike_G","Strike_G","Strike_G","Defend_G","Defend_G","Defend_G","Defend_G","Survivor","Neutralize","Dagger Spray","Poisoned Stab","Deadly Poison","Dagger Spray","Bouncing Flask"],"relics":["Empty Cage","CeramicFish","Happy Flower","Darkstone Periapt"],"acts_visited":["Exordium"],"potions_floor_usage":[6,8],"damage_taken":[{"damage":10,"enemies":"Small Slimes","floor":1,"turns":8},{"damage":4,"enemies":"Jaw Worm","floor":2,"turns":5},{"damage":0,"enemies":"2 Louse","floor":3,"turns":3},{"damage":17,"enemies":"Lagavulin","floor":6,"turns":7},{"damage":29,"enemies":"3 Sentries","floor":8,"turns":5}],"seed_played":"-7212392915976596896","potions_obtained":[{"floor":3,"key":"Block Potion"},{"floor":6,"key":"BlessingOfTheForge"}],"is_trial":false,"path_per_floor":["M","M","M","?","T","E","$","E"],"character_chosen":"THE_SILENT","items_purchased":["FearPotion","Bouncing Flask"],"campfire_rested":0,"item_purchase_floors":[7,7],"current_hp_per_floor":[49,45,45,40,40,23,23,0,0],"gold":7,"neow_bonus":"BOSS_RELIC","is_daily":false,"chose_seed":false,"campfire_upgraded":0,"win_rate":0.0,"timestamp":1613773386,"path_taken":["M","M","M","?","?","E","$","E"],"items_purchased_type":["Potion","Card"],"build_version":"2020-12-22","purchased_purges":1,"victory":false,"max_hp_per_floor":[66,66,66,66,66,66,66,66,66],"relic_stats":{"Darkstone Periapt":0,"Happy Flower":[4],"counters":[5,28],"CeramicFish":18,"obtain_stats":[{"Darkstone Periapt":6,"Happy Flower":5,"CeramicFish":4,"Empty Cage":0,"Ring of the Snake":0},{"Darkstone Periapt":4,"Happy Flower":3,"CeramicFish":3,"Empty Cage":0,"Ring of the Snake":0},{"Darkstone Periapt":23,"Happy Flower":16,"CeramicFish":16,"Empty Cage":0,"Ring of the Snake":0}]},"card_choices":[{"not_picked":["Dodge and Roll","Skewer"],"picked":"Dagger Spray","floor":1},{"not_picked":["Endless Agony","Distraction"],"picked":"Poisoned Stab","floor":2},{"not_picked":["Acrobatics","Flechettes"],"picked":"Deadly Poison","floor":3},{"not_picked":["Deflect","Underhanded Strike"],"picked":"Dagger Spray","floor":6}],"player_experience":520342,"relics_obtained":[{"floor":5,"key":"Happy Flower"},{"floor":6,"key":"Darkstone Periapt"}],"event_choices":[{"damage_healed":0,"gold_gain":0,"player_choice":"Success","damage_taken":5,"relics_obtained":["CeramicFish"],"max_hp_gain":0,"max_hp_loss":0,"event_name":"Scrap Ooze","floor":4,"gold_loss":0}],"is_beta":false,"boss_relics":[],"items_purged_floors":[7],"is_endless":false,"potions_floor_spawned":[3,6],"killed_by":"3 Sentries","ascension_level":20}}