{"host":"p2ps6s9o3p66sm0r","time":1613760490,"event":{"mods":["BaseMod","Downfall","Hermit","Minty Spire (QoL Compilation)","Replay The Spire","StSLib","The Cursed","The Servant 0.9.4"],"gold_per_floor":[110,110,110,128,139,139,139,166,166,184,184,198,216,235,252,252,252,252,252],"floor_reached":18,"language":"ENG","playtime":1375,"items_purged":[],"score":116,"play_id":"6b391f6e-cdde-4826-832b-86edaa3a4e1b","local_time":"20210219134810","is_ascension_mode":false,"campfire_choices":[{"floor":9,"key":"REST"},{"floor":17,"key":"REST"}],"circlet_count":0,"master_deck":["hermit:Strike_Hermit","hermit:Strike_Hermit","hermit:Strike_Hermit","hermit:Strike_Hermit","hermit:Defend_Hermit","hermit:Defend_Hermit","hermit:Defend_Hermit","hermit:Defend_Hermit","hermit:Snapshot","hermit:Covet","hermit:GoldenBullet","hermit:Dive","hermit:Ricochet","hermit:Coalescence","hermit:Headshot","hermit:FromBeyond","hermit:Cheat","hermit:Determination","hermit:Showdown","hermit:Strike_Hermit","ReplayTheSpireMod:Restless Dread","hermit:RoundhouseKick"],"relics":["hermit:Momento","NeowsBlessing","Art of War","Chameleon Ring"],"acts_visited":["Exordium"],"potions_floor_usage":[8,14,15],"damage_taken":[{"damage":0,"enemies":"2 Louse","floor":1,"turns":1},{"damage":0,"enemies":"Jaw Worm","floor":4,"turns":2},{"damage":0,"enemies":"Cultist","floor":5,"turns":1},{"damage":48,"enemies":"3 Sentries","floor":8,"turns":12},{"damage":6,"enemies":"Exordium Wildlife","floor":10,"turns":3},{"damage":13,"enemies":"Red Slaver","floor":12,"turns":2},{"damage":6,"enemies":"Gremlin Gang","floor":13,"turns":5},{"damage":11,"enemies":"Large Slime","floor":14,"turns":4},{"damage":7,"enemies":"Exordium Thugs","floor":15,"turns":5},{"damage":17,"enemies":"Hexaghost","floor":18,"turns":8}],"seed_played":"-6837868133069719196","potions_obtained":[{"floor":1,"key":"SkillPotion"},{"floor":5,"key":"DistilledChaos"},{"floor":13,"key":"SkillPotion"},{"floor":14,"key":"Weak Potion"}],"is_trial":false,"path_per_floor":["M","?","?","M","M","PTL","PTL","E","R","M","T","M","M","M","M","?","R","B"],"character_chosen":"HERMIT","items_purchased":[],"campfire_rested":2,"item_purchase_floors":[],"current_hp_per_floor":[75,75,75,75,75,75,75,27,49,43,43,30,24,13,6,6,28,11,11],"gold":252,"neow_bonus":"THREE_ENEMY_KILL","is_daily":false,"chose_seed":false,"campfire_upgraded":0,"win_rate":0.0,"timestamp":1613760490,"path_taken":["M","?","?","M","M","PTL","PTL","E","R","M","T","M","M","M","?","?","R","BOSS"],"items_purchased_type":[],"build_version":"2020-12-22","purchased_purges":0,"victory":false,"max_hp_per_floor":[75,75,75,75,75,75,75,75,75,75,75,75,75,75,75,75,75,75,75],"card_choices":[{"not_picked":["hermit:BodyArmor","hermit:Misfire"],"picked":"hermit:GoldenBullet","floor":1},{"not_picked":["hermit:Snipe","hermit:BodyArmor"],"picked":"hermit:Dive","floor":4},{"not_picked":["hermit:Combo","hermit:NoHoldsBarred"],"picked":"hermit:Ricochet","floor":5},{"not_picked":["hermit:Roulette","hermit:LuckOfTheDraw"],"picked":"hermit:Coalescence","floor":8},{"not_picked":["hermit:Ricochet","hermit:Grudge"],"picked":"hermit:Headshot","floor":10},{"not_picked":["hermit:ItchyTrigger","hermit:Misfire"],"picked":"hermit:FromBeyond","floor":12},{"not_picked":["hermit:Virtue","hermit:HoleUp"],"picked":"hermit:Cheat","floor":13},{"not_picked":["hermit:CursedWeapon","hermit:Enervate"],"picked":"hermit:Determination","floor":14},{"not_picked":["hermit:Coalescence","hermit:HoleUp"],"picked":"hermit:Showdown","floor":15}],"player_experience":175750,"relics_obtained":[{"floor":8,"key":"Chameleon Ring"}],"event_choices":[{"damage_healed":0,"gold_gain":0,"player_choice":"Gave Potion","damage_taken":0,"relics_obtained":["Art of War"],"max_hp_gain":0,"max_hp_loss":0,"event_name":"WeMeetAgain","floor":3,"gold_loss":0},{"damage_healed":0,"gold_gain":0,"player_choice":"3 cards matched","damage_taken":0,"max_hp_gain":0,"max_hp_loss":0,"event_name":"Match and Keep!","floor":16,"gold_loss":0,"cards_obtained":["hermit:Strike_Hermit","ReplayTheSpireMod:Restless Dread","hermit:RoundhouseKick"]}],"is_beta":false,"boss_relics":[],"items_purged_floors":[],"is_endless":false,"potions_floor_spawned":[1,5,13,14],"killed_by":"Hexaghost","ascension_level":0}}