{"host":"onmzcmq5a68cxj3d","time":1613696191,"event":{"mods":["BaseMod","Colored Map","Minty Spire (QoL Compilation)","Remove Card Discount Mod"],"gold_per_floor":[117,117,132,132,132,132,132,166,166,166,166,109,109,109,109,238,238,252,266,2,2,2,2,2,23,23,23,62,62,62],"floor_reached":29,"language":"ENG","playtime":1330,"items_purged":["Strike_R","Strike_R","Strike_R","Strike_R","Strike_R"],"score":235,"play_id":"1014ff69-6c76-4e59-aec1-8b02c70acabf","local_time":"20210218175631","daily_mods":["Heirloom","Time Dilation","Flight"],"is_ascension_mode":false,"campfire_choices":[{"data":"Echo Form","floor":6,"key":"SMITH"},{"data":"Demon Form","floor":7,"key":"SMITH"},{"floor":10,"key":"REST"},{"floor":11,"key":"REST"},{"data":"Anger","floor":13,"key":"SMITH"},{"data":"Carnage","floor":15,"key":"SMITH"},{"data":"Limit Break","floor":23,"key":"SMITH"},{"data":"Bash","floor":24,"key":"SMITH"},{"data":"Barricade","floor":27,"key":"SMITH"}],"circlet_count":0,"master_deck":["Demon Form+1","Echo Form+1","DevaForm+1","Defend_R","Defend_R","Defend_R","Defend_R","Bash+1","Carnage+1","Anger+1","Limit Break+1","Anger+1","Barricade+1","Thunderclap+1"],"relics":["Unceasing Top","CaptainsWheel","Golden Idol","Bag of Preparation","Pear","Black Star","Mummified Hand","Smiling Mask","Matryoshka","Molten Egg 2","Eternal Feather"],"acts_visited":["Exordium","TheCity"],"potions_floor_usage":[8,28],"damage_taken":[{"damage":8,"enemies":"Jaw Worm","floor":1,"turns":4},{"damage":0,"enemies":"Cultist","floor":3,"turns":4},{"damage":45,"enemies":"3 Sentries","floor":8,"turns":8},{"damage":26,"enemies":"Hexaghost","floor":16,"turns":6},{"damage":16,"enemies":"Shell Parasite","floor":18,"turns":6},{"damage":5,"enemies":"3 Byrds","floor":19,"turns":6},{"damage":9,"enemies":"Centurion and Healer","floor":25,"turns":5},{"damage":51,"enemies":"Book of Stabbing","floor":28,"turns":7},{"damage":11,"enemies":"Snake Plant","floor":29,"turns":1}],"seed_played":"4941860136491495417","potions_obtained":[{"floor":1,"key":"SkillPotion"},{"floor":18,"key":"PowerPotion"}],"is_trial":true,"path_per_floor":["M","?","M","?","?","R","R","E","T","R","R","$","R","$","R","B",null,"M","M","$","$","?","R","R","M","T","R","E","M"],"character_chosen":"IRONCLAD","items_purchased":["Anger","Mummified Hand"],"campfire_rested":2,"item_purchase_floors":[12,20],"current_hp_per_floor":[72,72,72,72,52,52,52,7,17,44,71,71,71,71,71,45,90,74,69,69,69,69,69,69,60,60,60,9,0,0],"gold":62,"neow_bonus":"","is_daily":false,"chose_seed":false,"campfire_upgraded":7,"win_rate":0.0,"timestamp":1613696191,"path_taken":["M","?","?","?","?","R","R","E","T","R","R","?","R","$","R","BOSS","M","M","$","$","?","R","R","?","T","R","E","M"],"items_purchased_type":["Card","Relic"],"build_version":"2020-12-22","purchased_purges":5,"victory":false,"max_hp_per_floor":[80,80,80,80,80,80,80,80,90,90,90,90,90,90,90,90,90,90,90,90,90,90,90,90,90,90,90,90,90,90],"card_choices":[{"not_picked":["Hemokinesis","Sword Boomerang","Pommel Strike"],"picked":"SKIP","floor":1},{"not_picked":["Warcry","True Grit","Body Slam"],"picked":"SKIP","floor":3},{"not_picked":["Blood for Blood","Burning Pact"],"picked":"Carnage","floor":8},{"not_picked":["Immolate","Brutality"],"picked":"Limit Break","floor":16},{"not_picked":["Wild Strike+1","Perfected Strike"],"picked":"Anger+1","floor":18},{"not_picked":["Clothesline","Armaments","Pommel Strike"],"picked":"SKIP","floor":19},{"not_picked":["Pommel Strike","Body Slam"],"picked":"Barricade","floor":25},{"not_picked":["Sword Boomerang+1","Hemokinesis+1"],"picked":"Thunderclap+1","floor":28}],"player_experience":449695,"relics_obtained":[{"floor":8,"key":"Bag of Preparation"},{"floor":9,"key":"Pear"},{"floor":22,"key":"Smiling Mask"},{"floor":26,"key":"Matryoshka"},{"floor":28,"key":"Molten Egg 2"},{"floor":28,"key":"Eternal Feather"}],"event_choices":[{"cards_removed":["Wraith Form v2"],"damage_healed":0,"gold_gain":0,"player_choice":"Purged","damage_taken":0,"max_hp_gain":0,"max_hp_loss":0,"event_name":"Purifier","floor":2,"gold_loss":0},{"damage_healed":0,"gold_gain":0,"player_choice":"Grow","damage_taken":0,"max_hp_gain":0,"max_hp_loss":0,"event_name":"Living Wall","floor":4,"gold_loss":0,"cards_upgraded":["DevaForm"]},{"damage_healed":0,"gold_gain":0,"player_choice":"Take Damage","damage_taken":20,"relics_obtained":["Golden Idol"],"max_hp_gain":0,"max_hp_loss":0,"event_name":"Golden Idol","floor":5,"gold_loss":0},{"damage_healed":0,"gold_gain":0,"player_choice":"Relic","damage_taken":0,"max_hp_gain":0,"max_hp_loss":0,"event_name":"Wheel of Change","floor":22,"gold_loss":0}],"is_beta":false,"boss_relics":[{"not_picked":["SacredBark","Mark of Pain"],"picked":"Black Star"}],"items_purged_floors":[12,12,12,12,20],"is_endless":false,"potions_floor_spawned":[1,18],"killed_by":"Snake Plant","ascension_level":0}}