{"host":"ty9fb48q9oru32qm","time":1613765909,"event":{"mods":["2.2 Compatiblity","AchievementEnabler","Act Like it!","Astrologer","BaseMod","Beaked The Cultist","Better Synergies","Block Reminder","Colored Powertips","Conspire","DeckTracker","Downfall","Ekko","Elementarium","Friendly Minions","GifTheSpireLib","Hermit","Hubris","Infinite Spire","JesterMod","Jorbs\u0027s Wanderer Trilogy","Marisa????????","Minty Spire (QoL Compilation)","Permanent Neow","Quick Restart","Random Character Button","Reliquary","Replay The Spire","Ruina","Somnambulant","StSLib","Stuff the Spire","The Cursed","The Marked","The Runesmith","TheVacant"],"gold_per_floor":[119,44,64,64,79,106,106,133,156,156,156,156,184,184,184,184,184],"floor_reached":16,"language":"ENG","playtime":1129,"items_purged":["jesterMod:Strike"],"score":166,"play_id":"467f9b81-6437-4450-9784-98e07049a32a","local_time":"20210219211829","is_ascension_mode":false,"campfire_choices":[{"floor":11,"key":"REST"}],"circlet_count":0,"master_deck":["conspire:GhostlyStrike+1","jesterMod:Sickle","conspire:GhostlyDefend","conspire:GhostlyDefend","conspire:GhostlyDefend","conspire:GhostlyDefend","jesterMod:Dodge","jesterMod:Placebo","jesterMod:DesperateStrike","jesterMod:TrickyDodge","jesterMod:Discretion+1","jesterMod:Swiftness","Blind","StuffTheSpire:CuriosityCurse"],"relics":["infinitespire:DarkRift","Runesmith:AutoHammer","Replay:PocketPolymizer","Replay:Rubber Ducky","infinitespire:Cubic Diamond","reliquary:ExpiredCoupon","StuffTheSpire:TintedRock","StuffTheSpire:DarkSteelAnvil"],"acts_visited":["Exordium"],"potions_floor_usage":[8,13],"damage_taken":[{"damage":0,"enemies":"Cultist","floor":1,"turns":5},{"damage":11,"enemies":"Jaw Worm","floor":3,"turns":2},{"damage":0,"enemies":"2 Louse","floor":5,"turns":2},{"damage":28,"enemies":"Replay:BlueRogue","floor":6,"turns":6},{"damage":7,"enemies":"Gremlin Nob","floor":8,"turns":5},{"damage":0,"enemies":"Lagavulin","floor":13,"turns":10},{"damage":21,"enemies":"The Guardian","floor":16,"turns":6}],"seed_played":"1315246426060344725","potions_obtained":[{"floor":1,"key":"BlessingOfTheForge"},{"floor":5,"key":"Fire Potion"},{"floor":8,"key":"PowerPotion"}],"is_trial":false,"path_per_floor":["M","$","M","?","M","E","?","E","T","?","R","?","E","T","R","B"],"character_chosen":"THE_JESTER","items_purchased":[],"campfire_rested":1,"item_purchase_floors":[],"current_hp_per_floor":[70,70,59,59,59,31,31,24,24,24,45,45,45,45,66,45,45],"gold":184,"neow_bonus":"TRANSFORM_CARD","is_daily":false,"chose_seed":false,"campfire_upgraded":0,"win_rate":0.0,"timestamp":1613765909,"path_taken":["M","?","M","?","M","E","?","E","T","?","R","?","E","?","R","BOSS"],"items_purchased_type":[],"build_version":"2020-12-22","purchased_purges":1,"victory":false,"max_hp_per_floor":[70,70,70,70,70,70,70,70,70,70,70,70,70,70,70,70,70],"card_choices":[{"not_picked":["jesterMod:Prankster","jesterMod:Arrythmia"],"picked":"jesterMod:DesperateStrike","floor":1},{"not_picked":["jesterMod:PerfectDodge","jesterMod:SmokeScreen"],"picked":"jesterMod:TrickyDodge","floor":3},{"not_picked":["jesterMod:JackInTheBox","jesterMod:SmokeScreen"],"picked":"jesterMod:Discretion","floor":5},{"not_picked":["jesterMod:BouncingKnife","jesterMod:Hide"],"picked":"jesterMod:Swiftness","floor":6},{"not_picked":["jesterMod:Anticipation","jesterMod:Squander","jesterMod:SelfMockery"],"picked":"SKIP","floor":8},{"not_picked":["jesterMod:DancingMad","jesterMod:TrickyDodge","jesterMod:Flee"],"picked":"SKIP","floor":13}],"player_experience":323948,"relics_obtained":[{"floor":6,"key":"Runesmith:AutoHammer"},{"floor":8,"key":"Replay:PocketPolymizer"},{"floor":9,"key":"Replay:Rubber Ducky"},{"floor":13,"key":"StuffTheSpire:TintedRock"},{"floor":14,"key":"StuffTheSpire:DarkSteelAnvil"}],"event_choices":[{"damage_healed":0,"gold_gain":0,"player_choice":"Agree","damage_taken":0,"max_hp_gain":0,"max_hp_loss":0,"event_name":"conspire:LoneGhost","floor":4,"gold_loss":0}],"is_beta":false,"boss_relics":[],"items_purged_floors":[2],"is_endless":false,"potions_floor_spawned":[1,5,8],"killed_by":"The Guardian","ascension_level":0}}