{"host":"uhi6g4fgvyietct9","time":1613742490,"event":{"mods":["AchievementEnabler","BaseMod","Colored Map","Colored Powertips","Minty Spire (QoL Compilation)","StSLib","SuperFastMode"],"gold_per_floor":[112,127,202,377,168,168,203,203,226,226,226],"floor_reached":10,"language":"KOR","playtime":111,"items_purged":["Doubt"],"score":147,"play_id":"f30db50f-0f8f-4a1f-8f73-a510c35fd080","local_time":"20210219224810","is_ascension_mode":true,"campfire_choices":[{"data":"Bash","floor":6,"key":"SMITH"},{"data":"Dropkick","floor":8,"key":"SMITH"}],"circlet_count":0,"master_deck":["AscendersBane","Strike_R","Strike_R","Strike_R","Strike_R","Strike_R","Defend_R","Defend_R","Defend_R","Defend_R","Bash+1","Dropkick+1","Dropkick"],"relics":["Burning Blood","NeowsBlessing","Toy Ornithopter","Red Skull"],"acts_visited":["Exordium"],"potions_floor_usage":[5],"damage_taken":[{"damage":0,"enemies":"Cultist","floor":1,"turns":1},{"damage":0,"enemies":"Jaw Worm","floor":2,"turns":1},{"damage":0,"enemies":"Lagavulin","floor":7,"turns":1},{"damage":0,"enemies":"3 Sentries","floor":10,"turns":1}],"seed_played":"4487046334237046539","potions_obtained":[{"floor":2,"key":"DuplicationPotion"}],"is_trial":false,"path_per_floor":["M","M","?","?","$","R","E","R","T","E"],"character_chosen":"IRONCLAD","items_purchased":["Dropkick","Fruit Juice"],"campfire_rested":0,"item_purchase_floors":[5,5],"current_hp_per_floor":[78,80,69,69,74,74,80,80,80,80,80],"gold":226,"neow_bonus":"THREE_ENEMY_KILL","is_daily":false,"chose_seed":false,"campfire_upgraded":2,"win_rate":0.0,"timestamp":1613742490,"path_taken":["M","M","?","?","$","R","E","R","T","E"],"items_purchased_type":["Card","Potion"],"build_version":"2020-12-22","purchased_purges":1,"victory":false,"max_hp_per_floor":[80,80,80,80,85,85,85,85,85,85,85],"card_choices":[{"not_picked":["Armaments","Clothesline","Clash"],"picked":"SKIP","floor":1},{"not_picked":["Pommel Strike","Thunderclap"],"picked":"Dropkick","floor":2},{"not_picked":["Bloodletting","Perfected Strike","Clothesline"],"picked":"SKIP","floor":7}],"player_experience":597877,"relics_obtained":[{"floor":7,"key":"Toy Ornithopter"},{"floor":9,"key":"Red Skull"}],"event_choices":[{"damage_healed":0,"gold_gain":75,"player_choice":"Gather Gold","damage_taken":11,"max_hp_gain":0,"max_hp_loss":0,"event_name":"World of Goop","floor":3,"gold_loss":0},{"damage_healed":0,"gold_gain":175,"player_choice":"AGREE","damage_taken":0,"max_hp_gain":0,"max_hp_loss":0,"event_name":"Liars Game","floor":4,"gold_loss":0,"cards_obtained":["Doubt"]}],"is_beta":false,"boss_relics":[],"items_purged_floors":[5],"is_endless":false,"potions_floor_spawned":[2],"killed_by":"3 Sentries","ascension_level":13}}