{"host":"jsd6g3c2vo13e69c","time":1613694306,"event":{"mods":["2.2 Compatiblity","Act Like it!","BaseMod","Better Note","Better Third Choice","BetterRewards","Colored Map","Colored Powertips","Conspire","DeckTracker","Downfall","Friendly Minions","GifTheSpireLib","Googly Eyes","Hermit","Highlight Path","Hubris","Infinite Spire","Lobotomy","LobotomyExtend","Minty Spire (QoL Compilation)","Quick Restart","Random Character Button","Rare Cards Sparkle","Relic Sorter","Relic Stats","Replay The Spire","Ruina","Shop Mod","Spire Arcade","StSLib","SuperFastMode","The Cursed","The Disciple","The Forsaken","The Jungle"],"gold_per_floor":[182,201,220,220,233,252,252,252,252,265,327,344,144,144,144,144,199,231,231,231],"floor_reached":18,"language":"ENG","playtime":1269,"items_purged":[],"score":129,"play_id":"a38686f0-f81b-44fd-8a83-87d955e17915","local_time":"20210218192506","is_ascension_mode":false,"campfire_choices":[],"circlet_count":0,"master_deck":["Slimebound:Strike_Slimebound","Slimebound:Strike_Slimebound","Slimebound:Strike_Slimebound","Slimebound:Tackle","Slimebound:Defend_Slimebound+1","Slimebound:Defend_Slimebound","Slimebound:Defend_Slimebound","Slimebound:Defend_Slimebound","Slimebound:Split","Slimebound:CorrosiveSpit","Slimebound:ItLooksTasty","Slimebound:SamplingLick+1","Slimebound:DisruptingSlam+1","Slimebound:TongueLash+1","Dazed","Slimebound:MegaLick","Slimebound:SlimeTap+1","Slimebound:Dissolve","Slimebound:LivingWall","conspire:SpireCoStock","conspire:SpireCoStock","conspire:SpireCoStock","conspire:SpireCoStock","Slimebound:TongueLash"],"relics":["Slimebound:AbsorbEndCombat","Pet Ghost","LetterFromLob","infinitespire:CursedDice","hubris:Icosahedron","Bird Faced Urn","ShedSkin_r"],"acts_visited":["Exordium"],"potions_floor_usage":[11,11,17,17,18],"damage_taken":[{"damage":1,"enemies":"conspire:RoseBush","floor":2,"turns":3},{"damage":12,"enemies":"Jaw Worm","floor":3,"turns":4},{"damage":0,"enemies":"Cultist","floor":5,"turns":3},{"damage":22,"enemies":"Large Slime","floor":6,"turns":7},{"damage":6,"enemies":"2 Fungi Beasts","floor":10,"turns":3},{"damage":27,"enemies":"Lagavulin Event","floor":11,"turns":6},{"damage":8,"enemies":"conspire:2 RoseBushes","floor":12,"turns":3},{"damage":2,"enemies":"Gremlin Gang","floor":17,"turns":3},{"damage":32,"enemies":"DF_ARCHETYPE_STREAMLINE","floor":18,"turns":10}],"seed_played":"5224746489517703635","potions_obtained":[{"floor":4,"key":"AttackPotion"},{"floor":4,"key":"SteroidPotion"},{"floor":4,"key":"bronze:BurnAndBuffPotion"},{"floor":6,"key":"Toxic Potion"},{"floor":11,"key":"AttackPotion"},{"floor":17,"key":"Elixir"}],"is_trial":false,"path_per_floor":["R_BF","M","M","?","M","M","T","?","?","M","?","M","?","PTL","PTL","M","M","B"],"character_chosen":"SLIMEBOUND","items_purchased":[],"campfire_rested":0,"item_purchase_floors":[],"current_hp_per_floor":[43,48,42,42,46,26,26,26,26,26,5,3,3,3,3,18,24,0,0,0],"gold":231,"neow_bonus":"TEN_PERCENT_HP_BONUS","is_daily":false,"chose_seed":false,"campfire_upgraded":0,"win_rate":0.0,"timestamp":1613694306,"path_taken":["R_BF","M","M","?","M","?","T","?","?","M","?","M","?","PTL","PTL","?","M","BOSS"],"items_purchased_type":[],"build_version":"2020-12-22","purchased_purges":0,"victory":false,"max_hp_per_floor":[71,71,71,71,71,71,71,71,71,71,71,71,71,71,71,71,71,71,71,71],"relic_stats":{"counters":[9,40],"Bird Faced Urn":[0],"obtain_stats":[{"hubris:Icosahedron":8,"infinitespire:CursedDice":7,"Bird Faced Urn":11,"Slimebound:AbsorbEndCombat":0,"LetterFromLob":2,"Pet Ghost":1,"ShedSkin_r":16},{"hubris:Icosahedron":4,"infinitespire:CursedDice":4,"Bird Faced Urn":6,"Slimebound:AbsorbEndCombat":0,"LetterFromLob":1,"Pet Ghost":0,"ShedSkin_r":7},{"hubris:Icosahedron":15,"infinitespire:CursedDice":15,"Bird Faced Urn":24,"Slimebound:AbsorbEndCombat":0,"LetterFromLob":3,"Pet Ghost":0,"ShedSkin_r":27}]},"card_choices":[{"not_picked":["Slimebound:Gluttony","Slimebound:Schlurp"],"picked":"Slimebound:ItLooksTasty","floor":1},{"not_picked":["Slimebound:ViciousTackle","Slimebound:Grow"],"picked":"Slimebound:SamplingLick","floor":1},{"not_picked":["Slimebound:SlimeBrawl","Slimebound:Chomp"],"picked":"Slimebound:DisruptingSlam","floor":2},{"not_picked":["Slimebound:SplitLeeching","Slimebound:LeechingTouch"],"picked":"Slimebound:TongueLash","floor":3},{"not_picked":["Slimebound:LeechEnergy","Slimebound:PressTheAttack"],"picked":"Slimebound:FinishingTackle","floor":5},{"not_picked":["Slimebound:PressTheAttack","Slimebound:GoopSpray"],"picked":"Slimebound:MegaLick","floor":6},{"not_picked":["Slimebound:ForwardTackle","Slimebound:AcidTongue"],"picked":"Slimebound:SlimeTap","floor":10},{"not_picked":["Slimebound:RollThrough","Slimebound:Teamwork"],"picked":"Slimebound:Dissolve","floor":11},{"not_picked":["Slimebound:Prepare","Slimebound:SlimeBarrage"],"picked":"Slimebound:LivingWall","floor":12},{"not_picked":["Slimebound:PressTheAttack","Slimebound:FlameTackle"],"picked":"Slimebound:TongueLash","floor":17}],"player_experience":360980,"relics_obtained":[{"floor":1,"key":"Pet Ghost"},{"floor":2,"key":"LetterFromLob"},{"floor":7,"key":"infinitespire:CursedDice"},{"floor":11,"key":"Bird Faced Urn"}],"event_choices":[{"damage_healed":0,"gold_gain":0,"player_choice":"Got Potions","damage_taken":0,"max_hp_gain":0,"max_hp_loss":0,"event_name":"Lab","floor":4,"gold_loss":0},{"damage_healed":0,"gold_gain":0,"player_choice":"Invest 4","damage_taken":0,"max_hp_gain":0,"max_hp_loss":0,"event_name":"conspire:Investor","floor":13,"gold_loss":0}],"is_beta":false,"boss_relics":[],"items_purged_floors":[],"is_endless":false,"potions_floor_spawned":[6,11,17],"killed_by":"DF_ARCHETYPE_STREAMLINE","ascension_level":0}}