{"host":"8d3fefv2347kqkpz","time":1613767318,"event":{"mods":["AchievementEnabler","BaseMod","Better Vampires","BetterRewards","Colored Map","Colored Powertips","Downfall","Emptier Cage","Highlight Path","Marked Mod","Minty Spire (QoL Compilation)","Permanent Neow","Quick Restart","Rare Cards Sparkle","Relic Stats","Say the Spire","Spicy Shops","StSLib","Waifu the Spire"],"gold_per_floor":[109,34,46,57,74,103,133,145,157,169,209,121,121,121],"floor_reached":13,"language":"ZHS","playtime":570,"items_purged":["Decay","Strike_G"],"score":95,"play_id":"ed3a7604-6510-45f2-889d-f3f5d82a22a9","local_time":"20210220044158","is_ascension_mode":false,"campfire_choices":[{"data":"Grand Finale","floor":8.0,"key":"SMITH"},{"floor":10.0,"key":"REST"}],"circlet_count":0,"master_deck":["Strike_G","Strike_G","Strike_G","Strike_G","Defend_G","Defend_G","Defend_G","Defend_G","Defend_G","Survivor","Neutralize","Grand Finale+1","PiercingWail","Terror","Flechettes","Cloak And Dagger"],"relics":["Ring of the Snake","MawBank","Lizard Tail"],"acts_visited":["Exordium"],"potions_floor_usage":[],"damage_taken":[{"damage":0.0,"enemies":"Small Slimes","floor":1.0,"turns":6.0},{"damage":2.0,"enemies":"Cultist","floor":3.0,"turns":6.0},{"damage":0.0,"enemies":"2 Louse","floor":4.0,"turns":3.0},{"damage":7.0,"enemies":"Blue Slaver","floor":5.0,"turns":4.0},{"damage":36.0,"enemies":"Gremlin Nob","floor":6.0,"turns":5.0},{"damage":0.0,"enemies":"Exordium Wildlife","floor":7.0,"turns":5.0},{"damage":37.0,"enemies":"Lagavulin","floor":11.0,"turns":9.0},{"damage":35,"enemies":"3 Sentries","floor":13,"turns":9}],"seed_played":"2531895211398610930","potions_obtained":[{"floor":3.0,"key":"Weak Potion"},{"floor":5.0,"key":"FearPotion"},{"floor":6.0,"key":"Poison Potion"},{"floor":7.0,"key":"Fire Potion"}],"is_trial":false,"path_per_floor":["M","$","M","M","M","E","M","R","T","R","E","$","E"],"character_chosen":"THE_SILENT","items_purchased":[],"campfire_rested":1,"item_purchase_floors":[],"current_hp_per_floor":[70,70,68,68,61,25,25,25,25,46,9,9,11,11],"gold":121,"neow_bonus":"THREE_RARE_CARDS","is_daily":false,"chose_seed":false,"campfire_upgraded":1,"win_rate":0.0,"timestamp":1613767318,"path_taken":["M","$","M","M","M","E","M","R","T","R","E","$","E"],"items_purchased_type":[],"build_version":"2020-12-22","purchased_purges":2,"victory":false,"max_hp_per_floor":[70,70,70,70,70,70,70,70,70,70,70,70,70,70],"relic_stats":{"Lizard Tail":35,"counters":[8,47],"MawBank":72,"obtain_stats":[{"Lizard Tail":11,"MawBank":6,"Ring of the Snake":0},{"Lizard Tail":7,"MawBank":5,"Ring of the Snake":0},{"Lizard Tail":38,"MawBank":24,"Ring of the Snake":0}],"Ring of the Snake":[16]},"card_choices":[{"not_picked":["Venomology","After Image"],"picked":"Grand Finale","floor":0.0},{"not_picked":["Quick Slash","Noxious Fumes"],"picked":"PiercingWail","floor":1.0},{"not_picked":["Slice","Concentrate"],"picked":"Terror","floor":3.0},{"not_picked":["Flying Knee","Dodge and Roll","Sucker Punch"],"picked":"SKIP","floor":4.0},{"not_picked":["Riddle With Holes","Deadly Poison"],"picked":"Flechettes","floor":5.0},{"not_picked":["Wraith Form v2","Sucker Punch","Deflect"],"picked":"SKIP","floor":6.0},{"not_picked":["Poisoned Stab","Flying Knee","Slice"],"picked":"SKIP","floor":7.0},{"not_picked":["Catalyst","Poisoned Stab"],"picked":"Cloak And Dagger","floor":11.0}],"player_experience":481812,"relics_obtained":[{"floor":6.0,"key":"MawBank"},{"floor":11.0,"key":"Lizard Tail"}],"event_choices":[],"is_beta":false,"boss_relics":[],"items_purged_floors":[2,12],"is_endless":false,"potions_floor_spawned":[3,5,6,7],"killed_by":"3 Sentries","ascension_level":0}}