{"host":"tf5skwcwe0vlu2md","time":1613739807,"event":{"mods":["BaseMod","Downfall","Highlight Path","Minty Spire (QoL Compilation)","Quick Restart","StSLib","The Hierophant"],"gold_per_floor":[11,11,86,86,100,100,138,156,156,171,196,196,221,260,260,260,260],"floor_reached":16,"playtime":496,"items_purged":[],"score":128,"play_id":"7c8b5e82-f1aa-4f82-b5c5-c4864e003061","local_time":"20210220000327","is_ascension_mode":true,"campfire_choices":[{"data":"Dualcast","floor":6,"key":"SMITH"},{"data":"Defragment","floor":12,"key":"SMITH"},{"floor":15,"key":"REST"}],"circlet_count":0,"master_deck":["Strike_B","Strike_B","Strike_B","Strike_B","Defend_B","Defend_B","Defend_B","Defend_B","Zap","Dualcast+1","Beam Cell","Beam Cell","Amplify","Defragment+1","Auto Shields","Steam","Genetic Algorithm","Hologram"],"relics":["Cracked Core","Incense Burner","Golden Idol","Spirit Poop","Oddly Smooth Stone","Bottled Tornado","Juzu Bracelet"],"acts_visited":["Exordium"],"potions_floor_usage":[16,16],"damage_taken":[{"damage":0,"enemies":"Small Slimes","floor":1,"turns":2},{"damage":2,"enemies":"2 Louse","floor":5,"turns":2},{"damage":23,"enemies":"Gremlin Nob","floor":7,"turns":4},{"damage":0,"enemies":"Cultist","floor":8,"turns":2},{"damage":0,"enemies":"2 Fungi Beasts","floor":10,"turns":3},{"damage":14,"enemies":"Blue Slaver","floor":11,"turns":4},{"damage":2,"enemies":"Exordium Wildlife","floor":13,"turns":2},{"damage":19,"enemies":"3 Sentries","floor":14,"turns":9},{"damage":26,"enemies":"Slime Boss","floor":16,"turns":8}],"seed_played":"1174432456298723063","potions_obtained":[{"floor":1,"key":"FocusPotion"},{"floor":11,"key":"SpeedPotion"}],"is_trial":false,"path_per_floor":["M","?","?","?","M","R","E","M","T","M","M","R","M","E","R","B"],"character_chosen":"DEFECT","items_purchased":[],"campfire_rested":1,"item_purchase_floors":[],"current_hp_per_floor":[75,75,64,64,62,62,39,39,39,39,25,25,23,4,26,0,0],"gold":260,"neow_bonus":"ONE_RARE_RELIC","is_daily":false,"chose_seed":false,"campfire_upgraded":2,"win_rate":0.0,"timestamp":1613739807,"path_taken":["M","?","?","?","M","R","E","M","T","M","M","R","?","E","R","BOSS"],"items_purchased_type":[],"build_version":"2020-12-13","purchased_purges":0,"victory":false,"max_hp_per_floor":[75,75,75,75,75,75,75,75,75,75,75,75,75,75,75,75,75],"card_choices":[{"not_picked":["Go for the Eyes","Stack"],"picked":"Beam Cell","floor":1},{"not_picked":["Rebound","Doom and Gloom"],"picked":"Beam Cell","floor":5},{"not_picked":["Hello World","Glacier"],"picked":"Amplify","floor":7},{"not_picked":["Compile Driver","Cold Snap"],"picked":"Defragment","floor":8},{"not_picked":["Reinforced Body","Coolheaded"],"picked":"Auto Shields","floor":10},{"not_picked":["Stack","Hello World"],"picked":"Steam","floor":11},{"not_picked":["Rip and Tear","Rainbow"],"picked":"Genetic Algorithm","floor":13},{"not_picked":["Redo","Coolheaded"],"picked":"Hologram","floor":14}],"player_experience":289647,"relics_obtained":[{"floor":7,"key":"Oddly Smooth Stone"},{"floor":9,"key":"Bottled Tornado"},{"floor":14,"key":"Juzu Bracelet"}],"event_choices":[{"damage_healed":0,"gold_gain":0,"player_choice":"Take Wound","damage_taken":0,"relics_obtained":["Golden Idol"],"max_hp_gain":0,"max_hp_loss":0,"event_name":"Golden Idol","floor":2,"gold_loss":0,"cards_obtained":["Injury"]},{"damage_healed":0,"gold_gain":75,"player_choice":"Gather Gold","damage_taken":11,"max_hp_gain":0,"max_hp_loss":0,"event_name":"World of Goop","floor":3,"gold_loss":0},{"cards_removed":["Injury"],"damage_healed":0,"gold_gain":0,"player_choice":"Offered Curse","damage_taken":0,"relics_obtained":["Spirit Poop"],"max_hp_gain":0,"max_hp_loss":0,"event_name":"Bonfire Elementals","floor":4,"gold_loss":0}],"is_beta":false,"boss_relics":[],"items_purged_floors":[],"is_endless":false,"potions_floor_spawned":[1,11],"killed_by":"Slime Boss","ascension_level":3}}