{"host":"oknzaotplmnl5xaf","time":1613779096,"event":{"mods":["BaseMod","Colored Map","Highlight Path","Minty Spire (QoL Compilation)","Permanent Neow","Quick Restart","Relic Stats"],"gold_per_floor":[118,193,207,38,38,73,73,16,16,16,33,47,47,47],"floor_reached":13,"language":"ENG","playtime":307,"items_purged":[],"score":166,"play_id":"366d41df-26bf-437d-b245-affa9e39c7ea","local_time":"20210219185816","is_ascension_mode":true,"campfire_choices":[{"floor":7,"key":"REST"}],"circlet_count":0,"master_deck":["AscendersBane","Strike_B","Strike_B","Strike_B","Strike_B","Defend_B","Defend_B","Defend_B","Defend_B","Zap","Dualcast","Jack Of All Trades","Rip and Tear","Sweeping Beam","Reprogram","Steam","Conserve Battery","Hologram"],"relics":["Cracked Core","Medical Kit","Blue Candle","Regal Pillow"],"acts_visited":["Exordium"],"potions_floor_usage":[6,13],"damage_taken":[{"damage":4,"enemies":"Jaw Worm","floor":1,"turns":4},{"damage":0,"enemies":"Small Slimes","floor":3,"turns":3},{"damage":38,"enemies":"3 Sentries","floor":6,"turns":5},{"damage":6,"enemies":"2 Louse","floor":11,"turns":2},{"damage":7,"enemies":"2 Fungi Beasts","floor":12,"turns":3},{"damage":24,"enemies":"Lagavulin","floor":13,"turns":5}],"seed_played":"1591130494723649242","potions_obtained":[{"floor":1,"key":"Weak Potion"},{"floor":3,"key":"BlessingOfTheForge"}],"is_trial":false,"path_per_floor":["M","?","M","$","?","E","R","$","T","?","M","M","E"],"character_chosen":"DEFECT","items_purchased":["Medical Kit","Steam"],"campfire_rested":1,"item_purchase_floors":[4,8],"current_hp_per_floor":[60,49,49,49,49,11,32,32,32,32,26,19,0,0],"gold":47,"neow_bonus":"RANDOM_COLORLESS","is_daily":false,"chose_seed":false,"campfire_upgraded":0,"win_rate":0.0,"timestamp":1613779096,"path_taken":["M","?","M","$","?","E","R","$","T","?","M","M","E"],"items_purchased_type":["Relic","Card"],"build_version":"2020-12-22","purchased_purges":0,"victory":false,"max_hp_per_floor":[71,71,71,71,71,71,71,71,71,71,71,71,71,71],"relic_stats":{"Regal Pillow":0,"counters":[6,22],"Blue Candle":[0],"Medical Kit":[2],"obtain_stats":[{"Regal Pillow":9,"Blue Candle":6,"Cracked Core":0,"Medical Kit":4},{"Regal Pillow":3,"Blue Candle":3,"Cracked Core":0,"Medical Kit":2},{"Regal Pillow":12,"Blue Candle":12,"Cracked Core":0,"Medical Kit":7}]},"card_choices":[{"not_picked":["Forethought","Bandage Up"],"picked":"Jack Of All Trades","floor":0},{"not_picked":["Chaos","Barrage"],"picked":"Rip and Tear","floor":1},{"not_picked":["Storm","Static Discharge"],"picked":"Sweeping Beam","floor":3},{"not_picked":["Fission","Capacitor"],"picked":"Reprogram","floor":6},{"not_picked":["Force Field","Compile Driver"],"picked":"Conserve Battery","floor":11},{"not_picked":["Defragment","Barrage"],"picked":"Hologram","floor":12}],"player_experience":1558589,"relics_obtained":[{"floor":6,"key":"Blue Candle"},{"floor":9,"key":"Regal Pillow"}],"event_choices":[{"damage_healed":0,"gold_gain":75,"player_choice":"Gather Gold","damage_taken":11,"max_hp_gain":0,"max_hp_loss":0,"event_name":"World of Goop","floor":2,"gold_loss":0},{"damage_healed":0,"gold_gain":0,"player_choice":"Ignored","damage_taken":0,"max_hp_gain":0,"max_hp_loss":0,"event_name":"Liars Game","floor":5,"gold_loss":0},{"damage_healed":0,"gold_gain":0,"player_choice":"Fled","damage_taken":0,"max_hp_gain":0,"max_hp_loss":0,"event_name":"Scrap Ooze","floor":10,"gold_loss":0}],"is_beta":false,"boss_relics":[],"items_purged_floors":[],"is_endless":false,"potions_floor_spawned":[1,3],"killed_by":"Lagavulin","ascension_level":20}}