{"host":"snczp9esof91ppiq","time":1613695424,"event":{"mods":["AchievementEnabler","BaseMod","Better Match","Better Note","Better Sensory Stone","Better Skull","Colored Map","Colored Powertips","Hermit","Minty Spire (QoL Compilation)","Relic Stats","StSLib"],"gold_per_floor":[109,122,36,36,111,127,127,161,161,171,171,186,186,205,205,282,282,302,352,367,64,64,64,64,64],"floor_reached":24,"language":"ENG","playtime":995,"items_purged":["Defend_B"],"score":353,"play_id":"74d34ab3-509c-427f-ab81-e098dceda98e","local_time":"20210218184344","is_ascension_mode":true,"campfire_choices":[{"floor":7.0,"key":"REST"},{"floor":11.0,"key":"REST"},{"data":"Static Discharge","floor":15.0,"key":"SMITH"},{"floor":23,"key":"REST"}],"circlet_count":0,"master_deck":["AscendersBane","Strike_B","Strike_B","Strike_B","Strike_B","Defend_B","Defend_B","Defend_B","Zap","Dualcast","Redo","Static Discharge+1","Sweeping Beam","Melter","Ball Lightning","Self Repair","Streamline","Go for the Eyes","Leap","Machine Learning","Gash","Loop+1","Cold Snap"],"relics":["Cracked Core","Bottled Tornado","StrikeDummy","Fusion Hammer","Boot","Toxic Egg 2"],"acts_visited":["Exordium","TheCity"],"potions_floor_usage":[],"damage_taken":[{"damage":1.0,"enemies":"Cultist","floor":1.0,"turns":3.0},{"damage":7.0,"enemies":"2 Louse","floor":2.0,"turns":3.0},{"damage":14.0,"enemies":"Jaw Worm","floor":6.0,"turns":3.0},{"damage":25.0,"enemies":"Lagavulin","floor":8.0,"turns":5.0},{"damage":0.0,"enemies":"Lots of Slimes","floor":10.0,"turns":1.0},{"damage":13.0,"enemies":"3 Louse","floor":12.0,"turns":2.0},{"damage":9.0,"enemies":"Looter","floor":14.0,"turns":3.0},{"damage":29.0,"enemies":"Hexaghost","floor":16.0,"turns":6.0},{"damage":2,"enemies":"Spheric Guardian","floor":18,"turns":2},{"damage":3,"enemies":"Chosen","floor":20,"turns":3},{"damage":72,"enemies":"Gremlin Leader","floor":24,"turns":4}],"seed_played":"-8637679698612312162","potions_obtained":[{"floor":1.0,"key":"SpeedPotion"},{"floor":6.0,"key":"Explosive Potion"},{"floor":8.0,"key":"Regen Potion"},{"floor":10.0,"key":"LiquidBronze"},{"floor":14.0,"key":"PowerPotion"},{"floor":20,"key":"SteroidPotion"}],"is_trial":false,"path_per_floor":["M","M","$","$","?","M","R","E","T","M","R","M","?","M","R","B",null,"M","?","M","$","?","R","E"],"character_chosen":"DEFECT","items_purchased":["Melter","Cold Snap","Boot"],"campfire_rested":3,"item_purchase_floors":[3,21,21],"current_hp_per_floor":[63,56,56,56,45,31,52,27,27,27,48,35,58,56,56,34,62,67,67,64,64,64,71,0,0],"gold":64,"neow_bonus":"THREE_CARDS","is_daily":false,"chose_seed":false,"campfire_upgraded":1,"win_rate":0.0,"timestamp":1613695424,"path_taken":["M","M","?","$","?","M","R","E","T","M","R","M","?","M","R","BOSS","M","?","M","$","?","R","E"],"items_purchased_type":["Card","Card","Relic"],"build_version":"2020-12-22","purchased_purges":1,"victory":false,"max_hp_per_floor":[71,71,71,71,71,71,71,71,71,71,71,71,71,71,71,71,71,71,71,71,71,71,71,71,71],"relic_stats":{"counters":[11,35],"Boot":[6],"obtain_stats":[{"Fusion Hammer":17,"Bottled Tornado":8,"Toxic Egg 2":22,"Cracked Core":0,"StrikeDummy":9,"Boot":21},{"Fusion Hammer":8,"Bottled Tornado":4,"Toxic Egg 2":10,"Cracked Core":0,"StrikeDummy":4,"Boot":10},{"Fusion Hammer":26,"Bottled Tornado":14,"Toxic Egg 2":31,"Cracked Core":0,"StrikeDummy":14,"Boot":31}]},"card_choices":[{"not_picked":["Rebound","Turbo"],"picked":"Redo","floor":0.0},{"not_picked":["Auto Shields","Redo"],"picked":"Static Discharge","floor":1.0},{"not_picked":["Loop","Turbo"],"picked":"Sweeping Beam","floor":2.0},{"not_picked":["Doom and Gloom","Redo"],"picked":"Ball Lightning","floor":6.0},{"not_picked":["Buffer","Ball Lightning"],"picked":"Self Repair","floor":8.0},{"not_picked":["Compile Driver","Hello World"],"picked":"Streamline","floor":10.0},{"not_picked":["Hologram","Barrage"],"picked":"Go for the Eyes","floor":12.0},{"not_picked":["Tempest","Redo"],"picked":"Leap","floor":14.0},{"not_picked":["Meteor Strike","Fission"],"picked":"Machine Learning","floor":16.0},{"not_picked":["Steam","Streamline"],"picked":"Gash","floor":18},{"not_picked":["FTL+1","Rebound"],"picked":"Loop+1","floor":20}],"player_experience":916780,"relics_obtained":[{"floor":8.0,"key":"Bottled Tornado"},{"floor":9.0,"key":"StrikeDummy"}],"event_choices":[{"damage_healed":0.0,"max_hp_gain":0.0,"max_hp_loss":0.0,"gold_gain":75.0,"event_name":"World of Goop","player_choice":"Gather Gold","floor":5.0,"gold_loss":0.0,"damage_taken":11.0},{"damage_healed":23.0,"max_hp_gain":0.0,"max_hp_loss":0.0,"gold_gain":0.0,"event_name":"Big Fish","player_choice":"Banana","floor":13.0,"gold_loss":0.0,"damage_taken":0.0},{"damage_healed":0,"gold_gain":50,"player_choice":"Pray","damage_taken":0,"max_hp_gain":0,"max_hp_loss":0,"event_name":"Golden Shrine","floor":19,"gold_loss":0},{"damage_healed":0,"gold_gain":0,"player_choice":"Gave Potion","damage_taken":0,"relics_obtained":["Toxic Egg 2"],"max_hp_gain":0,"max_hp_loss":0,"event_name":"WeMeetAgain","floor":22,"gold_loss":0}],"is_beta":false,"boss_relics":[{"not_picked":["Runic Dome","Coffee Dripper"],"picked":"Fusion Hammer"}],"items_purged_floors":[21],"is_endless":false,"potions_floor_spawned":[1,6,8,10,14,20],"killed_by":"Gremlin Leader","ascension_level":16}}