{"host":"snczp9esof91ppiq","time":1613713048,"event":{"mods":["AchievementEnabler","BaseMod","Better Match","Better Note","Better Sensory Stone","Better Skull","Colored Map","Colored Powertips","Hermit","Minty Spire (QoL Compilation)","Relic Stats","StSLib"],"gold_per_floor":[113,113,124,124,142,142,175,175,175,52,75,116,116,134,134,233,233,257,257,275,374,374,374,443,443,443],"floor_reached":25,"language":"ENG","playtime":998,"items_purged":["Parasite"],"score":355,"play_id":"81917f90-6685-4312-a9e9-1fc43e435de0","local_time":"20210218233728","is_ascension_mode":true,"campfire_choices":[{"data":"Uppercut","floor":6,"key":"SMITH"},{"floor":13,"key":"REST"},{"data":"Disarm","floor":15,"key":"SMITH"},{"floor":23,"key":"REST"}],"circlet_count":0,"master_deck":["AscendersBane","Strike_R","Strike_R","Strike_R","Strike_R","Defend_R","Defend_R","Defend_R","Defend_R","Bash+1","Clothesline","Carnage","Uppercut+1","Disarm+1","Twin Strike","Intimidate","Iron Wave","Reaper","Ghostly Armor","Intimidate+1","Bandage Up","Panacea"],"relics":["Burning Blood","Golden Idol","Unceasing Top","StrikeDummy","Paper Frog","Black Star","Eternal Feather"],"acts_visited":["TheCity"],"potions_floor_usage":[7,10,16,20],"damage_taken":[{"damage":6,"enemies":"2 Louse","floor":1,"turns":3},{"damage":2,"enemies":"Cultist","floor":3,"turns":4},{"damage":4,"enemies":"Jaw Worm","floor":5,"turns":3},{"damage":42,"enemies":"3 Sentries","floor":7,"turns":9},{"damage":10,"enemies":"3 Louse","floor":11,"turns":4},{"damage":12,"enemies":"Gremlin Nob","floor":12,"turns":3},{"damage":18,"enemies":"Lots of Slimes","floor":14,"turns":5},{"damage":17,"enemies":"Hexaghost","floor":16,"turns":8},{"damage":35,"enemies":"2 Thieves","floor":18,"turns":4},{"damage":23,"enemies":"Shell Parasite","floor":20,"turns":8},{"damage":54,"enemies":"Slavers","floor":25,"turns":4}],"seed_played":"-6700790895295294082","potions_obtained":[{"floor":5,"key":"Strength Potion"},{"floor":12,"key":"PowerPotion"},{"floor":16,"key":"Dexterity Potion"},{"floor":20,"key":"ElixirPotion"}],"is_trial":false,"path_per_floor":["M","?","M","?","M","R","E","?","T","$","M","E","R","M","R","B",null,"M","?","M","?","?","R","T","E"],"character_chosen":"IRONCLAD","items_purchased":["BloodPotion"],"campfire_rested":2,"item_purchase_floors":[10],"current_hp_per_floor":[68,68,72,54,56,56,20,38,38,52,48,42,63,51,51,40,64,39,39,22,22,22,43,43,0,0],"gold":443,"neow_bonus":"UPGRADE_CARD","is_daily":false,"chose_seed":false,"campfire_upgraded":2,"win_rate":0.0,"timestamp":1613713048,"path_taken":["M","?","?","?","M","R","E","?","T","?","M","E","R","M","R","BOSS","M","?","M","?","?","R","?","E"],"items_purchased_type":["Potion"],"build_version":"2020-12-22","purchased_purges":1,"victory":false,"max_hp_per_floor":[75,75,75,75,75,75,75,75,75,72,72,72,72,72,72,72,72,72,72,72,72,72,72,72,72,72],"relic_stats":{"counters":[11,55],"Golden Idol":57,"Eternal Feather":0,"Black Star":0,"obtain_stats":[{"Golden Idol":4,"Eternal Feather":24,"Black Star":17,"StrikeDummy":9,"Burning Blood":0,"Unceasing Top":7,"Paper Frog":12},{"Golden Idol":2,"Eternal Feather":10,"Black Star":8,"StrikeDummy":4,"Burning Blood":0,"Unceasing Top":4,"Paper Frog":6},{"Golden Idol":7,"Eternal Feather":51,"Black Star":39,"StrikeDummy":19,"Burning Blood":0,"Unceasing Top":19,"Paper Frog":26}],"Burning Blood":60,"Unceasing Top":[0]},"card_choices":[{"not_picked":["Dark Embrace","Ghostly Armor"],"picked":"Clothesline","floor":1},{"not_picked":["Sword Boomerang","Perfected Strike"],"picked":"Carnage","floor":3},{"not_picked":["Thunderclap","Anger"],"picked":"Uppercut","floor":5},{"not_picked":["Thunderclap","Twin Strike"],"picked":"Disarm","floor":7},{"not_picked":["Dual Wield","Body Slam"],"picked":"Twin Strike","floor":11},{"not_picked":["Iron Wave","Sword Boomerang"],"picked":"Intimidate","floor":12},{"not_picked":["Sentinel","Heavy Blade"],"picked":"Iron Wave","floor":14},{"not_picked":["Brutality","Corruption"],"picked":"Reaper","floor":16},{"not_picked":["Battle Trance","Second Wind"],"picked":"Ghostly Armor","floor":18},{"not_picked":["Headbutt","Warcry"],"picked":"Intimidate+1","floor":20},{"not_picked":["PanicButton","Discovery"],"picked":"Bandage Up","floor":22},{"not_picked":["Sadistic Nature","Master of Strategy"],"picked":"Panacea","floor":22}],"player_experience":922931,"relics_obtained":[{"floor":7,"key":"Unceasing Top"},{"floor":9,"key":"StrikeDummy"},{"floor":12,"key":"Paper Frog"},{"floor":24,"key":"Eternal Feather"}],"event_choices":[{"cards_removed":["Strike_R"],"damage_healed":0,"gold_gain":0,"player_choice":"Offered Basic","damage_taken":0,"max_hp_gain":0,"max_hp_loss":0,"event_name":"Bonfire Elementals","floor":2,"gold_loss":0},{"damage_healed":0,"gold_gain":0,"player_choice":"Take Damage","damage_taken":18,"relics_obtained":["Golden Idol"],"max_hp_gain":0,"max_hp_loss":0,"event_name":"Golden Idol","floor":4,"gold_loss":0},{"damage_healed":18,"gold_gain":0,"player_choice":"Healed and dodged fight","damage_taken":0,"max_hp_gain":0,"max_hp_loss":0,"event_name":"Mushrooms","floor":8,"gold_loss":0,"cards_obtained":["Parasite"]},{"cards_removed":["Defend_R"],"damage_healed":0,"gold_gain":0,"player_choice":"Give","damage_taken":0,"max_hp_gain":0,"max_hp_loss":0,"event_name":"betterNote:BetterNote","floor":19,"gold_loss":0,"cards_obtained":["Strike_B"]},{"damage_healed":0,"gold_gain":99,"player_choice":"Stole From Cult","damage_taken":0,"max_hp_gain":0,"max_hp_loss":0,"event_name":"Nest","floor":21,"gold_loss":0},{"damage_healed":0,"gold_gain":2,"player_choice":"1","damage_taken":0,"max_hp_gain":0,"max_hp_loss":0,"event_name":"betterStone:BetterStone","floor":22,"gold_loss":0}],"is_beta":false,"boss_relics":[{"not_picked":["Velvet Choker","Runic Pyramid"],"picked":"Black Star"}],"items_purged_floors":[10],"is_endless":false,"potions_floor_spawned":[5,12,16,20],"killed_by":"Slavers","ascension_level":14}}