{"host":"ox77rn1xcurm2t5a","time":1613769607,"event":{"mods":["2.2 Compatiblity","AchievementEnabler","Act Like it!","Aspiration","BaseMod","Best Route Mod","Better Match","Better Note","Better Sensory Stone","Block Reminder","Colored Map","Colored Powertips","Conjunction","Conspire","Custom Start","Energized Spire","GifTheSpireLib","Gold Saver","Gremlin Skip","Halation","Highlight Path","Hubris","Infinite Spire","Minty Spire (QoL Compilation)","Pale of the Ancients","Quick Restart","Reliquary","Replay The Spire","Reworked Bosses","ShortenTheSpire","Spire Exporter","StSLib","Stuff the Spire","Wandering Minibosses"],"gold_per_floor":[328,4567,4567,3786,3796,3826,3826,3853,3853,3880,3025,3035,3035,3066,3066,3162,3162,3121,3131,3145,3145,3145,3145,3166,2823,2849,2849,2876,2876,2907,2918,2918,3022,3022,3033,3839,3859,3879,3879,3879,3365,3365,3365,3383,3343,2757,2757,2789,2789,2789,2789,2789,2410,2442,2442],"floor_reached":56,"language":"ENG","playtime":1502,"items_purged":["Strike_R","Strike_R","Strike_R","Strike_R","Strike_R","Defend_R","Defend_R","Anger+1"],"score":1908,"play_id":"c3e4ef34-506b-4369-88d7-415578f023ca","local_time":"20210219232007","is_ascension_mode":true,"campfire_choices":[{"data":"Inflame","floor":7.0,"key":"SMITH"},{"floor":13.0,"key":"RECALL"},{"data":"hubris:DuctTapeCard","floor":15.0,"key":"SMITH"},{"data":"Uppercut","floor":23.0,"key":"SMITH"},{"data":"Bash","floor":29.0,"key":"SMITH"},{"data":"Disarm","floor":32.0,"key":"SMITH"},{"data":"Defend_R","floor":40,"key":"SMITH"},{"data":"Spot Weakness","floor":42,"key":"SMITH"},{"data":"Defend_R","floor":47,"key":"SMITH"},{"data":"Disarm","floor":49,"key":"SMITH"},{"data":"Reaper","floor":52,"key":"SMITH"}],"circlet_count":0,"master_deck":["Defend_R+1","Defend_R+1","Bash+1","Sword Boomerang+1","Uppercut+1","Twin Strike+1","Dropkick","Reaper+1","Headbutt","Pommel Strike+1","Clash","Anger","Pummel+1","Clash","Disarm+1","Cleave+1","hubris:DuctTapeCard","Anger+1","Sword Boomerang+1","Spot Weakness+1","Disarm+1","Swift Strike","Thunderclap+1"],"relics":["Burning Blood","Replay:Ringing Soul","Self Forming Clay","aspiration:FetidBarrel","reliquary:OuijaBoard","StuffTheSpire:Experiment12","Bird Faced Urn","infinitespire:FocusingShard","Pantograph","infinitespire:Lucky Rock","hubris:DuctTape","Lizard Tail","StuffTheSpire:DarkSteelAnvil","TheAbacus","reliquary:Stiletto","Iron Hammer","infinitespire:CheckeredPen","halation:AfternoonTea","OrangePellets","Happy Flower","hubris:ToyBattleship","halation:SelfBoilingWater","Paper Frog","StuffTheSpire:HeavyRock","Centennial Puzzle","hubris:MysteriousPyramids","wanderingMiniBosses:MasterThiefsPresence","Onion Ring","Whetstone","aspiration:TomeofQuesting","PreservedInsect","aspiration:Lifesprig","Membership Card","aspiration:HummingbirdHeart","Boot","reliquary:PorcupineQuills","conspire:TreasureMap","hubris:CrystalStatue"],"acts_visited":["Exordium","TheCity","TheBeyond","TheEnding"],"potions_floor_usage":[37,50,55,55],"damage_taken":[{"damage":6.0,"enemies":"Jaw Worm","floor":1.0,"turns":5.0},{"damage":0.0,"enemies":"Cultist","floor":5.0,"turns":2.0},{"damage":17.0,"enemies":"Lagavulin","floor":6.0,"turns":5.0},{"damage":17.0,"enemies":"Gremlin Nob","floor":8.0,"turns":4.0},{"damage":17.0,"enemies":"3 Sentries","floor":10.0,"turns":4.0},{"damage":4.0,"enemies":"2 Louse","floor":12.0,"turns":2.0},{"damage":3.0,"enemies":"Gremlin Nob","floor":14.0,"turns":3.0},{"damage":0.0,"enemies":"Slime Boss","floor":16.0,"turns":6.0},{"damage":0.0,"enemies":"Spheric Guardian","floor":18.0,"turns":5.0},{"damage":13.0,"enemies":"Shell Parasite","floor":19.0,"turns":3.0},{"damage":44.0,"enemies":"Centurion and Healer","floor":20.0,"turns":5.0},{"damage":31.0,"enemies":"Book of Stabbing","floor":24.0,"turns":4.0},{"damage":3.0,"enemies":"Nightmare","floor":28.0,"turns":5.0},{"damage":6.0,"enemies":"Slavers","floor":30.0,"turns":2.0},{"damage":3.0,"enemies":"Snake Plant","floor":31.0,"turns":2.0},{"damage":0.0,"enemies":"bossMod:newCollector","floor":33.0,"turns":6.0},{"damage":37.0,"enemies":"3 Shapes","floor":35.0,"turns":2.0},{"damage":0,"enemies":"3 Darklings","floor":36,"turns":2},{"damage":4,"enemies":"Sphere and 2 Shapes","floor":37,"turns":2},{"damage":7,"enemies":"Writhing Mass","floor":38,"turns":2},{"damage":0,"enemies":"Jaw Worm Horde","floor":44,"turns":2},{"damage":0,"enemies":"R_Hoarder","floor":48,"turns":2},{"damage":54,"enemies":"infinitespire:MassOfShapes","floor":50,"turns":5},{"damage":2,"enemies":"Shield and Spear","floor":54,"turns":2},{"damage":59,"enemies":"The Heart","floor":55,"turns":7}],"seed_played":"3944756260852924717","potions_obtained":[{"floor":1.0,"key":"Strength Potion"},{"floor":14.0,"key":"Weak Potion"},{"floor":16.0,"key":"Fire Potion"},{"floor":18.0,"key":"SpeedPotion"},{"floor":24.0,"key":"ColorlessPotion"},{"floor":28.0,"key":"Venom Potion"},{"floor":36,"key":"Languid Potion"},{"floor":54,"key":"Flashbang"}],"is_trial":false,"path_per_floor":["M","$","?","$","M","E","R","E","T","E","$","M","R","E","R","B",null,"M","M","M","?","AVR","R","E","$","T","$","NM","R","E","M","R","B",null,"M","M","M","M","AVR","R","$","R","T","M","?","$","R","E","R","B",null,"R","$","E","B",null],"character_chosen":"IRONCLAD","items_purchased":["Sword Boomerang+1","Replay:Ringing Soul","Self Forming Clay","BlessingOfTheForge","BloodPotion","aspiration:FetidBarrel","reliquary:OuijaBoard","Uppercut","Twin Strike","Pantograph","infinitespire:Lucky Rock","Berserk","Reaper","Headbutt","TheAbacus","Anger","Iron Hammer","infinitespire:CheckeredPen","halation:AfternoonTea","OrangePellets","Happy Flower","hubris:ToyBattleship","halation:SelfBoilingWater","Paper Frog","StuffTheSpire:HeavyRock","Whetstone","Spot Weakness","conspire:TimeTravelPotion","PreservedInsect","aspiration:Lifesprig","Membership Card","SkillPotion","Boot","reliquary:PorcupineQuills","conspire:TreasureMap","Swift Strike"],"campfire_rested":0,"item_purchase_floors":[2,2,2,2,2,4,4,4,4,11,11,11,11,11,25,25,27,27,27,27,27,27,27,27,27,41,41,41,46,46,46,46,53,53,53,53],"current_hp_per_floor":[72,72,72,75,81,73,73,82,82,73,76,81,81,89,89,98,98,98,94,61,71,71,71,48,51,51,103,110,110,110,113,113,113,113,85,105,113,117,117,117,120,120,120,125,125,125,125,128,128,82,117,117,120,134,122],"gold":2442,"neow_bonus":"HUNDRED_GOLD","is_daily":false,"chose_seed":false,"campfire_upgraded":10,"win_rate":0.0,"timestamp":1613769607,"path_taken":["M","$","?","?","M","E","R","E","T","E","$","M","R","E","R","BOSS","M","?","?","?","AVR","R","E","$","T","?","NM","R","E","?","R","BOSS","M","M","M","M","AVR","R","$","R","T","M","?","?","R","E","R","BOSS","R","$","E","BOSS"],"items_purchased_type":["Card","Relic","Relic","Potion","Potion","Relic","Relic","Card","Card","Relic","Relic","Card","Card","Card","Relic","Card","Relic","Relic","Relic","Relic","Relic","Relic","Relic","Relic","Relic","Relic","Card","Potion","Relic","Relic","Relic","Potion","Relic","Relic","Relic","Card"],"build_version":"2020-12-22","purchased_purges":8,"victory":true,"max_hp_per_floor":[80,80,80,83,83,86,86,89,89,89,92,95,95,98,98,98,98,98,101,104,104,104,104,104,107,107,107,110,110,110,113,113,113,113,116,116,119,122,122,122,125,125,125,125,125,125,125,128,128,128,128,128,131,134,134],"card_choices":[{"not_picked":["Feel No Pain","StuffTheSpire:RockThrow","Iron Wave"],"picked":"SKIP","floor":1.0},{"not_picked":["Blood for Blood","ReplayTheSpireMod:Muscle Training","infinitespire:OneForAll"],"picked":"SKIP","floor":5.0},{"not_picked":["Power Through","conspire:Purge"],"picked":"Inflame","floor":6.0},{"not_picked":["Warcry","Bloodletting"],"picked":"Dropkick","floor":8.0},{"not_picked":["Clothesline","Wild Strike","Armaments"],"picked":"SKIP","floor":10.0},{"not_picked":["Seeing Red","Shockwave"],"picked":"Pommel Strike","floor":12.0},{"not_picked":["hubris:ReadiedAction","Body Slam"],"picked":"Clash","floor":14.0},{"not_picked":["Dual Wield","Bloodletting","StuffTheSpire:Incineration+1"],"picked":"SKIP","floor":18.0},{"not_picked":["StuffTheSpire:Resist","Wild Strike+1"],"picked":"Anger","floor":19.0},{"not_picked":["Cleave","Entrench+1"],"picked":"Pummel+1","floor":20.0},{"not_picked":["Sword Boomerang","Clothesline","Pummel"],"picked":"SKIP","floor":24.0},{"not_picked":["Wild Strike+1","Pommel Strike+1"],"picked":"Clash","floor":28.0},{"not_picked":["Rupture","infinitespire:OneForAll","StuffTheSpire:Resist"],"picked":"SKIP","floor":30.0},{"not_picked":["Body Slam+1","Carnage+1"],"picked":"Disarm","floor":31.0},{"not_picked":["Wild Strike","Warcry"],"picked":"Cleave+1","floor":35.0},{"not_picked":["hubris:ReadiedAction","StuffTheSpire:Incineration+1","ReplayTheSpireMod:Muscle Training"],"picked":"SKIP","floor":36},{"not_picked":["StuffTheSpire:Incineration+1","Shrug It Off"],"picked":"Anger+1","floor":37},{"not_picked":["Reckless Charge+1","Havoc+1"],"picked":"Sword Boomerang+1","floor":38},{"not_picked":["StuffTheSpire:Incineration","ReplayTheSpireMod:Muscle Training","StuffTheSpire:TitanForm"],"picked":"SKIP","floor":44},{"not_picked":["Fire Breathing","ReplayTheSpireMod:Limb From Limb"],"picked":"Disarm","floor":48},{"not_picked":["Bloodletting+1","Power Through+1"],"picked":"Thunderclap+1","floor":54}],"player_experience":3157933,"relics_obtained":[{"floor":6.0,"key":"StuffTheSpire:Experiment12"},{"floor":8.0,"key":"Bird Faced Urn"},{"floor":10.0,"key":"infinitespire:FocusingShard"},{"floor":14.0,"key":"hubris:DuctTape"},{"floor":24.0,"key":"StuffTheSpire:DarkSteelAnvil"},{"floor":26.0,"key":"reliquary:Stiletto"},{"floor":28.0,"key":"Centennial Puzzle"},{"floor":30.0,"key":"hubris:MysteriousPyramids"},{"floor":36,"key":"wanderingMiniBosses:MasterThiefsPresence"},{"floor":43,"key":"aspiration:TomeofQuesting"},{"floor":48,"key":"aspiration:HummingbirdHeart"},{"floor":54,"key":"hubris:CrystalStatue"}],"event_choices":[{"damage_healed":0.0,"max_hp_gain":0.0,"max_hp_loss":0.0,"gold_gain":0.0,"event_name":"Lab","player_choice":"Got Potions","floor":3.0,"gold_loss":0.0,"damage_taken":0.0},{"damage_healed":0,"gold_gain":0,"player_choice":"Upgrade","damage_taken":0,"max_hp_gain":0,"max_hp_loss":0,"event_name":"Designer","floor":45,"gold_loss":40,"cards_upgraded":["Twin Strike"]}],"is_beta":false,"boss_relics":[{"not_picked":["Cursed Key","Replay:Grab Bag","hubris:VirtuousBlindfold"]},{"not_picked":["reliquary:ThirdArm","Electric Blood","conspire:SeveredTorchhead"]}],"items_purged_floors":[2,4,11,22,25,41,46,53],"is_endless":false,"potions_floor_spawned":[1,14,16,18,24,28,36,54],"ascension_level":8}}