{"host":"g3js2eermvvpeiqn","time":1613693341,"event":{"mods":["BaseMod","DeckTracker","Downfall","Minty Spire (QoL Compilation)","Quick Restart","StSLib"],"gold_per_floor":[113,130,3,15,33,33,62,62,142,173,173,193,203,44,44,115,115,132,132,151,111,17,49,49,82,109,109,24,24,39,49,49,124,124,136,8,8,85,104,104,104,104,104,104,104,122,154,33,33,33,33,33,33,33,67,67,67],"floor_reached":56,"language":"ENG","playtime":5378,"items_purged":["Strike_R","Strike_R"],"score":1967,"play_id":"3b2a0a6c-8892-409c-a749-296203db2f15","local_time":"20210218180901","is_ascension_mode":true,"campfire_choices":[{"data":"Flex","floor":6.0,"key":"SMITH"},{"data":"Bludgeon","floor":8.0,"key":"SMITH"},{"data":"Flex","floor":15.0,"key":"SMITH"},{"data":"Dual Wield","floor":24.0,"key":"SMITH"},{"data":"Immolate","floor":27.0,"key":"SMITH"},{"data":"Seeing Red","floor":32.0,"key":"SMITH"},{"floor":40.0,"key":"RECALL"},{"data":"Feel No Pain","floor":42.0,"key":"SMITH"},{"floor":44.0,"key":"REST"},{"data":"Battle Trance","floor":49.0,"key":"SMITH"},{"data":"Master of Strategy","floor":53.0,"key":"SMITH"}],"circlet_count":0,"master_deck":["AscendersBane","Strike_R","Defend_R","Defend_R","Defend_R+1","Bash","Thunderclap","Flex+1","Anger","Reaper","Bludgeon+1","Battle Trance+1","Dual Wield+1","Exhume","Flex+1","Immolate+1","Entrench+1","Battle Trance+1","Evolve","Second Wind","Power Through","Seeing Red+1","Inflame+1","Feel No Pain+1","Barricade","Entrench","Body Slam","Madness","Madness","downfall:Bewildered","Entrench","Master of Strategy+1","Bloodletting","Feel No Pain","Dark Embrace"],"relics":["Burning Blood","Calipers","Pantograph","Strawberry","InkBottle","bronze:MakeshiftBattery","Happy Flower","Tiny Chest","Oddly Smooth Stone","Darkstone Periapt","Cursed Key","War Paint","Bag of Marbles"],"acts_visited":["Exordium","TheCity","TheBeyond","TheEnding"],"potions_floor_usage":[55,55],"damage_taken":[{"damage":1.0,"enemies":"Cultist","floor":1.0,"turns":3.0},{"damage":5.0,"enemies":"Small Slimes","floor":2.0,"turns":4.0},{"damage":9.0,"enemies":"Jaw Worm","floor":4.0,"turns":4.0},{"damage":13.0,"enemies":"3 Louse","floor":5.0,"turns":3.0},{"damage":26.0,"enemies":"Lagavulin","floor":7.0,"turns":3.0},{"damage":11.0,"enemies":"Gremlin Nob","floor":10.0,"turns":3.0},{"damage":11.0,"enemies":"Large Slime","floor":12.0,"turns":5.0},{"damage":6.0,"enemies":"Looter","floor":13.0,"turns":2.0},{"damage":70.0,"enemies":"Hexaghost","floor":16.0,"turns":7.0},{"damage":11.0,"enemies":"Spheric Guardian","floor":18.0,"turns":3.0},{"damage":11.0,"enemies":"2 Thieves","floor":20.0,"turns":2.0},{"damage":23.0,"enemies":"Gremlin Leader","floor":23.0,"turns":4.0},{"damage":39.0,"enemies":"Book of Stabbing","floor":25.0,"turns":5.0},{"damage":15.0,"enemies":"Chosen and Byrds","floor":30.0,"turns":6.0},{"damage":6.0,"enemies":"Centurion and Healer","floor":31.0,"turns":6.0},{"damage":97.0,"enemies":"Automaton","floor":33.0,"turns":10.0},{"damage":15.0,"enemies":"Orb Walker","floor":35.0,"turns":3.0},{"damage":43.0,"enemies":"3 Darklings","floor":39.0,"turns":6.0},{"damage":36.0,"enemies":"Jaw Worm Horde","floor":46.0,"turns":6.0},{"damage":72.0,"enemies":"Giant Head","floor":47.0,"turns":8.0},{"damage":0.0,"enemies":"Donu and Deca","floor":50.0,"turns":16.0},{"damage":45.0,"enemies":"Time Eater","floor":51.0,"turns":9.0},{"damage":66,"enemies":"Shield and Spear","floor":55,"turns":10},{"damage":74,"enemies":"The Heart","floor":56,"turns":2}],"seed_played":"-8277310146999571074","potions_obtained":[{"floor":1.0,"key":"SkillPotion"},{"floor":4.0,"key":"hexamod:SoulburnPotion"},{"floor":12.0,"key":"ColorlessPotion"},{"floor":13.0,"key":"Fruit Juice"},{"floor":16.0,"key":"Regen Potion"},{"floor":25.0,"key":"EssenceOfSteel"},{"floor":30.0,"key":"PowerPotion"},{"floor":46.0,"key":"hexamod:SoulburnPotion"}],"is_trial":false,"path_per_floor":["M","M","$","M","M","R","E","R","T","E","T","M","M","$","R","B",null,"M","?","M","$","$","E","R","E","T","R","?","?","M","M","R","B",null,"M","$","?","T","M","R","?","R","T","R","$","M","E","$","R","B","B",null,"R","$","E","B"],"character_chosen":"IRONCLAD","items_purchased":["Flex","Flex","Evolve","Second Wind","BloodPotion","Entrench","Body Slam","Feel No Pain","DuplicationPotion"],"campfire_rested":1,"item_purchase_floors":[3,14,21,22,22,36,36,48,48],"current_hp_per_floor":[68,68,68,65,58,58,50,50,50,52,52,51,56,56,56,22,66,69,69,69,69,69,52,52,35,35,35,35,35,30,74,74,11,63,54,54,40,46,42,42,42,42,42,67,67,48,56,56,56,86,47,76,76,76,36,0,0],"gold":67,"neow_bonus":"REMOVE_TWO","is_daily":false,"chose_seed":false,"campfire_upgraded":9,"win_rate":0.0,"timestamp":1613693341,"path_taken":["M","M","?","M","?","R","E","R","T","E","?","M","M","$","R","BOSS","M","?","?","?","$","E","R","E","T","R","?","?","M","M","R","BOSS","M","$","?","?","M","R","?","R","T","R","?","M","E","$","R","BOSS","BOSS","R","$","E","BOSS"],"items_purchased_type":["Card","Card","Card","Card","Potion","Card","Card","Card","Potion"],"build_version":"2020-12-22","purchased_purges":2,"victory":false,"max_hp_per_floor":[68,68,68,68,68,68,68,68,68,75,75,75,80,80,80,80,80,80,80,80,80,80,80,80,80,80,80,80,80,80,80,80,80,80,80,80,80,86,86,86,86,86,86,86,86,86,86,86,86,86,86,86,86,86,86,86,86],"card_choices":[{"not_picked":["Metallicize","Perfected Strike"],"picked":"Thunderclap","floor":1.0},{"not_picked":["Warcry","Havoc","Combust"],"picked":"SKIP","floor":2.0},{"not_picked":["Rupture","True Grit"],"picked":"Anger","floor":4.0},{"not_picked":["Ghostly Armor","Twin Strike"],"picked":"Reaper","floor":5.0},{"not_picked":["Warcry","Entrench"],"picked":"Bludgeon","floor":7.0},{"not_picked":["Heavy Blade","Combust"],"picked":"Battle Trance","floor":10.0},{"not_picked":["Iron Wave","Spot Weakness"],"picked":"Dual Wield","floor":12.0},{"not_picked":["Havoc","Cleave"],"picked":"Exhume","floor":13.0},{"not_picked":["Corruption","Impervious"],"picked":"Immolate","floor":16.0},{"not_picked":["Perfected Strike","Flame Barrier"],"picked":"Entrench+1","floor":18.0},{"not_picked":["Body Slam","Combust","Metallicize"],"picked":"SKIP","floor":20.0},{"not_picked":["Havoc","Shockwave"],"picked":"Power Through","floor":23.0},{"not_picked":["Clash","Barricade"],"picked":"Seeing Red","floor":25.0},{"not_picked":["Perfected Strike","Rage"],"picked":"Inflame+1","floor":30.0},{"not_picked":["Pommel Strike","Disarm"],"picked":"Feel No Pain","floor":31.0},{"not_picked":["Corruption","Bludgeon"],"picked":"Barricade","floor":33.0},{"not_picked":["Clothesline+1","Havoc","Thunderclap+1"],"picked":"SKIP","floor":35.0},{"not_picked":["Sword Boomerang","Armaments"],"picked":"Entrench","floor":39.0},{"not_picked":["Trip","Forethought"],"picked":"Master of Strategy","floor":41.0},{"not_picked":["Reckless Charge","Warcry"],"picked":"Bloodletting","floor":46.0},{"not_picked":["True Grit","Twin Strike","Metallicize"],"picked":"SKIP","floor":47.0},{"not_picked":["Thunderclap","Warcry"],"picked":"Dark Embrace","floor":55}],"player_experience":1498264,"relics_obtained":[{"floor":7.0,"key":"Calipers"},{"floor":9.0,"key":"Pantograph"},{"floor":10.0,"key":"Strawberry"},{"floor":11.0,"key":"InkBottle"},{"floor":23.0,"key":"Happy Flower"},{"floor":25.0,"key":"Tiny Chest"},{"floor":26.0,"key":"Oddly Smooth Stone"},{"floor":47.0,"key":"War Paint"},{"floor":55,"key":"Bag of Marbles"}],"event_choices":[{"damage_healed":0.0,"max_hp_gain":0.0,"max_hp_loss":0.0,"gold_gain":0.0,"cards_transformed":["Strike_R"],"event_name":"Transmorgrifier","player_choice":"Transformed","floor":19.0,"gold_loss":0.0,"damage_taken":0.0,"cards_obtained":["Battle Trance"]},{"damage_healed":0.0,"max_hp_gain":0.0,"max_hp_loss":0.0,"gold_gain":0.0,"event_name":"Addict","player_choice":"Obtained Relic","floor":28.0,"gold_loss":85.0,"damage_taken":0.0,"relics_obtained":["Darkstone Periapt"]},{"damage_healed":0.0,"max_hp_gain":0.0,"max_hp_loss":0.0,"gold_gain":0.0,"event_name":"Winding Halls","player_choice":"Embrace Madness","floor":37.0,"gold_loss":0.0,"damage_taken":14.0,"cards_obtained":["Madness","Madness"]},{"damage_healed":0.0,"max_hp_gain":0.0,"max_hp_loss":0.0,"gold_gain":0.0,"event_name":"SensoryStone","player_choice":"Memory 1","floor":41.0,"gold_loss":0.0,"damage_taken":0.0}],"is_beta":false,"boss_relics":[{"not_picked":["Calling Bell","Ectoplasm"],"picked":"bronze:MakeshiftBattery"},{"not_picked":["Velvet Choker","Fusion Hammer"],"picked":"Cursed Key"}],"items_purged_floors":[3,14],"is_endless":false,"potions_floor_spawned":[1,4,12,13,16,18,25,30,46],"killed_by":"The Heart","ascension_level":20}}