{"host":"vx488ommchhibo3k","time":1613722887,"event":{"mods":["BaseMod","BetterRewards","Minty Spire (QoL Compilation)","Shop Mod","StSLib"],"gold_per_floor":[111,111,20,20,31,31,51,383,383,399,364,426,426,413,413,512,512,524,4,23,0,0,0,14,14,67,85,85,111,128,146,146,243,243,255,58,106,116,130,130,150,167,237,237,250,250,19,35,35,35,35],"floor_reached":50,"language":"JPN","playtime":3523,"items_purged":["Defend_G","Strike_G"],"score":591,"play_id":"e3bacc96-9c1b-4e90-9294-170346be05b0","local_time":"20210219172127","is_ascension_mode":false,"campfire_choices":[{"floor":6,"key":"RECALL"},{"floor":13,"key":"REST"},{"floor":15,"key":"DIG"},{"floor":23,"key":"DIG"},{"data":"Infinite Blades","floor":25,"key":"SMITH"},{"data":"Accuracy","floor":32,"key":"SMITH"},{"floor":40,"key":"DIG"},{"floor":44,"key":"REST"},{"floor":49,"key":"REST"}],"circlet_count":0,"master_deck":["Strike_G","Strike_G","Defend_G","Defend_G","Defend_G+1","Survivor","Neutralize","Noxious Fumes","Quick Slash+1","Accuracy+1","Blade Dance+1","Footwork+1","Infinite Blades+1","Skewer+1","Blur","Cloak And Dagger","Flechettes+1","Skewer+1","Corpse Explosion","Well Laid Plans+1","Glass Knife+1","Blade Dance+1","Blade Dance+1","Cloak And Dagger","Die Die Die+1","Slice+1","Endless Agony+1","Dramatic Entrance+1","Quick Slash+1","Caltrops+1","Acrobatics","PiercingWail+1","Skewer+1","Poisoned Stab+1","Adrenaline","CurseOfTheBell","Prepared+1","Infinite Blades+1","Quick Slash+1","Crippling Poison","Cloak And Dagger","Finisher+1","Finisher+1","Accuracy+1","Envenom+1","Catalyst","Expertise+1"],"relics":["Ring of the Snake","Shovel","Molten Egg 2","Blood Vial","Darkstone Periapt","Old Coin","Orichalcum","The Courier","Astrolabe","Bottled Tornado","Art of War","Lantern","Bag of Preparation","Calling Bell","Pen Nib","Frozen Egg 2","Calipers","Omamori","Girya","HornCleat","Singing Bowl","Chemical X"],"acts_visited":["Exordium","TheCity","TheBeyond"],"potions_floor_usage":[8,10,29,33,33,38,42,50,50,50,50,50],"damage_taken":[{"damage":0,"enemies":"Small Slimes","floor":1,"turns":3},{"damage":7,"enemies":"2 Louse","floor":5,"turns":3},{"damage":3,"enemies":"Jaw Worm","floor":7,"turns":4},{"damage":2,"enemies":"3 Sentries","floor":8,"turns":8},{"damage":0,"enemies":"2 Fungi Beasts","floor":10,"turns":3},{"damage":21,"enemies":"Lagavulin Event","floor":12,"turns":6},{"damage":1,"enemies":"Exordium Thugs","floor":14,"turns":4},{"damage":12,"enemies":"Slime Boss","floor":16,"turns":8},{"damage":0,"enemies":"Chosen","floor":18,"turns":4},{"damage":0,"enemies":"3 Byrds","floor":20,"turns":2},{"damage":0,"enemies":"Snecko","floor":24,"turns":4},{"damage":5,"enemies":"Cultist and Chosen","floor":27,"turns":4},{"damage":0,"enemies":"Gremlin Leader","floor":29,"turns":3},{"damage":0,"enemies":"Chosen and Byrds","floor":30,"turns":3},{"damage":15,"enemies":"Snake Plant","floor":31,"turns":3},{"damage":40,"enemies":"Champ","floor":33,"turns":6},{"damage":0,"enemies":"Orb Walker","floor":35,"turns":2},{"damage":19,"enemies":"2 Orb Walkers","floor":37,"turns":3},{"damage":9,"enemies":"3 Darklings","floor":38,"turns":2},{"damage":0,"enemies":"Transient","floor":39,"turns":5},{"damage":16,"enemies":"Writhing Mass","floor":41,"turns":4},{"damage":34,"enemies":"4 Shapes","floor":42,"turns":2},{"damage":18,"enemies":"Sphere and 2 Shapes","floor":45,"turns":3},{"damage":6,"enemies":"Spire Growth","floor":48,"turns":3},{"damage":53,"enemies":"Time Eater","floor":50,"turns":4}],"seed_played":"8775239300112821793","potions_obtained":[{"floor":5,"key":"DuplicationPotion"},{"floor":8,"key":"Strength Potion"},{"floor":20,"key":"CultistPotion"},{"floor":24,"key":"Poison Potion"},{"floor":29,"key":"Fruit Juice"},{"floor":33,"key":"DuplicationPotion"},{"floor":35,"key":"EntropicBrew"},{"floor":38,"key":"Fruit Juice"},{"floor":41,"key":"EssenceOfSteel"}],"is_trial":false,"path_per_floor":["M","?","$","?","M","R","M","E","T","M","?","?","R","M","R","B",null,"M","$","M","?","$","R","M","R","T","M","?","E","M","M","R","B",null,"M","$","?","M","M","R","M","M","T","R","M","?","$","M","R","B"],"character_chosen":"THE_SILENT","items_purchased":["Molten Egg 2","Blood Vial","Noxious Fumes","Quick Slash+1","Blade Dance","Footwork","Bottled Tornado","Cloak And Dagger","Die Die Die+1","Slice+1","Endless Agony+1","Dramatic Entrance+1","Omamori","Envenom+1","Chemical X","Catalyst"],"campfire_rested":3,"item_purchase_floors":[0,0,0,0,3,3,19,19,19,19,19,19,36,47,47,47],"current_hp_per_floor":[32,25,25,11,6,6,5,5,5,7,24,5,26,27,27,17,70,70,70,70,70,70,70,70,70,70,65,65,72,74,60,60,22,81,81,81,62,60,62,62,48,16,16,41,25,25,25,21,46,0,0],"gold":35,"neow_bonus":"","is_daily":false,"chose_seed":false,"campfire_upgraded":2,"win_rate":0.0,"timestamp":1613722887,"path_taken":["M","?","$","?","M","R","M","E","T","M","?","?","R","M","R","BOSS","M","$","M","?","$","R","M","R","T","M","?","E","M","M","R","BOSS","M","$","?","M","M","R","M","M","T","R","M","?","$","M","R","BOSS"],"items_purchased_type":["Relic","Relic","Card","Card","Card","Card","Relic","Card","Card","Card","Card","Card","Relic","Card","Relic","Card"],"build_version":"2020-12-22","purchased_purges":2,"victory":false,"max_hp_per_floor":[70,70,70,70,70,70,70,70,70,70,70,70,70,70,70,70,70,70,70,70,70,70,70,70,70,70,70,70,75,75,75,75,75,81,81,81,81,86,86,86,86,86,86,86,86,86,86,86,86,86,86],"card_choices":[{"not_picked":["Underhanded Strike+1","Outmaneuver"],"picked":"Accuracy","floor":1},{"not_picked":["Eviscerate+1","Caltrops"],"picked":"Infinite Blades","floor":5},{"not_picked":["Prepared","Slice+1"],"picked":"Skewer+1","floor":7},{"not_picked":["Tactician","Leg Sweep"],"picked":"Blur","floor":8},{"not_picked":["Predator+1","Tactician"],"picked":"Cloak And Dagger","floor":10},{"not_picked":["Quick Slash+1","Deadly Poison"],"picked":"Flechettes+1","floor":12},{"not_picked":["Sucker Punch+1","Terror"],"picked":"Skewer+1","floor":14},{"not_picked":["Glass Knife+1","Night Terror"],"picked":"Corpse Explosion","floor":16},{"not_picked":["Terror","Deadly Poison"],"picked":"Blade Dance+1","floor":18},{"not_picked":["Choke+1","Sucker Punch+1"],"picked":"Quick Slash+1","floor":20},{"not_picked":["Sucker Punch+1","Masterful Stab+1"],"picked":"Caltrops+1","floor":24},{"not_picked":["Calculated Gamble","Escape Plan"],"picked":"Acrobatics","floor":27},{"not_picked":["Sucker Punch+1","Backflip"],"picked":"PiercingWail+1","floor":29},{"not_picked":["Corpse Explosion","Bouncing Flask"],"picked":"Skewer+1","floor":30},{"not_picked":["Dagger Spray+1","Underhanded Strike+1"],"picked":"Poisoned Stab+1","floor":31},{"not_picked":["Wraith Form v2","Burst"],"picked":"Adrenaline","floor":33},{"not_picked":["Calculated Gamble+1","Eviscerate+1"],"picked":"Prepared+1","floor":35},{"not_picked":["Underhanded Strike+1","PiercingWail+1"],"picked":"Infinite Blades+1","floor":37},{"not_picked":["Underhanded Strike+1","Prepared"],"picked":"Quick Slash+1","floor":38},{"not_picked":["Dagger Spray+1","Sucker Punch+1"],"picked":"Crippling Poison","floor":39},{"not_picked":["Underhanded Strike+1","Finisher+1"],"picked":"Cloak And Dagger","floor":41},{"not_picked":["Deflect","Predator+1"],"picked":"Finisher+1","floor":42},{"not_picked":["Predator+1","Expertise"],"picked":"Finisher+1","floor":45},{"not_picked":["Doppelganger","Flying Knee+1"],"picked":"Expertise+1","floor":48}],"player_experience":117034,"relics_obtained":[{"floor":8,"key":"Old Coin"},{"floor":12,"key":"Orichalcum"},{"floor":15,"key":"The Courier"},{"floor":23,"key":"Art of War"},{"floor":26,"key":"Lantern"},{"floor":29,"key":"Bag of Preparation"},{"floor":34,"key":"Pen Nib"},{"floor":34,"key":"Frozen Egg 2"},{"floor":34,"key":"Calipers"},{"floor":37,"key":"Girya"},{"floor":40,"key":"HornCleat"},{"floor":43,"key":"Singing Bowl"}],"event_choices":[{"damage_healed":0,"gold_gain":0,"player_choice":"Success","damage_taken":7,"relics_obtained":["Darkstone Periapt"],"max_hp_gain":0,"max_hp_loss":0,"event_name":"Scrap Ooze","floor":2,"gold_loss":0},{"damage_healed":0,"gold_gain":0,"player_choice":"Entered Light","damage_taken":14,"max_hp_gain":0,"max_hp_loss":0,"event_name":"Shining Light","floor":4,"gold_loss":0,"cards_upgraded":["Footwork","Defend_G"]},{"damage_healed":17,"gold_gain":0,"player_choice":"Healed","damage_taken":0,"max_hp_gain":0,"max_hp_loss":0,"event_name":"The Cleric","floor":11,"gold_loss":35},{"damage_healed":0,"gold_gain":0,"player_choice":"Searched \u00271\u0027 times","damage_taken":0,"max_hp_gain":0,"max_hp_loss":0,"event_name":"Dead Adventurer","floor":12,"gold_loss":0},{"damage_healed":0,"gold_gain":0,"player_choice":"Paid Fearfully","damage_taken":0,"max_hp_gain":0,"max_hp_loss":0,"event_name":"Masked Bandits","floor":21,"gold_loss":23},{"damage_healed":0,"gold_gain":0,"player_choice":"Forge","damage_taken":0,"max_hp_gain":0,"max_hp_loss":0,"event_name":"Accursed Blacksmith","floor":28,"gold_loss":0,"cards_upgraded":["Blade Dance"]},{"damage_healed":0,"gold_gain":0,"player_choice":"Fight","damage_taken":0,"max_hp_gain":0,"max_hp_loss":0,"event_name":"Mysterious Sphere","floor":37,"gold_loss":0},{"damage_healed":0,"gold_gain":0,"player_choice":"Copied","damage_taken":0,"max_hp_gain":0,"max_hp_loss":0,"event_name":"Duplicator","floor":46,"gold_loss":0,"cards_obtained":["Accuracy"]}],"is_beta":false,"boss_relics":[{"not_picked":["SacredBark","Snecko Eye"],"picked":"Astrolabe"},{"not_picked":["HoveringKite","Velvet Choker"],"picked":"Calling Bell"}],"items_purged_floors":[0,36],"is_endless":false,"potions_floor_spawned":[5,8,20,24,29,33,35,38,41],"killed_by":"Time Eater","ascension_level":0}}