{"host":"i627ldzjvyz252sa","time":1613695279,"event":{"mods":["BaseMod","Colored Map","Curses Come First","Hubris","Infinite Spire","Minty Spire (QoL Compilation)","Replay The Spire","StSLib","The Bug Knight","The Runesmith"],"gold_per_floor":[110,185,185,185,185,33,33,45,75,86,86,86,261,261,291,304,304,304,304],"floor_reached":18,"language":"ENG","playtime":928,"items_purged":["Strike_G"],"score":168,"play_id":"8a0d51e4-9225-4a4c-8c5e-cdf4b16aa8f4","local_time":"20210218164119","is_ascension_mode":false,"campfire_choices":[{"data":"Infinite Blades","floor":12,"key":"SMITH"},{"data":"Blade Dance","floor":17,"key":"SMITH"}],"circlet_count":0,"master_deck":["Strike_G","Strike_G","Strike_G","Defend_G+1","Defend_G+1","Defend_G","Defend_G","Defend_G","Survivor","Neutralize","Infinite Blades+1","Blade Dance+1","Doubt","Hidden Blade"],"relics":["Ring of the Snake","NeowsBlessing","Mango","hubris:TenFootPole","hubris:Zylophone","Pear"],"acts_visited":["Exordium"],"potions_floor_usage":[16],"damage_taken":[{"damage":0,"enemies":"Small Slimes","floor":1,"turns":1},{"damage":0,"enemies":"2 Louse","floor":8,"turns":1},{"damage":0,"enemies":"3 Sentries","floor":9,"turns":2},{"damage":0,"enemies":"Jaw Worm","floor":10,"turns":6},{"damage":13,"enemies":"Lagavulin","floor":15,"turns":8},{"damage":2,"enemies":"Looter","floor":16,"turns":4},{"damage":57,"enemies":"The Guardian","floor":18,"turns":15}],"seed_played":"360587585023867227","potions_obtained":[{"floor":1,"key":"Cursed Concoction"},{"floor":9,"key":"Energy Potion"}],"is_trial":false,"path_per_floor":["M","?","?","PTL","PTL","$","T","M","E","M","T","R","?","?","E","M","R","B"],"character_chosen":"THE_SILENT","items_purchased":["Infinite Blades"],"campfire_rested":0,"item_purchase_floors":[6],"current_hp_per_floor":[70,59,45,45,45,45,59,59,59,59,59,59,59,59,56,54,54,0,0],"gold":304,"neow_bonus":"THREE_ENEMY_KILL","is_daily":false,"chose_seed":false,"campfire_upgraded":2,"win_rate":0.0,"timestamp":1613695279,"path_taken":["M","?","?","PTL","PTL","?","?","?","E","M","T","R","?","?","E","M","R","BOSS"],"items_purchased_type":["Card"],"build_version":"2020-12-22","purchased_purges":1,"victory":false,"max_hp_per_floor":[70,70,70,70,70,70,84,84,84,84,84,84,84,84,94,94,94,94,94],"card_choices":[{"not_picked":["Flying Knee","Deadly Poison","Underhanded Strike"],"picked":"SKIP","floor":1},{"not_picked":["Dagger Throw","Slice","Deadly Poison"],"picked":"SKIP","floor":8},{"not_picked":["Venomology","Adrenaline"],"picked":"Blade Dance","floor":9},{"not_picked":["Sucker Punch","hubris:SlightOfHand","Flying Knee"],"picked":"SKIP","floor":10},{"not_picked":["Bouncing Flask","Flying Knee","Backflip"],"picked":"SKIP","floor":15},{"not_picked":["Die Die Die","Leg Sweep"],"picked":"Hidden Blade","floor":16}],"player_experience":149238,"relics_obtained":[{"floor":7,"key":"Mango"},{"floor":9,"key":"hubris:TenFootPole"},{"floor":11,"key":"hubris:Zylophone"},{"floor":15,"key":"Pear"}],"event_choices":[{"damage_healed":0,"gold_gain":75,"player_choice":"Gather Gold","damage_taken":11,"max_hp_gain":0,"max_hp_loss":0,"event_name":"World of Goop","floor":2,"gold_loss":0},{"damage_healed":0,"gold_gain":0,"player_choice":"Entered Light","damage_taken":14,"max_hp_gain":0,"max_hp_loss":0,"event_name":"Shining Light","floor":3,"gold_loss":0,"cards_upgraded":["Defend_G","Defend_G"]},{"damage_healed":0,"gold_gain":175,"player_choice":"AGREE","damage_taken":0,"max_hp_gain":0,"max_hp_loss":0,"event_name":"Liars Game","floor":13,"gold_loss":0,"cards_obtained":["Doubt"]}],"is_beta":false,"boss_relics":[],"items_purged_floors":[6],"is_endless":false,"potions_floor_spawned":[1,9],"killed_by":"The Guardian","ascension_level":0}}