{"host":"adt9pv9dmmkchns7","time":1613735858,"event":{"mods":["AchievementEnabler","Aspiration","BaseMod","Beaked The Cultist","Better Third Choice","Curses Come First","Energized Spire","Minty Spire (QoL Compilation)","Permanent Neow","Potionbrewer","Quick Restart","Reliquary","Replay The Spire","Robot Space Explorer","Shade Mod","Spicy Shops","StSLib","The Blackbeard","The Cursed","The Forsaken","The Gatherer","The Necromancer","Wandering Minibosses"],"gold_per_floor":[13,28,48,65,80,115,115,125,125,157,9,33,76,96,96,205,205,227,253,279,111,146,162,162,162],"floor_reached":23,"language":"ENG","playtime":2939,"items_purged":["Decay","Normality"],"score":281,"play_id":"bcd2a55c-471a-4c7b-88c3-073074da27e1","local_time":"20210219125738","is_ascension_mode":true,"metric_token":1489,"campfire_choices":[{"floor":15,"key":"REST"}],"circlet_count":0,"master_deck":["Gatherer:Strike_Gatherer","Gatherer:Strike_Gatherer","Gatherer:Strike_Gatherer","Gatherer:Strike_Gatherer","Gatherer:Strike_Gatherer","Gatherer:Defend_Gatherer","Gatherer:Defend_Gatherer","Gatherer:Defend_Gatherer","Gatherer:Defend_Gatherer","Gatherer:Defend_Gatherer","Gatherer:Centralize","Gatherer:FlowerWhip","Gatherer:BlackTea","Gatherer:ScherryThrow","Gatherer:Enchant","Gatherer:SaveValuables","Gatherer:TacticalStrike","Gatherer:BigPouch","Gatherer:Liquidism","Gatherer:FlowerShield","Gatherer:BlackTea","Gatherer:BalancedGrowth","Gatherer:WitheringStrike","Gatherer:BambuSword","Gatherer:AromaProtection","Gatherer:Bulldoze","Gatherer:FruitForce","Gatherer:OddSpoils","Gatherer:HeartToFruit","Gatherer:QuickSynthesis"],"relics":["Gatherer:AlchemyBag","reliquary:HotPoker","Replay:Bandana","Pondfish Scales","energizedSpire:MagnifyingGlass","wanderingMiniBosses:CarrionFlame","ReplayTheSpireMod:CursedCoin"],"acts_visited":["Exordium","TheCity"],"potions_floor_usage":[6,10,12,16,18,19,20,22],"damage_taken":[{"damage":0,"enemies":"Cultist","floor":1,"turns":3},{"damage":0,"enemies":"Small Slimes","floor":2,"turns":3},{"damage":0,"enemies":"Jaw Worm","floor":3,"turns":1},{"damage":5,"enemies":"Lots of Slimes","floor":4,"turns":3},{"damage":0,"enemies":"2 Fungi Beasts","floor":5,"turns":3},{"damage":12,"enemies":"Gremlin Nob","floor":6,"turns":2},{"damage":26,"enemies":"Exordium Wildlife","floor":8,"turns":6},{"damage":19,"enemies":"Lagavulin","floor":10,"turns":7},{"damage":0,"enemies":"Lots of Slimes","floor":12,"turns":3},{"damage":7,"enemies":"Gremlin Nob","floor":13,"turns":4},{"damage":0,"enemies":"2 Fungi Beasts","floor":14,"turns":2},{"damage":9,"enemies":"The Guardian","floor":16,"turns":9},{"damage":17,"enemies":"2 Thieves","floor":18,"turns":4},{"damage":7,"enemies":"Shell Parasite","floor":19,"turns":4},{"damage":20,"enemies":"3 Cultists","floor":20,"turns":5},{"damage":23,"enemies":"Snecko","floor":22,"turns":6},{"damage":20,"enemies":"Gremlin Leader","floor":23,"turns":5}],"seed_played":"-1362187234677668620","potions_obtained":[{"floor":2,"key":"Death Potion"},{"floor":3,"key":"potionbrewer:FreezingPotion"},{"floor":10,"key":"Fire Potion"},{"floor":14,"key":"LifebloodPotion"},{"floor":16,"key":"SpeedPotion"},{"floor":18,"key":"Toxic Potion"},{"floor":19,"key":"Languid Potion"},{"floor":20,"key":"Energy Potion"}],"is_trial":false,"path_per_floor":["M","M","M","M","M","E","?","M","T","E","$","M","E","M","R","B",null,"M","M","M","$","M","E"],"character_chosen":"THE_GATHERER","items_purchased":["Gatherer:BalancedGrowth","Gatherer:HeartToFruit","ReplayTheSpireMod:CursedCoin"],"campfire_rested":1,"item_purchase_floors":[11,21,21],"current_hp_per_floor":[72,72,72,67,67,55,55,29,29,10,10,10,3,3,24,15,72,59,52,32,32,12,0,0,0],"gold":162,"neow_bonus":"THREE_RARE_CARDS","is_daily":false,"chose_seed":false,"campfire_upgraded":0,"win_rate":0.0,"timestamp":1613735858,"path_taken":["M","M","M","M","M","E","?","M","T","E","?","M","E","M","R","BOSS","M","M","?","$","M","E"],"items_purchased_type":["Card","Card","Relic"],"build_version":"2020-12-22","purchased_purges":2,"victory":false,"max_hp_per_floor":[72,72,72,72,72,72,72,72,72,72,72,72,72,72,72,72,72,76,76,76,76,79,79,79,79],"card_choices":[{"not_picked":["Gatherer:Examine","Gatherer:LuckyClover"],"picked":"Gatherer:BlackTea","floor":0},{"not_picked":["Gatherer:PotentialSlash","Gatherer:FlowerShield"],"picked":"Gatherer:ScherryThrow","floor":1},{"not_picked":["Gatherer:FlowerShield","Gatherer:FragileHammer"],"picked":"Gatherer:Enchant","floor":2},{"not_picked":["Gatherer:ScherryThrow","Gatherer:FragileHammer"],"picked":"Gatherer:SaveValuables","floor":3},{"not_picked":["Gatherer:Solidify","Gatherer:GatherMaterial"],"picked":"Gatherer:TacticalStrike","floor":4},{"not_picked":["Gatherer:EnergyBasket","Gatherer:TreeGrowth"],"picked":"Gatherer:BigPouch","floor":5},{"not_picked":["Gatherer:Frenzy","Gatherer:Transmute"],"picked":"Gatherer:Liquidism","floor":6},{"not_picked":["Gatherer:Snatch","Gatherer:SaveValuables"],"picked":"Gatherer:FlowerShield","floor":8},{"not_picked":["Gatherer:VenomBarrier","Gatherer:TreeGrowth"],"picked":"Gatherer:BlackTea","floor":10},{"not_picked":["Gatherer:BambuSword","Gatherer:FlowerFalling"],"picked":"Gatherer:WitheringStrike","floor":12},{"not_picked":["Gatherer:Transmute","Gatherer:GatherMaterial"],"picked":"Gatherer:BambuSword","floor":13},{"not_picked":["Gatherer:Duplicator","Gatherer:Frenzy"],"picked":"Gatherer:AromaProtection","floor":14},{"not_picked":["Gatherer:Examine","Gatherer:LuckyClover"],"picked":"Gatherer:Bulldoze","floor":16},{"not_picked":["Gatherer:ScherryThrow","Gatherer:FlowerShield"],"picked":"Gatherer:FruitForce","floor":18},{"not_picked":["Gatherer:Frenzy","Gatherer:EnergyBasket"],"picked":"Gatherer:OddSpoils","floor":19},{"not_picked":["Gatherer:Solidify","Gatherer:AcidicSpray","Gatherer:DrugPower"],"picked":"SKIP","floor":20},{"not_picked":["Gatherer:TreeGrowth","Gatherer:FeelingFine+1"],"picked":"Gatherer:QuickSynthesis","floor":22}],"player_experience":987326,"relics_obtained":[{"floor":6,"key":"reliquary:HotPoker"},{"floor":10,"key":"Replay:Bandana"},{"floor":13,"key":"Pondfish Scales"},{"floor":20,"key":"wanderingMiniBosses:CarrionFlame"}],"event_choices":[{"damage_healed":0,"gold_gain":0,"player_choice":"Cursed","damage_taken":0,"max_hp_gain":0,"max_hp_loss":0,"event_name":"Wheel of Change","floor":7,"gold_loss":0,"cards_obtained":["Decay"]}],"is_beta":false,"boss_relics":[{"not_picked":["SlaversCollar","potionbrewer:BhaskarasWheel"],"picked":"energizedSpire:MagnifyingGlass"}],"items_purged_floors":[11,21],"is_endless":false,"potions_floor_spawned":[2,3,10,14,16,18,19,20],"killed_by":"Gremlin Leader","ascension_level":3}}