{"host":"soyfmymeou4emntr","time":1613710049,"event":{"mods":["BaseMod","Minty Spire (QoL Compilation)","Permanent Neow","Relic Sorter","Relic Stats","StSLib"],"gold_per_floor":[118,268,286,296,37,71,86,115,115,115,115,131,131,149,149,222,222,238,2,2,12,12,12,38,38,38,38,64,64,64,97,97,97,97],"floor_reached":33,"language":"ENG","playtime":2734,"items_purged":["Strike_R"],"score":582,"play_id":"90603ecf-601c-402c-b0d4-82576637fd8b","local_time":"20210218214729","is_ascension_mode":true,"campfire_choices":[{"data":"Bash","floor":11.0,"key":"SMITH"},{"data":"Shockwave","floor":13.0,"key":"SMITH"},{"floor":15.0,"key":"REST"},{"data":"Rupture","floor":23.0,"key":"SMITH"},{"data":"Sword Boomerang","floor":25.0,"key":"SMITH"},{"floor":27.0,"key":"REST"},{"data":"Enlightenment","floor":32.0,"key":"SMITH"}],"circlet_count":0,"master_deck":["AscendersBane","Strike_R+1","Strike_R+1","Strike_R+1","Strike_R+1","Defend_R+1","Defend_R+1","Defend_R+1","Defend_R+1","Bash+1","Enlightenment+1","Sword Boomerang","Doubt","Shockwave+1","Anger","Inflame","Clothesline","Rupture+1","Carnage","Battle Trance","Headbutt","Brutality","Fire Breathing","Fire Breathing","Sword Boomerang+1","Bloodletting","Metallicize"],"relics":["Burning Blood","Vajra","Charon\u0027s Ashes","Shovel","White Beast Statue","HornCleat","Runic Pyramid","PreservedInsect","Red Mask","Tiny Chest","Molten Egg 2"],"acts_visited":["Exordium","TheCity"],"potions_floor_usage":[33],"damage_taken":[{"damage":2.0,"enemies":"2 Louse","floor":1.0,"turns":2.0},{"damage":6.0,"enemies":"Cultist","floor":3.0,"turns":3.0},{"damage":1.0,"enemies":"Small Slimes","floor":4.0,"turns":4.0},{"damage":30.0,"enemies":"Lagavulin","floor":6.0,"turns":7.0},{"damage":12.0,"enemies":"Looter","floor":7.0,"turns":4.0},{"damage":30.0,"enemies":"3 Sentries","floor":8.0,"turns":6.0},{"damage":4.0,"enemies":"Red Slaver","floor":12.0,"turns":3.0},{"damage":0.0,"enemies":"2 Fungi Beasts","floor":14.0,"turns":3.0},{"damage":23.0,"enemies":"Hexaghost","floor":16.0,"turns":8.0},{"damage":27.0,"enemies":"2 Thieves","floor":18.0,"turns":4.0},{"damage":0.0,"enemies":"Spheric Guardian","floor":21.0,"turns":1.0},{"damage":34.0,"enemies":"Masked Bandits","floor":24.0,"turns":4.0},{"damage":14.0,"enemies":"Book of Stabbing","floor":28.0,"turns":4.0},{"damage":14.0,"enemies":"Slavers","floor":31.0,"turns":3.0},{"damage":49,"enemies":"Automaton","floor":33,"turns":6}],"seed_played":"-3169554148048894497","potions_obtained":[{"floor":1.0,"key":"FearPotion"},{"floor":6.0,"key":"SmokeBomb"},{"floor":8.0,"key":"LiquidMemories"},{"floor":12.0,"key":"Dexterity Potion"},{"floor":16.0,"key":"Regen Potion"},{"floor":18.0,"key":"Strength Potion"},{"floor":21.0,"key":"ColorlessPotion"},{"floor":24.0,"key":"EssenceOfSteel"},{"floor":28.0,"key":"Regen Potion"},{"floor":31.0,"key":"FearPotion"}],"is_trial":false,"path_per_floor":["M","?","M","M","$","E","M","E","T","?","R","M","R","M","R","B",null,"M","$","?","M","?","R","?","R","T","R","E","?","$","E","R","B"],"character_chosen":"IRONCLAD","items_purchased":["Inflame","Vajra","PreservedInsect"],"campfire_rested":2,"item_purchase_floors":[5,5,19],"current_hp_per_floor":[72,72,72,75,75,51,45,21,21,21,21,23,23,29,51,34,65,56,56,56,62,62,62,34,34,34,56,48,48,48,49,49,0,0],"gold":97,"neow_bonus":"RANDOM_COLORLESS","is_daily":false,"chose_seed":false,"campfire_upgraded":5,"win_rate":0.0,"timestamp":1613710049,"path_taken":["M","?","M","M","$","E","M","E","T","?","R","M","R","M","R","BOSS","M","$","?","M","?","R","?","R","T","R","E","?","?","E","R","BOSS"],"items_purchased_type":["Card","Relic","Relic"],"build_version":"2020-12-22","purchased_purges":1,"victory":false,"max_hp_per_floor":[75,75,75,75,75,75,75,75,75,75,75,75,75,75,75,75,75,75,75,75,75,75,75,75,75,75,75,75,75,75,75,75,75,75],"relic_stats":{"Shovel":0,"counters":[15,62],"Tiny Chest":0,"Charon\u0027s Ashes":[94],"PreservedInsect":83,"obtain_stats":[{"Shovel":8,"HornCleat":10,"Vajra":5,"Tiny Chest":28,"Molten Egg 2":31,"Charon\u0027s Ashes":6,"PreservedInsect":19,"Red Mask":24,"Burning Blood":0,"White Beast Statue":9,"Runic Pyramid":17},{"Shovel":6,"HornCleat":6,"Vajra":3,"Tiny Chest":13,"Molten Egg 2":14,"Charon\u0027s Ashes":4,"PreservedInsect":10,"Red Mask":12,"Burning Blood":0,"White Beast Statue":6,"Runic Pyramid":9},{"Shovel":26,"HornCleat":26,"Vajra":9,"Tiny Chest":53,"Molten Egg 2":56,"Charon\u0027s Ashes":16,"PreservedInsect":44,"Red Mask":49,"Burning Blood":0,"White Beast Statue":26,"Runic Pyramid":40}],"Burning Blood":82},"card_choices":[{"not_picked":["Panacea","Dramatic Entrance"],"picked":"Enlightenment","floor":0.0},{"not_picked":["Flex","Body Slam"],"picked":"Sword Boomerang","floor":1.0},{"not_picked":["Shrug It Off","Warcry"],"picked":"Shockwave","floor":3.0},{"not_picked":["Shrug It Off","Havoc"],"picked":"Anger","floor":4.0},{"not_picked":["Infernal Blade","Bloodletting"],"picked":"Clothesline","floor":6.0},{"not_picked":["Barricade","Clothesline"],"picked":"Rupture","floor":7.0},{"not_picked":["Havoc","Disarm"],"picked":"Carnage","floor":8.0},{"not_picked":["Shrug It Off","Body Slam"],"picked":"Battle Trance","floor":12.0},{"not_picked":["Entrench","Anger"],"picked":"Headbutt","floor":14.0},{"not_picked":["Fiend Fire","Juggernaut"],"picked":"Brutality","floor":16.0},{"not_picked":["Warcry","Dropkick"],"picked":"Fire Breathing","floor":18.0},{"not_picked":["Entrench","Twin Strike"],"picked":"Fire Breathing","floor":21.0},{"not_picked":["Heavy Blade","Havoc"],"picked":"Bloodletting","floor":28.0},{"not_picked":["True Grit","Pommel Strike+1"],"picked":"Metallicize","floor":31.0}],"player_experience":3399403,"relics_obtained":[{"floor":6.0,"key":"Charon\u0027s Ashes"},{"floor":8.0,"key":"Shovel"},{"floor":9.0,"key":"White Beast Statue"},{"floor":24.0,"key":"Red Mask"},{"floor":28.0,"key":"Tiny Chest"},{"floor":31.0,"key":"Molten Egg 2"}],"event_choices":[{"damage_healed":0.0,"max_hp_gain":0.0,"max_hp_loss":0.0,"gold_gain":150.0,"event_name":"Liars Game","player_choice":"AGREE","floor":2.0,"gold_loss":0.0,"damage_taken":0.0,"cards_obtained":["Doubt"]},{"damage_healed":0.0,"max_hp_gain":0.0,"max_hp_loss":0.0,"gold_gain":0.0,"event_name":"WeMeetAgain","player_choice":"Gave Potion","floor":10.0,"gold_loss":0.0,"damage_taken":0.0,"relics_obtained":["HornCleat"]},{"damage_healed":0.0,"max_hp_gain":0.0,"max_hp_loss":0.0,"gold_gain":0.0,"event_name":"Ghosts","player_choice":"Ignored","floor":20.0,"gold_loss":0.0,"damage_taken":0.0},{"damage_healed":0.0,"max_hp_gain":0.0,"max_hp_loss":0.0,"gold_gain":0.0,"event_name":"The Library","player_choice":"Read","floor":22.0,"gold_loss":0.0,"damage_taken":0.0,"cards_obtained":["Sword Boomerang"]},{"damage_healed":0.0,"max_hp_gain":0.0,"max_hp_loss":0.0,"gold_gain":0.0,"event_name":"Masked Bandits","player_choice":"Fought Bandits","floor":24.0,"gold_loss":0.0,"damage_taken":0.0},{"damage_healed":0.0,"max_hp_gain":0.0,"max_hp_loss":0.0,"gold_gain":0.0,"event_name":"Back to Basics","player_choice":"Simplicity","floor":29.0,"gold_loss":0.0,"damage_taken":0.0,"cards_upgraded":["Strike_R","Strike_R","Strike_R","Strike_R","Defend_R","Defend_R","Defend_R","Defend_R"]}],"is_beta":false,"boss_relics":[{"not_picked":["Black Blood","Pandora\u0027s Box"],"picked":"Runic Pyramid"}],"items_purged_floors":[19],"is_endless":false,"potions_floor_spawned":[1,6,8,12,14,16,18,21,24,28,31],"killed_by":"Automaton","ascension_level":20}}