{"host":"uhnh33uh34qot0et","time":1613773468,"event":{"mods":["Act Like it!","BaseMod","Colored Map","Downfall","GungeonMod","Hallownest","Hermit","Marisa????????","Minty Spire (QoL Compilation)","Relic Stats","Replay The Spire","Ruina","StSLib","The Bug Knight","The Construct","The Cursed","The Hierophant","The Marked","The Servant 0.9.4"],"gold_per_floor":[119,80,80,80,80,80,100,100,127,127,150,201,229,229,245,255,255,359,359,376,399,419,419,42,71,71,109,109,158,168,11,11,35,35,135,135,161,173,62,85,5,5,41,6,45,45,45,79,79,133,133,133],"floor_reached":53,"language":"ENG","playtime":2429,"items_purged":[],"score":856,"play_id":"fbfe1a35-5568-4015-ada5-420c7be1b19a","local_time":"20210219232428","is_ascension_mode":false,"campfire_choices":[{"data":"DemoMod:CrossBow","floor":8,"key":"SMITH"},{"data":"DemoMod:LifeOrb","floor":10,"key":"SMITH"},{"floor":14,"key":"REST"},{"floor":17,"key":"REST"},{"floor":26,"key":"REST"},{"floor":32,"key":"REST"},{"data":"DemoMod:FinishedGun","floor":34,"key":"SMITH"},{"data":"DemoMod:PotionOfGunFriendShip","floor":42,"key":"SMITH"},{"data":"DemoMod:BattleInHaste","floor":46,"key":"SMITH"},{"data":"DemoMod:TableSutra","floor":49,"key":"SMITH"},{"data":"DemoMod:DoubleVision","floor":51,"key":"SMITH"}],"circlet_count":0,"master_deck":["DemoMod:Strike_Huntress","DemoMod:Strike_Huntress","DemoMod:Strike_Huntress","DemoMod:Defend_Huntress","DemoMod:Defend_Huntress","DemoMod:Defend_Huntress","DemoMod:Defend_Huntress","DemoMod:Roll","DemoMod:ManualReload","DemoMod:RustySidearm","DemoMod:CrossBow+1","DemoMod:GunShield","DemoMod:TableSutra+1","DemoMod:GunstockTap","DemoMod:LifeOrb+1","DemoMod:PotionOfGunFriendShip+1","DemoMod:Unity","DemoMod:BattleInHaste","DemoMod:FinishedGun+1","DemoMod:ShadowBullets+1","DemoMod:SAA+1","DemoMod:CursedBullets+1","ruina:LoveAndHate","DemoMod:CursedBullets","DemoMod:BoxingGlove+1","DemoMod:FastSwitch+1","DemoMod:HardPowerCard","DemoMod:BattleInHaste+1","DemoMod:DoubleVision+1","DemoMod:ProbeStrike","DemoMod:AWP","DemoMod:CursedBullets","DemoMod:CursedBullets","Hallownest:attackMasterDashSlash","DemoMod:HardPowerCard+1","DemoMod:GunShield","DemoMod:Unmoved+1"],"relics":["DemoMod:Dog","NeowsBlessing","Torii","Vajra","Kunai","Toy Ornithopter","Philosopher\u0027s Stone","Letter Opener","DemoMod:HoleyGrail","Orichalcum","Centennial Puzzle","Replay:WaspNest","DemoMod:BlueGuonStone","Garlic","Membership Card","ChewingGum","Oddly Smooth Stone","Juzu Bracelet","DemoMod:ResourcefulSack"],"acts_visited":["Exordium","Exordium","ruina:Briah"],"potions_floor_usage":[13,13,16,20,33,35,35,43,52,52],"damage_taken":[{"damage":0,"enemies":"Small Slimes","floor":1,"turns":1},{"damage":0,"enemies":"Cultist","floor":7,"turns":1},{"damage":0,"enemies":"Lagavulin","floor":9,"turns":2},{"damage":18,"enemies":"3 Sentries","floor":13,"turns":8},{"damage":1,"enemies":"Jaw Worm","floor":15,"turns":2},{"damage":1,"enemies":"3 Louse","floor":16,"turns":3},{"damage":8,"enemies":"Hexaghost","floor":18,"turns":8},{"damage":9,"enemies":"ruina:Nosferatu","floor":20,"turns":4},{"damage":1,"enemies":"ruina:3_Bats","floor":21,"turns":4},{"damage":20,"enemies":"ruina:QueenOfHate","floor":22,"turns":2},{"damage":16,"enemies":"ruina:RoadHome","floor":25,"turns":2},{"damage":0,"enemies":"ruina:ServantOfWrath","floor":27,"turns":3},{"damage":0,"enemies":"ruina:Woodsman","floor":29,"turns":4},{"damage":0,"enemies":"ruina:Woodsman","floor":30,"turns":3},{"damage":0,"enemies":"ruina:KnightOfDespair","floor":33,"turns":4},{"damage":18,"enemies":"ruina:Red_and_Wolf","floor":35,"turns":8},{"damage":1,"enemies":"Hallownest:2_Littles","floor":37,"turns":2},{"damage":0,"enemies":"Hallownest:Shield_Heavy","floor":38,"turns":3},{"damage":6,"enemies":"Hallownest:2_Wandering_and_1_Horned","floor":40,"turns":3},{"damage":0,"enemies":"Hallownest:eliteHiveKnight","floor":43,"turns":3},{"damage":0,"enemies":"Hallownest:Shield_Sturdy","floor":45,"turns":4},{"damage":6,"enemies":"Hallownest:Shield_Sturdy","floor":48,"turns":4},{"damage":0,"enemies":"Hallownest:2_Great","floor":50,"turns":5},{"damage":40,"enemies":"Hallownest:BossHollowKnight","floor":52,"turns":7}],"seed_played":"7527471947581975338","potions_obtained":[{"floor":1,"key":"SteroidPotion"},{"floor":7,"key":"FearPotion"},{"floor":12,"key":"SteroidPotion"},{"floor":13,"key":"ColorlessPotion"},{"floor":15,"key":"Guardian:BlockOnCardUsePotion"},{"floor":18,"key":"Toxic Potion"},{"floor":21,"key":"construct:ShiftPotion"},{"floor":25,"key":"Doom Potion"},{"floor":33,"key":"champ:CounterPotion"},{"floor":43,"key":"champ:CounterPotion"},{"floor":48,"key":"EssenceOfSteel"}],"is_trial":false,"path_per_floor":["M","$","?","$","PTL","PTL","M","R","E","R","T","?","E","R","M","M","R","B",null,"M","M","M","?","$","E","R","E","T","?","M","$","R","M","R","B",null,"M","M","$","M","?","R","E","?","T","R","?","M","R","?","R","B",null],"character_chosen":"HUNTRESS","items_purchased":["DemoMod:TableSutra","DemoMod:CursedBullets","DemoMod:HoleyGrail","Orichalcum","Membership Card","DemoMod:CursedBullets","Oddly Smooth Stone"],"campfire_rested":4,"item_purchase_floors":[2,24,24,24,31,39,39],"current_hp_per_floor":[70,70,70,70,70,70,70,70,70,70,70,42,24,45,44,48,69,61,70,61,60,40,40,40,24,43,43,43,43,43,43,62,65,65,47,65,64,64,64,58,58,58,63,65,65,65,65,59,59,59,59,25],"gold":133,"neow_bonus":"THREE_ENEMY_KILL","is_daily":false,"chose_seed":false,"campfire_upgraded":7,"win_rate":0.0,"timestamp":1613773468,"path_taken":["M","$","?","$","PTL","PTL","?","R","E","R","T","?","E","R","M","M","R","BOSS","M","M","M","?","$","E","R","E","T","?","M","$","R","M","R","BOSS","M","M","$","M","?","R","E","?","T","R","?","M","R","?","R","BOSS"],"items_purchased_type":["Card","Card","Relic","Relic","Relic","Card","Relic"],"build_version":"2020-12-22","purchased_purges":0,"victory":true,"max_hp_per_floor":[70,70,70,70,70,70,70,70,70,70,70,70,70,70,70,70,70,70,70,70,70,70,65,65,65,65,65,65,65,65,65,65,65,65,65,65,65,65,65,65,65,65,65,65,65,65,65,65,65,65,65,65],"relic_stats":{"Centennial Puzzle":[15],"Torii":16,"counters":[24,90],"Juzu Bracelet":1,"Kunai":[39],"Letter Opener":[72],"Orichalcum":[66],"obtain_stats":[{"DemoMod:BlueGuonStone":28,"DemoMod:Dog":0,"NeowsBlessing":0,"Torii":9,"DemoMod:HoleyGrail":24,"Vajra":11,"Oddly Smooth Stone":39,"DemoMod:GlassGuonStoneRelic":7,"Replay:WaspNest":27,"Juzu Bracelet":43,"Letter Opener":22,"Orichalcum":24,"Centennial Puzzle":25,"Philosopher\u0027s Stone":19,"ChewingGum":36,"Garlic":29,"Kunai":12,"Membership Card":31,"DemoMod:ResourcefulSack":45,"Toy Ornithopter":13},{"DemoMod:BlueGuonStone":12,"DemoMod:Dog":0,"NeowsBlessing":0,"Torii":3,"DemoMod:HoleyGrail":10,"Vajra":3,"Oddly Smooth Stone":18,"DemoMod:GlassGuonStoneRelic":2,"Replay:WaspNest":12,"Juzu Bracelet":20,"Letter Opener":10,"Orichalcum":10,"Centennial Puzzle":11,"Philosopher\u0027s Stone":7,"ChewingGum":16,"Garlic":13,"Kunai":3,"Membership Card":14,"DemoMod:ResourcefulSack":21,"Toy Ornithopter":4},{"DemoMod:BlueGuonStone":40,"DemoMod:Dog":0,"NeowsBlessing":0,"Torii":4,"DemoMod:HoleyGrail":35,"Vajra":4,"Oddly Smooth Stone":64,"DemoMod:GlassGuonStoneRelic":2,"Replay:WaspNest":40,"Juzu Bracelet":70,"Letter Opener":35,"Orichalcum":35,"Centennial Puzzle":37,"Philosopher\u0027s Stone":25,"ChewingGum":59,"Garlic":44,"Kunai":4,"Membership Card":47,"DemoMod:ResourcefulSack":74,"Toy Ornithopter":12}],"Toy Ornithopter":19},"card_choices":[{"not_picked":["DemoMod:ConditionalReflex","DemoMod:Camera"],"picked":"DemoMod:GunShield","floor":1},{"not_picked":["DemoMod:PracticeMakesPerfect","DemoMod:ConditionalReflex"],"picked":"DemoMod:GunstockTap","floor":7},{"not_picked":["DemoMod:Polaris","DemoMod:SniperShot"],"picked":"DemoMod:LifeOrb","floor":9},{"not_picked":["DemoMod:RadGun","DemoMod:ProbeStrike"],"picked":"DemoMod:PotionOfGunFriendShip","floor":13},{"not_picked":["DemoMod:JK47","DemoMod:Unmoved"],"picked":"DemoMod:Unity","floor":15},{"not_picked":["DemoMod:Polaris","DemoMod:TeaPot"],"picked":"DemoMod:BattleInHaste","floor":16},{"not_picked":["DemoMod:GunslingerForm","DemoMod:BlankBullets"],"picked":"DemoMod:FinishedGun","floor":18},{"not_picked":["DemoMod:MachoBrace","DemoMod:BattleInHaste"],"picked":"DemoMod:ShadowBullets+1","floor":20},{"not_picked":["DemoMod:DoubleSwitch+1","DemoMod:Purify+1"],"picked":"DemoMod:SAA+1","floor":21},{"not_picked":["DemoMod:FastSwitch","DemoMod:Unmoved"],"picked":"DemoMod:CursedBullets+1","floor":22},{"not_picked":["ruina:GoldRush","ruina:CrimsonScar"],"picked":"ruina:LoveAndHate","floor":23},{"not_picked":["DemoMod:DirectionalPad","DemoMod:MachoBrace"],"picked":"DemoMod:BoxingGlove+1","floor":25},{"not_picked":["DemoMod:ConditionalReflex+1","DemoMod:LifeOrb"],"picked":"DemoMod:FastSwitch+1","floor":27},{"not_picked":["DemoMod:DoubleSwitch","DemoMod:MachoBrace"],"picked":"DemoMod:HardPowerCard","floor":29},{"not_picked":["DemoMod:SAA+1","DemoMod:TeaPot","DemoMod:StickyCrossBow"],"picked":"SKIP","floor":30},{"not_picked":["DemoMod:Ejector+1","DemoMod:FeignSurrender"],"picked":"DemoMod:BattleInHaste","floor":33},{"not_picked":["DemoMod:Desperate","DemoMod:ThirdPartyController"],"picked":"DemoMod:DoubleVision","floor":35},{"not_picked":["DemoMod:FeignSurrender+1","DemoMod:ConditionalReflex+1"],"picked":"DemoMod:ProbeStrike","floor":37},{"not_picked":["DemoMod:DirectionalPad+1","DemoMod:HighKaliber"],"picked":"DemoMod:AWP","floor":38},{"not_picked":["DemoMod:FortunesFavor","DemoMod:AWP"],"picked":"DemoMod:CursedBullets","floor":40},{"not_picked":["DemoMod:AC15","DemoMod:JK47+1"],"picked":"DemoMod:HardPowerCard+1","floor":43},{"not_picked":["DemoMod:HuntsMan+1","DemoMod:AC15+1"],"picked":"DemoMod:GunShield","floor":45},{"not_picked":["DemoMod:PotionOfGunFriendShip","DemoMod:DarkMarker","DemoMod:LifeOrb"],"picked":"SKIP","floor":48},{"not_picked":["DemoMod:AC15+1","DemoMod:JK47"],"picked":"DemoMod:Unmoved+1","floor":50}],"player_experience":49853,"relics_obtained":[{"floor":9,"key":"Torii"},{"floor":11,"key":"Vajra"},{"floor":12,"key":"Kunai"},{"floor":13,"key":"Toy Ornithopter"},{"floor":22,"key":"Letter Opener"},{"floor":25,"key":"Centennial Puzzle"},{"floor":27,"key":"Replay:WaspNest"},{"floor":28,"key":"DemoMod:BlueGuonStone"},{"floor":29,"key":"Garlic"},{"floor":43,"key":"Juzu Bracelet"},{"floor":45,"key":"DemoMod:ResourcefulSack"}],"event_choices":[{"damage_healed":0,"gold_gain":0,"player_choice":"Leave","damage_taken":0,"max_hp_gain":0,"max_hp_loss":0,"event_name":"FaceTrader","floor":3,"gold_loss":0}],"is_beta":false,"boss_relics":[{"not_picked":["Busted Crown","Ectoplasm"],"picked":"Philosopher\u0027s Stone"},{"not_picked":["Coffee Dripper","Replay:Drink Me"],"picked":"ChewingGum"}],"items_purged_floors":[],"is_endless":false,"potions_floor_spawned":[1,7,13,15,18,21,25,30,33,43,48],"ascension_level":0}}