{"host":"lvglfvqy3xrupc2a","time":1613777568,"event":{"mods":["Act Like it!","Aspiration","BaseMod","Better Altar","Better Match","Better Note","Better Sensory Stone","Better Skull","Better Third Choice","BetterRewards","Conspire","Friendly Minions","Gensokyo","Grow up Mod","Hubris","HumanHunterMod(????mod)","Humility","Infinite Spire","Lobotomy","LobotomyExtend","Mimic Mod","Minty Spire (QoL Compilation)","MostiFishMod","Remove Card Discount Mod","Replay The Spire","Reworked Bosses","Ruina","Spicy Shops","StSLib","The Blackbeard","The Blue Laboratory","Uncapped","[IsaacMod]????"],"gold_per_floor":[110,128,146,146,146,175,186,211,281,281,306,306,356,377,377,391,391,391],"floor_reached":16,"language":"ENG","playtime":670,"items_purged":[],"score":196,"play_id":"3cb62b55-c5da-4ee2-b0cf-0a9f2eacb5ac","local_time":"20210219173248","is_ascension_mode":true,"campfire_choices":[{"data":"blackbeard:InfiniteBarrage","floor":10,"key":"SMITH"},{"data":"blackbeard:Cutlass","floor":12,"key":"SMITH"},{"data":"blackbeard:GoldenDefense","floor":15,"key":"SMITH"}],"circlet_count":0,"master_deck":["BlueStar","LongBird","blackbeard:BlackbeardStrike","blackbeard:BlackbeardStrike","blackbeard:BlackbeardStrike","blackbeard:BlackbeardStrike","blackbeard:IntimidatingStrike","blackbeard:BlackbeardDefend","blackbeard:BlackbeardDefend","blackbeard:BlackbeardDefend","blackbeard:BlackbeardDefend","blackbeard:Cutlass+1","OSAHOGD","blackbeard:BeatUp","blackbeard:Fencing","blackbeard:Shrapnel","blackbeard:Sword","MHz","blackbeard:GoldenDefense+1","Wellcheers","blackbeard:InfiniteBarrage+1","blackbeard:CloakAndCannonball","WallGazer","blackbeard:PowderKeg"],"relics":["blackbeard:LoadTheCannons","HushsDoor","DaveBox","CogitoBucket","RabbitCall","SynthV:TestCard","LetterFromLob","DeadEye","RhineCircuit","Pear","Justitia_r","hubris:SphereOfDissonance","SoundOfStar_r","Happy Flower","infinitespire:Midas Blood","Heaven_r"],"acts_visited":["Exordium"],"potions_floor_usage":[8],"damage_taken":[{"damage":11,"enemies":"Small Slimes","floor":1,"turns":4},{"damage":0,"enemies":"Cultist","floor":2,"turns":2},{"damage":0,"enemies":"2 Louse","floor":3,"turns":2},{"damage":25,"enemies":"Gremlin Nob","floor":6,"turns":4},{"damage":3,"enemies":"Gremlin Gang","floor":7,"turns":3},{"damage":68,"enemies":"Lagavulin","floor":8,"turns":10},{"damage":42,"enemies":"Exordium Wildlife","floor":11,"turns":4},{"damage":25,"enemies":"Gremlin Nob","floor":13,"turns":2},{"damage":9,"enemies":"3 Louse","floor":14,"turns":3},{"damage":56,"enemies":"Hexaghost","floor":16,"turns":2}],"seed_played":"3019962235024051241","potions_obtained":[{"floor":1,"key":"Dexterity Potion"},{"floor":6,"key":"blueLaboratory:SavagePotion"},{"floor":7,"key":"blueLaboratory:PhilterOfMotion"},{"floor":14,"key":"blueLaboratory:Moonshine"}],"is_trial":false,"path_per_floor":["M","M","M","?","?","E","M","E","T","R","M","R","E","M","R","B"],"character_chosen":"BLACKBEARD_CLASS","items_purchased":[],"campfire_rested":0,"item_purchase_floors":[],"current_hp_per_floor":[77,87,97,117,127,112,119,61,71,81,49,59,44,45,55,0,0,0],"gold":391,"neow_bonus":"","is_daily":false,"chose_seed":false,"campfire_upgraded":3,"win_rate":0.0,"timestamp":1613777568,"path_taken":["M","M","M","?","?","E","M","E","T","R","M","R","E","?","R","BOSS"],"items_purchased_type":[],"build_version":"2020-12-22","purchased_purges":0,"victory":false,"max_hp_per_floor":[95,105,115,135,145,155,165,175,185,195,205,215,225,235,245,245,245,245],"card_choices":[{"not_picked":[],"picked":"Bomb","floor":0},{"not_picked":["Murderer","BeautyBeast","Woodsman"],"picked":"Singing Bowl","floor":1},{"not_picked":["VoidDream","CrumblingArmor"],"picked":"OSAHOGD","floor":1},{"not_picked":["blackbeard:BlindAttacks","blackbeard:GoldenDefense"],"picked":"blackbeard:BeatUp","floor":1},{"not_picked":["NakedNest","Funeral","Yin"],"picked":"Singing Bowl","floor":2},{"not_picked":["MeatLantern","CrumblingArmor"],"picked":"BlueStar","floor":2},{"not_picked":["blackbeard:SwordDance","blackbeard:BuriedTreasure","Bomb","blackbeard:Sharpening"],"picked":"blackbeard:Fencing","floor":2},{"not_picked":["OldLady","LittleHelper"],"picked":"LongBird","floor":3},{"not_picked":["blackbeard:RearmingStrike","blackbeard:Bandana","blackbeard:BrownPants","blackbeard:SwordDance"],"picked":"blackbeard:Shrapnel","floor":3},{"not_picked":["BeautyBeast","VoidDream","BigBadWolf"],"picked":"Singing Bowl","floor":6},{"not_picked":["blackbeard:Toast","blackbeard:WoodenLeg","blackbeard:ArmorUp","blackbeard:Provisioning"],"picked":"blackbeard:Sword","floor":6},{"not_picked":["Murderer","WhitesApple","Alriune"],"picked":"Singing Bowl","floor":7},{"not_picked":["BeautyBeast","BigBird"],"picked":"MHz","floor":7},{"not_picked":["blackbeard:DangerousBlow","blackbeard:GoldenGuillotine","blackbeard:PowderKeg","blackbeard:BlindAttacks"],"picked":"blackbeard:GoldenDefense","floor":7},{"not_picked":["CrumblingArmor","LittleHelper"],"picked":"Wellcheers","floor":8},{"not_picked":["blackbeard:Salvager","blackbeard:GoldenStrike","blackbeard:FieryDefense","blackbeard:Dagger"],"picked":"blackbeard:InfiniteBarrage","floor":8},{"not_picked":["Laetitia","Bloodbath","Woodsman"],"picked":"Singing Bowl","floor":11},{"not_picked":["CrumblingArmor","Woodsman"],"picked":"CherryBlossoms","floor":11},{"not_picked":["blackbeard:RearmingStrike","blackbeard:GoldenRain","blackbeard:Sword","blackbeard:BlindAttacks"],"picked":"blackbeard:CloakAndCannonball","floor":11},{"not_picked":["WhitesApple","SnowQueen"],"picked":"WallGazer","floor":14},{"not_picked":["blackbeard:DeadlyArsenal","blackbeard:GoldenStrike","Bomb","blackbeard:Sharpening"],"picked":"blackbeard:PowderKeg","floor":14}],"player_experience":1130371,"relics_obtained":[{"floor":1,"key":"SynthV:TestCard"},{"floor":1,"key":"LetterFromLob"},{"floor":6,"key":"hubris:SphereOfDissonance"},{"floor":8,"key":"Happy Flower"},{"floor":9,"key":"infinitespire:Midas Blood"}],"event_choices":[{"damage_healed":0,"gold_gain":0,"player_choice":"Gave Potion","damage_taken":0,"relics_obtained":["Pear"],"max_hp_gain":0,"max_hp_loss":0,"event_name":"WeMeetAgain","floor":4,"gold_loss":0},{"damage_healed":0,"gold_gain":0,"player_choice":"Leave","damage_taken":0,"max_hp_gain":0,"max_hp_loss":0,"event_name":"The Cleric","floor":5,"gold_loss":0}],"is_beta":false,"boss_relics":[],"items_purged_floors":[],"is_endless":false,"potions_floor_spawned":[1,6,7,13,14],"killed_by":"Hexaghost","ascension_level":6,"is_humility":true}}