{"host":"kxz5izodaorfb9am","time":1613738418,"event":{"mods":["BaseMod","GifTheSpireLib","Minty Spire (QoL Compilation)","Shop Mod","StSLib"],"gold_per_floor":[117,141,161,161,161,161,181,181,208,225,259,259,9,29,29,128,128,118,143,67,67,85,85,117,129,129,140,154,14,0,14,14,114,114,133,160,174,190,206,232,232,232,232,258,276,133,148,177,177,177,177,177,54,80,80,80],"floor_reached":55,"language":"ENG","playtime":3852,"items_purged":["Defend_R","Strike_R","Doubt"],"score":943,"play_id":"6c5cc07b-613b-4c0b-8f9b-59a6ce36d876","local_time":"20210219134018","is_ascension_mode":true,"campfire_choices":[{"data":"Armaments","floor":6.0,"key":"SMITH"},{"data":"Bash","floor":8.0,"key":"SMITH"},{"data":"Flame Barrier","floor":12.0,"key":"SMITH"},{"data":"Rage","floor":15.0,"key":"SMITH"},{"data":"Barricade","floor":23.0,"key":"SMITH"},{"floor":32,"key":"REST"},{"data":"Metallicize","floor":42,"key":"SMITH"},{"floor":49,"key":"RECALL"},{"floor":52,"key":"REST"}],"circlet_count":0,"master_deck":["Strike_R","Strike_R","Strike_R","Strike_R","Defend_R","Defend_R","Defend_R","Bash+1","Armaments+1","Seeing Red","Seeing Red","Flame Barrier+1","Twin Strike","Rage+1","Barricade+1","Flame Barrier","Metallicize+1","Metallicize+1","Juggernaut","Body Slam+1","Entrench","Battle Trance+1","Iron Wave+1","Shrug It Off","Ghostly Armor","Ghostly Armor+1","Offering"],"relics":["Runic Pyramid","Tiny Chest","MealTicket","Du-Vu Doll","Strange Spoon","Black Star","Happy Flower","Bag of Marbles","Art of War","CaptainsWheel","Bottled Tornado","Sozu","The Courier","Dream Catcher","Meat on the Bone","Oddly Smooth Stone","Bottled Lightning","Omamori","Ancient Tea Set","StoneCalendar","Sundial"],"acts_visited":["Exordium","TheCity","TheBeyond","TheEnding"],"potions_floor_usage":[33,40,55],"damage_taken":[{"damage":11.0,"enemies":"Cultist","floor":1.0,"turns":4.0},{"damage":0.0,"enemies":"Small Slimes","floor":3.0,"turns":3.0},{"damage":7.0,"enemies":"Jaw Worm","floor":7.0,"turns":2.0},{"damage":6.0,"enemies":"Looter","floor":10.0,"turns":2.0},{"damage":14.0,"enemies":"Lagavulin","floor":11.0,"turns":7.0},{"damage":3.0,"enemies":"Blue Slaver","floor":14.0,"turns":3.0},{"damage":45.0,"enemies":"Slime Boss","floor":16.0,"turns":15.0},{"damage":28.0,"enemies":"2 Thieves","floor":18.0,"turns":4.0},{"damage":14.0,"enemies":"3 Byrds","floor":22.0,"turns":4.0},{"damage":39.0,"enemies":"Book of Stabbing","floor":24.0,"turns":7.0},{"damage":0.0,"enemies":"Snake Plant","floor":25.0,"turns":5.0},{"damage":0.0,"enemies":"Snecko","floor":27.0,"turns":7.0},{"damage":0.0,"enemies":"Centurion and Healer","floor":28.0,"turns":7.0},{"damage":0,"enemies":"Snake Plant","floor":31,"turns":3},{"damage":4,"enemies":"Automaton","floor":33,"turns":6},{"damage":3,"enemies":"Orb Walker","floor":35,"turns":3},{"damage":13,"enemies":"3 Shapes","floor":37,"turns":4},{"damage":0,"enemies":"Sphere and 2 Shapes","floor":38,"turns":6},{"damage":10,"enemies":"4 Shapes","floor":39,"turns":6},{"damage":46,"enemies":"Nemesis","floor":40,"turns":7},{"damage":69,"enemies":"Reptomancer","floor":44,"turns":5},{"damage":3,"enemies":"Jaw Worm Horde","floor":45,"turns":6},{"damage":0,"enemies":"Sphere and 2 Shapes","floor":47,"turns":5},{"damage":11,"enemies":"Nemesis","floor":48,"turns":5},{"damage":18,"enemies":"Donu and Deca","floor":50,"turns":11},{"damage":8,"enemies":"Shield and Spear","floor":54,"turns":8},{"damage":81,"enemies":"The Heart","floor":55,"turns":12}],"seed_played":"4171876903160153971","potions_obtained":[{"floor":3.0,"key":"SkillPotion"},{"floor":7.0,"key":"Ancient Potion"},{"floor":10.0,"key":"Weak Potion"},{"floor":14.0,"key":"Energy Potion"},{"floor":22.0,"key":"BlessingOfTheForge"},{"floor":24.0,"key":"Block Potion"},{"floor":25.0,"key":"PowerPotion"},{"floor":33,"key":"ColorlessPotion"}],"is_trial":false,"path_per_floor":["M","T","M","?","?","R","M","R","T","M","E","R","$","M","R","B",null,"M","T","$","?","M","R","E","M","T","M","M","$","?","M","R","B",null,"M","T","M","M","M","E","?","R","T","E","M","$","M","E","R","B",null,"R","$","E","B"],"character_chosen":"IRONCLAD","items_purchased":["Strange Spoon","Twin Strike","Flame Barrier","Entrench","Shrug It Off","Offering"],"campfire_rested":2,"item_purchase_floors":[13,13,20,29,46,53],"current_hp_per_floor":[69,69,69,74,74,74,67,67,67,61,47,47,62,59,59,14,67,39,39,54,54,40,40,1,1,1,1,1,16,16,16,41,37,73,70,70,57,57,47,1,85,85,85,28,37,52,52,53,53,47,76,85,85,77,0,0],"gold":80,"neow_bonus":"BOSS_RELIC","is_daily":false,"chose_seed":false,"campfire_upgraded":6,"win_rate":0.0,"timestamp":1613738418,"path_taken":["M","?","M","?","?","R","?","R","T","M","E","R","$","M","R","BOSS","M","?","$","?","M","R","E","M","T","M","M","?","?","M","R","BOSS","M","?","M","M","M","E","?","R","T","E","M","$","M","E","R","BOSS","R","$","E","BOSS"],"items_purchased_type":["Relic","Card","Card","Card","Card","Card"],"build_version":"2020-12-22","purchased_purges":3,"victory":false,"max_hp_per_floor":[80,80,80,85,85,85,85,85,85,85,85,85,85,85,85,85,85,85,85,85,85,85,85,85,85,85,85,85,85,85,85,85,85,85,85,85,85,85,85,85,85,85,85,85,85,85,85,85,85,85,85,85,85,85,85,85],"card_choices":[{"not_picked":["Wild Strike","Dark Embrace"],"picked":"Armaments","floor":1.0},{"not_picked":["Flex","Infernal Blade"],"picked":"Seeing Red","floor":3.0},{"not_picked":["Armaments","Clothesline","Thunderclap"],"picked":"SKIP","floor":7.0},{"not_picked":["Anger","Headbutt"],"picked":"Seeing Red","floor":10.0},{"not_picked":["Intimidate","Dual Wield"],"picked":"Flame Barrier","floor":11.0},{"not_picked":["Body Slam","Rupture"],"picked":"Rage","floor":14.0},{"not_picked":["Juggernaut","Reaper"],"picked":"Barricade","floor":16.0},{"not_picked":["Sever Soul+1","Burning Pact+1","Headbutt+1"],"picked":"SKIP","floor":18.0},{"not_picked":["Reckless Charge","Havoc","Thunderclap"],"picked":"SKIP","floor":22.0},{"not_picked":["Body Slam","Spot Weakness"],"picked":"Metallicize","floor":24.0},{"not_picked":["Pummel","Body Slam"],"picked":"Metallicize+1","floor":25.0},{"not_picked":["Spot Weakness","Clothesline"],"picked":"Juggernaut","floor":27.0},{"not_picked":["Armaments+1","Flex"],"picked":"Body Slam+1","floor":28.0},{"not_picked":["Sentinel+1","True Grit","Clothesline+1"],"picked":"SKIP","floor":31},{"not_picked":["Headbutt","Cleave","Anger+1"],"picked":"SKIP","floor":35},{"not_picked":["Anger+1","Flex","Searing Blow"],"picked":"SKIP","floor":37},{"not_picked":["Anger+1","Havoc+1","Iron Wave+1"],"picked":"SKIP","floor":38},{"not_picked":["Clothesline","Rupture+1","Fiend Fire"],"picked":"SKIP","floor":39},{"not_picked":["Headbutt","Flex"],"picked":"Battle Trance+1","floor":40},{"not_picked":["Twin Strike+1","Battle Trance"],"picked":"Iron Wave+1","floor":44},{"not_picked":["Thunderclap","Iron Wave","Demon Form"],"picked":"SKIP","floor":45},{"not_picked":["Havoc+1","True Grit"],"picked":"Ghostly Armor","floor":47},{"not_picked":["Battle Trance","Iron Wave"],"picked":"Ghostly Armor+1","floor":48},{"not_picked":["Anger+1","Immolate","Sever Soul"],"picked":"SKIP","floor":54}],"player_experience":346829,"relics_obtained":[{"floor":2.0,"key":"Tiny Chest"},{"floor":9.0,"key":"MealTicket"},{"floor":11.0,"key":"Du-Vu Doll"},{"floor":19.0,"key":"Happy Flower"},{"floor":24.0,"key":"Art of War"},{"floor":24.0,"key":"CaptainsWheel"},{"floor":26.0,"key":"Bottled Tornado"},{"floor":40,"key":"The Courier"},{"floor":40,"key":"Dream Catcher"},{"floor":43,"key":"Meat on the Bone"},{"floor":44,"key":"Oddly Smooth Stone"},{"floor":44,"key":"Bottled Lightning"},{"floor":48,"key":"Omamori"},{"floor":48,"key":"Ancient Tea Set"},{"floor":54,"key":"StoneCalendar"},{"floor":54,"key":"Sundial"}],"event_choices":[{"damage_healed":0.0,"max_hp_gain":5.0,"max_hp_loss":0.0,"gold_gain":0.0,"event_name":"Big Fish","player_choice":"Donut","floor":4.0,"gold_loss":0.0,"damage_taken":0.0},{"damage_healed":0.0,"max_hp_gain":0.0,"max_hp_loss":0.0,"gold_gain":0.0,"event_name":"Liars Game","player_choice":"Ignored","floor":5.0,"gold_loss":0.0,"damage_taken":0.0},{"damage_healed":0.0,"max_hp_gain":0.0,"max_hp_loss":0.0,"gold_gain":0.0,"event_name":"The Mausoleum","player_choice":"Opened","floor":21.0,"gold_loss":0.0,"damage_taken":0.0,"relics_obtained":["Bag of Marbles"]},{"damage_healed":0,"gold_gain":0,"player_choice":"Paid Fearfully","damage_taken":0,"max_hp_gain":0,"max_hp_loss":0,"event_name":"Masked Bandits","floor":30,"gold_loss":14},{"damage_healed":84,"gold_gain":0,"player_choice":"Heal","damage_taken":0,"max_hp_gain":0,"max_hp_loss":0,"event_name":"MindBloom","floor":41,"gold_loss":0,"cards_obtained":["Doubt"]}],"is_beta":false,"boss_relics":[{"not_picked":["Tiny House","Coffee Dripper"],"picked":"Black Star"},{"not_picked":["Calling Bell","SlaversCollar"],"picked":"Sozu"}],"items_purged_floors":[13,29,46],"is_endless":false,"potions_floor_spawned":[3,7,10,14,22,24,25,33,39,40,45,48,54],"killed_by":"The Heart","ascension_level":5}}