{"host":"ujyomg7d1f18u2we","time":1613768114,"event":{"mods":["AchievementEnabler","AlwaysNeverKeys","Aspiration","BaseMod","Colored Map","DeckTracker","Gremlin Skip","Highlight Path","Hubris","Minty Spire (QoL Compilation)","Quick Restart","Random Character Button","StSLib"],"gold_per_floor":[111,128,203,203,216,216,250,267,291,291,325,345,219,219,219,318,318,328,227,241,261,261,261,273,273,341,358,308,113,127,147,147,242,242,256,274,19,19,36,68,68,68,145,159,159,172,63,78,78,78],"floor_reached":51,"language":"ENG","playtime":1688,"items_purged":["Defend_R","Defend_R"],"score":691,"play_id":"2356d4cc-5ccd-4925-931c-a1e10c2ed31f","local_time":"20210219175514","is_ascension_mode":false,"campfire_choices":[{"data":"Armaments","floor":6,"key":"SMITH"},{"data":"Barricade","floor":15,"key":"SMITH"},{"floor":23,"key":"REST"},{"floor":32,"key":"REST"},{"floor":41,"key":"REST"},{"data":"Metallicize","floor":45,"key":"SMITH"},{"floor":49,"key":"REST"}],"circlet_count":0,"master_deck":["Strike_R+1","Strike_R","Strike_R+1","Strike_R","Strike_R","Defend_R","Defend_R","Bash+1","Shrug It Off","Twin Strike","Armaments+1","Barricade+1","Feed","Shrug It Off","Metallicize+1","Seeing Red+1","Flame Barrier","Demon Form","Body Slam+1","Metallicize+1","Writhe","Parasite","Limit Break","Sentinel+1"],"relics":["Burning Blood","Ornamental Fan","Matryoshka","Bag of Marbles","Pen Nib","hubris:ChampionShield","SlaversCollar","Bag of Preparation","Sundial","Whetstone","hubris:TerracottaHorce","Membership Card","Mummified Hand","Question Card"],"acts_visited":["Exordium","TheCity","TheBeyond"],"potions_floor_usage":[7,16,16,20,21,30,33,33,33,50,50,50],"damage_taken":[{"damage":7,"enemies":"Small Slimes","floor":1,"turns":3},{"damage":8,"enemies":"Jaw Worm","floor":2,"turns":5},{"damage":0,"enemies":"2 Louse","floor":5,"turns":3},{"damage":9,"enemies":"3 Sentries","floor":7,"turns":7},{"damage":2,"enemies":"Blue Slaver","floor":8,"turns":4},{"damage":3,"enemies":"Gremlin Nob","floor":11,"turns":3},{"damage":11,"enemies":"Large Slime","floor":12,"turns":4},{"damage":13,"enemies":"Slime Boss","floor":16,"turns":21},{"damage":48,"enemies":"Shell Parasite","floor":18,"turns":10},{"damage":23,"enemies":"3 Byrds","floor":20,"turns":7},{"damage":4,"enemies":"Centurion and Healer","floor":21,"turns":11},{"damage":30,"enemies":"Snake Plant","floor":24,"turns":7},{"damage":10,"enemies":"Chosen and Byrds","floor":27,"turns":9},{"damage":4,"enemies":"Sentry and Sphere","floor":30,"turns":11},{"damage":3,"enemies":"Centurion and Healer","floor":31,"turns":9},{"damage":29,"enemies":"Collector","floor":33,"turns":10},{"damage":26,"enemies":"Orb Walker","floor":35,"turns":6},{"damage":49,"enemies":"3 Shapes","floor":36,"turns":5},{"damage":11,"enemies":"3 Darklings","floor":39,"turns":11},{"damage":51,"enemies":"Reptomancer","floor":40,"turns":10},{"damage":4,"enemies":"Writhing Mass","floor":44,"turns":7},{"damage":17,"enemies":"4 Shapes","floor":46,"turns":8},{"damage":22,"enemies":"Jaw Worm Horde","floor":48,"turns":7},{"damage":60,"enemies":"Donu and Deca","floor":50,"turns":8}],"seed_played":"-1506418816348914019","potions_obtained":[{"floor":1,"key":"ColorlessPotion"},{"floor":11,"key":"PowerPotion"},{"floor":12,"key":"FearPotion"},{"floor":18,"key":"ColorlessPotion"},{"floor":20,"key":"Fire Potion"},{"floor":27,"key":"SteroidPotion"},{"floor":30,"key":"FearPotion"}],"is_trial":false,"path_per_floor":["M","M","?","T","M","R","E","M","T","?","E","M","$","?","R","B",null,"M","$","M","M","?","R","M","?","T","M","?","$","M","M","R","B",null,"M","M","$","?","M","E","R","?","T","M","R","M","$","M","R","B",null],"character_chosen":"IRONCLAD","items_purchased":["Dexterity Potion","Shrug It Off","Metallicize","Whetstone","BlessingOfTheForge","Membership Card","Ancient Potion","Strength Potion","DuplicationPotion","Limit Break"],"campfire_rested":4,"item_purchase_floors":[13,19,19,29,29,37,37,37,47,47],"current_hp_per_floor":[79,77,77,77,80,80,77,80,80,80,80,75,75,75,75,68,80,41,41,28,33,33,60,40,49,49,45,45,45,50,53,82,59,88,68,25,25,85,80,35,60,81,81,83,83,75,75,59,85,34],"gold":78,"neow_bonus":"UPGRADE_CARD","is_daily":false,"chose_seed":false,"campfire_upgraded":3,"win_rate":0.0,"timestamp":1613768114,"path_taken":["M","M","?","?","M","R","E","M","T","?","E","?","$","?","R","BOSS","M","$","M","M","?","R","M","?","T","?","?","$","M","M","R","BOSS","M","M","$","?","M","E","R","?","T","M","R","M","?","?","R","BOSS"],"items_purchased_type":["Potion","Card","Card","Relic","Potion","Relic","Potion","Potion","Potion","Card"],"build_version":"2020-12-22","purchased_purges":2,"victory":true,"max_hp_per_floor":[80,80,80,80,80,80,80,80,80,80,80,80,80,80,80,80,80,83,83,87,90,90,90,94,94,94,94,94,94,97,97,97,97,97,97,97,97,85,85,85,85,85,85,85,85,88,88,88,88,91],"card_choices":[{"not_picked":["Headbutt","Iron Wave"],"picked":"Shrug It Off","floor":1},{"not_picked":["Sever Soul","Clothesline"],"picked":"Twin Strike","floor":2},{"not_picked":["Wild Strike","Feel No Pain"],"picked":"Armaments","floor":5},{"not_picked":["Rupture","hubris:CleavingFinish","Second Wind"],"picked":"SKIP","floor":7},{"not_picked":["Bloodletting","Wild Strike"],"picked":"Barricade","floor":8},{"not_picked":["Searing Blow","Anger","Clothesline"],"picked":"SKIP","floor":11},{"not_picked":["Anger","hubris:ReadiedAction","Wild Strike"],"picked":"SKIP","floor":12},{"not_picked":["Limit Break","Double Tap"],"picked":"Feed","floor":16},{"not_picked":["Armaments","Twin Strike","Iron Wave+1"],"picked":"SKIP","floor":18},{"not_picked":["Anger","Cleave","Shrug It Off"],"picked":"SKIP","floor":20},{"not_picked":["Heavy Blade+1","Sever Soul","Evolve"],"picked":"SKIP","floor":21},{"not_picked":["Clash","Anger+1","Evolve"],"picked":"SKIP","floor":24},{"not_picked":["Dropkick","Havoc"],"picked":"Seeing Red+1","floor":27},{"not_picked":["Thunderclap","Clothesline"],"picked":"Flame Barrier","floor":30},{"not_picked":["Anger","Wild Strike+1"],"picked":"Demon Form","floor":31},{"not_picked":["Havoc","hubris:SharpeningStone"],"picked":"Body Slam+1","floor":35},{"not_picked":["Headbutt+1","Dropkick+1"],"picked":"Metallicize+1","floor":36},{"not_picked":["Clash+1","Headbutt","Inflame"],"picked":"SKIP","floor":39},{"not_picked":["Cleave+1","Iron Wave+1","Evolve"],"picked":"SKIP","floor":40},{"not_picked":["hubris:ReadiedAction+1","Clothesline","Havoc+1","Fire Breathing"],"picked":"SKIP","floor":44},{"not_picked":["Carnage+1","Seeing Red+1","Anger+1","Dual Wield+1"],"picked":"SKIP","floor":46},{"not_picked":["Sever Soul+1","hubris:ReadiedAction+1","Uppercut+1"],"picked":"Sentinel+1","floor":48}],"player_experience":1587493,"relics_obtained":[{"floor":4,"key":"Ornamental Fan"},{"floor":7,"key":"Matryoshka"},{"floor":9,"key":"Bag of Marbles"},{"floor":9,"key":"Pen Nib"},{"floor":11,"key":"hubris:ChampionShield"},{"floor":26,"key":"Bag of Preparation"},{"floor":26,"key":"Sundial"},{"floor":40,"key":"Mummified Hand"},{"floor":43,"key":"Question Card"}],"event_choices":[{"damage_healed":0,"gold_gain":75,"player_choice":"Gained Gold","damage_taken":0,"max_hp_gain":0,"max_hp_loss":0,"event_name":"Golden Wing","floor":3,"gold_loss":0},{"damage_healed":0,"gold_gain":0,"player_choice":"Ignored","damage_taken":0,"max_hp_gain":0,"max_hp_loss":0,"event_name":"Shining Light","floor":10,"gold_loss":0},{"damage_healed":0,"gold_gain":0,"player_choice":"Ignored","damage_taken":0,"max_hp_gain":0,"max_hp_loss":0,"event_name":"Beggar","floor":22,"gold_loss":0},{"damage_healed":0,"gold_gain":0,"player_choice":"Bet on Owner","damage_taken":0,"max_hp_gain":0,"max_hp_loss":0,"event_name":"The Joust","floor":28,"gold_loss":50},{"damage_healed":85,"gold_gain":0,"player_choice":"Heal","damage_taken":0,"max_hp_gain":0,"max_hp_loss":12,"event_name":"The Moai Head","floor":38,"gold_loss":0},{"damage_healed":21,"gold_gain":0,"player_choice":"Writhe","damage_taken":0,"max_hp_gain":0,"max_hp_loss":0,"event_name":"Winding Halls","floor":42,"gold_loss":0,"cards_obtained":["Writhe"]}],"is_beta":false,"boss_relics":[{"not_picked":["Empty Cage","Velvet Choker"],"picked":"SlaversCollar"},{"not_picked":["aspiration:SecretTechniqueScroll","Runic Dome"],"picked":"hubris:TerracottaHorce"}],"items_purged_floors":[13,37],"is_endless":false,"potions_floor_spawned":[1,11,12,18,20,27,30,39,48],"ascension_level":0}}