{"host":"7kbs9tkabmhxmc03","time":1613694128,"event":{"mods":["A Magickal Journey","Bartender","BaseMod","BetterRewards","CatGirl Mod","Conspire","Friendly Minions","GifTheSpireLib","Hermit","Hubris","Jedi Mod","Koishi","LagranYue(???·?)","Marisa????????","Minty Spire (QoL Compilation)","Prisma Mod","Railgun Mod","Remilia??????","Replay The Spire","Shapeshifter Mod","StSLib","Td1madao Mod","The Animator","The Blackbeard","The Bladedancer","The Bug Knight","The Construct","The Cursed","The Death Knight","The Disciple","The Dragon Tamer","The Druid","The Gatherer","The Hierophant","The Marked","The Mystic","The Necromancer","The Poker Player","The Runesmith","The Senshi","The Servant 0.9.4","The Vixen","TheBandit","TheFirefly","TheSwordswoman","Waifu the Spire","Yuri Mod"],"gold_per_floor":[109,122,51,71,81,81,95,95,95,105,105,335,346,346,376,476,476,491,491,528,628,644,644,644,644,644,644,644],"floor_reached":27,"language":"ENG","playtime":13175,"items_purged":[],"score":228,"play_id":"3a2e1e38-3b05-4d23-88fd-bd50ab374dba","local_time":"20210219012208","is_ascension_mode":false,"campfire_choices":[{"floor":6,"key":"REST"},{"floor":8,"key":"RECALL"},{"floor":11,"key":"REST"},{"floor":23,"key":"REST"},{"data":"PrismaMod:IllyaUberAttackChannel","floor":25,"key":"SMITH"}],"circlet_count":0,"master_deck":["PrismaMod:IllyaCommonAttack+1","PrismaMod:IllyaCommonDefend","PrismaMod:IllyaCommonAttack+1","PrismaMod:IllyaCommonDefend","PrismaMod:IllyaCommonAttack+1","PrismaMod:IllyaCommonDefend","PrismaMod:IllyaCommonAttack+1","PrismaMod:IllyaCommonDefend","PrismaMod:IllyaCommonAttack+1","PrismaMod:IllyaCommonDefend","PrismaMod:IllyaUncommonAttack","PrismaMod:IllyaUncommonDefend","PrismaMod:IllyaCommonEvoke","PrismaMod:IllyaCommonEvoke","PrismaMod:IllyaCheapChannelPoison","PrismaMod:IllyaRubysPotion","PrismaMod:IllyaStunPoison","PrismaMod:IllyaUberAttackChannel+1","PrismaMod:IllyaCommandSeal","PrismaMod:IllyaFriendMaker+1","PrismaMod:IllyaDevil+1","PrismaMod:IllyaUncommonDefend","PrismaMod:IllyaInstallSaber","ReplayTheSpireMod:Private Reserves","PrismaMod:IllyaSaphire","Regret","PrismaMod:IllyaInstallRider","PrismaMod:IllyaDualEvoke+1","hubris:DuctTapeCard","PrismaMod:IllyaMaid","PrismaMod:IllyaPoisonBomb+1","RitualDagger+1"],"relics":["PrismaMod:PrismaRuby","LagranYue:RandomDrawCardRelic","Molten Egg 2","hubris:NiceRug","LagranYue:GuidanceLightRelic","Snack Pack","hubris:EmptyBottle","Replay:Bottled Eggs","Velvet Choker","hubris:DuctTape"],"acts_visited":["Exordium","TheCity"],"potions_floor_usage":[12,12,13,13,16,16,16],"damage_taken":[{"damage":0,"enemies":"Cultist","floor":1,"turns":4},{"damage":1,"enemies":"2 Louse","floor":2,"turns":3},{"damage":8,"enemies":"conspire:RoseBush","floor":4,"turns":2},{"damage":34,"enemies":"Gremlin Gang","floor":5,"turns":6},{"damage":22,"enemies":"conspire:2 RoseBushes","floor":7,"turns":6},{"damage":37,"enemies":"Exordium Thugs","floor":10,"turns":6},{"damage":317,"enemies":"hubris:Merchant","floor":12,"turns":14},{"damage":45,"enemies":"Lots of Slimes","floor":13,"turns":6},{"damage":37,"enemies":"Hexaghost","floor":16,"turns":10},{"damage":10,"enemies":"Shell Parasite","floor":18,"turns":4},{"damage":51,"enemies":"conspire:MimicChest","floor":20,"turns":8},{"damage":17,"enemies":"conspire:FuzzyDice","floor":22,"turns":7},{"damage":61,"enemies":"Gremlin Leader","floor":27,"turns":7}],"seed_played":"8713968831466491784","potions_obtained":[{"floor":4,"key":"LiquidBronze"},{"floor":5,"key":"Regen Potion"},{"floor":12,"key":"jedi:StrikingPotion"},{"floor":12,"key":"Fruit Juice"},{"floor":12,"key":"GamblersBrew"},{"floor":13,"key":"LifebloodPotion"},{"floor":16,"key":"Weak Potion"},{"floor":20,"key":"Strength Potion"}],"is_trial":false,"path_per_floor":["M","M","$","M","M","R","M","R","T","M","R","$","M","?","R","B",null,"M","$","?","?","M","R","?","R","T","E"],"character_chosen":"ILLYA","items_purchased":["PrismaMod:IllyaCommonEvoke","PrismaMod:IllyaPoisonTippedWeapons","PrismaMod:IllyaCommandSeal"],"campfire_rested":3,"item_purchase_floors":[3,3,12],"current_hp_per_floor":[82,81,81,73,39,63,46,46,46,14,38,64,38,38,38,7,92,86,86,38,38,29,56,50,50,50,0,0],"gold":644,"neow_bonus":"TEN_PERCENT_HP_BONUS","is_daily":false,"chose_seed":false,"campfire_upgraded":1,"win_rate":0.0,"timestamp":1613694128,"path_taken":["M","?","$","M","M","R","M","R","T","M","R","$","M","?","R","BOSS","M","$","?","?","?","R","?","R","T","E"],"items_purchased_type":["Card","Card","Card"],"build_version":"2020-12-22","purchased_purges":0,"victory":false,"max_hp_per_floor":[82,82,82,82,82,82,82,82,82,82,82,82,92,92,92,92,92,92,92,92,92,92,92,92,92,92,92,92],"card_choices":[{"not_picked":["PrismaMod:IllyaBlindPoisonToss","PrismaMod:IllyaUpgradeOrbs"],"picked":"PrismaMod:IllyaCommonEvoke","floor":1},{"not_picked":["PrismaMod:IllyaStunPoison","PrismaMod:IllyaRapidFire"],"picked":"PrismaMod:IllyaPartialInstallAssassin","floor":2},{"not_picked":["PrismaMod:IllyaMaid","PrismaMod:IllyaCheapChannelAttack"],"picked":"PrismaMod:IllyaCheapChannelPoison","floor":4},{"not_picked":["PrismaMod:IllyaBlindPoisonToss","PrismaMod:IllyaUberPoisonBlock"],"picked":"PrismaMod:IllyaRubysPotion","floor":5},{"not_picked":["PrismaMod:IllyaGun","PrismaMod:IllyaFeed"],"picked":"PrismaMod:IllyaStunPoison","floor":7},{"not_picked":["PrismaMod:IllyaGun+1","PrismaMod:IllyaStunPoison+1"],"picked":"PrismaMod:IllyaUberAttackChannel","floor":10},{"not_picked":[],"picked":"PrismaMod:IllyaFriendMaker+1","floor":12},{"not_picked":[],"picked":"PrismaMod:IllyaDevil+1","floor":12},{"not_picked":[],"picked":"PrismaMod:IllyaUncommonDefend","floor":12},{"not_picked":[],"picked":"PrismaMod:IllyaInstallSaber","floor":12},{"not_picked":[],"picked":"ReplayTheSpireMod:Private Reserves","floor":12},{"not_picked":["jedi:RedIncense"],"picked":"SKIP","floor":12},{"not_picked":["PrismaMod:IllyaInstallForeigner","PrismaMod:IllyaUberPoisonBlock"],"picked":"PrismaMod:IllyaSaphire","floor":13},{"not_picked":["PrismaMod:IllyaInstallAvenger","PrismaMod:IllyaUberAttackChannel"],"picked":"PrismaMod:IllyaInstallRider","floor":16},{"not_picked":["PrismaMod:IllyaCommonEvoke+1","PrismaMod:IllyaGrailKun"],"picked":"PrismaMod:IllyaDualEvoke+1","floor":18},{"not_picked":["PrismaMod:IllyaBlindPoisonToss+1","PrismaMod:IllyaCommonEvoke+1"],"picked":"PrismaMod:IllyaMaid","floor":20},{"not_picked":["PrismaMod:IllyaBoysLove","PrismaMod:IllyaRubysPotion"],"picked":"PrismaMod:IllyaPoisonBomb+1","floor":22}],"player_experience":19807,"relics_obtained":[{"floor":9,"key":"Molten Egg 2"},{"floor":12,"key":"LagranYue:GuidanceLightRelic"},{"floor":12,"key":"Snack Pack"},{"floor":12,"key":"hubris:EmptyBottle"},{"floor":20,"key":"hubris:DuctTape"}],"event_choices":[{"damage_healed":0,"gold_gain":0,"player_choice":"Box","damage_taken":0,"relics_obtained":["Replay:Bottled Eggs"],"max_hp_gain":0,"max_hp_loss":0,"event_name":"Big Fish","floor":14,"gold_loss":0,"cards_obtained":["Regret"]},{"damage_healed":0,"gold_gain":30,"player_choice":"Searched \u00272\u0027 times","damage_taken":0,"max_hp_gain":0,"max_hp_loss":0,"event_name":"Dead Adventurer","floor":15,"gold_loss":0},{"damage_healed":0,"gold_gain":100,"player_choice":"Pray","damage_taken":0,"max_hp_gain":0,"max_hp_loss":0,"event_name":"Golden Shrine","floor":21,"gold_loss":0},{"damage_healed":0,"gold_gain":0,"player_choice":"Joined the Cult","damage_taken":6,"max_hp_gain":0,"max_hp_loss":0,"event_name":"Nest","floor":24,"gold_loss":0,"cards_obtained":["RitualDagger"]}],"is_beta":false,"boss_relics":[{"not_picked":["hubris:ScarierMask","Black Star"],"picked":"Velvet Choker"}],"items_purged_floors":[],"is_endless":false,"potions_floor_spawned":[4,5,13,16,20],"killed_by":"Gremlin Leader","ascension_level":0}}