{"host":"hnflc3t7qut4yf6t","time":1613773881,"event":{"mods":["BaseMod","Minty Spire (QoL Compilation)","Random Character Button","Relic Stats","Slay-I"],"gold_per_floor":[109,120,137,157,171,171,171,171,471,485,485,502,502,520,520,520,520],"floor_reached":16,"language":"ENG","playtime":726,"items_purged":[],"score":96,"play_id":"80098458-543d-4997-8cca-c67e3dc7487d","local_time":"20210219233121","is_ascension_mode":false,"campfire_choices":[{"data":"Survivor","floor":6,"key":"SMITH"},{"data":"Defend_G","floor":8,"key":"SMITH"},{"data":"Defend_G","floor":11,"key":"SMITH"},{"data":"All Out Attack","floor":15,"key":"SMITH"}],"circlet_count":0,"master_deck":["Strike_G","Strike_G","Strike_G","Strike_G","Defend_G+1","Defend_G","Defend_G+1","Defend_G","Defend_G","Survivor+1","Neutralize","Sucker Punch","All Out Attack+1","Backflip","Backflip"],"relics":["Ring of the Snake","NeowsBlessing","Old Coin","Torii"],"acts_visited":["Exordium"],"potions_floor_usage":[16],"damage_taken":[{"damage":0,"enemies":"Jaw Worm","floor":1,"turns":1},{"damage":0,"enemies":"Cultist","floor":2,"turns":1},{"damage":0,"enemies":"Small Slimes","floor":3,"turns":1},{"damage":2,"enemies":"3 Louse","floor":4,"turns":6},{"damage":0,"enemies":"2 Fungi Beasts","floor":5,"turns":5},{"damage":2,"enemies":"Exordium Wildlife","floor":10,"turns":10},{"damage":5,"enemies":"Gremlin Gang","floor":12,"turns":4},{"damage":0,"enemies":"Large Slime","floor":14,"turns":6},{"damage":63,"enemies":"Hexaghost","floor":16,"turns":16}],"seed_played":"-7531215085211738345","potions_obtained":[{"floor":4,"key":"ColorlessPotion"},{"floor":5,"key":"Regen Potion"},{"floor":10,"key":"BlessingOfTheForge"},{"floor":14,"key":"LiquidMemories"}],"is_trial":false,"path_per_floor":["M","M","M","M","M","R","?","R","T","M","R","M","T","M","R","B"],"character_chosen":"THE_SILENT","items_purchased":[],"campfire_rested":0,"item_purchase_floors":[],"current_hp_per_floor":[70,70,70,68,68,68,68,68,68,66,66,61,61,61,61,0,0],"gold":520,"neow_bonus":"THREE_ENEMY_KILL","is_daily":false,"chose_seed":false,"campfire_upgraded":4,"win_rate":0.0,"timestamp":1613773881,"path_taken":["M","M","M","M","M","R","?","R","T","M","R","?","?","M","R","BOSS"],"items_purchased_type":[],"build_version":"2020-12-22","purchased_purges":0,"victory":false,"max_hp_per_floor":[70,70,70,70,70,70,70,70,70,70,70,70,70,70,70,70,70],"relic_stats":{"Torii":35,"counters":[9,50],"obtain_stats":[{"NeowsBlessing":0,"Torii":13,"Ring of the Snake":0,"Old Coin":9},{"NeowsBlessing":0,"Torii":7,"Ring of the Snake":0,"Old Coin":5},{"NeowsBlessing":0,"Torii":28,"Ring of the Snake":0,"Old Coin":14}],"Ring of the Snake":[18]},"card_choices":[{"not_picked":["Blade Dance","Deflect","Acrobatics"],"picked":"SKIP","floor":1},{"not_picked":["Dagger Spray","Underhanded Strike","Backstab"],"picked":"SKIP","floor":2},{"not_picked":["Blade Dance","Quick Slash"],"picked":"Sucker Punch","floor":3},{"not_picked":["Escape Plan","Skewer","Bouncing Flask"],"picked":"SKIP","floor":4},{"not_picked":["Well Laid Plans","Bullet Time","Endless Agony"],"picked":"SKIP","floor":5},{"not_picked":["Caltrops","Blade Dance"],"picked":"All Out Attack","floor":10},{"not_picked":["Dash","Poisoned Stab"],"picked":"Backflip","floor":12},{"not_picked":["Bullet Time","Infinite Blades"],"picked":"Backflip","floor":14}],"player_experience":2171,"relics_obtained":[{"floor":9,"key":"Old Coin"},{"floor":13,"key":"Torii"}],"event_choices":[{"cards_removed":["Strike_G"],"damage_healed":0,"gold_gain":0,"player_choice":"Offered Basic","damage_taken":0,"max_hp_gain":0,"max_hp_loss":0,"event_name":"Bonfire Elementals","floor":7,"gold_loss":0}],"is_beta":false,"boss_relics":[],"items_purged_floors":[],"is_endless":false,"potions_floor_spawned":[4,5,10,14],"killed_by":"Hexaghost","ascension_level":0}}