{"host":"lxihx0b6awoz2w1j","time":1613768098,"event":{"mods":["BaseMod","Better Third Choice","BetterRewards","CapriCore","Colored Powertips","Conspire","Downfall","Fox Events","Hubris","Infinite Spire","Melee Mod","Minty Spire (QoL Compilation)","Permanent Neow","Quick Restart","Relic Stats","Reliquary","Replay The Spire","Spicy Shops","StSLib","The Alterego","The Blue Laboratory","The Death Knight","The Forsaken","The Jungle","Waifu the Spire"],"gold_per_floor":[14,14,28,28,128,143,158,193,193,193,211,211,245,262,262,357,357,371,490,490,490,509,509,538,538],"floor_reached":24,"language":"ENG","playtime":1159,"items_purged":[],"score":239,"play_id":"2c6317cf-f555-4e58-96a0-122f700af5d5","local_time":"20210219215458","is_ascension_mode":true,"campfire_choices":[{"floor":10.0,"key":"REST"},{"floor":12.0,"key":"REST"},{"floor":15.0,"key":"REST"},{"floor":23,"key":"REST"}],"circlet_count":0,"master_deck":["DeathKnight:Strike_DeathKnight","DeathKnight:Strike_DeathKnight","DeathKnight:Strike_DeathKnight","DeathKnight:Strike_DeathKnight","DeathKnight:Strike_DeathKnight","DeathKnight:Defend_DeathKnight","DeathKnight:Defend_DeathKnight","DeathKnight:Defend_DeathKnight","DeathKnight:Defend_DeathKnight","DeathKnight:Defend_DeathKnight","DeathKnight:RuneTap","DeathKnight:RuneStrike","DeathKnight:GargoyleSkin+1","DeathKnight:DancingRuneblade","DeathKnight:DeathCoil","Swift Strike","DeathKnight:FrostStrike","DeathKnight:HartStrike","DeathKnight:Culling","DeathKnight:FrosPresence","DeathKnight:BludPresence","DeathKnight:IcyTouch","DeathKnight:DreadStrike","DeathKnight:SindragosasBreath","DeathKnight:VampiricBlood","DeathKnight:DarkSuccor","DeathKnight:MindFreeze","DeathKnight:IcyTouch+1"],"relics":["DeathKnight:BrokenRuneblade","Shovel","Strange Spoon","hubris:Icosahedron","reliquary:BallBearing","reliquary:RoseTintedGlasses","conspire:DeflatedDodgeball","hubris:ToyBattleship","infinitespire:Cupcake","infinitespire:Beetle Shell"],"acts_visited":["Exordium","TheCity"],"potions_floor_usage":[19],"damage_taken":[{"damage":11.0,"enemies":"Jaw Worm","floor":1.0,"turns":3.0},{"damage":2.0,"enemies":"2 Louse","floor":3.0,"turns":2.0},{"damage":0.0,"enemies":"Cultist","floor":6.0,"turns":3.0},{"damage":18.0,"enemies":"Large Slime","floor":7.0,"turns":5.0},{"damage":21.0,"enemies":"Gremlin Nob","floor":8.0,"turns":4.0},{"damage":9.0,"enemies":"Blue Slaver","floor":11.0,"turns":4.0},{"damage":17.0,"enemies":"3 Sentries","floor":13.0,"turns":8.0},{"damage":8.0,"enemies":"Lots of Slimes","floor":14.0,"turns":3.0},{"damage":22.0,"enemies":"Slime Boss","floor":16.0,"turns":9.0},{"damage":14.0,"enemies":"3 Byrds","floor":18.0,"turns":6.0},{"damage":8,"enemies":"conspire:FuzzyDice","floor":19,"turns":8},{"damage":20,"enemies":"Cultist and Chosen","floor":22,"turns":6},{"damage":49,"enemies":"Book of Stabbing","floor":24,"turns":8}],"seed_played":"3173974251662673079","potions_obtained":[{"floor":1.0,"key":"Energy Potion"},{"floor":6.0,"key":"blueLaboratory:BottledHope"},{"floor":14.0,"key":"blueLaboratory:BottleOfRum"},{"floor":19,"key":"Fire Potion"}],"is_trial":false,"path_per_floor":["M","?","M","T","?","M","M","E","T","R","M","R","E","M","R","B",null,"M","M","?","?","M","R","E"],"character_chosen":"DEATH_KNIGHT","items_purchased":["DeathKnight:GargoyleSkin+1","Shovel","DeathKnight:DancingRuneblade","Strange Spoon","DeathKnight:DeathCoil"],"campfire_rested":4,"item_purchase_floors":[0,0,0,0,0],"current_hp_per_floor":[56,56,54,54,54,54,36,15,15,37,28,50,33,25,47,25,75,61,53,53,53,33,55,6,6],"gold":538,"neow_bonus":"","is_daily":false,"chose_seed":false,"campfire_upgraded":0,"win_rate":0.0,"timestamp":1613768098,"path_taken":["M","?","M","?","?","M","M","E","T","R","?","R","E","M","R","BOSS","M","M","?","?","M","R","E"],"items_purchased_type":["Card","Relic","Card","Relic","Card"],"build_version":"2020-12-22","purchased_purges":0,"victory":false,"max_hp_per_floor":[75,75,75,75,75,75,75,75,75,75,75,75,75,75,75,75,75,75,75,75,75,75,75,75,75],"relic_stats":{"Strange Spoon":[3],"Shovel":0,"counters":[13,69],"obtain_stats":[{"Strange Spoon":0,"Shovel":0,"hubris:Icosahedron":2,"reliquary:BallBearing":4,"reliquary:RoseTintedGlasses":8,"infinitespire:Beetle Shell":24,"hubris:ToyBattleship":13,"conspire:DeflatedDodgeball":9,"DeathKnight:BrokenRuneblade":0,"infinitespire:Cupcake":17},{"Strange Spoon":0,"Shovel":0,"hubris:Icosahedron":1,"reliquary:BallBearing":2,"reliquary:RoseTintedGlasses":5,"infinitespire:Beetle Shell":13,"hubris:ToyBattleship":7,"conspire:DeflatedDodgeball":5,"DeathKnight:BrokenRuneblade":0,"infinitespire:Cupcake":9},{"Strange Spoon":0,"Shovel":0,"hubris:Icosahedron":3,"reliquary:BallBearing":5,"reliquary:RoseTintedGlasses":17,"infinitespire:Beetle Shell":69,"hubris:ToyBattleship":29,"conspire:DeflatedDodgeball":17,"DeathKnight:BrokenRuneblade":0,"infinitespire:Cupcake":41}]},"card_choices":[{"not_picked":["DeathKnight:BladedArmor","DeathKnight:Pestilence"],"picked":"DeathKnight:FrostStrike","floor":1.0},{"not_picked":["DeathKnight:MutagenicPlague","DeathKnight:Parry"],"picked":"DeathKnight:HartStrike","floor":3.0},{"not_picked":["DeathKnight:BladedArmor","DeathKnight:DeathsAdvance"],"picked":"DeathKnight:Culling","floor":6.0},{"not_picked":["DeathKnight:UnholyPresence","DeathKnight:Hysteria"],"picked":"DeathKnight:FrosPresence","floor":7.0},{"not_picked":["DeathKnight:VampiricBlood","DeathKnight:Hysteria"],"picked":"DeathKnight:BludPresence","floor":8.0},{"not_picked":["DeathKnight:DeathsAdvance","DeathKnight:RuneShock"],"picked":"DeathKnight:IcyTouch","floor":11.0},{"not_picked":["DeathKnight:BladedArmor","DeathKnight:Contagion"],"picked":"DeathKnight:DreadStrike","floor":13.0},{"not_picked":["DeathKnight:UnholyFrenzy","DeathKnight:Ossuary"],"picked":"DeathKnight:SindragosasBreath","floor":14.0},{"not_picked":["DeathKnight:ArmyOfTheDead","DeathKnight:UnholyExperiment"],"picked":"DeathKnight:VampiricBlood","floor":16.0},{"not_picked":["DeathKnight:AntiMagicShell","DeathKnight:FrosPresence+1"],"picked":"DeathKnight:DarkSuccor","floor":18.0},{"not_picked":["DeathKnight:MutagenicPlague+1","DeathKnight:DreadStrike+1"],"picked":"DeathKnight:MindFreeze","floor":19},{"not_picked":["DeathKnight:BoneShield","DeathKnight:DreadStrike"],"picked":"DeathKnight:IcyTouch+1","floor":22}],"player_experience":620876,"relics_obtained":[{"floor":4.0,"key":"reliquary:BallBearing"},{"floor":8.0,"key":"reliquary:RoseTintedGlasses"},{"floor":9.0,"key":"conspire:DeflatedDodgeball"},{"floor":13.0,"key":"hubris:ToyBattleship"},{"floor":24,"key":"infinitespire:Beetle Shell"}],"event_choices":[{"damage_healed":0.0,"max_hp_gain":0.0,"max_hp_loss":0.0,"gold_gain":100.0,"event_name":"Wheel of Change","player_choice":"Gold","floor":5.0,"gold_loss":0.0,"damage_taken":0.0}],"is_beta":false,"boss_relics":[{"not_picked":["hubris:RunicObelisk","hubris:Stopwatch"],"picked":"infinitespire:Cupcake"}],"items_purged_floors":[],"is_endless":false,"potions_floor_spawned":[1,6,14,16,19],"killed_by":"Book of Stabbing","ascension_level":1}}