{"host":"1eshbq9n813iloto","time":1613758701,"event":{"mods":["AchievementEnabler","BaseMod","Better Third Choice","Hubris","Infinite Spire","Lobotomy","LobotomyExtend","Minty Spire (QoL Compilation)","Spire Arcade","StSLib"],"gold_per_floor":[119,8,22,22,22,56,56,74,74,74,108,120,120,130,130,225,225,235,18,18,30,30,30,55,67,67,85,85,85,85,85],"floor_reached":30,"language":"ENG","playtime":2128,"items_purged":["Strike_R"],"score":258,"play_id":"6602f69c-6741-461f-b988-d93245414c9d","local_time":"20210219131821","is_ascension_mode":false,"campfire_choices":[{"data":"Armaments","floor":7,"key":"SMITH"},{"data":"Rupture","floor":13,"key":"SMITH"},{"data":"True Grit","floor":15,"key":"SMITH"},{"data":"Offering","floor":23,"key":"SMITH"},{"data":"Brutality","floor":29,"key":"SMITH"}],"circlet_count":0,"master_deck":["Strike_R","Strike_R","Strike_R","Defend_R","Defend_R","Defend_R","Bash","SpiderBud","Armaments+1","Rupture+1","Scorched","Shrug It Off","QueenBee","Twin Strike","LittleHelper","BigBadWolf","Seeing Red","Woodsman","Brutality+1","FairyFestival","True Grit+1","OSAHOGD","Berserk","OldLady","Carnage","Offering+1","Inflame","Bloodletting","FieryBird","Wellcheers","Sword Boomerang","Murderer","VoidDream","Heavy Blade"],"relics":["Burning Blood","CogitoBucket","LetterFromLob","hubris:Icosahedron","Nunchaku","Bag of Marbles","Pantograph","LaetitiaHeart","MagicBullet_r","Vajra","ResearcherNote","hubris:RunicObelisk","hubris:Towel","Eternal Feather","SkinProphecy","infinitespire:Bottled Soul"],"acts_visited":["Exordium","TheCity"],"potions_floor_usage":[6,8,10,16,16,24,25],"damage_taken":[{"damage":6,"enemies":"Cultist","floor":1,"turns":3},{"damage":3,"enemies":"Small Slimes","floor":3,"turns":3},{"damage":46,"enemies":"Gremlin Nob","floor":6,"turns":5},{"damage":0,"enemies":"Jaw Worm","floor":8,"turns":3},{"damage":0,"enemies":"3 Louse","floor":10,"turns":1},{"damage":36,"enemies":"3 Louse","floor":10,"turns":3},{"damage":46,"enemies":"Lagavulin","floor":11,"turns":5},{"damage":12,"enemies":"3 Louse","floor":12,"turns":1},{"damage":0,"enemies":"Exordium Thugs","floor":14,"turns":1},{"damage":23,"enemies":"Slime Boss","floor":16,"turns":6},{"damage":29,"enemies":"3 Byrds","floor":18,"turns":4},{"damage":41,"enemies":"2 Thieves","floor":21,"turns":2},{"damage":19,"enemies":"Book of Stabbing","floor":24,"turns":3},{"damage":26,"enemies":"Cultist and Chosen","floor":25,"turns":5},{"damage":36,"enemies":"Snecko","floor":27,"turns":4},{"damage":45,"enemies":"Slavers","floor":30,"turns":4}],"seed_played":"-4885235896558260439","potions_obtained":[{"floor":1,"key":"Strength Potion"},{"floor":3,"key":"PowerPotion"},{"floor":11,"key":"Energy Potion"},{"floor":12,"key":"LiquidMemories"},{"floor":14,"key":"EssenceOfSteel"},{"floor":18,"key":"DuplicationPotion"},{"floor":24,"key":"SkillPotion"}],"is_trial":false,"path_per_floor":["M","$","M","?","?","E","R","M","T","M","E","M","R","M","R","B",null,"M","$","?","M","?","R","E","M","T","M","?","R","E"],"character_chosen":"IRONCLAD","items_purchased":["Rupture","Offering","Inflame"],"campfire_rested":0,"item_purchase_floors":[2,19,19],"current_hp_per_floor":[80,80,80,80,80,40,40,46,46,75,35,29,29,47,47,75,80,69,69,69,46,46,46,39,43,43,61,61,79,36,36],"gold":85,"neow_bonus":"","is_daily":false,"chose_seed":false,"campfire_upgraded":5,"win_rate":0.0,"timestamp":1613758701,"path_taken":["M","$","M","?","?","E","R","M","T","M","E","M","R","M","R","BOSS","M","$","?","M","?","R","E","M","T","M","?","R","E"],"items_purchased_type":["Card","Card","Card"],"build_version":"2020-12-13","purchased_purges":1,"victory":false,"max_hp_per_floor":[80,80,80,80,80,80,80,80,80,80,80,80,80,80,80,80,80,80,80,80,80,80,80,80,80,80,82,82,82,84,84],"card_choices":[{"not_picked":["GalaxyChild","Bloodbath"],"picked":"SpiderBud","floor":1},{"not_picked":["Perfected Strike","Clothesline"],"picked":"Armaments","floor":1},{"not_picked":["VoidDream","WallGazer"],"picked":"Scorched","floor":3},{"not_picked":["Reckless Charge","Thunderclap"],"picked":"Shrug It Off","floor":3},{"not_picked":["ShyLook","CherryBlossoms"],"picked":"QueenBee","floor":6},{"not_picked":["Warcry","Bloodletting"],"picked":"Twin Strike","floor":6},{"not_picked":["GreedKing","WhitesApple"],"picked":"LittleHelper","floor":8},{"not_picked":["Anger","Body Slam","Clothesline"],"picked":"SKIP","floor":8},{"not_picked":["BeautyBeast","PunishingBird"],"picked":"BigBadWolf","floor":11},{"not_picked":["Shrug It Off","Body Slam"],"picked":"Seeing Red","floor":11},{"not_picked":["CrumblingArmor","MHz"],"picked":"Woodsman","floor":12},{"not_picked":["Heavy Blade","Rupture"],"picked":"Brutality","floor":12},{"not_picked":["OldLady","MHz"],"picked":"FairyFestival","floor":14},{"not_picked":["Heavy Blade","Iron Wave"],"picked":"True Grit","floor":14},{"not_picked":["VoidDream","Alriune"],"picked":"OSAHOGD","floor":16},{"not_picked":["Fiend Fire","Feed"],"picked":"Berserk","floor":16},{"not_picked":["Yin","ShyLook"],"picked":"OldLady","floor":18},{"not_picked":["Uppercut","Warcry"],"picked":"Carnage","floor":18},{"not_picked":["BeautyBeast","MeatLantern"],"picked":"FieryBird","floor":21},{"not_picked":["hubris:SharpeningStone","Carnage","Clothesline"],"picked":"SKIP","floor":21},{"not_picked":["Bloodbath","BigBird"],"picked":"Wellcheers","floor":24},{"not_picked":["Flex+1","Warcry+1"],"picked":"Sword Boomerang","floor":24},{"not_picked":["HeroicMonk","UniverseFragment"],"picked":"Murderer","floor":25},{"not_picked":["True Grit","Seeing Red+1","hubris:SharpeningStone"],"picked":"SKIP","floor":25},{"not_picked":["CrumblingArmor","BigBird"],"picked":"VoidDream","floor":27},{"not_picked":["Blood for Blood","Entrench","Armaments"],"picked":"SKIP","floor":27}],"player_experience":52600,"relics_obtained":[{"floor":1,"key":"LetterFromLob"},{"floor":5,"key":"Nunchaku"},{"floor":6,"key":"Bag of Marbles"},{"floor":9,"key":"Pantograph"},{"floor":11,"key":"Vajra"},{"floor":24,"key":"Eternal Feather"},{"floor":26,"key":"infinitespire:Bottled Soul"}],"event_choices":[{"damage_healed":0,"gold_gain":0,"player_choice":"Read","damage_taken":0,"max_hp_gain":0,"max_hp_loss":0,"event_name":"The Library","floor":20,"gold_loss":0,"cards_obtained":["Bloodletting"]},{"damage_healed":0,"gold_gain":0,"cards_transformed":["Strike_R"],"player_choice":"Transformed","damage_taken":0,"max_hp_gain":0,"max_hp_loss":0,"event_name":"Transmorgrifier","floor":28,"gold_loss":0,"cards_obtained":["Heavy Blade"]}],"is_beta":false,"boss_relics":[{"not_picked":["hubris:HollowSoul","hubris:VirtuousBlindfold"],"picked":"hubris:RunicObelisk"}],"items_purged_floors":[2],"is_endless":false,"potions_floor_spawned":[1,3,11,12,14,18,24],"killed_by":"Slavers","ascension_level":0}}