{"host":"6hzrz31j95f2y1pa","time":1613733881,"event":{"mods":["BaseMod","Colored Map","Downfall","Minty Spire (QoL Compilation)","StSLib"],"gold_per_floor":[99,110,110,110,110,10,10,10,20,40,70,86,86,106,126,200,200,200,211,228,63,63,63,63,63,63,89,24,24,17,39,65,65,65,65],"floor_reached":33,"language":"ENG","playtime":1250,"items_purged":["Regret","Writhe"],"score":457,"play_id":"a47e3db1-1f2d-4bf8-97be-abcb44fc3783","local_time":"20210219062441","is_ascension_mode":true,"campfire_choices":[{"floor":1.0,"key":"RECALL"},{"data":"hexamod:Float","floor":6.0,"key":"SMITH"},{"data":"hexamod:SpectersWail","floor":8.0,"key":"SMITH"},{"data":"hexamod:ShieldOfDarkness","floor":13.0,"key":"SMITH"},{"data":"hexamod:TimeOfNeed","floor":18.0,"key":"SMITH"},{"floor":25.0,"key":"REST"},{"floor":29.0,"key":"REST"}],"circlet_count":0,"master_deck":["AscendersBane","hexamod:Strike","hexamod:Strike","hexamod:Strike","hexamod:Defend","hexamod:Defend","hexamod:Sear+1","hexamod:Float+1","hexamod:SpectersWail+1","hexamod:ThirdSeal","hexamod:Firestarter","hexamod:SwordOfDarkness","hexamod:GhostShield","hexamod:StepThrough","hexamod:FastForward","hexamod:ShieldOfDarkness+1","hexamod:NightmareGuise","hexamod:GhostLash","hexamod:ApocalypseNow","hexamod:TimeOfNeed+1","CurseOfTheBell","hexamod:FourthSeal","hexamod:SecondSeal","hexamod:GhostShield","hexamod:FirstSeal","hexamod:Hexaguard","hexamod:ForkedFlame"],"relics":["hexamod:SpiritBrand","downfall:ExtraCursedKey","Bag of Marbles","downfall:HeartBlessingRed","Letter Opener","Calling Bell","Pear","Calipers","Pen Nib","Smiling Mask"],"acts_visited":["Exordium","TheCity"],"potions_floor_usage":[33,33],"damage_taken":[{"damage":0.0,"enemies":"Cultist","floor":2.0,"turns":3.0},{"damage":3.0,"enemies":"Small Slimes","floor":9.0,"turns":3.0},{"damage":2.0,"enemies":"Jaw Worm","floor":10.0,"turns":3.0},{"damage":11.0,"enemies":"Lagavulin","floor":11.0,"turns":3.0},{"damage":0.0,"enemies":"2 Fungi Beasts","floor":12.0,"turns":3.0},{"damage":0.0,"enemies":"Blue Slaver","floor":14.0,"turns":2.0},{"damage":0.0,"enemies":"downfall:LooterAlt","floor":15.0,"turns":2.0},{"damage":15.0,"enemies":"WA_ARCHETYPE_RETAIN","floor":16.0,"turns":7.0},{"damage":20.0,"enemies":"Shell Parasite","floor":19.0,"turns":6.0},{"damage":7.0,"enemies":"Spheric Guardian","floor":20.0,"turns":4.0},{"damage":1.0,"enemies":"downfall:FleeingMerchant","floor":21.0,"turns":4.0},{"damage":26.0,"enemies":"downfall:FleeingMerchant","floor":23.0,"turns":7.0},{"damage":23.0,"enemies":"Snake Plant","floor":27.0,"turns":4.0},{"damage":0.0,"enemies":"downfall:FleeingMerchant","floor":28.0,"turns":4.0},{"damage":0.0,"enemies":"downfall:FleeingMerchant","floor":30.0,"turns":4.0},{"damage":30.0,"enemies":"Cultist and Chosen","floor":31.0,"turns":7.0},{"damage":1.0,"enemies":"Snecko","floor":32.0,"turns":6.0},{"damage":45,"enemies":"IC_MUSHROOM_ARCHETYPE","floor":33,"turns":7}],"seed_played":"-7930636431290425539","potions_obtained":[{"floor":10.0,"key":"AttackPotion"},{"floor":11.0,"key":"LiquidBronze"},{"floor":12.0,"key":"PowerPotion"}],"is_trial":false,"path_per_floor":["R","M","?","?","?","R","T","R","M","M","E","M","R","M","M","B",null,"R","M","M","$","?","?","T","R","?","M","$","R","$","M","M","B"],"character_chosen":"THE_SPIRIT","items_purchased":["hexamod:FirstSeal"],"campfire_rested":2,"item_purchase_floors":[21],"current_hp_per_floor":[57,57,57,57,57,57,57,57,54,52,41,41,41,41,41,26,64,64,44,37,36,36,17,17,38,38,22,29,50,57,34,40,0,0,0],"gold":65,"neow_bonus":"UPGRADE_CARD","is_daily":false,"chose_seed":false,"campfire_upgraded":4,"win_rate":0.0,"timestamp":1613733881,"path_taken":["R","M","?","?","?","R","T","R","M","M","E","M","R","M","M","BOSS","R","M","M","$","?","?","T","R","?","M","$","R","?","M","M","BOSS"],"items_purchased_type":["Card"],"build_version":"2020-12-22","purchased_purges":2,"victory":false,"max_hp_per_floor":[63,63,63,63,63,63,63,63,63,63,63,63,63,63,63,63,73,73,73,73,73,73,73,73,73,73,73,73,73,73,73,73,73,73,73],"card_choices":[{"not_picked":["hexamod:GhostShield","hexamod:Again"],"picked":"hexamod:SpectersWail","floor":2.0},{"not_picked":["hexamod:GhostOfSpirePast","hexamod:RecurringNightmare"],"picked":"hexamod:ThirdSeal","floor":9.0},{"not_picked":["hexamod:SkipABeat","hexamod:ExtraCrispy"],"picked":"hexamod:Firestarter","floor":10.0},{"not_picked":["hexamod:Again","hexamod:AdvancingGuard"],"picked":"hexamod:SwordOfDarkness","floor":10.0},{"not_picked":["hexamod:HauntingEcho","hexamod:BurningTouch"],"picked":"hexamod:GhostShield","floor":11.0},{"not_picked":["hexamod:HeatShield","hexamod:HexaLevel"],"picked":"hexamod:StepThrough","floor":11.0},{"not_picked":["hexamod:SuperheatedStrike","hexamod:SecondSeal"],"picked":"hexamod:FastForward","floor":12.0},{"not_picked":["hexamod:EmpoweredFlame","hexamod:StepThrough"],"picked":"hexamod:ShieldOfDarkness","floor":12.0},{"not_picked":["hexamod:AdvancingGuard","hexamod:SpectersWail"],"picked":"hexamod:NightmareGuise","floor":14.0},{"not_picked":["hexamod:GhostflameBarrier","hexamod:GhostOfSpirePast","hexamod:SpectralAdrenaline"],"picked":"SKIP","floor":14.0},{"not_picked":["hexamod:HeatMetal","hexamod:GhostOfSpireFuture"],"picked":"hexamod:GhostLash","floor":15.0},{"not_picked":["hexamod:VolcanoVisage","hexamod:GhostOfSpirePresent"],"picked":"hexamod:ApocalypseNow","floor":16.0},{"not_picked":["hexamod:GhostOfSpirePresent","hexamod:SearingWound"],"picked":"hexamod:TimeOfNeed","floor":16.0},{"not_picked":["hexamod:Firestarter","hexamod:Rewind"],"picked":"hexamod:FourthSeal","floor":19.0},{"not_picked":["hexamod:SwordOfDarkness+1","hexamod:SpectralSpark","hexamod:NecessarySacrifice"],"picked":"SKIP","floor":19.0},{"not_picked":["hexamod:RadiantFlame","hexamod:Hexaguard"],"picked":"hexamod:SecondSeal","floor":20.0},{"not_picked":["hexamod:NightmareStrike","hexamod:SpectralAdrenaline"],"picked":"hexamod:GhostShield","floor":20.0},{"not_picked":["hexamod:PowerFromBeyond+1","hexamod:Firestarter","hexamod:FastForward"],"picked":"SKIP","floor":21.0},{"not_picked":["hexamod:NightmareStrike","hexamod:BurningTouch","hexamod:Incineration"],"picked":"SKIP","floor":21.0},{"not_picked":["hexamod:DynamicBlow","hexamod:NightmareStrike"],"picked":"hexamod:Hexaguard","floor":27.0},{"not_picked":["hexamod:SpectralSpark","hexamod:SecondSeal","hexamod:BurningTouch+1"],"picked":"SKIP","floor":27.0},{"not_picked":["hexamod:SwordOfDarkness","hexamod:BurningTouch+1"],"picked":"hexamod:ForkedFlame","floor":28.0},{"not_picked":["hexamod:RainOfEmbers","hexamod:RecurringNightmare","hexamod:TurnItUp"],"picked":"SKIP","floor":28.0},{"not_picked":["hexamod:SpectralSpark+1","hexamod:SpectersWail","hexamod:SoulSteal"],"picked":"SKIP","floor":30.0},{"not_picked":["hexamod:ShieldOfDarkness","hexamod:Haunt+1","hexamod:GhostLash"],"picked":"SKIP","floor":30.0},{"not_picked":["hexamod:FlamesFromBeyond","hexamod:HauntingEcho","hexamod:Rewind"],"picked":"SKIP","floor":31.0},{"not_picked":["hexamod:Again","hexamod:FlamesFromBeyond+1","hexamod:Incineration+1"],"picked":"SKIP","floor":31.0},{"not_picked":["hexamod:GhostShield","hexamod:GhostLash","hexamod:FastForward"],"picked":"SKIP","floor":32.0},{"not_picked":["hexamod:FlamesFromBeyond","hexamod:Firestarter","hexamod:SearingWound"],"picked":"SKIP","floor":32.0}],"player_experience":1464681,"relics_obtained":[{"floor":11.0,"key":"Letter Opener"},{"floor":17.0,"key":"Pear"},{"floor":17.0,"key":"Calipers"},{"floor":17.0,"key":"Pen Nib"}],"event_choices":[{"cards_removed":["hexamod:Defend"],"damage_healed":0.0,"max_hp_gain":0.0,"max_hp_loss":0.0,"gold_gain":0.0,"event_name":"The Cleric","player_choice":"Card Removal","floor":4.0,"gold_loss":0.0,"damage_taken":0.0},{"damage_healed":0.0,"max_hp_gain":0.0,"max_hp_loss":0.0,"gold_gain":0.0,"event_name":"Big Fish","player_choice":"Box","floor":5.0,"gold_loss":0.0,"damage_taken":0.0,"relics_obtained":["Bag of Marbles"],"cards_obtained":["Regret"]}],"is_beta":false,"boss_relics":[{"not_picked":["Runic Dome","Snecko Eye"],"picked":"Calling Bell"}],"items_purged_floors":[21,28],"is_endless":false,"potions_floor_spawned":[10,11,12,16,19,23,31,32],"killed_by":"IC_MUSHROOM_ARCHETYPE","ascension_level":17}}