{"host":"fxrgx7wt2cpkbhka","time":1613717726,"event":{"mods":["AchievementEnabler","BaseMod","Colored Powertips","Dark Map","Minty Spire (QoL Compilation)","Permanent Neow","Quick Restart","Slay-I","StSLib","Waifu the Spire"],"gold_per_floor":[118,118,132,307,307,342,342,375,400,419,429,429,445,463,463,537,537,553,570,194,194,123,123,123,123,123,123,134,145,71,71,71,148,148,168,187,187,187,202,202,256,276,276,202,202,202,202,217,217,217,217],"floor_reached":50,"language":"ENG","playtime":1557,"items_purged":[],"score":808,"play_id":"c9c798b2-6713-4152-be79-958420b5531d","local_time":"20210218225526","is_ascension_mode":true,"campfire_choices":[{"floor":12,"key":"REST"},{"data":"White Noise","floor":15,"key":"SMITH"},{"data":"Electrodynamics","floor":23,"key":"SMITH"},{"data":"Self Repair","floor":25,"key":"SMITH"},{"data":"White Noise","floor":27,"key":"SMITH"},{"data":"Storm","floor":32,"key":"SMITH"},{"data":"Zap","floor":40,"key":"SMITH"},{"floor":45,"key":"REST"},{"data":"Glacier","floor":47,"key":"SMITH"},{"floor":49,"key":"RECALL"}],"circlet_count":0,"master_deck":["AscendersBane","Strike_B","Defend_B+1","Defend_B","Defend_B+1","Defend_B","Zap+1","Dualcast","White Noise+1","Coolheaded","FTL","Beam Cell+1","Go for the Eyes+1","Cold Snap+1","Conserve Battery","White Noise+1","Electrodynamics+1","Sweeping Beam+1","Glacier+1","Go for the Eyes+1","Lockon+1","Self Repair+1","Barrage+1","Storm+1","Cold Snap+1","Cold Snap+1","Force Field+1","BootSequence+1","Melter+1","Ball Lightning+1"],"relics":["Cracked Core","NeowsBlessing","Omamori","Toy Ornithopter","Molten Egg 2","Inserter","Eternal Feather","Pear","Nuclear Battery","TungstenRod","Toxic Egg 2"],"acts_visited":["Exordium","TheCity","TheBeyond"],"potions_floor_usage":[7,8,8,11,16,19,33,41,50],"damage_taken":[{"damage":0,"enemies":"Small Slimes","floor":1,"turns":1},{"damage":0,"enemies":"2 Louse","floor":3,"turns":1},{"damage":0,"enemies":"Lagavulin","floor":6,"turns":2},{"damage":40,"enemies":"Gremlin Nob","floor":8,"turns":5},{"damage":0,"enemies":"Cultist","floor":10,"turns":3},{"damage":0,"enemies":"Exordium Thugs","floor":11,"turns":4},{"damage":0,"enemies":"Blue Slaver","floor":13,"turns":3},{"damage":0,"enemies":"Large Slime","floor":14,"turns":5},{"damage":20,"enemies":"Hexaghost","floor":16,"turns":15},{"damage":7,"enemies":"3 Byrds","floor":18,"turns":3},{"damage":24,"enemies":"Shell Parasite","floor":19,"turns":4},{"damage":10,"enemies":"Snecko","floor":28,"turns":5},{"damage":10,"enemies":"Chosen and Byrds","floor":29,"turns":3},{"damage":55,"enemies":"Collector","floor":33,"turns":8},{"damage":13,"enemies":"3 Shapes","floor":35,"turns":3},{"damage":12,"enemies":"3 Darklings","floor":36,"turns":2},{"damage":17,"enemies":"Transient","floor":39,"turns":5},{"damage":65,"enemies":"2 Orb Walkers","floor":41,"turns":7},{"damage":15,"enemies":"Maw","floor":42,"turns":7},{"damage":21,"enemies":"Jaw Worm Horde","floor":48,"turns":3},{"damage":85,"enemies":"Donu and Deca","floor":50,"turns":6}],"seed_played":"3669044981076439873","potions_obtained":[{"floor":1,"key":"Weak Potion"},{"floor":6,"key":"FocusPotion"},{"floor":7,"key":"Fruit Juice"},{"floor":7,"key":"FocusPotion"},{"floor":10,"key":"DistilledChaos"},{"floor":13,"key":"Energy Potion"},{"floor":14,"key":"Weak Potion"},{"floor":19,"key":"Energy Potion"},{"floor":29,"key":"SteroidPotion"},{"floor":33,"key":"Dexterity Potion"},{"floor":39,"key":"Regen Potion"},{"floor":41,"key":"PowerPotion"}],"is_trial":false,"path_per_floor":["M","?","M","?","?","E","?","E","T","M","M","R","M","M","R","B",null,"M","M","$","?","$","R","?","R","T","R","M","M","$","?","R","B",null,"M","M","?","?","M","R","?","M","T","$","R","?","R","M","R","B"],"character_chosen":"DEFECT","items_purchased":["Glacier","Eternal Feather","Go for the Eyes+1","Lockon+1","Storm","BootSequence+1"],"campfire_rested":2,"item_purchase_floors":[20,20,20,22,30,44],"current_hp_per_floor":[64,52,52,52,38,38,48,18,18,18,23,45,45,45,45,30,65,58,39,39,33,33,45,45,60,70,85,75,65,65,65,80,40,75,62,50,50,50,43,58,23,18,18,18,58,58,73,52,70,0,0],"gold":217,"neow_bonus":"THREE_ENEMY_KILL","is_daily":false,"chose_seed":false,"campfire_upgraded":7,"win_rate":0.0,"timestamp":1613717726,"path_taken":["M","?","M","?","?","E","?","E","T","M","M","R","M","M","R","BOSS","M","M","$","?","?","R","?","R","T","R","M","M","$","?","R","BOSS","M","M","?","?","?","R","?","M","T","$","R","?","R","M","R","BOSS"],"items_purchased_type":["Card","Relic","Card","Card","Card","Card"],"build_version":"2020-12-22","purchased_purges":0,"victory":false,"max_hp_per_floor":[71,71,71,71,71,71,76,76,76,76,76,76,76,76,76,76,76,76,76,76,76,76,76,76,76,86,86,86,86,86,86,86,86,86,86,86,86,86,86,86,86,86,86,86,86,86,86,86,86,86,86],"card_choices":[{"not_picked":["Steam","Coolheaded"],"picked":"White Noise","floor":1},{"not_picked":["Go for the Eyes","Static Discharge"],"picked":"Coolheaded","floor":3},{"not_picked":["Core Surge","Stack"],"picked":"FTL","floor":6},{"not_picked":["Sweeping Beam+1","Double Energy"],"picked":"Beam Cell+1","floor":8},{"not_picked":["FTL+1","Hologram"],"picked":"Go for the Eyes+1","floor":10},{"not_picked":["Gash+1","Coolheaded"],"picked":"Cold Snap+1","floor":11},{"not_picked":["Rebound+1","Steam"],"picked":"Conserve Battery","floor":13},{"not_picked":["Rebound+1","Streamline+1"],"picked":"White Noise","floor":14},{"not_picked":["Amplify","Rainbow"],"picked":"Electrodynamics","floor":16},{"not_picked":["Force Field","Conserve Battery+1"],"picked":"Sweeping Beam+1","floor":18},{"not_picked":["Sweeping Beam+1","Steam Power","Heatsinks"],"picked":"SKIP","floor":19},{"not_picked":["Beam Cell+1","Skim","Reprogram"],"picked":"SKIP","floor":28},{"not_picked":["Compile Driver+1","Redo"],"picked":"Barrage+1","floor":29},{"not_picked":["Barrage+1","Skim"],"picked":"Cold Snap+1","floor":35},{"not_picked":["Loop","Reprogram"],"picked":"Cold Snap+1","floor":36},{"not_picked":["Turbo","Barrage+1","Chaos"],"picked":"SKIP","floor":39},{"not_picked":["Capacitor","Recycle"],"picked":"Force Field+1","floor":42},{"not_picked":["Auto Shields+1","Compile Driver+1"],"picked":"Ball Lightning+1","floor":48}],"player_experience":795480,"relics_obtained":[{"floor":6,"key":"Toy Ornithopter"},{"floor":8,"key":"Molten Egg 2"},{"floor":26,"key":"Pear"},{"floor":41,"key":"TungstenRod"},{"floor":43,"key":"Toxic Egg 2"}],"event_choices":[{"damage_healed":0,"gold_gain":0,"player_choice":"Success","damage_taken":12,"relics_obtained":["Omamori"],"max_hp_gain":0,"max_hp_loss":0,"event_name":"Scrap Ooze","floor":2,"gold_loss":0},{"damage_healed":0,"gold_gain":175,"player_choice":"AGREE","damage_taken":0,"max_hp_gain":0,"max_hp_loss":0,"event_name":"Liars Game","floor":4,"gold_loss":0,"cards_obtained":["Doubt"]},{"damage_healed":0,"gold_gain":0,"player_choice":"Entered Light","damage_taken":14,"max_hp_gain":0,"max_hp_loss":0,"event_name":"Shining Light","floor":5,"gold_loss":0,"cards_upgraded":["Defend_B","Defend_B"]},{"damage_healed":0,"gold_gain":0,"player_choice":"Got Potions","damage_taken":0,"max_hp_gain":0,"max_hp_loss":0,"event_name":"Lab","floor":7,"gold_loss":0},{"damage_healed":0,"gold_gain":0,"player_choice":"","damage_taken":6,"max_hp_gain":0,"max_hp_loss":0,"event_name":"Knowing Skull","floor":21,"potions_obtained":[],"gold_loss":0,"cards_obtained":[]},{"damage_healed":0,"gold_gain":0,"player_choice":"Read","damage_taken":0,"max_hp_gain":0,"max_hp_loss":0,"event_name":"The Library","floor":24,"gold_loss":0,"cards_obtained":["Self Repair"]},{"damage_healed":0,"gold_gain":0,"player_choice":"Ignored","damage_taken":0,"max_hp_gain":0,"max_hp_loss":0,"event_name":"Ghosts","floor":31,"gold_loss":0},{"cards_removed":["Strike_B"],"damage_healed":0,"gold_gain":0,"player_choice":"Removed Attack","damage_taken":0,"max_hp_gain":0,"max_hp_loss":0,"event_name":"Falling","floor":37,"gold_loss":0},{"cards_removed":["Strike_B"],"damage_healed":0,"gold_gain":0,"player_choice":"Purged","damage_taken":0,"max_hp_gain":0,"max_hp_loss":0,"event_name":"Purifier","floor":38,"gold_loss":0},{"damage_healed":0,"gold_gain":0,"player_choice":"Fight","damage_taken":0,"max_hp_gain":0,"max_hp_loss":0,"event_name":"Mysterious Sphere","floor":41,"gold_loss":0},{"damage_healed":0,"gold_gain":0,"cards_transformed":["Strike_B"],"player_choice":"Transformed","damage_taken":0,"max_hp_gain":0,"max_hp_loss":0,"event_name":"Transmorgrifier","floor":46,"gold_loss":0,"cards_obtained":["Melter"]}],"is_beta":false,"boss_relics":[{"not_picked":["Runic Pyramid","Philosopher\u0027s Stone"],"picked":"Inserter"},{"not_picked":["Black Star","Tiny House"],"picked":"Nuclear Battery"}],"items_purged_floors":[],"is_endless":false,"potions_floor_spawned":[1,6,10,13,14,19,29,33,39,41,42],"killed_by":"Donu and Deca","ascension_level":14}}