{"host":"s0nrlal5fls38heo","time":1613730643,"event":{"mods":["AchievementEnabler","BaseMod","Colored Powertips","Dark Map","Displayed Cursed Tome","Downfall","Faster Ascension Climbing","GifTheSpireLib","Minty Spire (QoL Compilation)","Permanent Neow","Rare Cards Sparkle","Relic Filter Mod","StSLib"],"gold_per_floor":[99,109,123,135,147,176,176,176,210,210,244,259,294,294,306,409,409,409,427,437,537,622,654,732,765,778,796,796,821,833,868,891,1007,1019,931,961,993,513,513,539,562,462,481,498,498,517,517,543,443,443,443,472,29,29,29,29,29,29],"floor_reached":56,"language":"ENG","playtime":3716,"items_purged":["Slimebound:Strike_Slimebound","Slimebound:Strike_Slimebound"],"score":1346,"play_id":"72d6e3c7-d003-43d3-9a99-ecb58152a64f","local_time":"20210219113043","is_ascension_mode":true,"campfire_choices":[{"data":"Slimebound:Split","floor":1,"key":"SMITH"},{"data":"Slimebound:CorrosiveSpit","floor":8,"key":"SMITH"},{"data":"Slimebound:CheckThePlaybook","floor":18,"key":"SMITH"},{"data":"Slimebound:LevelUp","floor":28,"key":"SMITH"},{"data":"Slimebound:SlimeBrawl","floor":30,"key":"SMITH"},{"floor":35,"key":"RECALL"},{"data":"Slimebound:DuplicatedForm","floor":42,"key":"SMITH"},{"data":"Slimebound:OneTwoCombo","floor":45,"key":"SMITH"},{"data":"Mayhem","floor":47,"key":"SMITH"},{"data":"Slimebound:LevelUp","floor":49,"key":"SMITH"},{"data":"expansioncontent:DashGenerateEvil","floor":54,"key":"SMITH"}],"circlet_count":0,"master_deck":["AscendersBane","Slimebound:Tackle","Slimebound:Defend_Slimebound+1","Slimebound:Defend_Slimebound","Slimebound:Defend_Slimebound","Slimebound:Defend_Slimebound","Slimebound:Split+1","Slimebound:CorrosiveSpit+1","Slimebound:Prepare","Slimebound:LevelUp+1","Slimebound:Prepare","Slimebound:SplitMire","Slimebound:LeechEnergy","Slimebound:RejuvenatingLick","Slimebound:Schlurp+1","Slimebound:GrowthPunch","Slimebound:LivingWall","Slimebound:CheckThePlaybook+1","Slimebound:SplitBruiser+1","Slimebound:RejuvenatingLick","Slimebound:GoopSpray+1","Slimebound:SlimeBrawl+1","Slimebound:OozeBath","Slimebound:SpikyOuterGoop+1","Slimebound:SplitBruiser+1","Slimebound:Dissolve","Slimebound:Prepare+1","Slimebound:DuplicatedForm+1","Slimebound:LivingWall+1","Slimebound:SpikyOuterGoop+1","Slimebound:LevelUp+1","Mayhem+1","Slimebound:FormOfPuddle+1","Slimebound:OneTwoCombo+1","Slimebound:FormOfPuddle","Slimebound:Prepare+1","Slimebound:Repurpose","expansioncontent:DashGenerateEvil","expansioncontent:DashGenerateEvil+1","Panacea","Slimebound:Replication"],"relics":["Slimebound:AbsorbEndCombat","Pen Nib","Gambling Chip","Question Card","HornCleat","Centennial Puzzle","Toy Ornithopter","downfall:ShatteredFragment","Coffee Dripper","Peace Pipe","Pantograph","Strawberry","Shuriken","Eternal Feather","MawBank","Sozu","downfall:HeartBlessingBlue","Membership Card","Bronze Scales","Letter Opener","Sundial","Oddly Smooth Stone","downfall:HeartBlessingRed","Bottled Lightning","downfall:HeartBlessingGreen","White Beast Statue","DollysMirror","Bag of Preparation","War Paint"],"acts_visited":["Exordium","TheCity","TheBeyond","TheEnding"],"potions_floor_usage":[21,29,55,55,55],"damage_taken":[{"damage":10,"enemies":"Jaw Worm","floor":2,"turns":5},{"damage":1,"enemies":"Cultist","floor":3,"turns":3},{"damage":6,"enemies":"Small Slimes","floor":4,"turns":4},{"damage":0,"enemies":"Blue Slaver","floor":5,"turns":5},{"damage":15,"enemies":"Gremlin Nob","floor":6,"turns":4},{"damage":2,"enemies":"Lagavulin","floor":9,"turns":6},{"damage":17,"enemies":"3 Sentries","floor":11,"turns":6},{"damage":4,"enemies":"Red Slaver","floor":12,"turns":4},{"damage":20,"enemies":"Gremlin Nob","floor":13,"turns":4},{"damage":4,"enemies":"3 Louse","floor":15,"turns":3},{"damage":24,"enemies":"WA_ARCHETYPE_RETAIN","floor":16,"turns":9},{"damage":3,"enemies":"Shell Parasite","floor":19,"turns":3},{"damage":12,"enemies":"downfall:LooterAlt2","floor":20,"turns":3},{"damage":0,"enemies":"Colosseum Nobs","floor":21,"turns":3},{"damage":1,"enemies":"Gremlin Leader","floor":23,"turns":6},{"damage":2,"enemies":"Book of Stabbing","floor":25,"turns":3},{"damage":7,"enemies":"Cultist and Chosen","floor":26,"turns":4},{"damage":0,"enemies":"3 Cultists","floor":27,"turns":5},{"damage":22,"enemies":"Slavers","floor":29,"turns":3},{"damage":4,"enemies":"Centurion and Healer","floor":32,"turns":3},{"damage":4,"enemies":"SI_MIRROR_ARCHETYPE","floor":33,"turns":7},{"damage":5,"enemies":"3 Darklings","floor":36,"turns":4},{"damage":23,"enemies":"Orb Walker","floor":37,"turns":3},{"damage":15,"enemies":"downfall:FleeingMerchant","floor":38,"turns":4},{"damage":30,"enemies":"Reptomancer","floor":40,"turns":5},{"damage":2,"enemies":"Jaw Worm Horde","floor":43,"turns":3},{"damage":15,"enemies":"4 Shapes","floor":44,"turns":5},{"damage":0,"enemies":"3 Darklings","floor":46,"turns":4},{"damage":16,"enemies":"Nemesis","floor":48,"turns":5},{"damage":34,"enemies":"DF_ARCHETYPE_ORBS","floor":50,"turns":7},{"damage":27,"enemies":"downfall:CharBossMerchant","floor":52,"turns":5},{"damage":3,"enemies":"downfall:NeowBoss","floor":55,"turns":12},{"damage":119,"enemies":"downfall:NeowBossFinal","floor":56,"turns":8}],"seed_played":"-7363166858438937287","potions_obtained":[{"floor":5,"key":"BlessingOfTheForge"},{"floor":9,"key":"SpeedPotion"},{"floor":12,"key":"SmokeBomb"},{"floor":16,"key":"sneckomod:MuddlingPotion"},{"floor":21,"key":"bronze:BurnAndBuffPotion"},{"floor":23,"key":"SteroidPotion"},{"floor":25,"key":"EssenceOfSteel"},{"floor":26,"key":"Energy Potion"},{"floor":29,"key":"PowerPotion"}],"is_trial":false,"path_per_floor":["R","M","M","M","M","E","T","R","E","?","E","M","E","?","M","B",null,"R","M","M","?","?","E","T","E","M","M","R","E","R","T","M","B",null,"R","M","M","$","?","E","T","R","M","M","R","M","R","E","R","B",null,"E","$","R","B","B"],"character_chosen":"SLIMEBOUND","items_purchased":["Membership Card","Bronze Scales","Letter Opener","Mayhem","expansioncontent:DashGenerateEvil","DollysMirror","Bag of Preparation","War Paint","Panacea","Slimebound:Replication"],"campfire_rested":0,"item_purchase_floors":[38,38,38,38,53,53,53,53,53,53],"current_hp_per_floor":[59,55,60,60,64,55,55,55,61,75,64,64,52,34,36,20,61,61,66,62,75,63,77,77,82,75,82,82,73,82,82,82,79,81,92,87,87,92,84,77,77,92,92,92,92,92,92,92,92,81,89,85,85,92,89,0,0,0],"gold":29,"neow_bonus":"RANDOM_COMMON_RELIC","is_daily":false,"chose_seed":false,"campfire_upgraded":10,"win_rate":0.0,"timestamp":1613730643,"path_taken":["R","M","M","M","M","E","T","R","E","?","E","?","E","?","M","BOSS","R","M","M","?","?","E","T","E","M","M","R","E","R","?","M","BOSS","R","M","M","$","?","E","T","R","M","M","R","?","R","E","R","BOSS","E","$","R","BOSS","BOSS"],"items_purchased_type":["Relic","Relic","Relic","Card","Card","Relic","Relic","Relic","Card","Card"],"build_version":"2020-12-22","purchased_purges":2,"victory":false,"max_hp_per_floor":[65,65,65,65,65,65,65,65,65,75,75,75,75,75,75,75,75,75,75,75,75,75,82,82,82,82,82,82,82,82,82,82,82,82,92,92,92,92,92,92,92,92,92,92,92,92,92,92,92,92,92,92,92,92,92,92,92,92],"card_choices":[{"not_picked":["Slimebound:ComboTackle","Slimebound:RainOfGoop"],"picked":"Slimebound:Prepare","floor":2},{"not_picked":["Slimebound:SplitAcid","Slimebound:Prepare"],"picked":"Slimebound:LevelUp","floor":3},{"not_picked":["Slimebound:ServeAndProtect","Slimebound:Replication"],"picked":"Slimebound:Prepare","floor":4},{"not_picked":["Slimebound:HauntingLick","Slimebound:SlimeBarrage"],"picked":"Slimebound:SplitMire","floor":5},{"not_picked":["Slimebound:SlimeTap","Slimebound:TongueLash"],"picked":"Slimebound:LeechEnergy","floor":6},{"not_picked":["Slimebound:LeechEnergy","Slimebound:SplitSpecialist","Slimebound:Dissolve"],"picked":"Slimebound:Overexert","floor":9},{"not_picked":["Slimebound:Grow","Slimebound:GoopSpray","Slimebound:Schlurp"],"picked":"Slimebound:RejuvenatingLick","floor":11},{"not_picked":["Slimebound:ProtectTheBoss","Slimebound:LeechingTouch","Slimebound:GoopTackle"],"picked":"Slimebound:Schlurp","floor":12},{"not_picked":["Slimebound:PressTheAttack","Slimebound:SlimeBrawl","Slimebound:SamplingLick"],"picked":"Slimebound:GrowthPunch","floor":13},{"not_picked":["Slimebound:Schlurp","Slimebound:HauntingLick","Slimebound:ForwardTackle"],"picked":"Slimebound:LivingWall","floor":15},{"not_picked":["Slimebound:MinionMaster","Slimebound:Overexert","Slimebound:DouseInSlime"],"picked":"Slimebound:CheckThePlaybook","floor":16},{"not_picked":["Slimebound:GoopTackle+1","Slimebound:DisruptingSlam","Slimebound:SplitAcid"],"picked":"Slimebound:SplitBruiser+1","floor":19},{"not_picked":["Slimebound:BestDefense","Slimebound:RollThrough+1","Slimebound:AcidTongue"],"picked":"Slimebound:RejuvenatingLick","floor":20},{"not_picked":["Slimebound:GrowthPunch","Slimebound:FlameTackle","Slimebound:ForwardTackle"],"picked":"Slimebound:GoopSpray+1","floor":21},{"not_picked":["Slimebound:GoopSpray","Slimebound:Grow","Slimebound:HauntingLick"],"picked":"Slimebound:SlimeBrawl","floor":23},{"not_picked":["Slimebound:Schlurp+1","Slimebound:SplitSpecialist","Slimebound:SplitBruiser"],"picked":"Slimebound:OozeBath","floor":25},{"not_picked":["Slimebound:SlimeSpikes","Slimebound:SplitLeeching","Slimebound:GoopTackle"],"picked":"Slimebound:SpikyOuterGoop","floor":26},{"not_picked":["Slimebound:GoopTackle+1","Slimebound:SplitLeeching","Slimebound:ItLooksTasty+1"],"picked":"Slimebound:SplitBruiser+1","floor":27},{"not_picked":["Slimebound:FinishingTackle+1","Slimebound:RainOfGoop","Slimebound:PressTheAttack"],"picked":"Slimebound:Dissolve","floor":29},{"not_picked":["Slimebound:SplitMire","Slimebound:AcidTongue","Slimebound:SlimeTap"],"picked":"Slimebound:Prepare+1","floor":32},{"not_picked":["Slimebound:OozeBath","Slimebound:WasteNot","Slimebound:TagTeam"],"picked":"Slimebound:DuplicatedForm","floor":33},{"not_picked":["Slimebound:ItLooksTasty","Slimebound:LeechingTouch","Slimebound:RollThrough"],"picked":"Slimebound:LivingWall+1","floor":36},{"not_picked":["Slimebound:HauntingLick+1","Slimebound:Nibble","Slimebound:SlimeSpikes+1"],"picked":"Slimebound:SpikyOuterGoop+1","floor":37},{"not_picked":["Slimebound:Grow","Slimebound:LeechEnergy","Slimebound:LeechingTouch"],"picked":"Slimebound:LevelUp","floor":38},{"not_picked":["Slimebound:PressTheAttack+1","Slimebound:SplitMire+1","Slimebound:ViciousTackle"],"picked":"Slimebound:FormOfPuddle+1","floor":40},{"not_picked":["Slimebound:SlimeSpikes","Slimebound:GoopTackle+1","Slimebound:FinishingTackle","Slimebound:SplitLeeching+1"],"picked":"SKIP","floor":43},{"not_picked":["Slimebound:ComboTackle","Slimebound:SlimeTap+1","Slimebound:Gluttony+1"],"picked":"Slimebound:OneTwoCombo","floor":44},{"not_picked":["Slimebound:LeechingTouch+1","Slimebound:SplitAcid+1","Slimebound:GoopTackle+1"],"picked":"Slimebound:FormOfPuddle","floor":46},{"not_picked":["Slimebound:SplitLeeching+1","Slimebound:GoopSpray+1","Slimebound:ForwardTackle"],"picked":"Slimebound:Prepare+1","floor":48},{"not_picked":["Slimebound:SlimeBarrage+1","Slimebound:BestDefense+1","Slimebound:Schlurp"],"picked":"Slimebound:Repurpose","floor":52}],"player_experience":29648,"relics_obtained":[{"floor":6,"key":"Gambling Chip"},{"floor":7,"key":"Question Card"},{"floor":9,"key":"HornCleat"},{"floor":11,"key":"Centennial Puzzle"},{"floor":13,"key":"Toy Ornithopter"},{"floor":21,"key":"Peace Pipe"},{"floor":21,"key":"Pantograph"},{"floor":23,"key":"Strawberry"},{"floor":24,"key":"Shuriken"},{"floor":25,"key":"Eternal Feather"},{"floor":29,"key":"MawBank"},{"floor":40,"key":"Sundial"},{"floor":41,"key":"Oddly Smooth Stone"},{"floor":48,"key":"Bottled Lightning"},{"floor":52,"key":"White Beast Statue"}],"event_choices":[{"cards_removed":["Slimebound:Overexert"],"damage_healed":4,"gold_gain":0,"player_choice":"Offered Rare","damage_taken":0,"max_hp_gain":10,"max_hp_loss":0,"event_name":"Bonfire Elementals","floor":10,"gold_loss":0}],"is_beta":false,"boss_relics":[{"not_picked":["Runic Dome","Slimebound:TarBlob"],"picked":"Coffee Dripper"},{"not_picked":["Snecko Eye","bronze:MakeshiftBattery"],"picked":"Sozu"}],"items_purged_floors":[38,53],"is_endless":false,"potions_floor_spawned":[5,9,12,16,21,23,25,26,29,36,37,43,48],"killed_by":"downfall:NeowBossFinal","ascension_level":10}}