{"host":"o3b7ow6d1xe49css","time":1613719614,"event":{"mods":["Act Like it!","Aspiration","BaseMod","Bestiary","Better Altar","Better Match","Better Note","Better Sensory Stone","Better Skull","Better Third Choice","Colored Powertips","Conspire","Energized Spire","Force Act Four","GifTheSpireLib","Halation","Hermit","Hubris","Infinite Spire","Lobotomy","Minty Spire (QoL Compilation)","Quick Restart","Rare Cards Sparkle","Relic Filter Mod","Reliquary","Replay The Spire","Spicy Shops","Spikes Relics","StSLib","Stuff the Spire","The Blue Laboratory","The Hierophant","The Jungle","Wandering Minibosses"],"gold_per_floor":[113,123,142,142,142,169,200,475,551,562,562,590,590,615,615,715,715,727,744,744,744,744],"floor_reached":21,"language":"ENG","playtime":647,"items_purged":[],"score":315,"play_id":"a169277b-d46f-410f-84f2-3be888dab1a3","local_time":"20210218222654","daily_mods":["Heirloom","Flight"],"is_ascension_mode":true,"campfire_choices":[{"floor":11,"key":"REST"},{"data":"Regret","floor":11,"key":"SMITH"},{"floor":13,"key":"REST"},{"data":"Cloak And Dagger","floor":13,"key":"SMITH"}],"circlet_count":0,"master_deck":["Strike_G","Strike_G","Strike_G","Strike_G+1","Defend_G","Defend_G","Defend_G","Defend_G","Defend_G","Survivor","Neutralize","conspire:DoublingDagger+1","Scorched","Masterful Stab","UniverseFragment","Acrobatics","Prepared","Cloak And Dagger+1","Cloak And Dagger+1","ReplayTheSpireMod:From All Sides","Blade Dance"],"relics":["Ring of the Snake","Ring of Chaos","infinitespire:Magic Flask","CogitoBucket","halation:PrussianBluePaint","halation:SwordOfLegend","GiantMaggot","SkinProphecy","halation:LettersToHer","Bird Faced Urn","conspire:RoyalGoblet","AspirationHeart"],"acts_visited":["Exordium","TheCity"],"potions_floor_usage":[12,14,16,19],"damage_taken":[{"damage":0,"enemies":"Jaw Worm","floor":1,"turns":4},{"damage":2,"enemies":"2 Louse","floor":2,"turns":2},{"damage":0,"enemies":"Cultist","floor":3,"turns":2},{"damage":29,"enemies":"Lagavulin","floor":6,"turns":6},{"damage":16,"enemies":"Gremlin Nob","floor":7,"turns":3},{"damage":5,"enemies":"Gremlin Gang","floor":10,"turns":4},{"damage":22,"enemies":"Lagavulin","floor":12,"turns":6},{"damage":0,"enemies":"Gremlin Nob","floor":14,"turns":2},{"damage":3,"enemies":"Slime Boss","floor":16,"turns":8},{"damage":0,"enemies":"Spheric Guardian","floor":18,"turns":3},{"damage":23,"enemies":"Chosen","floor":19,"turns":5},{"damage":14,"enemies":"3 Cultists","floor":21,"turns":4}],"seed_played":"-8516189058200611492","potions_obtained":[{"floor":3,"key":"blueLaboratory:LouseDecoction"},{"floor":10,"key":"PowerPotion"},{"floor":12,"key":"Fire Potion"},{"floor":14,"key":"ColorlessPotion"},{"floor":16,"key":"blueLaboratory:PhilterOfMotion"},{"floor":18,"key":"ColorlessPotion"}],"is_trial":true,"path_per_floor":["M","M","M","?","?","E","E","?","T","M","R","E","R","E","R","B",null,"M","M","?","M"],"character_chosen":"THE_SILENT","items_purchased":[],"campfire_rested":2,"item_purchase_floors":[],"current_hp_per_floor":[70,68,68,68,68,39,23,23,23,18,38,12,36,32,57,52,70,66,45,45,27,27],"gold":744,"neow_bonus":"","is_daily":false,"chose_seed":false,"campfire_upgraded":2,"win_rate":0.0,"timestamp":1613719614,"path_taken":["M","M","M","?","?","E","E","?","T","?","R","E","R","E","R","BOSS","M","M","?","M"],"items_purchased_type":[],"build_version":"2020-12-22","purchased_purges":0,"victory":false,"max_hp_per_floor":[70,70,70,70,70,70,70,70,70,70,70,72,72,74,74,76,76,78,92,92,94,94],"card_choices":[{"not_picked":["Draining Mist","StuffTheSpire:Python"],"picked":"conspire:DoublingDagger","floor":1},{"not_picked":["MHz","GreedKing","MeatLantern"],"picked":"Singing Bowl","floor":1},{"not_picked":["PunishingBird","CherryBlossoms"],"picked":"Scorched","floor":1},{"not_picked":["Concentrate","StuffTheSpire:Python"],"picked":"Masterful Stab","floor":2},{"not_picked":["LittlePrince","CrumblingArmor","VoidDream"],"picked":"Singing Bowl","floor":2},{"not_picked":["MHz","PunishingBird"],"picked":"UniverseFragment","floor":2},{"not_picked":["StuffTheSpire:MirrorStance","Escape Plan"],"picked":"Acrobatics","floor":3},{"not_picked":["Sneak Up","Poison Darts"],"picked":"Prepared","floor":6},{"not_picked":["Backflip","StuffTheSpire:Repulse","StuffTheSpire:Python"],"picked":"SKIP","floor":7},{"not_picked":["Hidden Blade","StuffTheSpire:Python"],"picked":"Cloak And Dagger","floor":10},{"not_picked":["Quick Slash","Flying Knee","Calculated Gamble"],"picked":"SKIP","floor":12},{"not_picked":["Distraction","Endless Agony"],"picked":"Cloak And Dagger","floor":14},{"not_picked":["Tools of the Trade","Malaise"],"picked":"ReplayTheSpireMod:From All Sides","floor":16},{"not_picked":["Scarecrow","SnowQueen","SpiderBud"],"picked":"Singing Bowl","floor":16},{"not_picked":["Murderer","MHz","Freischutz"],"picked":"Singing Bowl","floor":18},{"not_picked":["Bouncing Flask+1","Sucker Punch"],"picked":"Blade Dance","floor":18},{"not_picked":["Variant","PunishingBird","Alriune"],"picked":"Singing Bowl","floor":19},{"not_picked":["StuffTheSpire:Python+1","Quick Slash","ReplayTheSpireMod:Speed Training+1"],"picked":"SKIP","floor":19}],"player_experience":1418417,"relics_obtained":[{"floor":6,"key":"halation:PrussianBluePaint"},{"floor":7,"key":"halation:SwordOfLegend"},{"floor":9,"key":"GiantMaggot"},{"floor":12,"key":"halation:LettersToHer"},{"floor":14,"key":"Bird Faced Urn"}],"event_choices":[{"damage_healed":0,"gold_gain":0,"player_choice":"Grow","damage_taken":0,"max_hp_gain":0,"max_hp_loss":0,"event_name":"Living Wall","floor":4,"gold_loss":0,"cards_upgraded":["conspire:DoublingDagger"]},{"damage_healed":0,"gold_gain":0,"player_choice":"Leave","damage_taken":0,"max_hp_gain":0,"max_hp_loss":0,"event_name":"The Cleric","floor":5,"gold_loss":0},{"damage_healed":0,"gold_gain":275,"player_choice":"Desecrate","damage_taken":0,"max_hp_gain":0,"max_hp_loss":0,"event_name":"Golden Shrine","floor":8,"gold_loss":0,"cards_obtained":["Regret"]},{"cards_removed":["Strike_G"],"damage_healed":0,"gold_gain":0,"player_choice":"Purged","damage_taken":0,"max_hp_gain":0,"max_hp_loss":0,"event_name":"Purifier","floor":20,"gold_loss":0}],"is_beta":false,"boss_relics":[{"not_picked":["halation:Risk","Coffee Dripper"],"picked":"conspire:RoyalGoblet"}],"items_purged_floors":[],"is_endless":false,"potions_floor_spawned":[3,10,12,14,16,18],"killed_by":"3 Cultists","ascension_level":5}}