{"host":"ie50qk0ts9eskyyo","time":1613739875,"event":{"mods":["BaseMod","BetterRewards","Colored Map","Downfall","Friendly Minions","Highlight Path","Hubris","Infinite Spire","Minty Spire (QoL Compilation)","Quick Restart","Reliquary","Replay The Spire","Robot Space Explorer","StSLib","SuperFastMode","The Jungle"],"gold_per_floor":[134,34,99,110,199,307,307,152,178,190,253,265,343,355,367,549,561,612,624,649,661,3,81,81,140,163,78,78,169,169,220,220,346,346,388,463,103,164,164,164,164,209,209,209,246,121,121,171,284,349,349,373,373,426,426,426,445,445,474,499,499,499,54,64,91,91,195,195,232,232,228,53,71,71,171,171,171,171,171,171,213,244,244,322,322,327,127,0,48,106,106,138,138,138,141,170,170,170,170,170,250,250,282,129,129,151,326,326,334,334,384,423,452,452,452,486,486,565,565,595,595,67,79,79,79,105,105,105,105,127,151,151,187,187,151,151],"floor_reached":135,"language":"ENG","playtime":4673,"items_purged":["Strike_R","Abandon","Searing Blow+1","Heavy Blade+1","Pain","downfall:Aged","Strike_R","ReplayTheSpireMod:??????????????????????"],"score":3502,"play_id":"8263c34f-c70d-4563-8765-a5c30c73766e","local_time":"20210219080435","is_ascension_mode":true,"campfire_choices":[{"data":"Apotheosis","floor":7.0,"key":"SMITH"},{"data":"HandOfGreed","floor":10.0,"key":"SMITH"},{"data":"Armaments","floor":12.0,"key":"SMITH"},{"data":"Searing Blow","floor":15.0,"key":"SMITH"},{"data":"Armaments+1","floor":24.0,"key":"SMITH"},{"data":"Trip","floor":28.0,"key":"SMITH"},{"data":"Shrug It Off","floor":40.0,"key":"SMITH"},{"data":"ReplayReversal+1","floor":44.0,"key":"SMITH"},{"data":"Strike_R+2","floor":58.0,"key":"SMITH"},{"data":"Shrug It Off","floor":61.0,"key":"SMITH"},{"data":"HandOfGreed","floor":74.0,"key":"SMITH"},{"data":"Demon Form","floor":76.0,"key":"SMITH"},{"data":"Demon Form+1","floor":78.0,"key":"SMITH"},{"data":"hubris:Fate","floor":80,"key":"SMITH"},{"data":"Flex","floor":83,"key":"SMITH"},{"data":"ReplayReversal+1","floor":91,"key":"SMITH"},{"data":"Flex+1","floor":97,"key":"SMITH"},{"data":"hubris:SharpeningStone","floor":100,"key":"SMITH"},{"data":"Strike_R+2","floor":108,"key":"SMITH"},{"data":"Strike_R+3","floor":110,"key":"SMITH"},{"data":"Strike_R+4","floor":114,"key":"SMITH"},{"data":"Strike_R+5","floor":117,"key":"SMITH"},{"data":"Strike_R+6","floor":125,"key":"SMITH"},{"data":"Strike_R+7","floor":127,"key":"SMITH"},{"data":"Strike_R+8","floor":129,"key":"SMITH"},{"data":"Strike_R+9","floor":132,"key":"SMITH"},{"data":"Strike_R+10","floor":134,"key":"SMITH"}],"circlet_count":0,"master_deck":["Strike_R+11","Defend_R+1","Defend_R","HandOfGreed+1","Apotheosis+1","Flex+2","Armaments+2","Shrug It Off+1","Shrug It Off+1","Flame Barrier+2","HandOfGreed+1","Trip+1","ReplayReversal+1","Offering","downfall:Haunted","downfall:Haunted","hubris:Disease","Shame","Injury","Demon Form+2","ReplayTheSpireMod:Splinters","hubris:SharpeningStone+1","Spreading Infection","ReplayTheSpireMod:Book of Names","Doubt","Armaments+2"],"relics":["Burning Blood","Ice Cream","hubris:IronBody","Coffee Dripper","Oddly Smooth Stone","Busted Crown","Boot","reliquary:RosewoodLute","Chemical X","MawBank","reliquary:BigHammer","Anchor","reliquary:PurpleTingedLeaf","infinitespire:Magic Flask","Simple Rune","Vajra","Ancient Tea Set","infinitespire:Broken Mirror","hubris:Spice","MutagenicStrength","Lizard Tail","infinitespire:BottledMercury","hubris:GlazedTorus","Replay:Grab Bag","Philosopher\u0027s Stone","reliquary:RustamsPendant","Ring of Chaos","WarpedTongs","Blood Vial","reliquary:Boomerang","Du-Vu Doll","hubris:BottledRain","hubris:ScarierMask","Red Mask","Ring of Misfortune","Ring of Hypnosis","reliquary:PorcupineQuills","FaceOfCleric","Pet Ghost","Lantern","hubris:BottledHeart","Pear"],"acts_visited":["Exordium","TheCity","TheBeyond","Exordium","TheCity","TheBeyond","Exordium","TheCity"],"potions_floor_usage":[101],"damage_taken":[{"damage":0.0,"enemies":"Cultist","floor":1.0,"turns":2.0},{"damage":0.0,"enemies":"2 Louse","floor":3.0,"turns":3.0},{"damage":0.0,"enemies":"Jaw Worm","floor":4.0,"turns":2.0},{"damage":6.0,"enemies":"3 Louse","floor":5.0,"turns":5.0},{"damage":3.0,"enemies":"3 Sentries","floor":6.0,"turns":8.0},{"damage":5.0,"enemies":"Lagavulin","floor":11.0,"turns":8.0},{"damage":0.0,"enemies":"Large Slime","floor":13.0,"turns":5.0},{"damage":2.0,"enemies":"Slime Boss","floor":16.0,"turns":8.0},{"damage":1.0,"enemies":"Shell Parasite","floor":18.0,"turns":6.0},{"damage":0.0,"enemies":"Chosen","floor":20.0,"turns":5.0},{"damage":5.0,"enemies":"Slavers","floor":23.0,"turns":4.0},{"damage":0.0,"enemies":"Gremlin Leader","floor":25.0,"turns":5.0},{"damage":0.0,"enemies":"3 Cultists","floor":29.0,"turns":4.0},{"damage":43.0,"enemies":"Nightmare","floor":31.0,"turns":8.0},{"damage":0.0,"enemies":"Automaton","floor":33.0,"turns":6.0},{"damage":0.0,"enemies":"3 Darklings","floor":35.0,"turns":2.0},{"damage":0.0,"enemies":"Mind Bloom Boss Battle","floor":36.0,"turns":6.0},{"damage":0.0,"enemies":"3 Shapes","floor":38.0,"turns":3.0},{"damage":0.0,"enemies":"Spire Growth","floor":42.0,"turns":3.0},{"damage":0.0,"enemies":"3 Darklings","floor":45.0,"turns":6.0},{"damage":11.0,"enemies":"R_Hoarder","floor":48.0,"turns":5.0},{"damage":4.0,"enemies":"infinitespire:Three Voidlings","floor":49.0,"turns":3.0},{"damage":0.0,"enemies":"Nightmare_Alpha","floor":49.0,"turns":4.0},{"damage":4.0,"enemies":"Awakened One","floor":50.0,"turns":5.0},{"damage":0.0,"enemies":"2 Louse","floor":52.0,"turns":3.0},{"damage":0.0,"enemies":"Small Slimes","floor":54.0,"turns":2.0},{"damage":0.0,"enemies":"Gremlin Nob","floor":57.0,"turns":2.0},{"damage":15.0,"enemies":"Cultist","floor":59.0,"turns":1.0},{"damage":0.0,"enemies":"Looter","floor":64.0,"turns":2.0},{"damage":0.0,"enemies":"Exordium Thugs","floor":65.0,"turns":2.0},{"damage":6.0,"enemies":"Slime Boss","floor":67.0,"turns":3.0},{"damage":6.0,"enemies":"2 Thieves","floor":69.0,"turns":1.0},{"damage":6.0,"enemies":"Chosen","floor":71.0,"turns":2.0},{"damage":0.0,"enemies":"Sentry and Sphere","floor":73.0,"turns":3.0},{"damage":6,"enemies":"Cultist and Chosen","floor":81,"turns":3},{"damage":0,"enemies":"Snecko","floor":82,"turns":1},{"damage":6,"enemies":"Collector","floor":84,"turns":4},{"damage":0,"enemies":"Orb Walker","floor":86,"turns":2},{"damage":0,"enemies":"3 Shapes","floor":90,"turns":2},{"damage":6,"enemies":"R_Hoarder","floor":92,"turns":4},{"damage":15,"enemies":"Nemesis","floor":95,"turns":5},{"damage":0,"enemies":"Jaw Worm Horde","floor":96,"turns":2},{"damage":3,"enemies":"Awakened One","floor":101,"turns":7},{"damage":0,"enemies":"Jaw Worm","floor":103,"turns":2},{"damage":0,"enemies":"Cultist","floor":106,"turns":4},{"damage":3,"enemies":"Lagavulin","floor":109,"turns":2},{"damage":0,"enemies":"2 Louse","floor":112,"turns":1},{"damage":0,"enemies":"Exordium Wildlife","floor":113,"turns":2},{"damage":0,"enemies":"Gremlin Nob","floor":116,"turns":3},{"damage":3,"enemies":"The Guardian","floor":118,"turns":3},{"damage":0,"enemies":"Shell Parasite","floor":120,"turns":2},{"damage":0,"enemies":"2 Thieves","floor":123,"turns":1},{"damage":0,"enemies":"Snake Plant","floor":126,"turns":2},{"damage":0,"enemies":"Snecko","floor":130,"turns":3},{"damage":0,"enemies":"Cultist and Chosen","floor":131,"turns":3},{"damage":0,"enemies":"Centurion and Healer","floor":133,"turns":2},{"damage":227,"enemies":"infinitespire:LordOfFortification","floor":135,"turns":5}],"seed_played":"-3514145415724341023","potions_obtained":[{"floor":18.0,"key":"LiquidBronze"},{"floor":33.0,"key":"Guardian:BlockOnCardUsePotion"},{"floor":59.0,"key":"FairyPotion"},{"floor":101,"key":"ColorlessPotion"},{"floor":126,"key":"LifebloodPotion"}],"is_trial":false,"path_per_floor":["M","$","M","M","M","E","R","$","T","R","E","R","M","?","R","B",null,"M","?","M","?","$","E","R","E","T","?","R","M","AVR","NM","R_BF","B",null,"M","?","$","M","?","R","?","M","T","R","M","$","?","E","R_BF","B",null,"M","?","M","T","?","E","R","M","T","R","?","$","M","M","R_BF","B",null,"M","?","M","$","M","R","?","R","T","R","?","R","M","M","R","B",null,"M","$","?","?","M","R","E","T","T","E","M","R","?","?","R","B",null,"M","$","?","M","?","R","E","R","T","M","M","R","?","E","R","B",null,"M","?","$","M","?","R","M","R","T","R","M","M","R","M","R","B"],"character_chosen":"IRONCLAD","items_purchased":["HandOfGreed","Ice Cream","hubris:IronBody","HandDrill","LiquidBronze","PowerPotion","AttackPotion","Shrug It Off","Chemical X","HandOfGreed","Trip","Anchor","reliquary:PurpleTingedLeaf","hubris:Spice","ReplayReversal+1","hubris:Spice","reliquary:PorcupineQuills","hubris:Spice"],"campfire_rested":0,"item_purchase_floors":[0,0,0,0,0,0,0,0,8,22,22,22,22,37,37,63,104,122],"current_hp_per_floor":[30,30,36,42,42,45,45,45,45,45,46,46,52,52,52,56,80,80,80,80,60,60,63,63,71,71,71,71,79,79,53,53,61,88,88,88,96,96,96,96,96,96,96,96,96,96,96,91,58,61,96,96,96,88,80,80,72,72,64,64,64,64,64,64,64,64,64,56,56,56,56,56,56,56,61,61,61,61,61,61,61,61,61,61,61,61,61,61,53,53,53,45,37,29,21,21,21,21,21,21,21,13,13,13,13,14,14,14,7,7,7,8,9,9,9,2,2,3,1,2,1,1,1,1,1,1,1,1,1,1,1,1,1,1,0,0],"gold":151,"neow_bonus":"","is_daily":false,"chose_seed":false,"campfire_upgraded":27,"win_rate":0.0,"timestamp":1613739875,"path_taken":["M","$","?","M","M","E","R","$","T","R","E","R","?","?","R","BOSS","M","?","M","?","?","E","R","E","T","?","R","M","AVR","NM","R_BF","BOSS","M","?","$","M","?","R","?","?","T","R","?","?","?","E","R_BF","BOSS","M","?","?","?","?","E","R","?","T","R","?","?","M","M","R_BF","BOSS","M","?","M","$","M","R","?","R","T","R","?","R","?","M","R","BOSS","M","$","?","?","?","R","E","?","T","E","M","R","?","?","R","BOSS","M","$","?","?","?","R","E","R","T","M","M","R","?","E","R","BOSS","M","?","$","M","?","R","M","R","T","R","M","M","R","?","R","BOSS"],"items_purchased_type":["Card","Relic","Relic","Relic","Potion","Potion","Potion","Card","Relic","Card","Card","Relic","Relic","Relic","Card","Relic","Relic","Relic"],"build_version":"2020-12-22","purchased_purges":8,"victory":false,"max_hp_per_floor":[80,80,80,80,80,80,80,80,80,80,80,80,80,80,80,80,80,80,80,80,80,80,80,80,80,80,80,80,80,80,88,88,88,88,88,88,96,96,96,96,96,96,96,96,96,96,96,96,96,96,96,96,96,88,80,80,72,72,72,72,72,72,64,64,64,64,64,56,56,56,56,56,56,56,61,61,61,61,61,61,61,61,61,61,61,61,61,61,53,53,53,45,37,29,21,21,21,21,21,21,21,13,13,13,13,14,14,14,7,7,7,8,9,9,9,2,2,3,1,2,1,1,1,1,1,1,1,1,1,1,1,1,1,1,1,1],"card_choices":[{"not_picked":["Cleave"],"picked":"SKIP","floor":1.0},{"not_picked":["ReplayTheSpireMod:Strike From Hell"],"picked":"SKIP","floor":3.0},{"not_picked":["True Grit"],"picked":"SKIP","floor":4.0},{"not_picked":["Corruption"],"picked":"SKIP","floor":5.0},{"not_picked":["Armaments"],"picked":"SKIP","floor":6.0},{"not_picked":["Heavy Blade"],"picked":"SKIP","floor":11.0},{"not_picked":[],"picked":"Searing Blow","floor":13.0},{"not_picked":[],"picked":"Flame Barrier+1","floor":18.0},{"not_picked":["ReplayTheSpireMod:Stacked"],"picked":"SKIP","floor":20.0},{"not_picked":["Shockwave"],"picked":"SKIP","floor":23.0},{"not_picked":["ReplayTheSpireMod:Strike From Hell"],"picked":"SKIP","floor":25.0},{"not_picked":["ReplayTheSpireMod:Limb From Limb"],"picked":"SKIP","floor":29.0},{"not_picked":["Headbutt"],"picked":"SKIP","floor":31.0},{"not_picked":["Shrug It Off+1"],"picked":"SKIP","floor":35.0},{"not_picked":["Rage"],"picked":"SKIP","floor":38.0},{"not_picked":["Pommel Strike+1"],"picked":"SKIP","floor":42.0},{"not_picked":[],"picked":"Heavy Blade+1","floor":45.0},{"not_picked":["Rampage"],"picked":"SKIP","floor":48.0},{"not_picked":["Sever Soul"],"picked":"SKIP","floor":52.0},{"not_picked":[],"picked":"hubris:SpiceAddiction","floor":54.0},{"not_picked":["Warcry"],"picked":"SKIP","floor":57.0},{"not_picked":["Warcry"],"picked":"SKIP","floor":59.0},{"not_picked":["ReplayTheSpireMod:Muscle Training"],"picked":"SKIP","floor":64.0},{"not_picked":["Carnage"],"picked":"SKIP","floor":65.0},{"not_picked":["Warcry+1"],"picked":"SKIP","floor":69.0},{"not_picked":["Warcry+1"],"picked":"SKIP","floor":71.0},{"not_picked":["Cleave"],"picked":"SKIP","floor":73.0},{"not_picked":["Inflame"],"picked":"SKIP","floor":81},{"not_picked":["Seeing Red"],"picked":"SKIP","floor":82},{"not_picked":["Run Through+1"],"picked":"SKIP","floor":86},{"not_picked":["Spot Weakness+1"],"picked":"SKIP","floor":90},{"not_picked":[],"picked":"hubris:SharpeningStone","floor":92},{"not_picked":["Run Through+1"],"picked":"SKIP","floor":95},{"not_picked":["Searing Blow+1"],"picked":"SKIP","floor":96},{"not_picked":["ReplayTheSpireMod:Echoes of Time","ReplayTheSpireMod:Haul"],"picked":"ReplayTheSpireMod:Book of Names","floor":101},{"not_picked":["Flex"],"picked":"SKIP","floor":103},{"not_picked":["Flex"],"picked":"SKIP","floor":106},{"not_picked":["Replay:Undeath\u0027s Touch"],"picked":"SKIP","floor":109},{"not_picked":["Body Slam"],"picked":"SKIP","floor":112},{"not_picked":["Perfected Strike"],"picked":"SKIP","floor":113},{"not_picked":[],"picked":"hubris:SpiceAddiction","floor":116},{"not_picked":["Whirlwind"],"picked":"SKIP","floor":120},{"not_picked":[],"picked":"hubris:SpiceAddiction","floor":123},{"not_picked":[],"picked":"hubris:SpiceAddiction","floor":126},{"not_picked":["Anger"],"picked":"SKIP","floor":130},{"not_picked":["Dark Embrace+1"],"picked":"SKIP","floor":131},{"not_picked":["hubris:SharpeningStone+1"],"picked":"SKIP","floor":133}],"player_experience":47294,"relics_obtained":[{"floor":6.0,"key":"reliquary:RosewoodLute"},{"floor":9.0,"key":"MawBank"},{"floor":23.0,"key":"infinitespire:Magic Flask"},{"floor":25.0,"key":"Simple Rune"},{"floor":26.0,"key":"Vajra"},{"floor":31.0,"key":"hubris:Spice"},{"floor":36.0,"key":"Lizard Tail"},{"floor":43.0,"key":"infinitespire:BottledMercury"},{"floor":48.0,"key":"hubris:GlazedTorus"},{"floor":55.0,"key":"hubris:Spice"},{"floor":57.0,"key":"hubris:Spice"},{"floor":60.0,"key":"Blood Vial"},{"floor":77.0,"key":"hubris:BottledRain"},{"floor":89,"key":"hubris:Spice"},{"floor":92,"key":"hubris:Spice"},{"floor":93,"key":"hubris:Spice"},{"floor":94,"key":"hubris:Spice"},{"floor":95,"key":"hubris:Spice"},{"floor":99,"key":"Ring of Misfortune"},{"floor":99,"key":"Ring of Hypnosis"},{"floor":109,"key":"hubris:Spice"},{"floor":111,"key":"Pet Ghost"},{"floor":116,"key":"Lantern"},{"floor":128,"key":"Pear"}],"event_choices":[{"damage_healed":0.0,"max_hp_gain":0.0,"max_hp_loss":0.0,"gold_gain":0.0,"event_name":"Vampires","player_choice":"Ignored","floor":19.0,"gold_loss":0.0,"damage_taken":0.0},{"damage_healed":0.0,"max_hp_gain":0.0,"max_hp_loss":0.0,"gold_gain":0.0,"event_name":"Addict","player_choice":"Obtained Relic","floor":27.0,"gold_loss":85.0,"damage_taken":0.0,"relics_obtained":["Ancient Tea Set"]},{"damage_healed":0.0,"max_hp_gain":0.0,"max_hp_loss":0.0,"gold_gain":0.0,"event_name":"Drug Dealer","player_choice":"Inject Mutagens","floor":32.0,"gold_loss":0.0,"damage_taken":0.0,"relics_obtained":["MutagenicStrength"]},{"damage_healed":0.0,"max_hp_gain":0.0,"max_hp_loss":0.0,"gold_gain":0.0,"event_name":"MindBloom","player_choice":"Fight","floor":36.0,"gold_loss":0.0,"damage_taken":0.0},{"cards_removed":["Defend_R"],"damage_healed":0.0,"max_hp_gain":0.0,"max_hp_loss":0.0,"gold_gain":0.0,"event_name":"Falling","player_choice":"Removed Skill","floor":41.0,"gold_loss":0.0,"damage_taken":0.0},{"damage_healed":0.0,"max_hp_gain":0.0,"max_hp_loss":0.0,"gold_gain":0.0,"event_name":"Accursed Blacksmith","player_choice":"Rummage","floor":53.0,"gold_loss":0.0,"damage_taken":0.0,"relics_obtained":["WarpedTongs"],"cards_obtained":["Pain"]},{"damage_healed":0.0,"max_hp_gain":0.0,"max_hp_loss":0.0,"gold_gain":0.0,"event_name":"Match and Keep!","player_choice":"1 cards matched","floor":56.0,"gold_loss":0.0,"damage_taken":0.0,"cards_obtained":["Offering"]},{"damage_healed":20,"gold_gain":0,"player_choice":"Heal","damage_taken":0,"max_hp_gain":0,"max_hp_loss":0,"event_name":"The Library","floor":79,"gold_loss":0},{"damage_healed":0,"gold_gain":0,"player_choice":"Paid","damage_taken":0,"relics_obtained":["Red Mask"],"max_hp_gain":0,"max_hp_loss":0,"event_name":"Tomb of Lord Red Mask","floor":88,"gold_loss":127},{"cards_removed":["Strike_R"],"damage_healed":0,"gold_gain":0,"player_choice":"Removed Attack","damage_taken":0,"max_hp_gain":0,"max_hp_loss":0,"event_name":"Falling","floor":98,"gold_loss":0},{"damage_healed":0,"gold_gain":0,"player_choice":"Trade","damage_taken":0,"relics_obtained":["FaceOfCleric"],"max_hp_gain":0,"max_hp_loss":0,"event_name":"FaceTrader","floor":105,"gold_loss":0},{"damage_healed":0,"gold_gain":175,"player_choice":"AGREE","damage_taken":0,"max_hp_gain":0,"max_hp_loss":0,"event_name":"Liars Game","floor":107,"gold_loss":0,"cards_obtained":["Doubt"]},{"damage_healed":0,"gold_gain":0,"cards_transformed":["hubris:Fate"],"player_choice":"Transformed","damage_taken":0,"max_hp_gain":0,"max_hp_loss":0,"event_name":"Transmorgrifier","floor":115,"gold_loss":0,"cards_obtained":["ReplayTheSpireMod:??????????????????????"]},{"damage_healed":0,"gold_gain":0,"player_choice":"Copied","damage_taken":0,"max_hp_gain":0,"max_hp_loss":0,"event_name":"Duplicator","floor":124,"gold_loss":0,"cards_obtained":["Armaments"]}],"is_beta":false,"boss_relics":[{"not_picked":["Mark of Pain","Empty Cage"],"picked":"reliquary:BigHammer"},{"not_picked":["Ooze Armor","reliquary:RedCape","ReplayTheSpireMod:SealedPack"]},{"not_picked":["reliquary:ThirdArm","reliquary:Ember"],"picked":"Replay:Grab Bag"},{"not_picked":["Fusion Hammer","Replay:Wanted Poster"],"picked":"Philosopher\u0027s Stone"},{"not_picked":["hubris:RunicObelisk","ReplayTheSpireMod:Onyx Gauntlets"],"picked":"reliquary:RustamsPendant"},{"not_picked":["infinitespire:Burning Sword","Runic Cube"],"picked":"Ring of Chaos"},{"not_picked":["hubris:Spice","hubris:Spice"],"picked":"hubris:Spice"},{"not_picked":["infinitespire:Cupcake","hubris:Spice"],"picked":"hubris:ScarierMask"},{"not_picked":["Replay:Drink Me","hubris:Spice"],"picked":"hubris:Spice"},{"not_picked":["Mark of Pain","hubris:Spice"],"picked":"hubris:Spice"}],"items_purged_floors":[0,2,30,46,63,72,87,122],"is_endless":true,"potions_floor_spawned":[1,4,11,18,20,33,35,38,42,45,48,59,64,65,67,71,95,101,103,106,112,116,126],"killed_by":"infinitespire:LordOfFortification","ascension_level":1}}