{"host":"lxu17chzujqn8whl","time":1613769142,"event":{"mods":["BaseMod","Minty Spire (QoL Compilation)","Relic Stats","StSLib"],"gold_per_floor":[110,285,285,300,313,341,341,368,368,368,333,377,24,49,49,49,49],"floor_reached":16,"language":"ENG","playtime":305,"items_purged":[],"score":118,"play_id":"6cb68a1a-fef2-424e-b9dc-8f696a0b8e16","local_time":"20210219131222","is_ascension_mode":false,"campfire_choices":[{"floor":7,"key":"REST"},{"data":"White Noise","floor":10,"key":"SMITH"},{"floor":15,"key":"REST"}],"circlet_count":0,"master_deck":["Strike_B","Strike_B","Strike_B","Strike_B","Defend_B","Defend_B","Defend_B","Defend_B","Zap","Dualcast","Hyperbeam","Genetic Algorithm","White Noise+1","Doom and Gloom","Auto Shields","Chill","Defragment","Seek","Barrage"],"relics":["Cracked Core","Bag of Marbles","Bottled Lightning","CeramicFish","HornCleat","PreservedInsect"],"acts_visited":["Exordium"],"potions_floor_usage":[6,16,16],"damage_taken":[{"damage":1.0,"enemies":"Jaw Worm","floor":1.0,"turns":3.0},{"damage":0.0,"enemies":"2 Louse","floor":4.0,"turns":1.0},{"damage":0.0,"enemies":"Cultist","floor":5.0,"turns":3.0},{"damage":22,"enemies":"Gremlin Nob","floor":6,"turns":5},{"damage":23,"enemies":"Lagavulin","floor":8,"turns":5},{"damage":17,"enemies":"Gremlin Nob","floor":12,"turns":5},{"damage":5,"enemies":"Large Slime","floor":14,"turns":4},{"damage":16,"enemies":"Hexaghost","floor":16,"turns":9}],"seed_played":"8641446321845077867","potions_obtained":[{"floor":1.0,"key":"PowerPotion"},{"floor":5.0,"key":"Weak Potion"},{"floor":8,"key":"FocusPotion"},{"floor":14,"key":"SkillPotion"}],"is_trial":false,"path_per_floor":["M","?","?","M","M","E","R","E","T","R","?","E","$","M","R","B"],"character_chosen":"DEFECT","items_purchased":["PreservedInsect","Defragment","Seek"],"campfire_rested":2,"item_purchase_floors":[13,13,13],"current_hp_per_floor":[53,53,46,46,46,24,46,23,23,23,41,24,24,19,41,25,25],"gold":49,"neow_bonus":"THREE_RARE_CARDS","is_daily":false,"chose_seed":false,"campfire_upgraded":1,"win_rate":0.0,"timestamp":1613769142,"path_taken":["M","?","?","?","M","E","R","E","T","R","?","E","$","M","R","BOSS"],"items_purchased_type":["Relic","Card","Card"],"build_version":"2020-12-22","purchased_purges":0,"victory":false,"max_hp_per_floor":[75,75,75,75,75,75,75,75,75,75,75,75,75,75,75,75,75],"relic_stats":{"counters":[8,35],"CeramicFish":36,"PreservedInsect":0,"obtain_stats":[{"HornCleat":12,"CeramicFish":9,"PreservedInsect":13,"Bag of Marbles":6,"Bottled Lightning":8,"Cracked Core":0},{"HornCleat":6,"CeramicFish":5,"PreservedInsect":6,"Bag of Marbles":4,"Bottled Lightning":5,"Cracked Core":0},{"HornCleat":22,"CeramicFish":17,"PreservedInsect":22,"Bag of Marbles":12,"Bottled Lightning":17,"Cracked Core":0}]},"card_choices":[{"not_picked":["Rainbow","Thunder Strike"],"picked":"Hyperbeam","floor":0.0},{"not_picked":["Auto Shields","Fusion"],"picked":"Genetic Algorithm","floor":1.0},{"not_picked":["Capacitor","Hologram"],"picked":"White Noise","floor":4.0},{"not_picked":["Rebound","Leap","Go for the Eyes"],"picked":"SKIP","floor":5.0},{"not_picked":["Multi-Cast","Streamline"],"picked":"Doom and Gloom","floor":6},{"not_picked":["Ball Lightning","Go for the Eyes"],"picked":"Auto Shields","floor":8},{"not_picked":["Gash","Lockon"],"picked":"Chill","floor":12},{"not_picked":["Compile Driver","Fission"],"picked":"Barrage","floor":14}],"player_experience":717562,"relics_obtained":[{"floor":6,"key":"Bag of Marbles"},{"floor":8,"key":"Bottled Lightning"},{"floor":9,"key":"CeramicFish"},{"floor":12,"key":"HornCleat"}],"event_choices":[{"damage_healed":0.0,"max_hp_gain":0.0,"max_hp_loss":0.0,"gold_gain":175.0,"event_name":"Liars Game","player_choice":"AGREE","floor":2.0,"gold_loss":0.0,"damage_taken":0.0,"cards_obtained":["Doubt"]},{"cards_removed":["Doubt"],"damage_healed":0.0,"max_hp_gain":0.0,"max_hp_loss":0.0,"gold_gain":0.0,"event_name":"Golden Wing","player_choice":"Card Removal","floor":3.0,"gold_loss":0.0,"damage_taken":7.0},{"damage_healed":18,"gold_gain":0,"player_choice":"Healed","damage_taken":0,"max_hp_gain":0,"max_hp_loss":0,"event_name":"The Cleric","floor":11,"gold_loss":35}],"is_beta":false,"boss_relics":[],"items_purged_floors":[],"is_endless":false,"potions_floor_spawned":[1,5,8,14],"killed_by":"Hexaghost","ascension_level":0}}