{"host":"6wux4armhsntp4yb","time":1613733483,"event":{"mods":["BaseMod","Colored Map","DeckTracker","Minty Spire (QoL Compilation)","Relic Stats"],"gold_per_floor":[166,166,180,17,32,32,32,57,57,57,126,126,126,145,145,222,222,240,250,8,20,20,20,54,54,104,135,151,171,171,71,71,145,145,164,174,49,59,79,79,89,123,123,123,123,123,149,110,110,110,110,110,110,85,119,119,119],"floor_reached":56,"language":"JPN","playtime":4746,"items_purged":["Strike_G","Defend_G","Defend_G"],"score":1986,"play_id":"f1a3ccb8-11dd-48db-abbb-7333763d204c","local_time":"20210219201803","is_ascension_mode":true,"campfire_choices":[{"data":"Predator","floor":6.0,"key":"SMITH"},{"data":"Wraith Form v2","floor":10.0,"key":"SMITH"},{"data":"Deadly Poison","floor":13.0,"key":"SMITH"},{"data":"Bullet Time","floor":15.0,"key":"SMITH"},{"data":"Acrobatics","floor":23.0,"key":"SMITH"},{"data":"Well Laid Plans","floor":30.0,"key":"SMITH"},{"data":"Neutralize","floor":32.0,"key":"SMITH"},{"data":"Noxious Fumes","floor":40.0,"key":"SMITH"},{"data":"Tools of the Trade","floor":45.0,"key":"SMITH"},{"floor":49.0,"key":"RECALL"},{"floor":53.0,"key":"DIG"}],"circlet_count":0,"master_deck":["AscendersBane","Strike_G+1","Defend_G+1","Defend_G","Survivor","Neutralize+1","Crippling Poison+1","Predator+1","Bullet Time+1","Deadly Poison+1","Wraith Form v2+1","Backflip","Night Terror","Backflip","Acrobatics+1","Tools of the Trade+1","Outmaneuver","Bouncing Flask","PiercingWail","Well Laid Plans+1","Corpse Explosion","Noxious Fumes+1","Night Terror","Reflex","PiercingWail","Well Laid Plans"],"relics":["Tiny House","Turnip","Meat on the Bone","Paper Crane","Empty Cage","TheAbacus","Shovel","Omamori","Sozu","Regal Pillow","Eternal Feather","Bronze Scales","Kunai","FossilizedHelix"],"acts_visited":["Exordium","TheCity","TheBeyond","TheEnding"],"potions_floor_usage":[],"damage_taken":[{"damage":0.0,"enemies":"Jaw Worm","floor":1.0,"turns":5.0},{"damage":7.0,"enemies":"Small Slimes","floor":3.0,"turns":3.0},{"damage":1.0,"enemies":"Cultist","floor":5.0,"turns":4.0},{"damage":17.0,"enemies":"3 Sentries","floor":8.0,"turns":9.0},{"damage":0.0,"enemies":"Exordium Thugs","floor":14.0,"turns":5.0},{"damage":19.0,"enemies":"The Guardian","floor":16.0,"turns":10.0},{"damage":16.0,"enemies":"Shell Parasite","floor":18.0,"turns":5.0},{"damage":12.0,"enemies":"2 Thieves","floor":19.0,"turns":4.0},{"damage":6.0,"enemies":"Snake Plant","floor":21.0,"turns":4.0},{"damage":14.0,"enemies":"Gremlin Leader","floor":24.0,"turns":8.0},{"damage":6.0,"enemies":"Book of Stabbing","floor":27.0,"turns":7.0},{"damage":23.0,"enemies":"Snecko","floor":28.0,"turns":6.0},{"damage":14.0,"enemies":"Sentry and Sphere","floor":29.0,"turns":7.0},{"damage":0.0,"enemies":"Automaton","floor":33.0,"turns":10.0},{"damage":0.0,"enemies":"3 Darklings","floor":35.0,"turns":5.0},{"damage":9.0,"enemies":"Orb Walker","floor":36.0,"turns":6.0},{"damage":0.0,"enemies":"Maw","floor":38.0,"turns":6.0},{"damage":27.0,"enemies":"Transient","floor":39.0,"turns":6.0},{"damage":5.0,"enemies":"Sphere and 2 Shapes","floor":41.0,"turns":4.0},{"damage":20.0,"enemies":"Nemesis","floor":42.0,"turns":9.0},{"damage":16.0,"enemies":"Reptomancer","floor":47.0,"turns":6.0},{"damage":24.0,"enemies":"Awakened One","floor":50.0,"turns":11.0},{"damage":2.0,"enemies":"Donu and Deca","floor":51.0,"turns":9.0},{"damage":55.0,"enemies":"Shield and Spear","floor":55.0,"turns":8.0},{"damage":29,"enemies":"The Heart","floor":56,"turns":3}],"seed_played":"996012284404781936","potions_obtained":[{"floor":0.0,"key":"Energy Potion"},{"floor":14.0,"key":"Explosive Potion"},{"floor":24.0,"key":"Explosive Potion"},{"floor":27.0,"key":"BlessingOfTheForge"}],"is_trial":false,"path_per_floor":["M","?","M","$","M","R","?","E","T","R","T","?","R","M","R","B",null,"M","M","$","M","?","R","E","?","T","E","M","M","R","$","R","B",null,"M","M","$","M","M","R","M","E","T","?","R","?","E","$","R","B","B",null,"R","$","E","B"],"character_chosen":"THE_SILENT","items_purchased":["Bullet Time","TheAbacus","Reflex","PiercingWail"],"campfire_rested":0,"item_purchase_floors":[4,20,48,54],"current_hp_per_floor":[64,43,36,36,35,35,35,18,18,18,18,18,18,30,30,23,59,43,43,43,37,37,37,35,35,35,41,30,28,28,28,28,40,63,63,54,54,54,39,39,46,38,38,38,50,50,46,46,58,46,44,64,71,71,28,0,0],"gold":119,"neow_bonus":"BOSS_RELIC","is_daily":false,"chose_seed":false,"campfire_upgraded":9,"win_rate":0.0,"timestamp":1613733483,"path_taken":["M","?","M","$","M","R","?","E","T","R","?","?","R","M","R","BOSS","M","?","$","M","?","R","E","?","T","E","M","M","R","?","R","BOSS","M","?","$","M","M","R","M","E","T","?","R","?","E","$","R","BOSS","BOSS","R","$","E","BOSS"],"items_purchased_type":["Card","Relic","Card","Card"],"build_version":"2020-12-22","purchased_purges":3,"victory":false,"max_hp_per_floor":[71,71,71,71,71,71,71,71,71,71,71,71,71,71,71,71,71,71,71,71,71,71,71,71,71,71,71,71,71,71,71,71,71,71,71,71,71,71,71,71,71,71,71,71,71,71,71,71,71,71,71,71,71,71,71,71,71],"relic_stats":{"Sozu":3,"Regal Pillow":0,"TheAbacus":[378],"Shovel":1,"counters":[25,160],"Bronze Scales":[171],"Eternal Feather":31,"Turnip":[23],"Kunai":[0],"obtain_stats":[{"Regal Pillow":42,"Tiny House":0,"Eternal Feather":43,"Omamori":27,"Paper Crane":11,"Empty Cage":17,"Sozu":34,"TheAbacus":20,"Shovel":24,"Bronze Scales":47,"Turnip":8,"Kunai":53,"FossilizedHelix":55,"Ring of the Snake":0,"Meat on the Bone":9},{"Regal Pillow":20,"Tiny House":0,"Eternal Feather":20,"Omamori":11,"Paper Crane":4,"Empty Cage":6,"Sozu":14,"TheAbacus":8,"Shovel":10,"Bronze Scales":21,"Turnip":4,"Kunai":23,"FossilizedHelix":24,"Ring of the Snake":0,"Meat on the Bone":4},{"Regal Pillow":123,"Tiny House":0,"Eternal Feather":123,"Omamori":64,"Paper Crane":21,"Empty Cage":36,"Sozu":87,"TheAbacus":45,"Shovel":57,"Bronze Scales":129,"Turnip":21,"Kunai":149,"FossilizedHelix":157,"Ring of the Snake":0,"Meat on the Bone":21}],"Meat on the Bone":168},"card_choices":[{"not_picked":["Cloak And Dagger","Dodge and Roll"],"picked":"Crippling Poison","floor":0.0},{"not_picked":["Setup","Poisoned Stab"],"picked":"Dagger Spray","floor":1.0},{"not_picked":["Poisoned Stab","Deadly Poison"],"picked":"Predator","floor":3.0},{"not_picked":["Backstab","Slice"],"picked":"Deadly Poison","floor":5.0},{"not_picked":["Bouncing Flask","Skewer"],"picked":"Wraith Form v2","floor":8.0},{"not_picked":["Blade Dance","Sucker Punch"],"picked":"Backflip","floor":14.0},{"not_picked":["Envenom","Glass Knife"],"picked":"Night Terror","floor":16.0},{"not_picked":["Finisher","Flechettes","Dagger Throw"],"picked":"SKIP","floor":18.0},{"not_picked":["Setup","Quick Slash"],"picked":"Backflip","floor":19.0},{"not_picked":["Bane+1","Backstab"],"picked":"Acrobatics","floor":21.0},{"not_picked":["Heel Hook","Dodge and Roll+1"],"picked":"Tools of the Trade","floor":24.0},{"not_picked":["Poisoned Stab","Footwork"],"picked":"PiercingWail","floor":27.0},{"not_picked":["Flechettes+1","Deflect+1"],"picked":"Well Laid Plans","floor":28.0},{"not_picked":["Finisher","Cloak And Dagger","Outmaneuver"],"picked":"SKIP","floor":29.0},{"not_picked":["Bullet Time","Die Die Die"],"picked":"Corpse Explosion","floor":33.0},{"not_picked":["Expertise+1","Bouncing Flask","Slice"],"picked":"SKIP","floor":35.0},{"not_picked":["Cloak And Dagger+1","Poisoned Stab"],"picked":"Noxious Fumes","floor":36.0},{"not_picked":["Expertise+1","Sucker Punch","Masterful Stab"],"picked":"SKIP","floor":38.0},{"not_picked":["Bane","Prepared","Outmaneuver+1"],"picked":"SKIP","floor":39.0},{"not_picked":["Doppelganger","Sucker Punch","Setup"],"picked":"SKIP","floor":41.0},{"not_picked":["Doppelganger","Sucker Punch","Setup"],"picked":"SKIP","floor":41.0},{"not_picked":["Sucker Punch","Prepared"],"picked":"Night Terror","floor":42.0},{"not_picked":["Blur","Noxious Fumes","Sucker Punch"],"picked":"SKIP","floor":47.0},{"not_picked":["Acrobatics+1","Bane"],"picked":"Well Laid Plans","floor":55.0}],"player_experience":5889316,"relics_obtained":[{"floor":8.0,"key":"Turnip"},{"floor":9.0,"key":"Meat on the Bone"},{"floor":11.0,"key":"Paper Crane"},{"floor":24.0,"key":"Shovel"},{"floor":27.0,"key":"Omamori"},{"floor":42.0,"key":"Regal Pillow"},{"floor":43.0,"key":"Eternal Feather"},{"floor":47.0,"key":"Bronze Scales"},{"floor":53.0,"key":"Kunai"},{"floor":55.0,"key":"FossilizedHelix"}],"event_choices":[{"damage_healed":0.0,"max_hp_gain":0.0,"max_hp_loss":0.0,"gold_gain":0.0,"event_name":"Shining Light","player_choice":"Entered Light","floor":2.0,"gold_loss":0.0,"damage_taken":21.0,"cards_upgraded":["Crippling Poison","Defend_G"]},{"damage_healed":0.0,"max_hp_gain":0.0,"max_hp_loss":0.0,"gold_gain":0.0,"event_name":"Liars Game","player_choice":"Ignored","floor":7.0,"gold_loss":0.0,"damage_taken":0.0},{"damage_healed":0.0,"max_hp_gain":0.0,"max_hp_loss":0.0,"gold_gain":0.0,"event_name":"Match and Keep!","player_choice":"0 cards matched","floor":12.0,"gold_loss":0.0,"damage_taken":0.0,"cards_obtained":[]},{"damage_healed":0.0,"max_hp_gain":0.0,"max_hp_loss":0.0,"gold_gain":0.0,"cards_transformed":["Strike_G","Defend_G"],"event_name":"Drug Dealer","player_choice":"Became Test Subject","floor":25.0,"gold_loss":0.0,"damage_taken":0.0,"cards_obtained":["Outmaneuver","Bouncing Flask"]},{"damage_healed":0.0,"max_hp_gain":0.0,"max_hp_loss":0.0,"gold_gain":0.0,"event_name":"Tomb of Lord Red Mask","player_choice":"Ignored","floor":44.0,"gold_loss":0.0,"damage_taken":0.0},{"cards_removed":["Dagger Spray"],"damage_healed":0.0,"max_hp_gain":0.0,"max_hp_loss":0.0,"gold_gain":0.0,"event_name":"Falling","player_choice":"Removed Attack","floor":46.0,"gold_loss":0.0,"damage_taken":0.0}],"is_beta":false,"boss_relics":[{"not_picked":["SacredBark","Ectoplasm"],"picked":"Empty Cage"},{"not_picked":["Runic Dome","Black Star"],"picked":"Sozu"}],"items_purged_floors":[20,31,37],"is_endless":false,"potions_floor_spawned":[14,24,27,35,36,41],"killed_by":"The Heart","ascension_level":20}}