{"host":"7tncuco8wmu6m2y5","time":1613748883,"event":{"mods":["AchievementEnabler","BaseMod","Better Note","Card Forge","Colored Map","Colored Powertips","Minty Spire (QoL Compilation)","Permanent Neow","Quick Restart","Rare Cards Sparkle","Remove Card Discount Mod","Spire Birthday Party","StSLib","SuperFastMode","The IronCluck","everything is the same but u backflip on backflip"],"gold_per_floor":[117,130,31,51,69,99,112,128,128,128,158,233,250,264,264,359,359,375,375,393,393,405,405,434,434,434,449,461,479,489,489,489,590,590,606,454,499,514,529,529,559,578,627,960,960,979,993,1012,1012,1012,1012,1012,233,260,260],"floor_reached":56,"language":"ENG","playtime":3240,"items_purged":[],"score":1449,"play_id":"cc71ba45-8cac-430a-a935-deecb6f6c03f","local_time":"20210219153443","is_ascension_mode":false,"campfire_choices":[{"floor":15,"key":"RECALL"},{"floor":23,"key":"REST"},{"floor":25,"key":"REST"},{"floor":32,"key":"REST"},{"floor":40,"key":"REST"},{"floor":49,"key":"REST"},{"floor":52,"key":"REST"}],"circlet_count":0,"master_deck":["Survivor+1","Neutralize+1","Noxious Fumes+1","Barricade+1","Impervious+1","Adrenaline+1","Backstab+1","Burst+1","Bouncing Flask+1","Catalyst+1","Caltrops+1","Crippling Poison+1","Envenom+1","Dash+1","Blur+1","Footwork+1","Leg Sweep+1","Noxious Fumes+1","Poisoned Stab+1","Bite+1","Bandage Up+1","Discovery+1","Impervious+1","Impervious+1","Entrench+1","Catalyst+1","Adrenaline+1","Venomology+1","A Thousand Cuts+1","Corpse Explosion+1","Dash+1","Envenom+1","Noxious Fumes+1","Poisoned Stab+1","Footwork+1","Terror+1","After Image+1","Noxious Fumes+1","Backstab+1","Adrenaline+1","Storm of Steel+1","Catalyst+1"],"relics":["Ring of the Snake","Hammer of Thor","Seething Fire","Anvil of the Gods","Pocketwatch","Dream Catcher","Philosopher\u0027s Stone","Mummified Hand","FossilizedHelix","Potion Belt","Fusion Hammer","Lee\u0027s Waffle","Torii","Blue Candle","Centennial Puzzle","Old Coin","Bird Faced Urn","The Specimen","TheAbacus","TungstenRod"],"acts_visited":["Exordium","TheCity","TheBeyond","TheEnding"],"potions_floor_usage":[2,3,33,33,33,37,39,39,39,44,46,50,50,54,54,55,55,55,55],"damage_taken":[{"damage":0,"enemies":"Jaw Worm","floor":1,"turns":6},{"damage":0,"enemies":"Cultist","floor":2,"turns":10},{"damage":0,"enemies":"Small Slimes","floor":4,"turns":2},{"damage":0,"enemies":"2 Fungi Beasts","floor":5,"turns":2},{"damage":0,"enemies":"Lagavulin","floor":6,"turns":2},{"damage":0,"enemies":"Blue Slaver","floor":7,"turns":3},{"damage":0,"enemies":"Exordium Wildlife","floor":8,"turns":3},{"damage":9,"enemies":"3 Sentries","floor":11,"turns":7},{"damage":0,"enemies":"Lots of Slimes","floor":13,"turns":2},{"damage":0,"enemies":"Looter","floor":14,"turns":3},{"damage":34,"enemies":"Hexaghost","floor":16,"turns":5},{"damage":18,"enemies":"Shell Parasite","floor":18,"turns":4},{"damage":15,"enemies":"3 Byrds","floor":20,"turns":3},{"damage":0,"enemies":"Snecko","floor":22,"turns":3},{"damage":2,"enemies":"Book of Stabbing","floor":24,"turns":4},{"damage":0,"enemies":"Chosen and Byrds","floor":27,"turns":5},{"damage":0,"enemies":"3 Cultists","floor":28,"turns":2},{"damage":0,"enemies":"Snake Plant","floor":29,"turns":3},{"damage":7,"enemies":"Shelled Parasite and Fungi","floor":30,"turns":2},{"damage":0,"enemies":"Automaton","floor":33,"turns":8},{"damage":8,"enemies":"Orb Walker","floor":35,"turns":4},{"damage":21,"enemies":"2 Orb Walkers","floor":37,"turns":4},{"damage":0,"enemies":"3 Shapes","floor":38,"turns":3},{"damage":0,"enemies":"Transient","floor":39,"turns":4},{"damage":31,"enemies":"Nemesis","floor":41,"turns":5},{"damage":0,"enemies":"Writhing Mass","floor":42,"turns":4},{"damage":0,"enemies":"Giant Head","floor":44,"turns":6},{"damage":0,"enemies":"Sphere and 2 Shapes","floor":46,"turns":4},{"damage":0,"enemies":"4 Shapes","floor":47,"turns":4},{"damage":0,"enemies":"Maw","floor":48,"turns":4},{"damage":0,"enemies":"Awakened One","floor":50,"turns":7},{"damage":22,"enemies":"Shield and Spear","floor":54,"turns":4},{"damage":7,"enemies":"The Heart","floor":55,"turns":7}],"seed_played":"-2063046534069850739","potions_obtained":[{"floor":2,"key":"Fruit Juice"},{"floor":5,"key":"DuplicationPotion"},{"floor":7,"key":"Energy Potion"},{"floor":27,"key":"EssenceOfSteel"},{"floor":29,"key":"DuplicationPotion"},{"floor":35,"key":"SpeedPotion"},{"floor":38,"key":"SkillPotion"},{"floor":47,"key":"Block Potion"},{"floor":54,"key":"SpeedPotion"}],"is_trial":false,"path_per_floor":["M","M","$","M","M","E","M","M","T","$","E","?","M","M","R","B",null,"M","$","M","T","M","R","E","R","T","M","M","M","M","?","R","B",null,"M","$","?","M","M","R","E","M","T","E","?","M","M","M","R","B",null,"R","$","E","B",null],"character_chosen":"THE_SILENT","items_purchased":["Fruit Juice","Lee\u0027s Waffle","Bird Faced Urn","The Specimen","TheAbacus","Strength Potion"],"campfire_rested":6,"item_purchase_floors":[3,36,53,53,53,53],"current_hp_per_floor":[70,75,80,80,80,80,80,80,80,80,80,72,72,72,72,47,80,68,68,59,59,59,80,78,80,80,80,80,80,73,70,80,80,80,72,87,66,81,87,87,70,70,70,79,79,82,83,83,83,83,83,83,83,71,80],"gold":260,"neow_bonus":"THREE_CARDS","is_daily":false,"chose_seed":false,"campfire_upgraded":0,"win_rate":0.0,"timestamp":1613748883,"path_taken":["M","M","$","M","M","E","M","M","T","$","E","?","M","M","R","BOSS","M","$","?","?","M","R","E","R","T","M","M","?","M","?","R","BOSS","M","$","?","M","M","R","E","M","T","E","?","?","M","?","R","BOSS","R","$","E","BOSS"],"items_purchased_type":["Potion","Relic","Relic","Relic","Relic","Potion"],"build_version":"2020-12-22","purchased_purges":0,"victory":true,"max_hp_per_floor":[70,75,80,80,80,80,80,80,80,80,80,80,80,80,80,80,80,80,80,80,80,80,80,80,80,80,80,80,80,80,80,80,80,80,80,87,87,87,87,87,87,87,87,87,83,83,83,83,83,83,83,83,83,83,83],"card_choices":[{"not_picked":["Dodge and Roll","Deflect"],"picked":"Noxious Fumes","floor":0},{"not_picked":["Deflect","Flying Knee","Dodge and Roll"],"picked":"SKIP","floor":1},{"not_picked":["Sucker Punch","Dodge and Roll","Bane"],"picked":"SKIP","floor":2},{"not_picked":["Quick Slash","Expertise"],"picked":"Catalyst","floor":4},{"not_picked":["Acrobatics","Cloak And Dagger","PiercingWail"],"picked":"SKIP","floor":5},{"not_picked":["Underhanded Strike","Caltrops"],"picked":"Footwork","floor":6},{"not_picked":["Dagger Spray","Acrobatics","Prepared"],"picked":"SKIP","floor":7},{"not_picked":["Flying Knee","Deadly Poison"],"picked":"Terror","floor":8},{"not_picked":["Tools of the Trade","Glass Knife","Expertise"],"picked":"SKIP","floor":11},{"not_picked":["Flying Knee","Acrobatics","Poisoned Stab"],"picked":"SKIP","floor":13},{"not_picked":["Backflip","Flying Knee","Acrobatics"],"picked":"SKIP","floor":14},{"not_picked":["Glass Knife","A Thousand Cuts"],"picked":"After Image","floor":16},{"not_picked":["Dagger Throw","Poisoned Stab+1","Outmaneuver"],"picked":"SKIP","floor":18},{"not_picked":["Tactician","Slice","Acrobatics"],"picked":"SKIP","floor":20},{"not_picked":["Backflip","Blade Dance","Bane"],"picked":"SKIP","floor":22},{"not_picked":["Acrobatics","Caltrops"],"picked":"Noxious Fumes","floor":24},{"not_picked":["Terror","Bouncing Flask","Sucker Punch"],"picked":"SKIP","floor":27},{"not_picked":["Flying Knee","Catalyst","Backstab"],"picked":"SKIP","floor":28},{"not_picked":["Flying Knee","Catalyst"],"picked":"Backstab","floor":28},{"not_picked":["Crippling Poison","Well Laid Plans"],"picked":"Adrenaline","floor":29},{"not_picked":["Deflect","Outmaneuver+1","Prepared"],"picked":"SKIP","floor":30},{"not_picked":["Tactician+1","Quick Slash+1","PiercingWail"],"picked":"SKIP","floor":35},{"not_picked":["Underhanded Strike+1","Sucker Punch+1"],"picked":"Storm of Steel","floor":37},{"not_picked":["Cloak And Dagger+1","Flying Knee+1","Finisher+1"],"picked":"SKIP","floor":38},{"not_picked":["Dodge and Roll","Quick Slash+1","Underhanded Strike"],"picked":"SKIP","floor":39},{"not_picked":["Skewer+1","PiercingWail+1","Tools of the Trade"],"picked":"SKIP","floor":41},{"not_picked":["Quick Slash","Underhanded Strike+1","PiercingWail+1"],"picked":"SKIP","floor":42},{"not_picked":["Deflect+1","Underhanded Strike","Finisher+1"],"picked":"SKIP","floor":44},{"not_picked":["Leg Sweep","Deflect+1"],"picked":"Catalyst+1","floor":46},{"not_picked":["PiercingWail+1","All Out Attack","Skewer+1"],"picked":"SKIP","floor":47},{"not_picked":["PiercingWail+1","Riddle With Holes+1","Cloak And Dagger"],"picked":"SKIP","floor":48},{"not_picked":["Poisoned Stab+1","Backflip","Expertise"],"picked":"SKIP","floor":54}],"player_experience":287019,"relics_obtained":[{"floor":6,"key":"Pocketwatch"},{"floor":11,"key":"Dream Catcher"},{"floor":21,"key":"Mummified Hand"},{"floor":24,"key":"FossilizedHelix"},{"floor":26,"key":"Potion Belt"},{"floor":37,"key":"Torii"},{"floor":41,"key":"Blue Candle"},{"floor":43,"key":"Centennial Puzzle"},{"floor":44,"key":"Old Coin"},{"floor":54,"key":"TungstenRod"}],"event_choices":[{"damage_healed":0,"gold_gain":75,"player_choice":"Touch","damage_taken":8,"max_hp_gain":0,"max_hp_loss":0,"event_name":"FaceTrader","floor":12,"gold_loss":0},{"damage_healed":0,"gold_gain":0,"player_choice":"Punched","damage_taken":3,"max_hp_gain":0,"max_hp_loss":0,"event_name":"Designer","floor":31,"gold_loss":0},{"damage_healed":0,"gold_gain":0,"player_choice":"Fight","damage_taken":0,"max_hp_gain":0,"max_hp_loss":0,"event_name":"Mysterious Sphere","floor":37,"gold_loss":0},{"damage_healed":0,"gold_gain":0,"player_choice":"Max HP","damage_taken":0,"max_hp_gain":0,"max_hp_loss":4,"event_name":"Winding Halls","floor":45,"gold_loss":0}],"is_beta":false,"boss_relics":[{"not_picked":["Velvet Choker","SlaversCollar"],"picked":"Philosopher\u0027s Stone"},{"not_picked":["Cursed Key","Astrolabe"],"picked":"Fusion Hammer"}],"items_purged_floors":[],"is_endless":false,"potions_floor_spawned":[2,5,7,8,11,16,18,22,27,29,30,35,38,47,48,54],"ascension_level":0}}