{"host":"fbdlh90rovbiajun","time":1613718077,"event":{"mods":["AchievementEnabler","BaseMod","Colored Map","Keyboard Shortcuts","Minty Spire (QoL Compilation)","SuperFastMode"],"gold_per_floor":[99,99,174,197,207,207,235,252,301,319,319,319,338,357,357,357,357],"floor_reached":16,"language":"KOR","playtime":282,"items_purged":[],"score":133,"play_id":"b75b66f7-074d-4d66-bc8b-d1dfcb0a7134","local_time":"20210219160117","is_ascension_mode":true,"campfire_choices":[{"data":"Eruption","floor":6,"key":"SMITH"},{"data":"SandsOfTime","floor":11,"key":"SMITH"},{"data":"CrushJoints","floor":15,"key":"SMITH"}],"circlet_count":0,"master_deck":["Strike_P","Strike_P","Strike_P","Defend_P","Defend_P","Defend_P","Eruption+1","Vigilance","SandsOfTime+1","CrushJoints+1"],"relics":["PureWater","NeowsBlessing","Tiny Chest","Mummified Hand","Ancient Tea Set"],"acts_visited":["Exordium"],"potions_floor_usage":[16,16,16],"damage_taken":[{"damage":0,"enemies":"Small Slimes","floor":1,"turns":1},{"damage":0,"enemies":"Jaw Worm","floor":5,"turns":1},{"damage":0,"enemies":"3 Sentries","floor":7,"turns":1},{"damage":0,"enemies":"Cultist","floor":8,"turns":2},{"damage":20,"enemies":"2 Fungi Beasts","floor":10,"turns":3},{"damage":3,"enemies":"Lots of Slimes","floor":13,"turns":4},{"damage":0,"enemies":"Looter","floor":14,"turns":4},{"damage":32,"enemies":"The Guardian","floor":16,"turns":5}],"seed_played":"-5393151078146943225","potions_obtained":[{"floor":5,"key":"PowerPotion"},{"floor":10,"key":"Swift Potion"},{"floor":13,"key":"Dexterity Potion"}],"is_trial":false,"path_per_floor":["M","?","?","T","M","R","E","M","T","M","R","?","M","M","R","B"],"character_chosen":"WATCHER","items_purchased":[],"campfire_rested":0,"item_purchase_floors":[],"current_hp_per_floor":[72,65,54,54,54,54,54,54,54,34,34,34,31,31,31,0,0],"gold":357,"neow_bonus":"THREE_ENEMY_KILL","is_daily":false,"chose_seed":false,"campfire_upgraded":3,"win_rate":0.0,"timestamp":1613718077,"path_taken":["M","?","?","?","M","R","E","M","T","?","R","?","?","M","R","BOSS"],"items_purchased_type":[],"build_version":"2020-12-22","purchased_purges":0,"victory":false,"max_hp_per_floor":[72,72,72,72,72,72,72,72,72,72,72,72,72,72,72,72,72],"card_choices":[{"not_picked":["Protect","Halt","EmptyBody"],"picked":"SKIP","floor":1},{"not_picked":["Weave","Wireheading","BowlingBash"],"picked":"SKIP","floor":5},{"not_picked":["PathToVictory","CarveReality","DeceiveReality"],"picked":"SKIP","floor":7},{"not_picked":["FearNoEvil","Protect"],"picked":"SandsOfTime","floor":8},{"not_picked":["Worship","DeceiveReality","Protect"],"picked":"SKIP","floor":10},{"not_picked":["ThirdEye","Alpha"],"picked":"CrushJoints","floor":13},{"not_picked":["ForeignInfluence","ThirdEye","CutThroughFate"],"picked":"SKIP","floor":14}],"player_experience":89838,"relics_obtained":[{"floor":4,"key":"Tiny Chest"},{"floor":7,"key":"Mummified Hand"},{"floor":9,"key":"Ancient Tea Set"}],"event_choices":[{"cards_removed":["Defend_P"],"damage_healed":0,"gold_gain":0,"player_choice":"Card Removal","damage_taken":7,"max_hp_gain":0,"max_hp_loss":0,"event_name":"Golden Wing","floor":2,"gold_loss":0},{"damage_healed":0,"gold_gain":75,"player_choice":"Gather Gold","damage_taken":11,"max_hp_gain":0,"max_hp_loss":0,"event_name":"World of Goop","floor":3,"gold_loss":0},{"cards_removed":["Strike_P"],"damage_healed":0,"gold_gain":0,"player_choice":"Offered Basic","damage_taken":0,"max_hp_gain":0,"max_hp_loss":0,"event_name":"Bonfire Elementals","floor":12,"gold_loss":0}],"is_beta":false,"boss_relics":[],"items_purged_floors":[],"is_endless":false,"potions_floor_spawned":[5,10,13],"killed_by":"The Guardian","ascension_level":1}}