{"host":"yqztwemefsbhfep8","time":1613725559,"event":{"mods":["BaseMod","Downfall","Minty Spire (QoL Compilation)","StSLib"],"gold_per_floor":[99,117,117,117,27,57,57,77,177,177,77,112,124,153,166,261,261,261,274,374,374,374,404,404,504,518,144,159,92,92,1,12,111,111,111,127,147,165,165,178,178,190,90,144,157,174,74,88,108,108,108,140,35,35,35,35,35,35],"floor_reached":56,"language":"ENG","playtime":3715,"items_purged":["downfall:Malfunctioning"],"score":848,"play_id":"8c2c0fee-5f35-40cd-890e-9085f855ff49","local_time":"20210219010559","is_ascension_mode":true,"campfire_choices":[{"data":"hexamod:Float","floor":1.0,"key":"SMITH"},{"floor":11.0,"key":"REST"},{"data":"hexamod:GiftsFromTheDead","floor":18,"key":"SMITH"},{"data":"hexamod:GiftsFromTheDead","floor":30,"key":"SMITH"},{"floor":35,"key":"RECALL"},{"data":"hexamod:VolcanoVisage","floor":43,"key":"SMITH"},{"data":"hexamod:TimeWarp","floor":47,"key":"SMITH"},{"data":"hexamod:SpectersWail","floor":54,"key":"SMITH"}],"circlet_count":0,"master_deck":["hexamod:Strike+1","hexamod:Strike+1","hexamod:Strike+1","hexamod:Strike+1","hexamod:Defend+1","hexamod:Defend+1","hexamod:Defend+1","hexamod:Defend+1","hexamod:Sear","hexamod:Float+1","hexamod:SpectersWail+1","hexamod:FourthSeal","hexamod:GiftsFromTheDead+1","hexamod:BacktrackSmack","J.A.X.","hexamod:HauntingEcho","hexamod:SearingWound+1","hexamod:FirstSeal","hexamod:GiftsFromTheDead+1","hexamod:FirstSeal","hexamod:FlamesFromBeyond+1","hexamod:AdvancingGuard+1","hexamod:FlamesFromBeyond+1","hexamod:FlamesFromBeyond+1","hexamod:ChargedBarrage+1","hexamod:VolcanoVisage+1","hexamod:TimeWarp+1","hexamod:GhostflameInferno+1","hexamod:TurnItUp+1","CurseOfTheBell","hexamod:FlamesFromBeyond+1","hexamod:SuperheatedStrike+1","hexamod:SuperheatedStrike+1","Parasite","hexamod:FlamesFromBeyond+1","hexamod:RecurringNightmare+1","hexamod:Hexaguard+1"],"relics":["hexamod:SpiritBrand","Regal Pillow","PreservedInsect","Eternal Feather","downfall:HeartBlessingGreen","Torii","Oddly Smooth Stone","Coffee Dripper","MutagenicStrength","Lantern","Toxic Egg 2","Meat on the Bone","Toolbox","Calling Bell","Akabeko","Molten Egg 2","hexamod:SoulConsumer","Gremlin Horn","downfall:HeartBlessingBlue","Bag of Preparation","downfall:HeartBlessingRed","Thread and Needle"],"acts_visited":["Exordium","TheCity","TheBeyond","TheEnding"],"potions_floor_usage":[16,16,16,20,23,28,29,31,32,33,37,38,40,40,42,50,50,50,55,55,55],"damage_taken":[{"damage":6.0,"enemies":"Cultist","floor":2.0,"turns":3.0},{"damage":5.0,"enemies":"downfall:FleeingMerchant","floor":5.0,"turns":4.0},{"damage":51.0,"enemies":"3 Sentries","floor":6.0,"turns":10.0},{"damage":0.0,"enemies":"Jaw Worm","floor":8.0,"turns":3.0},{"damage":7.0,"enemies":"Gremlin Nob","floor":12.0,"turns":4.0},{"damage":1.0,"enemies":"2 Louse","floor":13.0,"turns":2.0},{"damage":10.0,"enemies":"3 Sentries","floor":14.0,"turns":6.0},{"damage":0.0,"enemies":"Large Slime","floor":15.0,"turns":6.0},{"damage":5,"enemies":"SI_SHIV_ARCHETYPE","floor":16,"turns":9},{"damage":2,"enemies":"downfall:LooterAlt2","floor":19,"turns":5},{"damage":39,"enemies":"downfall:Augmenter","floor":20,"turns":6},{"damage":13,"enemies":"Gremlin Leader","floor":23,"turns":3},{"damage":3,"enemies":"Chosen","floor":26,"turns":4},{"damage":3,"enemies":"downfall:FleeingMerchant","floor":27,"turns":4},{"damage":13,"enemies":"3 Cultists","floor":28,"turns":4},{"damage":0,"enemies":"downfall:FleeingMerchant","floor":29,"turns":4},{"damage":0,"enemies":"downfall:FleeingMerchant","floor":31,"turns":3},{"damage":2,"enemies":"Centurion and Healer","floor":32,"turns":3},{"damage":41,"enemies":"DF_ARCHETYPE_CLAW","floor":33,"turns":7},{"damage":3,"enemies":"3 Shapes","floor":36,"turns":3},{"damage":18,"enemies":"Orb Walker","floor":37,"turns":3},{"damage":11,"enemies":"Spire Growth","floor":38,"turns":4},{"damage":31,"enemies":"Transient","floor":40,"turns":5},{"damage":23,"enemies":"4 Shapes","floor":42,"turns":3},{"damage":36,"enemies":"Jaw Worm Horde","floor":45,"turns":3},{"damage":3,"enemies":"Sphere and 2 Shapes","floor":46,"turns":2},{"damage":23,"enemies":"3 Darklings","floor":48,"turns":3},{"damage":20,"enemies":"Writhing Mass","floor":49,"turns":5},{"damage":18,"enemies":"IC_BLOCK_ARCHETYPE","floor":50,"turns":6},{"damage":86,"enemies":"downfall:CharBossMerchant","floor":52,"turns":6},{"damage":14,"enemies":"downfall:NeowBoss","floor":55,"turns":14},{"damage":85,"enemies":"downfall:NeowBossFinal","floor":56,"turns":8}],"seed_played":"918385717333764668","potions_obtained":[{"floor":8.0,"key":"SneckoOil"},{"floor":12.0,"key":"hexamod:EctoCoolerPotion"},{"floor":12.0,"key":"Fruit Juice"},{"floor":13.0,"key":"Guardian:BlockOnCardUsePotion"},{"floor":14.0,"key":"Explosive Potion"},{"floor":16,"key":"LiquidMemories"},{"floor":16,"key":"CultistPotion"},{"floor":19,"key":"GamblersBrew"},{"floor":20,"key":"Swift Potion"},{"floor":26,"key":"sneckomod:MuddlingPotion"},{"floor":27,"key":"Fire Potion"},{"floor":28,"key":"hexamod:DoubleChargePotion"},{"floor":29,"key":"Fruit Juice"},{"floor":32,"key":"PowerPotion"},{"floor":32,"key":"GamblersBrew"},{"floor":33,"key":"hexamod:EctoCoolerPotion"},{"floor":33,"key":"Energy Potion"},{"floor":38,"key":"Fire Potion"},{"floor":38,"key":"DistilledChaos"},{"floor":40,"key":"CultistPotion"},{"floor":40,"key":"ColorlessPotion"},{"floor":42,"key":"bronze:BurnAndBuffPotion"},{"floor":48,"key":"Weak Potion"},{"floor":49,"key":"hexamod:DoubleChargePotion"},{"floor":52,"key":"Explosive Potion"},{"floor":52,"key":"Ancient Potion"}],"is_trial":false,"path_per_floor":["R","M","?","?","$","E","T","M","?","T","R","E","M","E","M","B",null,"R","M","?","?","T","E","T","?","M","$","M","$","R","$","M","B",null,"R","M","M","M","?","M","T","M","R","?","M","M","R","M","M","B",null,"E","$","R","B","B"],"character_chosen":"THE_SPIRIT","items_purchased":["Meat on the Bone","hexamod:FirstSeal","hexamod:FlamesFromBeyond+1","hexamod:FlamesFromBeyond+1","Toolbox","hexamod:VolcanoVisage","hexamod:TimeWarp","AttackPotion","hexamod:Hexaguard+1"],"campfire_rested":1,"item_purchase_floors":[27,27,27,29,31,31,31,53,53],"current_hp_per_floor":[70,64,64,64,59,8,8,8,8,8,50,43,47,37,37,32,75,75,73,34,34,34,21,21,21,18,22,28,54,66,75,78,63,80,80,80,80,73,73,60,60,67,90,90,65,62,80,64,67,67,90,34,34,55,71,0,0,0],"gold":35,"neow_bonus":"ONE_RANDOM_RARE_CARD","is_daily":false,"chose_seed":false,"campfire_upgraded":6,"win_rate":0.0,"timestamp":1613725559,"path_taken":["R","M","?","?","?","E","T","M","?","?","R","E","?","E","M","BOSS","R","M","?","?","?","E","T","?","M","$","?","?","R","$","M","BOSS","R","M","M","M","?","M","T","?","R","?","M","M","R","M","M","BOSS","E","$","R","BOSS","BOSS"],"items_purchased_type":["Relic","Card","Card","Card","Relic","Card","Card","Potion","Card"],"build_version":"2020-12-22","purchased_purges":1,"victory":false,"max_hp_per_floor":[70,70,70,70,70,70,70,70,70,70,70,70,75,75,75,75,75,75,75,75,75,75,75,75,75,75,75,75,75,75,75,80,80,80,80,80,80,80,80,80,80,80,90,90,90,90,90,90,90,90,90,90,90,90,90,90,90,90],"card_choices":[{"not_picked":["hexamod:NightmareGuise","hexamod:ThermalTransfer"],"picked":"hexamod:SpectersWail","floor":2.0},{"not_picked":["hexamod:GhostLash","hexamod:ShieldOfDarkness","hexamod:BurningTouch"],"picked":"SKIP","floor":5.0},{"not_picked":["hexamod:GhostShield","hexamod:NecessarySacrifice"],"picked":"hexamod:FourthSeal","floor":6.0},{"not_picked":["hexamod:ChargedBarrage","hexamod:EmpoweredFlame","hexamod:RecurringNightmare"],"picked":"SKIP","floor":8.0},{"not_picked":["hexamod:SpectralSpark","hexamod:CatchUp","hexamod:HeatMetal"],"picked":"SKIP","floor":12.0},{"not_picked":["hexamod:EtherealExpedition","hexamod:Rewind","hexamod:BurningTouch"],"picked":"SKIP","floor":13.0},{"not_picked":["hexamod:GhostShield","hexamod:Firestarter","hexamod:FourthSeal"],"picked":"SKIP","floor":14.0},{"not_picked":["hexamod:ThirdSeal","hexamod:Incineration","hexamod:SuperheatedStrike"],"picked":"SKIP","floor":15.0},{"not_picked":["hexamod:SearingWound","hexamod:GhostflameInferno"],"picked":"hexamod:GiftsFromTheDead","floor":16},{"not_picked":["hexamod:FastForward","hexamod:RetreatToShadows","hexamod:PhantomFireball"],"picked":"SKIP","floor":19},{"not_picked":[],"picked":"J.A.X.","floor":20},{"not_picked":["hexamod:ShieldOfDarkness","hexamod:RetreatToShadows"],"picked":"hexamod:HauntingEcho","floor":20},{"not_picked":["hexamod:Toasty","hexamod:GhostShield+1"],"picked":"hexamod:SearingWound+1","floor":23},{"not_picked":["hexamod:SpectralAdrenaline+1","hexamod:InspiringFlames+1"],"picked":"hexamod:FirstSeal","floor":26},{"not_picked":["hexamod:InspiringFlames+1","hexamod:SuperheatedStrike"],"picked":"hexamod:GiftsFromTheDead","floor":27},{"not_picked":["hexamod:BurningTouch+1","hexamod:HeatMetal+1"],"picked":"hexamod:AdvancingGuard+1","floor":28},{"not_picked":["hexamod:BacktrackSmack","hexamod:GhostShield+1"],"picked":"hexamod:FlamesFromBeyond+1","floor":29},{"not_picked":["hexamod:SkipABeat+1","hexamod:SpectralAdrenaline+1"],"picked":"hexamod:ChargedBarrage+1","floor":31},{"not_picked":["hexamod:FourthSeal","hexamod:SwordOfDarkness"],"picked":"hexamod:GhostflameInferno+1","floor":32},{"not_picked":["hexamod:FifthSeal","hexamod:Toasty"],"picked":"hexamod:TurnItUp+1","floor":33},{"not_picked":["hexamod:CatchUp+1","hexamod:Hexaguard+1"],"picked":"hexamod:FlamesFromBeyond+1","floor":36},{"not_picked":["hexamod:AdvancingGuard+1","hexamod:BacktrackSmack+1","hexamod:HauntingEcho+1"],"picked":"SKIP","floor":37},{"not_picked":["hexamod:SpectersWail+1","hexamod:SwordOfDarkness+1","hexamod:FourthSeal"],"picked":"SKIP","floor":38},{"not_picked":["hexamod:GhostOfSpireFuture+1","hexamod:AdvancingGuard+1"],"picked":"hexamod:SuperheatedStrike+1","floor":40},{"not_picked":["hexamod:FlamesFromBeyond+1","hexamod:SixthSeal"],"picked":"hexamod:SuperheatedStrike+1","floor":42},{"not_picked":["hexamod:GhostLash+1","hexamod:NightmareGuise+1","hexamod:SpectersWail+1"],"picked":"SKIP","floor":45},{"not_picked":["hexamod:NightmareGuise+1","hexamod:InspiringFlames+1","hexamod:AdvancingGuard+1"],"picked":"SKIP","floor":46},{"not_picked":["hexamod:NecessarySacrifice+1","hexamod:BacktrackSmack+1","hexamod:SkipABeat+1"],"picked":"SKIP","floor":48},{"not_picked":["hexamod:SpectralSpark+1","hexamod:AdvancingGuard+1"],"picked":"hexamod:FlamesFromBeyond+1","floor":49},{"not_picked":["hexamod:SpectersWail+1","hexamod:ChargedBarrage+1"],"picked":"hexamod:RecurringNightmare+1","floor":52}],"player_experience":332973,"relics_obtained":[{"floor":6.0,"key":"Regal Pillow"},{"floor":7.0,"key":"PreservedInsect"},{"floor":10.0,"key":"Eternal Feather"},{"floor":12.0,"key":"Torii"},{"floor":14.0,"key":"Oddly Smooth Stone"},{"floor":20,"key":"MutagenicStrength"},{"floor":22,"key":"Lantern"},{"floor":23,"key":"Toxic Egg 2"},{"floor":34,"key":"Akabeko"},{"floor":34,"key":"Molten Egg 2"},{"floor":34,"key":"hexamod:SoulConsumer"},{"floor":41,"key":"Gremlin Horn"},{"floor":44,"key":"Bag of Preparation"},{"floor":52,"key":"Thread and Needle"}],"event_choices":[],"is_beta":false,"boss_relics":[{"not_picked":["Empty Cage","Snecko Eye"],"picked":"Coffee Dripper"},{"not_picked":["Fusion Hammer","SacredBark"],"picked":"Calling Bell"}],"items_purged_floors":[5],"is_endless":false,"potions_floor_spawned":[12,15,16,28,32,33,38,40,42,46,48,52],"killed_by":"downfall:NeowBossFinal","ascension_level":1}}