{"host":"djfsqftupta9xgss","time":1613740467,"event":{"mods":["ATMod(阿瑾Mod)","Act Like it!","BaseMod","Gensokyo","Minty Spire (QoL Compilation)","MostiFishMod","Replay The Spire","Spicy Shops","StSLib","TestMod"],"gold_per_floor":[109,126,51,63,75,110,110,144,169,194,204,204,221,236,236,313,313,332,332,332,257,267,267,302,314,337,362,-1350,-1334,-1334,-1320,-1320,-1249,-1249,-1233,-1206,-1196,-1196,-1196,-1170,-1157,-1132,-1105,-1080,-1063,-1037,-1037,-1011,-1011,-1011,-1011,-1011,-1011,-1011,-985,-985],"floor_reached":57,"language":"ZHS","playtime":1408,"items_purged":[],"score":3614,"play_id":"9d325cf9-09cd-4c97-884e-577ded646ab6","local_time":"20210219211427","is_ascension_mode":true,"campfire_choices":[{"data":"Coolheaded","floor":12,"key":"SMITH"},{"data":"AT_MachinaRedman","floor":15,"key":"SMITH"},{"data":"Seek","floor":23,"key":"SMITH"},{"floor":30,"key":"RECALL"},{"data":"MostiFishMod:Hijack","floor":32,"key":"SMITH"},{"data":"AT_StudyProgram","floor":47,"key":"SMITH"},{"data":"Skim","floor":49,"key":"SMITH"},{"data":"Heatsinks","floor":53,"key":"SMITH"}],"circlet_count":0,"master_deck":["AscendersBane","Strike_B","Strike_B","Strike_B","Defend_B","Defend_B","Defend_B","Defend_B","Dualcast","AT_MachinaRedman+1","Ball Lightning","Turbo","Loop","Core Surge","AT_StudyProgram+1","MostiFishMod:Distribution","Coolheaded+1","Seek+1","Skim","Double Energy","MostiFishMod:Hijack+1","Skim+1","Heatsinks+1","AT_EMC2+1","AT_DarkMatter+1","Recycle"],"relics":["AT_ATBox","testmod-TestBox","testmod-SaigiyounoYou","ShadowXiaoBlade","testmod-IncinerationGenerator","SynthV:TestCard","testmod-BalancedPeriapt","AT_RedNoBalance","Gremlin Food","Replay:Antivirus Software","ExusiaiGun","AT_BellDemon","Blood Vial","AT_SpeedBoots","Omamori","AT_BladeRuinedKing","Replay:Wax Seal","Sundial","SynthV:MejaisSoulstealer","AT_RedTearstoneRing","Singing Bowl","Garlic","RhineSuit","AT_GuinsooRageblade","Bag of Marbles","DaveBox","TimeKeys","Red Mask","Happy Flower","Unceasing Top","Ancient Tea Set","AT_Kusabimaru","AT_EbonyIvory","MealTicket","Shuriken","Prayer Wheel","Chameleon Ring","testmod-AssaultLearning","Orichalcum","Replay:Rubber Ducky","Solar Panel","AT_SunfireAegis","AT_ImmortalShieldbow"],"acts_visited":["Exordium","TheCity","TheBeyond","TheEnding"],"potions_floor_usage":[6,10,29,56,56,56],"damage_taken":[{"damage":0,"enemies":"Cultist","floor":1,"turns":2},{"damage":7,"enemies":"Jaw Worm","floor":2,"turns":2},{"damage":0,"enemies":"2 Louse","floor":4,"turns":2},{"damage":0,"enemies":"Large Slime","floor":5,"turns":2},{"damage":8,"enemies":"Gremlin Nob","floor":6,"turns":3},{"damage":15,"enemies":"3 Sentries","floor":8,"turns":3},{"damage":3,"enemies":"Lagavulin","floor":10,"turns":4},{"damage":4,"enemies":"2 Fungi Beasts","floor":11,"turns":2},{"damage":13,"enemies":"Exordium Wildlife","floor":13,"turns":2},{"damage":0,"enemies":"Blue Slaver","floor":14,"turns":1},{"damage":10,"enemies":"Hexaghost","floor":16,"turns":5},{"damage":0,"enemies":"Spheric Guardian","floor":18,"turns":1},{"damage":0,"enemies":"Chosen","floor":22,"turns":1},{"damage":0,"enemies":"Gremlin Leader","floor":24,"turns":1},{"damage":0,"enemies":"Snake Plant","floor":25,"turns":1},{"damage":0,"enemies":"Book of Stabbing","floor":27,"turns":1},{"damage":0,"enemies":"Centurion and Healer","floor":29,"turns":2},{"damage":0,"enemies":"Sentry and Sphere","floor":31,"turns":1},{"damage":0,"enemies":"Collector","floor":33,"turns":1},{"damage":0,"enemies":"Orb Walker","floor":35,"turns":1},{"damage":0,"enemies":"3 Darklings","floor":37,"turns":2},{"damage":0,"enemies":"R_Hoarder","floor":40,"turns":1},{"damage":0,"enemies":"Sphere and 2 Shapes","floor":41,"turns":1},{"damage":0,"enemies":"Mind Bloom Boss Battle","floor":42,"turns":1},{"damage":0,"enemies":"Nemesis","floor":44,"turns":1},{"damage":0,"enemies":"Spire Growth","floor":45,"turns":1},{"damage":0,"enemies":"Giant Head","floor":46,"turns":1},{"damage":0,"enemies":"R_Hoarder","floor":48,"turns":2},{"damage":0,"enemies":"Donu and Deca","floor":50,"turns":2},{"damage":0,"enemies":"Time Eater","floor":51,"turns":1},{"damage":0,"enemies":"Shield and Spear","floor":55,"turns":2},{"damage":5,"enemies":"The Heart","floor":56,"turns":3}],"seed_played":"5933135546549137487","potions_obtained":[{"floor":1,"key":"testmod-SpacePotion"},{"floor":5,"key":"Block Potion"},{"floor":6,"key":"Swift Potion"},{"floor":13,"key":"FocusPotion"},{"floor":14,"key":"Venom Potion"},{"floor":22,"key":"SkillPotion"},{"floor":25,"key":"testmod-SpacePotion"},{"floor":29,"key":"PowerPotion"},{"floor":37,"key":"Doom Potion"},{"floor":42,"key":"Regen Potion"}],"is_trial":false,"path_per_floor":["M","M","?","M","M","E","T","E","T","E","M","R","M","M","R","B",null,"M","?","?","?","M","R","E","M","T","E","$","M","R","M","R","B",null,"M","?","M","?","?","E","M","?","T","E","M","E","R","E","R","B","B",null,"R","$","E","B",null],"character_chosen":"DEFECT","items_purchased":["Replay:Wax Seal","Sundial","SynthV:MejaisSoulstealer"],"campfire_rested":0,"item_purchase_floors":[28,28,28],"current_hp_per_floor":[71,66,66,71,71,69,69,34,34,41,36,36,29,40,40,48,65,37,37,27,27,36,36,48,53,53,62,62,71,71,71,71,71,71,71,71,71,71,71,71,71,71,71,71,71,71,71,71,71,71,71,71,71,71,71,69],"gold":-985,"neow_bonus":"BOSS_RELIC","is_daily":false,"chose_seed":false,"campfire_upgraded":7,"win_rate":0.0,"timestamp":1613740467,"path_taken":["M","?","?","M","M","E","?","E","T","E","M","R","M","?","R","BOSS","M","?","?","?","?","R","E","M","T","E","$","M","R","M","R","BOSS","M","?","M","?","?","E","?","?","T","E","M","E","R","E","R","BOSS","BOSS","R","$","E","BOSS"],"items_purchased_type":["Relic","Relic","Relic"],"build_version":"2020-12-22","purchased_purges":0,"victory":true,"max_hp_per_floor":[71,71,71,71,71,71,71,71,71,71,71,71,71,71,71,71,71,71,71,71,71,71,71,71,71,71,71,71,71,71,71,71,71,71,71,71,71,71,71,71,71,71,71,71,71,71,71,71,71,71,71,71,71,71,71,71],"card_choices":[{"not_picked":["Fusion","Go for the Eyes"],"picked":"Ball Lightning","floor":1},{"not_picked":["Redo","Cold Snap","Doom and Gloom","Reinforced Body","Chill"],"picked":"SKIP","floor":2},{"not_picked":["Conserve Battery","Melter","Compile Driver","Ball Lightning"],"picked":"Turbo","floor":4},{"not_picked":["Cold Snap","Storm","Barrage","Turbo"],"picked":"Loop","floor":5},{"not_picked":["MostiFishMod:PushDownKick","Redo","Hello World","Doom and Gloom"],"picked":"Core Surge","floor":6},{"not_picked":["Undo","Go for the Eyes","MostiFishMod:Impulse","Barrage"],"picked":"AT_StudyProgram","floor":8},{"not_picked":["Go for the Eyes","Streamline","Coolheaded","Cold Snap"],"picked":"MostiFishMod:Distribution","floor":10},{"not_picked":["BootSequence","Undo","Heatsinks","MostiFishMod:PushDownKick"],"picked":"Coolheaded","floor":11},{"not_picked":["Beam Cell","Cold Snap","Sweeping Beam","Darkness","Chaos"],"picked":"SKIP","floor":13},{"not_picked":["Conserve Battery","MostiFishMod:Distribution","Rebound","Turbo","Leap"],"picked":"SKIP","floor":14},{"not_picked":["Rainbow","AT_RightCognition","Reboot","MostiFishMod:StarOceanB"],"picked":"Seek","floor":16},{"not_picked":["Barrage+1","Force Field","Rebound+1","Blizzard"],"picked":"Skim","floor":18},{"not_picked":["Cold Snap","Stack","MostiFishMod:PushDownKick+1","Barrage","Meteor Strike"],"picked":"SKIP","floor":22},{"not_picked":["Turbo","Hello World","MostiFishMod:Impulse","Streamline","MostiFishMod:PushDownKick"],"picked":"SKIP","floor":24},{"not_picked":["Static Discharge","Blizzard","Leap","Barrage+1","Stack"],"picked":"SKIP","floor":25},{"not_picked":["FTL","Compile Driver+1","MostiFishMod:LinkProtocol","Reprogram"],"picked":"Double Energy","floor":27},{"not_picked":["AT_ThreeBodyProblem","Tempest","Force Field+1","Stack","Barrage"],"picked":"SKIP","floor":29},{"not_picked":["Sunder","Beam Cell","Coolheaded","Undo"],"picked":"MostiFishMod:Hijack","floor":31},{"not_picked":["MostiFishMod:ATRI","Echo Form","Hyperbeam","Meteor Strike","Multi-Cast"],"picked":"Singing Bowl","floor":33},{"not_picked":["Streamline+1","Turbo","AT_HeatAcrobatics","Conserve Battery"],"picked":"Skim","floor":35},{"not_picked":["AT_HeatAcrobatics","BootSequence","Steam Power","Reinforced Body","MostiFishMod:GatherIntelligence+1"],"picked":"Singing Bowl","floor":36},{"not_picked":["Steam","MostiFishMod:TalkingToTheRain","Turbo","Barrage","Self Repair"],"picked":"Singing Bowl","floor":37},{"not_picked":["Go for the Eyes+1","Barrage","Chaos","AT_HeatAcrobatics"],"picked":"Heatsinks","floor":40},{"not_picked":["Double Energy","Leap","FTL","Genetic Algorithm","Steam"],"picked":"Singing Bowl","floor":41},{"not_picked":["MostiFishMod:StrandedSiren","MostiFishMod:PushDownKick","Leap","Hologram+1"],"picked":"AT_EMC2+1","floor":42},{"not_picked":["Barrage+1","Darkness","Auto Shields","Stack","Cold Snap"],"picked":"Singing Bowl","floor":44},{"not_picked":["Streamline","Sweeping Beam","MostiFishMod:PushDownKick+1","Undo+1","Stack"],"picked":"Singing Bowl","floor":45},{"not_picked":["Doom and Gloom","MostiFishMod:LinkProtocol","Redo","Rebound"],"picked":"AT_DarkMatter+1","floor":45},{"not_picked":["Storm","Reinforced Body","Coolheaded","Ball Lightning","Static Discharge+1"],"picked":"Singing Bowl","floor":46},{"not_picked":["Reprogram+1","Heatsinks","Darkness","Steam Power","Consume"],"picked":"Singing Bowl","floor":48},{"not_picked":["Rebound+1","Static Discharge","AT_HeatAcrobatics","Hello World"],"picked":"Recycle","floor":55}],"player_experience":407662,"relics_obtained":[{"floor":1,"key":"SynthV:TestCard"},{"floor":6,"key":"testmod-BalancedPeriapt"},{"floor":7,"key":"AT_SilverBalance"},{"floor":8,"key":"Gremlin Food"},{"floor":10,"key":"Replay:Antivirus Software"},{"floor":24,"key":"AT_BellDemon"},{"floor":25,"key":"Blood Vial"},{"floor":26,"key":"AT_SpeedBoots"},{"floor":27,"key":"Omamori"},{"floor":27,"key":"AT_BladeRuinedKing"},{"floor":29,"key":"AT_RedTearstoneRing"},{"floor":31,"key":"Singing Bowl"},{"floor":33,"key":"Garlic"},{"floor":35,"key":"AT_GuinsooRageblade"},{"floor":37,"key":"Bag of Marbles"},{"floor":40,"key":"Happy Flower"},{"floor":40,"key":"Unceasing Top"},{"floor":41,"key":"Ancient Tea Set"},{"floor":42,"key":"AT_Kusabimaru"},{"floor":42,"key":"AT_EbonyIvory"},{"floor":43,"key":"MealTicket"},{"floor":44,"key":"Shuriken"},{"floor":44,"key":"Prayer Wheel"},{"floor":45,"key":"Chameleon Ring"},{"floor":46,"key":"testmod-AssaultLearning"},{"floor":46,"key":"Orichalcum"},{"floor":48,"key":"Replay:Rubber Ducky"},{"floor":48,"key":"Solar Panel"},{"floor":55,"key":"AT_SunfireAegis"},{"floor":55,"key":"AT_ImmortalShieldbow"}],"event_choices":[{"cards_removed":["Strike_B"],"damage_healed":0,"gold_gain":0,"player_choice":"Card Removal","damage_taken":0,"max_hp_gain":0,"max_hp_loss":0,"event_name":"The Cleric","floor":3,"gold_loss":75},{"damage_healed":0,"gold_gain":0,"player_choice":"Shed Blood","damage_taken":25,"max_hp_gain":5,"max_hp_loss":0,"event_name":"Forgotten Altar","floor":20,"gold_loss":0},{"cards_removed":["Zap"],"damage_healed":0,"gold_gain":0,"player_choice":"Gave Gold","damage_taken":0,"max_hp_gain":0,"max_hp_loss":0,"event_name":"Beggar","floor":21,"gold_loss":75},{"damage_healed":0,"gold_gain":0,"player_choice":"Swap Relic","damage_taken":0,"relics_obtained":["DaveBox"],"max_hp_gain":0,"max_hp_loss":0,"event_name":"给自己的盒子","floor":38,"relics_lost":["DaveBox"],"gold_loss":0},{"damage_healed":0,"gold_gain":0,"player_choice":"Paid","damage_taken":0,"relics_obtained":["Red Mask"],"max_hp_gain":0,"max_hp_loss":0,"event_name":"Tomb of Lord Red Mask","floor":39,"gold_loss":-1196},{"damage_healed":0,"gold_gain":0,"player_choice":"Fight","damage_taken":0,"max_hp_gain":0,"max_hp_loss":0,"event_name":"MindBloom","floor":42,"gold_loss":0}],"is_beta":false,"boss_relics":[{"not_picked":["Philosopher\u0027s Stone","RhineFirstAidKit"],"picked":"ExusiaiGun"},{"not_picked":["ChewingGum","Replay:Drink Me"],"picked":"RhineSuit"}],"items_purged_floors":[],"is_endless":false,"potions_floor_spawned":[1,5,6,13,14,22,24,25,29,37,42,46,48],"ascension_level":20}}