{"host":"7wmszz0w4jucpwgw","time":1613709094,"event":{"mods":["Act Like it!","BaseMod","Best Route Mod","Minty Spire (QoL Compilation)","Prisma Mod","Shop Mod","StSLib","Waifu the Spire"],"gold_per_floor":[112,112,62,74,74,103,120,120,173,173,203,203,214,229,229,327,327,337,351,351,351,132,132,157,157,157,157,175,188,188,203,203,301,301,317,0,16,16,32,32,42,42,89,101,125,148,178,27,27,27,27,27,27,57,57],"floor_reached":56,"language":"ENG","playtime":3571,"items_purged":["PrismaMod:ChloeCommonAttack"],"score":1219,"play_id":"b231e5e8-d2bd-4dd7-843f-6841dd487736","local_time":"20210218203134","is_ascension_mode":false,"campfire_choices":[{"data":"PrismaMod:ChloeRhongomyniad","floor":8.0,"key":"SMITH"},{"data":"PrismaMod:ChloeEyeOfTheEuryale","floor":10.0,"key":"SMITH"},{"data":"PrismaMod:ChloeCheapAttack","floor":12.0,"key":"SMITH"},{"data":"PrismaMod:ChloeAnySkillTrace","floor":15.0,"key":"SMITH"},{"data":"PrismaMod:ChloeGaeBolg","floor":23.0,"key":"SMITH"},{"data":"PrismaMod:ChloeRitsuka","floor":25.0,"key":"SMITH"},{"floor":27.0,"key":"RECALL"},{"data":"PrismaMod:ChloeGaeBolg","floor":30.0,"key":"SMITH"},{"data":"PrismaMod:ChloeCommonDefend","floor":32.0,"key":"SMITH"},{"data":"PrismaMod:ChloeCommonDefend","floor":40.0,"key":"SMITH"},{"floor":44.0,"key":"REST"},{"data":"PrismaMod:ChloeCarnivalAttack","floor":49.0,"key":"SMITH"},{"floor":52.0,"key":"REST"}],"circlet_count":0,"master_deck":["PrismaMod:ChloeCommonDefend+1","PrismaMod:ChloeCommonDefend+1","PrismaMod:ChloeCommonDefend+1","PrismaMod:ChloeCommonDefend+1","PrismaMod:ChloeCheapAttack+1","PrismaMod:ChloeCheapDefend+1","PrismaMod:ChloeEyeOfTheEuryale+1","PrismaMod:ChloeRhongomyniad+1","PrismaMod:ChloeRitsuka+1","PrismaMod:ChloeAnySkillTrace+1","PrismaMod:ChloeGaeBolg+1","PrismaMod:ChloeGaeBolg+1","PrismaMod:ChloeMordred+1","PrismaMod:ChloeCarnivalAttack+1"],"relics":["PrismaMod:PrismaTraceOn","Centennial Puzzle","Omamori","Orichalcum","Strawberry","Calling Bell","War Paint","Shuriken","FossilizedHelix","Bronze Scales","Gambling Chip","Empty Cage","Red Mask","MawBank","Bag of Preparation"],"acts_visited":["Exordium","TheCity","TheBeyond","TheEnding"],"potions_floor_usage":[55,55],"damage_taken":[{"damage":2.0,"enemies":"Jaw Worm","floor":1.0,"turns":5.0},{"damage":0.0,"enemies":"Small Slimes","floor":4.0,"turns":4.0},{"damage":28.0,"enemies":"Gremlin Nob","floor":6.0,"turns":5.0},{"damage":0.0,"enemies":"2 Louse","floor":7.0,"turns":3.0},{"damage":0.0,"enemies":"2 Fungi Beasts","floor":13.0,"turns":2.0},{"damage":0.0,"enemies":"Large Slime","floor":14.0,"turns":3.0},{"damage":0.0,"enemies":"Slime Boss","floor":16.0,"turns":8.0},{"damage":0.0,"enemies":"2 Thieves","floor":18.0,"turns":2.0},{"damage":15.0,"enemies":"3 Byrds","floor":19.0,"turns":7.0},{"damage":0.0,"enemies":"Book of Stabbing","floor":24.0,"turns":5.0},{"damage":0.0,"enemies":"Snake Plant","floor":28.0,"turns":2.0},{"damage":0.0,"enemies":"Cultist and Chosen","floor":29.0,"turns":2.0},{"damage":0.0,"enemies":"Centurion and Healer","floor":31.0,"turns":3.0},{"damage":8.0,"enemies":"Collector","floor":33.0,"turns":7.0},{"damage":0.0,"enemies":"Orb Walker","floor":35.0,"turns":1.0},{"damage":4.0,"enemies":"3 Shapes","floor":37.0,"turns":4.0},{"damage":13.0,"enemies":"Maw","floor":39.0,"turns":5.0},{"damage":0.0,"enemies":"Spire Growth","floor":41.0,"turns":1.0},{"damage":0.0,"enemies":"Writhing Mass","floor":45.0,"turns":1.0},{"damage":0.0,"enemies":"3 Darklings","floor":46.0,"turns":1.0},{"damage":0.0,"enemies":"Maw","floor":47.0,"turns":5.0},{"damage":68.0,"enemies":"Donu and Deca","floor":50.0,"turns":10.0},{"damage":48,"enemies":"Shield and Spear","floor":54,"turns":7},{"damage":104,"enemies":"The Heart","floor":55,"turns":11}],"seed_played":"4818748478511709904","potions_obtained":[{"floor":6.0,"key":"Regen Potion"},{"floor":7.0,"key":"SkillPotion"},{"floor":13.0,"key":"ColorlessPotion"},{"floor":16.0,"key":"Swift Potion"},{"floor":29.0,"key":"SmokeBomb"},{"floor":31.0,"key":"Fruit Juice"},{"floor":39.0,"key":"Fruit Juice"},{"floor":41.0,"key":"PowerPotion"},{"floor":45.0,"key":"FairyPotion"}],"is_trial":false,"path_per_floor":["M","?","?","M","?","E","M","R","T","R","?","R","M","M","R","B",null,"M","M","?","?","$","R","E","R","T","R","M","M","R","M","R","B",null,"M","?","M","?","M","R","M","$","T","R","M","M","M","$","R","B",null,"R","$","E","B",null],"character_chosen":"CHLOE","items_purchased":["Bronze Scales","PrismaMod:ChloeCarnivalAttack"],"campfire_rested":2,"item_purchase_floors":[22,48],"current_hp_per_floor":[73,66,66,66,59,31,31,31,38,38,38,38,38,38,38,40,82,82,67,67,67,67,67,67,67,67,67,67,67,67,72,72,64,87,87,87,83,83,75,75,75,75,75,92,92,92,92,92,92,30,92,92,92,49,6],"gold":57,"neow_bonus":"RANDOM_COMMON_RELIC","is_daily":false,"chose_seed":false,"campfire_upgraded":10,"win_rate":0.0,"timestamp":1613709094,"path_taken":["M","?","?","M","?","E","M","R","T","R","?","R","M","M","R","BOSS","M","M","?","?","$","R","E","R","T","R","M","M","R","M","R","BOSS","M","?","M","?","M","R","?","?","T","R","M","M","?","$","R","BOSS","R","$","E","BOSS"],"items_purchased_type":["Relic","Card"],"build_version":"2020-12-22","purchased_purges":1,"victory":true,"max_hp_per_floor":[75,75,75,75,75,75,75,75,82,82,82,82,82,82,82,82,82,82,82,82,82,82,82,82,82,82,82,82,82,82,87,87,87,87,87,87,87,87,92,92,92,92,92,92,92,92,92,92,92,92,92,92,92,92,92],"card_choices":[{"not_picked":["PrismaMod:ChloeCheapDefend","PrismaMod:ChloeCommonAOEAttack"],"picked":"PrismaMod:ChloeEyeOfTheEuryale","floor":1.0},{"not_picked":["PrismaMod:ChloeCheapAttackTwo","PrismaMod:ChloeCommonAOEAttack"],"picked":"PrismaMod:ChloeRhongomyniad","floor":4.0},{"not_picked":["PrismaMod:ChloeMaid","PrismaMod:ChloeCheapDefendTwo","PrismaMod:ChloeExhaustTwo"],"picked":"SKIP","floor":6.0},{"not_picked":["PrismaMod:ChloeCommonAOEAttack","PrismaMod:ChloeExhaustOne","PrismaMod:ChloeDiscardRecovery"],"picked":"SKIP","floor":7.0},{"not_picked":["PrismaMod:ChloeCheapDefendTwo","PrismaMod:ChloeMaid"],"picked":"PrismaMod:ChloeRitsuka","floor":13.0},{"not_picked":["PrismaMod:ChloeDiscardRecovery","PrismaMod:ChloeCommonAOEAttack"],"picked":"PrismaMod:ChloeAnySkillTrace","floor":14.0},{"not_picked":["PrismaMod:ChloeExhaustOne+1","PrismaMod:ChloeUncommonAOEAttack","PrismaMod:ChloeDiscardRecovery+1"],"picked":"SKIP","floor":18.0},{"not_picked":["PrismaMod:ChloeCommonAOEAttack","PrismaMod:ChloeCheapDefend+1","PrismaMod:ChloeCheapDefendTwo"],"picked":"SKIP","floor":19.0},{"not_picked":["PrismaMod:ChloeAnyUncommonTrace","PrismaMod:ChloeEyeOfTheEuryale","PrismaMod:ChloeUncommonDefend"],"picked":"SKIP","floor":24.0},{"not_picked":["PrismaMod:ChloeDiscardRecovery","PrismaMod:ChloeCommonAOEAttack"],"picked":"PrismaMod:ChloeGaeBolg","floor":28.0},{"not_picked":["PrismaMod:ChloeDiscardRecovery","PrismaMod:ChloeGaeBolg","PrismaMod:ChloeCheapDefendTwo"],"picked":"SKIP","floor":29.0},{"not_picked":["PrismaMod:ChloeUncommonAOEAttack","PrismaMod:ChloeUncommonAttack","PrismaMod:ChloeCommonAOEAttack"],"picked":"SKIP","floor":31.0},{"not_picked":["PrismaMod:ChloeCheapAttack+1","PrismaMod:ChloeExhaustOne","PrismaMod:ChloeCommonAOEAttack+1"],"picked":"SKIP","floor":35.0},{"not_picked":["PrismaMod:ChloeUncommonAOEAttack+1","PrismaMod:ChloeCaladbolg"],"picked":"PrismaMod:ChloeMordred+1","floor":37.0},{"not_picked":["PrismaMod:ChloeCommonAOEAttack+1","PrismaMod:ChloeExhaustTwo","PrismaMod:ChloeCheapDefendTwo"],"picked":"SKIP","floor":39.0},{"not_picked":["PrismaMod:ChloeCheapDefend+1","PrismaMod:ChloeDiscardRecovery","PrismaMod:ChloeExhaustOne+1"],"picked":"SKIP","floor":41.0},{"not_picked":["PrismaMod:ChloeDiscardRecovery","PrismaMod:ChloeCheapDefend","PrismaMod:ChloeEyeOfTheEuryale"],"picked":"SKIP","floor":45.0},{"not_picked":["PrismaMod:ChloeRuleBreaker","PrismaMod:ChloeCheapDefendTwo","PrismaMod:ChloeAnySkillTrace"],"picked":"SKIP","floor":46.0},{"not_picked":["PrismaMod:ChloeCheapAttack","PrismaMod:ChloeCheapAttackTwo+1","PrismaMod:ChloeCheapDefend+1"],"picked":"SKIP","floor":47.0},{"not_picked":["PrismaMod:ChloeDiscardRecovery","PrismaMod:ChloeUncommonDefend","PrismaMod:ChloeCheapAttackTwo"],"picked":"SKIP","floor":54}],"player_experience":301826,"relics_obtained":[{"floor":6.0,"key":"Orichalcum"},{"floor":9.0,"key":"Strawberry"},{"floor":17.0,"key":"War Paint"},{"floor":17.0,"key":"Shuriken"},{"floor":17.0,"key":"FossilizedHelix"},{"floor":24.0,"key":"Gambling Chip"},{"floor":43.0,"key":"MawBank"},{"floor":54,"key":"Bag of Preparation"}],"event_choices":[{"cards_removed":["PrismaMod:ChloeCommonAttack"],"damage_healed":0.0,"max_hp_gain":0.0,"max_hp_loss":0.0,"gold_gain":0.0,"event_name":"Golden Wing","player_choice":"Card Removal","floor":2.0,"gold_loss":0.0,"damage_taken":7.0},{"cards_removed":["PrismaMod:ChloeCommonAttack"],"damage_healed":0.0,"max_hp_gain":0.0,"max_hp_loss":0.0,"gold_gain":0.0,"event_name":"The Cleric","player_choice":"Card Removal","floor":3.0,"gold_loss":50.0,"damage_taken":0.0},{"damage_healed":0.0,"max_hp_gain":0.0,"max_hp_loss":0.0,"gold_gain":0.0,"event_name":"Scrap Ooze","player_choice":"Success","floor":5.0,"gold_loss":0.0,"damage_taken":7.0,"relics_obtained":["Omamori"]},{"damage_healed":0.0,"max_hp_gain":0.0,"max_hp_loss":0.0,"gold_gain":30.0,"event_name":"Dead Adventurer","player_choice":"Searched \u00271\u0027 times","floor":11.0,"gold_loss":0.0,"damage_taken":0.0},{"damage_healed":0.0,"max_hp_gain":0.0,"max_hp_loss":0.0,"gold_gain":0.0,"event_name":"The Library","player_choice":"Read","floor":20.0,"gold_loss":0.0,"damage_taken":0.0,"cards_obtained":["PrismaMod:ChloeGaeBolg"]},{"cards_removed":["PrismaMod:ChloeCommonAttack"],"damage_healed":0.0,"max_hp_gain":0.0,"max_hp_loss":0.0,"gold_gain":0.0,"event_name":"Back to Basics","player_choice":"Elegance","floor":21.0,"gold_loss":0.0,"damage_taken":0.0},{"damage_healed":0.0,"max_hp_gain":0.0,"max_hp_loss":0.0,"gold_gain":0.0,"event_name":"Tomb of Lord Red Mask","player_choice":"Paid","floor":36.0,"gold_loss":317.0,"damage_taken":0.0,"relics_obtained":["Red Mask"]},{"damage_healed":0.0,"max_hp_gain":0.0,"max_hp_loss":0.0,"gold_gain":0.0,"event_name":"Upgrade Shrine","player_choice":"Upgraded","floor":38.0,"gold_loss":0.0,"damage_taken":0.0,"cards_upgraded":["PrismaMod:ChloeCheapDefend"]}],"is_beta":false,"boss_relics":[{"not_picked":["Philosopher\u0027s Stone","Sozu"],"picked":"Calling Bell"},{"not_picked":["Tiny House","Runic Dome"],"picked":"Empty Cage"}],"items_purged_floors":[22],"is_endless":false,"potions_floor_spawned":[6,7,13,16,19,29,31,39,41,45],"ascension_level":0}}