{"host":"os9owiyb0rak6c8n","time":1613752439,"event":{"mods":["AchievementEnabler","Astrologer","BaseMod","Beaked The Cultist","Better Third Choice","Block Reminder","Colored Map","Colored Powertips","Curses Come First","Dio Mod","Minty Spire (QoL Compilation)","Shapeshifter Mod","Spicy Shops","StSLib","The Death Knight","The Necromancer"],"gold_per_floor":[112,112,40,61,61,61,105,32,32,32,32,32,71,96,96,215,215,239,239,338,27,27,27,27],"floor_reached":23,"language":"ENG","playtime":903,"items_purged":["beaked:Strike_Y"],"score":203,"play_id":"db5dbf6b-130a-472f-b142-1913fa13f7df","local_time":"20210219173359","is_ascension_mode":true,"campfire_choices":[{"data":"beaked:ScreechingChant","floor":6,"key":"SMITH"},{"floor":11,"key":"REST"},{"floor":15,"key":"REST"}],"circlet_count":0,"master_deck":["beaked:Strike_Y","beaked:Strike_Y","beaked:Strike_Y","beaked:Strike_Y","beaked:Strike_Y","beaked:Defend_Y","beaked:Defend_Y","beaked:Defend_Y","beaked:Defend_Y","beaked:Ceremony+1","beaked:Ceremony","beaked:Ceremony","beaked:Windmill","beaked:ScreechingChant+1","beaked:SurvivalInstinct","beaked:MachineSpirit","beaked:CursingBlood","beaked:Brace","beaked:AwakenedForm","Necronomicurse"],"relics":["beaked:MendingPlumage","Golden Idol","Smiling Mask","beaked:ThroatLozenge","WingedGreaves","Happy Flower","Busted Crown","Necronomicon","Mummified Hand"],"acts_visited":["Exordium","TheCity"],"potions_floor_usage":[16,16,16,16,16],"damage_taken":[{"damage":11,"enemies":"Jaw Worm","floor":1,"turns":5},{"damage":10,"enemies":"Small Slimes","floor":4,"turns":5},{"damage":50,"enemies":"3 Sentries","floor":7,"turns":14},{"damage":37,"enemies":"Gremlin Nob","floor":13,"turns":5},{"damage":0,"enemies":"2 Louse","floor":14,"turns":3},{"damage":26,"enemies":"Slime Boss","floor":16,"turns":8},{"damage":17,"enemies":"Spheric Guardian","floor":18,"turns":6},{"damage":56,"enemies":"Slavers","floor":23,"turns":3}],"seed_played":"-8515531056264601472","potions_obtained":[{"floor":7,"key":"EntropicBrew"},{"floor":14,"key":"ColorlessPotion"}],"is_trial":false,"path_per_floor":["M","?","$","M","?","R","E","$","T","?","R","?","E","M","R","B",null,"M","?","?","$","?","E"],"character_chosen":"BEAKED_THE_CULTIST","items_purchased":["beaked:ScreechingChant","beaked:CursingBlood","Mummified Hand"],"campfire_rested":2,"item_purchase_floors":[3,8,21],"current_hp_per_floor":[49,37,37,40,37,37,12,12,12,12,27,27,9,19,34,38,50,43,27,27,27,44,0,0],"gold":27,"neow_bonus":"UPGRADE_CARD","is_daily":false,"chose_seed":false,"campfire_upgraded":1,"win_rate":0.0,"timestamp":1613752439,"path_taken":["M","?","$","M","?","R","E","?","T","?","R","?","E","M","R","BOSS","M","?","?","$","?","E"],"items_purchased_type":["Card","Card","Relic"],"build_version":"2020-12-22","purchased_purges":1,"victory":false,"max_hp_per_floor":[50,50,50,50,50,50,50,50,50,50,50,50,50,50,50,50,50,50,50,50,50,50,50,50],"card_choices":[{"not_picked":["beaked:Daydream","beaked:CursingBlood"],"picked":"beaked:Windmill","floor":1},{"not_picked":["beaked:Tradeoff","beaked:Devastation"],"picked":"beaked:SurvivalInstinct","floor":4},{"not_picked":["beaked:DigDeep","beaked:HuntressSpirit"],"picked":"beaked:MachineSpirit","floor":7},{"not_picked":["beaked:FeelMyPain","beaked:BloodForTheGods","beaked:Molting"],"picked":"SKIP","floor":13},{"not_picked":["beaked:Resilience","beaked:Tradeoff"],"picked":"beaked:Brace","floor":14},{"not_picked":["beaked:MachineEssence","beaked:Brainwash"],"picked":"beaked:AwakenedForm","floor":16},{"not_picked":["beaked:Cower"],"picked":"SKIP","floor":18}],"player_experience":623519,"relics_obtained":[{"floor":7,"key":"beaked:ThroatLozenge"},{"floor":9,"key":"WingedGreaves"},{"floor":13,"key":"Happy Flower"},{"floor":19,"key":"Necronomicon"}],"event_choices":[{"damage_healed":0,"gold_gain":0,"player_choice":"Take Damage","damage_taken":12,"relics_obtained":["Golden Idol"],"max_hp_gain":0,"max_hp_loss":0,"event_name":"Golden Idol","floor":2,"gold_loss":0},{"damage_healed":0,"gold_gain":0,"player_choice":"Relic ","damage_taken":3,"max_hp_gain":0,"max_hp_loss":0,"event_name":"betterThird:BetterScrap","floor":5,"gold_loss":0,"cards_obtained":["Bloodletting"]},{"damage_healed":0,"gold_gain":0,"player_choice":"Ignored","damage_taken":0,"max_hp_gain":0,"max_hp_loss":0,"event_name":"Golden Wing","floor":10,"gold_loss":0},{"damage_healed":27,"gold_gain":0,"player_choice":"Leave","damage_taken":0,"max_hp_gain":0,"max_hp_loss":50,"event_name":"betterThird:BetterShining","floor":12,"gold_loss":0},{"damage_healed":0,"gold_gain":0,"player_choice":"Obtained Book","damage_taken":16,"max_hp_gain":0,"max_hp_loss":0,"event_name":"Cursed Tome","floor":19,"gold_loss":0},{"damage_healed":0,"gold_gain":99,"player_choice":"Steal","damage_taken":0,"max_hp_gain":0,"max_hp_loss":0,"event_name":"betterThird:BetterNest","floor":20,"gold_loss":0},{"damage_healed":17,"gold_gain":0,"player_choice":"Heal","damage_taken":0,"max_hp_gain":0,"max_hp_loss":0,"event_name":"The Library","floor":22,"gold_loss":0}],"is_beta":false,"boss_relics":[{"not_picked":["beaked:BlessedCoat","Snecko Eye"],"picked":"Busted Crown"}],"items_purged_floors":[21],"is_endless":false,"potions_floor_spawned":[7,14],"killed_by":"Slavers","ascension_level":1}}