{"host":"6znluj278ovdbyb2","time":1613763740,"event":{"mods":["BaseMod","BetterRewards","Clockwork Mod","Highlight Path","Hubris","Infinite Spire","Marisa????????","Minty Spire (QoL Compilation)","Rare Cards Sparkle","Replay The Spire","StSLib","The Animator","The Bladedancer","The Cursed","The Disciple","The Mystic","The Necromancer","The Runesmith","The Servant 0.9.4"],"gold_per_floor":[117,87,101,156,172,172,198,198,245,257,284,299,310,338,338,444,444,463,489,489,489,504,504,514,529,603,603,603,625,165,182,182,281,281,302,302,312,314,157,192,207,207,231,231,231,248,267,277,277],"floor_reached":48,"language":"ENG","playtime":3527,"items_purged":[],"score":626,"play_id":"ef920f2f-9e3c-462b-ae9a-97e724ce7af0","local_time":"20210219144220","is_ascension_mode":false,"campfire_choices":[{"floor":6.0,"key":"REST"},{"data":"Eruption","floor":8.0,"key":"SMITH"},{"floor":15.0,"key":"RECALL"},{"data":"LessonLearned","floor":23.0,"key":"SMITH"},{"data":"Perseverance","floor":27.0,"key":"SMITH"},{"floor":32.0,"key":"DIG"},{"data":"Replay:Dark Deal","floor":44,"key":"SMITH"}],"circlet_count":0,"master_deck":["infinitespire:Punishment+1","Strike_P","Strike_P","Strike_P+1","Strike_P","Defend_P","Defend_P","Defend_P","Eruption+1","Vigilance","Vengeance","Perseverance+1","Replay:DivineShield","Conclude","Conclude","Swivel","WindmillStrike","WindmillStrike","LessonLearned+1","Consecrate","Tantrum","Brilliance","Delirium","hubris:Despair","hubris:Wrath","Replay:Hum+1","CutThroughFate+1","Brilliance","Worship","Nirvana","EmptyFist+1","Replay:Dark Deal+1","Nirvana+1","DevaForm","Replay:Vibes+1","Halt+1","Violence","Bandage Up","Dark Shackles","JustLucky+1","SashWhip+1","infinitespire:Punishment+1","Replay:ManipulateFuture","Replay:Vibes"],"relics":["HolyWater","infinitespire:Midas Blood","Oddly Smooth Stone","Odd Mushroom","Du-Vu Doll","Replay:Ancient Bell","Damaru","infinitespire:EmpoweringShard","Gambling Chip","Omamori","WarpedTongs","Bottled Flame","NlothsMask","hubris:64BitClover","Replay:Rubber Ducky","Replay:Baseball","Gremlin Food","DollysMirror","infinitespire:WardingShard"],"acts_visited":["Exordium","TheCity","TheBeyond"],"potions_floor_usage":[40,41],"damage_taken":[{"damage":1.0,"enemies":"2 Louse","floor":1.0,"turns":3.0},{"damage":0.0,"enemies":"Cultist","floor":3.0,"turns":2.0},{"damage":0.0,"enemies":"Small Slimes","floor":5.0,"turns":2.0},{"damage":0.0,"enemies":"Replay:BlueRogue","floor":7.0,"turns":1.0},{"damage":0.0,"enemies":"2 Fungi Beasts","floor":10.0,"turns":2.0},{"damage":1.0,"enemies":"The Mushroom Lair","floor":11.0,"turns":3.0},{"damage":3.0,"enemies":"3 Louse","floor":12.0,"turns":3.0},{"damage":0.0,"enemies":"Large Slime","floor":13.0,"turns":4.0},{"damage":4.0,"enemies":"3 Sentries","floor":14.0,"turns":4.0},{"damage":24.0,"enemies":"Fading Forest","floor":16.0,"turns":11.0},{"damage":0.0,"enemies":"Shell Parasite","floor":18.0,"turns":1.0},{"damage":7.0,"enemies":"3 Byrds","floor":19.0,"turns":2.0},{"damage":0.0,"enemies":"Centurion and Healer","floor":22.0,"turns":3.0},{"damage":0.0,"enemies":"Snecko","floor":24.0,"turns":2.0},{"damage":4.0,"enemies":"3 Cultists","floor":25.0,"turns":3.0},{"damage":23.0,"enemies":"Cultist and Chosen","floor":29.0,"turns":4.0},{"damage":0.0,"enemies":"Snecko","floor":31.0,"turns":2.0},{"damage":0.0,"enemies":"Automaton","floor":33.0,"turns":2.0},{"damage":6.0,"enemies":"3 Shapes","floor":35.0,"turns":1.0},{"damage":0.0,"enemies":"3 Darklings","floor":37.0,"turns":2.0},{"damage":0,"enemies":"Nemesis","floor":40,"turns":5},{"damage":0,"enemies":"Maw","floor":41,"turns":2},{"damage":12,"enemies":"Writhing Mass","floor":46,"turns":2},{"damage":0,"enemies":"3 Darklings","floor":47,"turns":1},{"damage":64,"enemies":"Nightmare","floor":48,"turns":2}],"seed_played":"4929604807878106257","potions_obtained":[{"floor":2.0,"key":"Milkshake"},{"floor":2.0,"key":"SkillPotion"},{"floor":5.0,"key":"BottledMiracle"},{"floor":12.0,"key":"Ancient Potion"},{"floor":13.0,"key":"Reflective Coating"},{"floor":16.0,"key":"Milkshake"},{"floor":40,"key":"SteroidPotion"},{"floor":46,"key":"Strength Potion"}],"is_trial":false,"path_per_floor":["M","?","M","?","M","R","E","R","T","M","?","M","M","E","R","B",null,"M","M","AVR","?","M","R","M","M","T","R","?","M","$","M","R","B",null,"M","?","M","?","$","E","M","?","T","R","AVR","M","M","NM"],"character_chosen":"WATCHER","items_purchased":["hubris:64BitClover","Replay:Dark Deal","Replay:Baseball"],"campfire_rested":1,"item_purchase_floors":[30,30,39],"current_hp_per_floor":[78,78,78,47,47,70,70,70,70,70,69,66,66,62,62,38,79,79,72,72,72,72,72,72,68,68,68,68,45,45,45,45,45,79,73,73,73,63,63,69,69,69,69,69,69,57,57,0,0],"gold":277,"neow_bonus":"TEN_PERCENT_HP_BONUS","is_daily":false,"chose_seed":false,"campfire_upgraded":4,"win_rate":0.0,"timestamp":1613763740,"path_taken":["M","?","?","?","M","R","E","R","T","M","?","M","M","E","R","BOSS","M","M","AVR","?","?","R","M","M","T","R","?","M","?","M","R","BOSS","M","?","M","?","?","E","M","?","T","R","AVR","?","M","NM"],"items_purchased_type":["Relic","Card","Relic"],"build_version":"2020-12-22","purchased_purges":0,"victory":false,"max_hp_per_floor":[79,79,79,79,79,79,79,79,79,79,79,79,79,79,79,79,79,79,79,79,79,79,79,79,79,79,79,79,79,79,79,79,79,79,79,79,79,79,79,79,79,79,79,79,79,79,79,79,79],"card_choices":[{"not_picked":["Replay:Cycle","CrushJoints"],"picked":"Vengeance","floor":1.0},{"not_picked":["Tantrum","CrushJoints"],"picked":"Perseverance","floor":3.0},{"not_picked":["Replay:ManipulateFuture","ThirdEye"],"picked":"Replay:DivineShield","floor":4.0},{"not_picked":["ClearTheMind","SashWhip"],"picked":"Conclude","floor":4.0},{"not_picked":["FlyingSleeves","Protect"],"picked":"Conclude","floor":5.0},{"not_picked":["Sanctity","FearNoEvil"],"picked":"Swivel","floor":7.0},{"not_picked":["CarveReality","Crescendo"],"picked":"WindmillStrike","floor":10.0},{"not_picked":["Fasting2","WheelKick"],"picked":"WindmillStrike","floor":11.0},{"not_picked":["JustLucky","FlyingSleeves"],"picked":"LessonLearned","floor":12.0},{"not_picked":["Replay:BluntJabs","EmptyFist"],"picked":"Consecrate","floor":13.0},{"not_picked":["Replay:DivineShield","Fasting2"],"picked":"Tantrum","floor":14.0},{"not_picked":["Vault","MasterReality"],"picked":"Brilliance","floor":16.0},{"not_picked":["ReplayTheSpireMod:Faulty Equipment","Normality"],"picked":"Delirium","floor":17.0},{"not_picked":["hubris:Lust","animator:Curse_GriefSeed"],"picked":"hubris:Despair","floor":17.0},{"not_picked":["Hallucinations","Overencumbered"],"picked":"hubris:Wrath","floor":17.0},{"not_picked":["SashWhip","CarveReality"],"picked":"Replay:Hum+1","floor":18.0},{"not_picked":["FlyingSleeves","Replay:BluntJabs"],"picked":"CutThroughFate+1","floor":19.0},{"not_picked":["EmptyBody","EmptyFist"],"picked":"Brilliance","floor":22.0},{"not_picked":["DeceiveReality","CrushJoints+1"],"picked":"Worship","floor":24.0},{"not_picked":["CutThroughFate","SashWhip"],"picked":"Nirvana","floor":25.0},{"not_picked":["Meditate","CutThroughFate"],"picked":"EmptyFist+1","floor":29.0},{"not_picked":["TalkToTheHand","Sanctity"],"picked":"Nirvana+1","floor":31.0},{"not_picked":["LessonLearned","Omniscience"],"picked":"DevaForm","floor":33.0},{"not_picked":["Protect","EmptyFist"],"picked":"Replay:Vibes+1","floor":35.0},{"not_picked":["Crescendo","FlurryOfBlows"],"picked":"Halt+1","floor":37.0},{"not_picked":["ReplayUltimateDefense","ReplayTheSpireMod:Brewmster"],"picked":"Violence","floor":38.0},{"not_picked":["hubris:Ssssneak","PanicButton"],"picked":"Bandage Up","floor":38.0},{"not_picked":["Madness","Finesse"],"picked":"Dark Shackles","floor":38.0},{"not_picked":["Weave","FlyingSleeves+1"],"picked":"JustLucky+1","floor":40},{"not_picked":["Meditate","EmptyFist"],"picked":"SashWhip+1","floor":41},{"not_picked":["FearNoEvil+1","Conclude+1"],"picked":"Replay:ManipulateFuture","floor":46},{"not_picked":["Replay:Anticipation","Replay:BluntJabs+1"],"picked":"Replay:Vibes","floor":47}],"player_experience":621840,"relics_obtained":[{"floor":4.0,"key":"infinitespire:Midas Blood"},{"floor":7.0,"key":"Oddly Smooth Stone"},{"floor":11.0,"key":"Odd Mushroom"},{"floor":14.0,"key":"Du-Vu Doll"},{"floor":26.0,"key":"Bottled Flame"},{"floor":32.0,"key":"Replay:Rubber Ducky"},{"floor":40,"key":"Gremlin Food"},{"floor":47,"key":"infinitespire:WardingShard"}],"event_choices":[{"damage_healed":0.0,"max_hp_gain":0.0,"max_hp_loss":0.0,"gold_gain":0.0,"event_name":"The Woman in Blue","player_choice":"Bought 2 Potions","floor":2.0,"gold_loss":0.0,"damage_taken":0.0},{"damage_healed":0.0,"max_hp_gain":0.0,"max_hp_loss":0.0,"gold_gain":0.0,"event_name":"Mushrooms","player_choice":"Fought Mushrooms","floor":11.0,"gold_loss":0.0,"damage_taken":0.0},{"damage_healed":0.0,"max_hp_gain":0.0,"max_hp_loss":0.0,"gold_gain":0.0,"event_name":"Accursed Blacksmith","player_choice":"Rummage","floor":21.0,"gold_loss":0.0,"damage_taken":0.0,"relics_obtained":["WarpedTongs"],"cards_obtained":["Pain"]},{"damage_healed":0.0,"max_hp_gain":0.0,"max_hp_loss":0.0,"gold_gain":0.0,"event_name":"FaceTrader","player_choice":"Trade","floor":28.0,"gold_loss":0.0,"damage_taken":0.0,"relics_obtained":["NlothsMask"]},{"cards_removed":["Defend_P"],"damage_healed":0.0,"max_hp_gain":0.0,"max_hp_loss":0.0,"gold_gain":0.0,"event_name":"Falling","player_choice":"Removed Skill","floor":36.0,"gold_loss":0.0,"damage_taken":0.0},{"damage_healed":0.0,"max_hp_gain":0.0,"max_hp_loss":0.0,"gold_gain":0.0,"event_name":"SensoryStone","player_choice":"Memory 3","floor":38.0,"gold_loss":0.0,"damage_taken":10.0},{"damage_healed":0,"gold_gain":0,"player_choice":"Ignored","damage_taken":0,"max_hp_gain":0,"max_hp_loss":0,"event_name":"OrinTheCat","floor":42,"gold_loss":0}],"is_beta":false,"boss_relics":[{"not_picked":["Philosopher\u0027s Stone","Replay:Bronze Core"],"picked":"Replay:Ancient Bell"},{"not_picked":["Boot","Orichalcum"],"picked":"Damaru"},{"not_picked":["Ornamental Fan","Gremlin Horn"],"picked":"infinitespire:EmpoweringShard"},{"not_picked":["Replay:Arrowhead","Pocketwatch"],"picked":"Gambling Chip"},{"not_picked":["hubris:GrandSneckoEye","Sozu"],"picked":"HolyWater"}],"items_purged_floors":[],"is_endless":false,"potions_floor_spawned":[5,12,13,16,18,25,31,40,46,47],"killed_by":"Nightmare","ascension_level":0}}