{"host":"dn2xyj3kd3d9cfyb","time":1613710563,"event":{"mods":["BaseMod","Conspire","Hero for Fun","Hubris","Marisa£®ÏF”Í°°ƒß¿Ì…≥£©","Minty Spire (QoL Compilation)","Reimu£®≤©¿ˆ¡È√Œ£©","Remilia£®¿Ÿ√◊¿Ú—«£©","Replay The Spire","Shop Mod","StSLib","The Administrix","The Animator","The Construct","The Cursed","The Mystic","Youmu£®ªÍ∆«—˝√Œ£©","Yuri Mod","Yuyuko"],"gold_per_floor":[111,111,134,134,134,161,14,46,46,46,46,46,46],"floor_reached":12,"language":"ZHS","playtime":381,"items_purged":["animator:Strike","animator:Strike"],"score":125,"play_id":"c91078f2-ff45-4701-b7d0-c7bb175428fc","local_time":"20210219125603","is_ascension_mode":true,"campfire_choices":[{"data":"animator:DolaSchwi","floor":10,"key":"SMITH"}],"circlet_count":0,"master_deck":["animator:Strike_NoGameNoLife","animator:Defend_NoGameNoLife","animator:Strike","animator:Defend","animator:Defend+1","animator:DolaSchwi+1","animator:DolaCouronne+1","animator:Togame","animator:Magilou","animator:Archer","animator:Jibril","animator:Darkness","animator:ElricAlphonse","animator:ChlammyZell"],"relics":["animator:LivingPicture","animator:TheMissingPiece","animator:PurgingStone","NeowsBlessing","BargainBundle","Replay:Bottled Snecko","Red Skull","Oddly Smooth Stone"],"acts_visited":["Exordium"],"potions_floor_usage":[12],"damage_taken":[{"damage":0,"enemies":"Cultist","floor":1,"turns":1},{"damage":0,"enemies":"Small Slimes","floor":3,"turns":1},{"damage":0,"enemies":"Gremlin Nob","floor":6,"turns":1},{"damage":23,"enemies":"Lagavulin","floor":8,"turns":6},{"damage":13,"enemies":"3 Sentries","floor":12,"turns":2}],"seed_played":"1011484312152422485","potions_obtained":[{"floor":6,"key":"Strength Potion"}],"is_trial":false,"path_per_floor":["M","$","M","?","?","E","$","E","T","R","?","E"],"character_chosen":"THE_ANIMATOR","items_purchased":["BargainBundle","animator:Magilou","animator:Archer","animator:ElricAlphonse"],"campfire_rested":0,"item_purchase_floors":[2,2,2,7],"current_hp_per_floor":[66,66,66,48,48,48,48,26,26,26,13,0,0],"gold":46,"neow_bonus":"THREE_ENEMY_KILL","is_daily":false,"chose_seed":false,"campfire_upgraded":1,"win_rate":0.0,"timestamp":1613710563,"path_taken":["M","$","?","?","?","E","$","E","T","R","?","E"],"items_purchased_type":["Relic","Card","Card","Card"],"build_version":"2020-12-22","purchased_purges":2,"victory":false,"max_hp_per_floor":[66,66,66,66,66,66,66,67,67,67,67,67,67],"card_choices":[{"not_picked":["animator:Hakurou","animator:Shion"],"picked":"animator:Togame","floor":1},{"not_picked":["animator:Entoma","animator:MetalKnight"],"picked":"animator:Jibril","floor":3},{"not_picked":["animator:Add","animator:Biyorigo"],"picked":"animator:Darkness","floor":6},{"not_picked":["animator:DolaRiku","animator:Jibril"],"picked":"animator:ChlammyZell","floor":8}],"player_experience":658279,"relics_obtained":[{"floor":6,"key":"Red Skull"},{"floor":8,"key":"Oddly Smooth Stone"}],"event_choices":[{"damage_healed":0,"gold_gain":0,"player_choice":"Success","damage_taken":18,"relics_obtained":["Replay:Bottled Snecko"],"max_hp_gain":0,"max_hp_loss":0,"event_name":"Scrap Ooze","floor":4,"gold_loss":0},{"cards_removed":["animator:Defend"],"damage_healed":0,"gold_gain":0,"player_choice":"Forget","damage_taken":0,"max_hp_gain":0,"max_hp_loss":0,"event_name":"Living Wall","floor":5,"gold_loss":0},{"damage_healed":0,"gold_gain":0,"player_choice":"Entered Light","damage_taken":13,"max_hp_gain":0,"max_hp_loss":0,"event_name":"Shining Light","floor":11,"gold_loss":0,"cards_upgraded":["animator:Defend","animator:DolaCouronne"]}],"is_beta":false,"boss_relics":[],"items_purged_floors":[2,7],"is_endless":false,"potions_floor_spawned":[6],"killed_by":"3 Sentries","ascension_level":3}}