{"host":"816bteb5gqmgsfcc","time":1613778345,"event":{"mods":["BaseMod","Minty Spire (QoL Compilation)"],"gold_per_floor":[109,284,284,234,252,252,268,294,317,120,155,168,185,110,110,215,215,229,229,82,101,119,150,150,179,204,220,245,263,276,292,292,396,396,406,406,132,178,198,233,233,268,293,293,311,325,342,353,353,353,353],"floor_reached":50,"language":"ENG","playtime":2258,"items_purged":["Defend_R","Pain","Defend_R"],"score":732,"play_id":"e77dfca3-fdb9-49c8-98b8-feea70977688","local_time":"20210219174545","is_ascension_mode":true,"campfire_choices":[{"data":"Heavy Blade","floor":6,"key":"SMITH"},{"data":"Perfected Strike","floor":15,"key":"SMITH"},{"data":"Limit Break","floor":24,"key":"SMITH"},{"data":"Offering","floor":32,"key":"SMITH"},{"floor":41,"key":"DIG"},{"data":"Perfected Strike","floor":44,"key":"SMITH"},{"data":"Heavy Blade","floor":49,"key":"SMITH"}],"circlet_count":0,"master_deck":["Strike_R","Strike_R","Strike_R","Strike_R","Strike_R","Defend_R","Bash","Heavy Blade+1","Iron Wave","Perfected Strike+1","Pommel Strike","Clash","Offering+1","Pommel Strike","Limit Break+1","CurseOfTheBell","Clash","Cleave","Clash","Feed","Pommel Strike","Demon Form","Heavy Blade+1","Heavy Blade+1","Perfected Strike+1","Clash","Clash","Parasite"],"relics":["Burning Blood","Centennial Puzzle","Potion Belt","Brimstone","FossilizedHelix","Calling Bell","Bronze Scales","Darkstone Periapt","Ginger","WarpedTongs","Lizard Tail","Strawberry","Pen Nib","Eternal Feather","Coffee Dripper","Blood Vial","Shovel","Question Card","Letter Opener","Smiling Mask","Dream Catcher"],"acts_visited":["Exordium","TheCity","TheBeyond"],"potions_floor_usage":[16,16,21,28,28,33,33,33,38,38,50,50,50],"damage_taken":[{"damage":5,"enemies":"Jaw Worm","floor":1,"turns":4},{"damage":6,"enemies":"2 Louse","floor":5,"turns":2},{"damage":0,"enemies":"Small Slimes","floor":7,"turns":3},{"damage":15,"enemies":"Gremlin Nob","floor":8,"turns":4},{"damage":15,"enemies":"Lagavulin","floor":11,"turns":3},{"damage":0,"enemies":"Blue Slaver","floor":12,"turns":2},{"damage":0,"enemies":"Red Slaver","floor":13,"turns":2},{"damage":42,"enemies":"Hexaghost","floor":16,"turns":4},{"damage":12,"enemies":"Chosen","floor":18,"turns":3},{"damage":8,"enemies":"3 Byrds","floor":21,"turns":4},{"damage":26,"enemies":"Centurion and Healer","floor":22,"turns":3},{"damage":20,"enemies":"Gremlin Leader","floor":23,"turns":3},{"damage":42,"enemies":"Slavers","floor":25,"turns":3},{"damage":0,"enemies":"Snecko","floor":27,"turns":3},{"damage":7,"enemies":"Book of Stabbing","floor":28,"turns":2},{"damage":17,"enemies":"Cultist and Chosen","floor":29,"turns":4},{"damage":16,"enemies":"Shelled Parasite and Fungi","floor":30,"turns":2},{"damage":6,"enemies":"Chosen and Byrds","floor":31,"turns":3},{"damage":30,"enemies":"Champ","floor":33,"turns":4},{"damage":17,"enemies":"Orb Walker","floor":35,"turns":3},{"damage":37,"enemies":"2 Orb Walkers","floor":38,"turns":3},{"damage":0,"enemies":"3 Darklings","floor":39,"turns":2},{"damage":6,"enemies":"Giant Head","floor":40,"turns":3},{"damage":45,"enemies":"Reptomancer","floor":42,"turns":3},{"damage":55,"enemies":"Writhing Mass","floor":45,"turns":3},{"damage":0,"enemies":"4 Shapes","floor":46,"turns":3},{"damage":18,"enemies":"Spire Growth","floor":47,"turns":3},{"damage":12,"enemies":"Writhing Mass","floor":48,"turns":3},{"damage":44,"enemies":"Time Eater","floor":50,"turns":2}],"seed_played":"-800673552920949463","potions_obtained":[{"floor":8,"key":"AttackPotion"},{"floor":12,"key":"Weak Potion"},{"floor":13,"key":"Strength Potion"},{"floor":18,"key":"AttackPotion"},{"floor":22,"key":"Energy Potion"},{"floor":25,"key":"SneckoOil"},{"floor":29,"key":"FearPotion"},{"floor":31,"key":"ColorlessPotion"},{"floor":33,"key":"Explosive Potion"},{"floor":35,"key":"FearPotion"},{"floor":40,"key":"PowerPotion"},{"floor":46,"key":"Strength Potion"},{"floor":48,"key":"FearPotion"}],"is_trial":false,"path_per_floor":["M","?","?","?","M","R","M","E","T","$","E","M","M","$","R","B",null,"M","?","$","M","M","E","R","E","T","M","E","M","M","M","R","B",null,"M","?","$","?","M","E","R","E","T","R","M","M","M","M","R","B"],"character_chosen":"IRONCLAD","items_purchased":["Brimstone","Clash","Clash","Blood Vial"],"campfire_rested":0,"item_purchase_floors":[10,10,20,37],"current_hp_per_floor":[88,88,88,88,88,88,88,79,79,79,70,76,82,82,82,46,88,82,88,88,86,66,52,52,23,23,29,28,20,10,10,22,58,104,93,93,93,67,75,77,92,55,55,70,23,31,21,23,38,0,0],"gold":353,"neow_bonus":"TEN_PERCENT_HP_BONUS","is_daily":false,"chose_seed":false,"campfire_upgraded":6,"win_rate":0.0,"timestamp":1613778345,"path_taken":["M","?","?","?","M","R","M","E","T","?","E","M","?","$","R","BOSS","M","?","$","M","M","E","R","E","T","M","E","?","M","M","R","BOSS","M","?","$","?","M","E","R","E","T","R","M","M","M","M","R","BOSS"],"items_purchased_type":["Relic","Card","Card","Relic"],"build_version":"2020-12-22","purchased_purges":3,"victory":false,"max_hp_per_floor":[88,88,88,88,88,88,88,88,88,88,88,88,88,88,88,88,88,88,94,94,94,94,94,94,101,101,101,101,104,104,104,104,104,104,104,104,104,107,107,107,107,107,107,107,107,107,107,113,113,113,113],"card_choices":[{"not_picked":["Clothesline","Metallicize"],"picked":"Heavy Blade","floor":1},{"not_picked":["Heavy Blade","Wild Strike"],"picked":"Iron Wave","floor":5},{"not_picked":["Burning Pact","Clothesline"],"picked":"Perfected Strike","floor":7},{"not_picked":["Entrench","Carnage"],"picked":"Pommel Strike","floor":8},{"not_picked":["Barricade","True Grit"],"picked":"Offering","floor":11},{"not_picked":["Iron Wave","Fire Breathing","Cleave"],"picked":"SKIP","floor":12},{"not_picked":["Armaments","Sword Boomerang"],"picked":"Pommel Strike","floor":13},{"not_picked":["Corruption","Immolate"],"picked":"Limit Break","floor":16},{"not_picked":["Spot Weakness","Sever Soul","Bloodletting"],"picked":"SKIP","floor":18},{"not_picked":["Havoc","Spot Weakness"],"picked":"Cleave","floor":21},{"not_picked":["Disarm","Bludgeon","Carnage"],"picked":"SKIP","floor":22},{"not_picked":["Flame Barrier","Fiend Fire","Headbutt"],"picked":"SKIP","floor":23},{"not_picked":["Headbutt+1","True Grit+1","Warcry"],"picked":"SKIP","floor":25},{"not_picked":["Anger","Battle Trance"],"picked":"Clash","floor":27},{"not_picked":["Armaments","Hemokinesis+1"],"picked":"Feed","floor":28},{"not_picked":["Carnage","Cleave","Flex"],"picked":"SKIP","floor":29},{"not_picked":["Thunderclap","Flex"],"picked":"Pommel Strike","floor":30},{"not_picked":["Warcry","Shrug It Off","Bludgeon"],"picked":"SKIP","floor":31},{"not_picked":["Immolate","Feed"],"picked":"Demon Form","floor":33},{"not_picked":["Sword Boomerang+1","Rupture+1"],"picked":"Heavy Blade+1","floor":35},{"not_picked":["Disarm","Pummel"],"picked":"Heavy Blade","floor":39},{"not_picked":["Sever Soul+1","Combust+1"],"picked":"Perfected Strike","floor":40},{"not_picked":["Intimidate+1","Seeing Red","Dark Embrace+1","Iron Wave+1"],"picked":"SKIP","floor":42},{"not_picked":["Clothesline+1","Evolve+1","Sever Soul"],"picked":"Clash","floor":45},{"not_picked":["Iron Wave","Battle Trance","Inflame","Sword Boomerang"],"picked":"SKIP","floor":46},{"not_picked":["Thunderclap+1","Flex","Havoc+1"],"picked":"Clash","floor":47},{"not_picked":["Armaments+1","Shrug It Off","Sentinel","Barricade"],"picked":"SKIP","floor":48}],"player_experience":91823,"relics_obtained":[{"floor":8,"key":"Centennial Puzzle"},{"floor":9,"key":"Potion Belt"},{"floor":11,"key":"FossilizedHelix"},{"floor":17,"key":"Bronze Scales"},{"floor":17,"key":"Darkstone Periapt"},{"floor":17,"key":"Ginger"},{"floor":23,"key":"Lizard Tail"},{"floor":25,"key":"Strawberry"},{"floor":26,"key":"Pen Nib"},{"floor":28,"key":"Eternal Feather"},{"floor":38,"key":"Shovel"},{"floor":40,"key":"Question Card"},{"floor":41,"key":"Letter Opener"},{"floor":42,"key":"Smiling Mask"},{"floor":43,"key":"Dream Catcher"}],"event_choices":[{"damage_healed":0,"gold_gain":175,"player_choice":"AGREE","damage_taken":0,"max_hp_gain":0,"max_hp_loss":0,"event_name":"Liars Game","floor":2,"gold_loss":0,"cards_obtained":["Doubt"]},{"cards_removed":["Doubt"],"damage_healed":0,"gold_gain":0,"player_choice":"Forget","damage_taken":0,"max_hp_gain":0,"max_hp_loss":0,"event_name":"Living Wall","floor":3,"gold_loss":0},{"cards_removed":["Defend_R"],"damage_healed":0,"gold_gain":0,"player_choice":"Card Removal","damage_taken":0,"max_hp_gain":0,"max_hp_loss":0,"event_name":"The Cleric","floor":4,"gold_loss":50},{"damage_healed":0,"gold_gain":0,"player_choice":"Rummage","damage_taken":0,"relics_obtained":["WarpedTongs"],"max_hp_gain":0,"max_hp_loss":0,"event_name":"Accursed Blacksmith","floor":19,"gold_loss":0,"cards_obtained":["Pain"]},{"damage_healed":0,"gold_gain":0,"player_choice":"Ignored","damage_taken":0,"max_hp_gain":0,"max_hp_loss":0,"event_name":"Tomb of Lord Red Mask","floor":36,"gold_loss":0},{"damage_healed":0,"gold_gain":0,"player_choice":"Fight","damage_taken":0,"max_hp_gain":0,"max_hp_loss":0,"event_name":"Mysterious Sphere","floor":38,"gold_loss":0}],"is_beta":false,"boss_relics":[{"not_picked":["Velvet Choker","Empty Cage"],"picked":"Calling Bell"},{"not_picked":["Busted Crown","Runic Dome"],"picked":"Coffee Dripper"}],"items_purged_floors":[14,20,37],"is_endless":false,"potions_floor_spawned":[8,12,13,18,22,25,29,31,33,35,40,46,48],"killed_by":"Time Eater","ascension_level":1}}