{"host":"prxrhpgaxnj4om9r","time":1613778714,"event":{"mods":["AchievementEnabler","BaseMod","Colored Map","DeckTracker","Minty Spire (QoL Compilation)"],"gold_per_floor":[114,114,134,151,162,162,189,207,207,207,219,219,219],"floor_reached":12,"language":"KOR","playtime":473,"items_purged":[],"score":82,"play_id":"53874d40-e5ba-4d78-ab59-c626906c575b","local_time":"20210220085154","is_ascension_mode":false,"campfire_choices":[{"data":"Adaptation","floor":6,"key":"SMITH"}],"circlet_count":0,"master_deck":["Strike_P","Strike_P","Strike_P","Strike_P","Defend_P","Defend_P","Defend_P","Defend_P","Eruption+1","Vigilance","Adaptation+1","ClearTheMind","JustLucky","Blasphemy","FlurryOfBlows","FlyingSleeves","BattleHymn"],"relics":["PureWater","Centennial Puzzle","CultistMask"],"acts_visited":["Exordium"],"potions_floor_usage":[4,5,11,12],"damage_taken":[{"damage":0,"enemies":"Small Slimes","floor":1,"turns":3},{"damage":2,"enemies":"Cultist","floor":3,"turns":4},{"damage":0,"enemies":"2 Louse","floor":4,"turns":1},{"damage":7,"enemies":"Lots of Slimes","floor":5,"turns":5},{"damage":49,"enemies":"3 Sentries","floor":7,"turns":6},{"damage":5,"enemies":"Blue Slaver","floor":8,"turns":4},{"damage":2,"enemies":"2 Fungi Beasts","floor":11,"turns":2},{"damage":8,"enemies":"Gremlin Nob","floor":12,"turns":2}],"seed_played":"446075420076938060","potions_obtained":[{"floor":1,"key":"Fire Potion"},{"floor":3,"key":"Strength Potion"},{"floor":7,"key":"Energy Potion"},{"floor":11,"key":"SpeedPotion"}],"is_trial":false,"path_per_floor":["M","?","M","M","M","R","E","M","T","?","M","E"],"character_chosen":"WATCHER","items_purchased":[],"campfire_rested":0,"item_purchase_floors":[],"current_hp_per_floor":[72,72,70,70,63,63,14,9,9,9,7,0,0],"gold":219,"neow_bonus":"UPGRADE_CARD","is_daily":false,"chose_seed":false,"campfire_upgraded":1,"win_rate":0.0,"timestamp":1613778714,"path_taken":["M","?","?","M","M","R","E","M","T","?","?","E"],"items_purchased_type":[],"build_version":"2020-12-22","purchased_purges":0,"victory":false,"max_hp_per_floor":[72,72,72,72,72,72,72,72,72,72,72,72,72],"card_choices":[{"not_picked":["Wallop","Crescendo"],"picked":"Adaptation","floor":1},{"not_picked":["ThirdEye","LikeWater"],"picked":"ClearTheMind","floor":3},{"not_picked":["Weave","Protect"],"picked":"JustLucky","floor":4},{"not_picked":["Study","PathToVictory"],"picked":"Blasphemy","floor":5},{"not_picked":["Prostrate","Perseverance"],"picked":"FlurryOfBlows","floor":7},{"not_picked":["Crescendo","Weave"],"picked":"FlyingSleeves","floor":8},{"not_picked":["ClearTheMind","Tantrum"],"picked":"BattleHymn","floor":11}],"player_experience":543248,"relics_obtained":[{"floor":7,"key":"Centennial Puzzle"}],"event_choices":[{"damage_healed":0,"gold_gain":0,"player_choice":"Full Heal","damage_taken":0,"max_hp_gain":0,"max_hp_loss":0,"event_name":"Wheel of Change","floor":2,"gold_loss":0},{"damage_healed":0,"gold_gain":0,"player_choice":"Trade","damage_taken":0,"relics_obtained":["CultistMask"],"max_hp_gain":0,"max_hp_loss":0,"event_name":"FaceTrader","floor":10,"gold_loss":0}],"is_beta":false,"boss_relics":[],"items_purged_floors":[],"is_endless":false,"potions_floor_spawned":[1,3,7,11],"killed_by":"Gremlin Nob","ascension_level":0}}