{"host":"qxeepl7ydvsgmfdb","time":1613749953,"event":{"mods":["AchievementEnabler","BaseMod","Colored Powertips","Minty Spire (QoL Compilation)","Quick Restart","slay the spire mod where everything is the same but ironclad has a cowboy hat"],"gold_per_floor":[112,128,53,53,53,97,97,60,60,5,21,57,57,57,57,152,152,168,184,184,184],"floor_reached":20,"language":"ENG","playtime":722,"items_purged":[],"score":379,"play_id":"6f01d5a5-41fe-4038-9ffa-167a7ea48320","local_time":"20210219105233","is_ascension_mode":true,"campfire_choices":[{"data":"Terror","floor":7,"key":"SMITH"},{"floor":13,"key":"REST"},{"floor":15,"key":"REST"}],"circlet_count":0,"master_deck":["AscendersBane","Strike_G","Strike_G","Strike_G","Strike_G","Defend_G","Defend_G+1","Defend_G","Defend_G","Defend_G","Survivor","Neutralize","Cloak And Dagger+1","Terror+1","Cloak And Dagger","Noxious Fumes","Poisoned Stab","Deadly Poison","Poisoned Stab+1","Poisoned Stab"],"relics":["Ring of the Snake","NeowsBlessing","Golden Idol","Tiny Chest","White Beast Statue","Toy Ornithopter"],"acts_visited":["Exordium","TheCity"],"potions_floor_usage":[12,16,19,19,20],"damage_taken":[{"damage":0,"enemies":"Cultist","floor":1,"turns":1},{"damage":0,"enemies":"Small Slimes","floor":2,"turns":1},{"damage":0,"enemies":"3 Sentries","floor":6,"turns":1},{"damage":6,"enemies":"2 Louse","floor":11,"turns":3},{"damage":19,"enemies":"Lagavulin","floor":12,"turns":6},{"damage":24,"enemies":"Hexaghost","floor":16,"turns":9},{"damage":33,"enemies":"Spheric Guardian","floor":18,"turns":6},{"damage":6,"enemies":"3 Byrds","floor":19,"turns":5},{"damage":45,"enemies":"Masked Bandits","floor":20,"turns":3}],"seed_played":"125627607243992114","potions_obtained":[{"floor":6,"key":"SneckoOil"},{"floor":11,"key":"EssenceOfSteel"},{"floor":12,"key":"Ancient Potion"},{"floor":16,"key":"Weak Potion"},{"floor":18,"key":"Energy Potion"},{"floor":19,"key":"Fruit Juice"}],"is_trial":false,"path_per_floor":["M","M","?","?","?","E","R","$","T","$","M","E","R","?","R","B",null,"M","M","?"],"character_chosen":"THE_SILENT","items_purchased":["Noxious Fumes","Poisoned Stab"],"campfire_rested":2,"item_purchase_floors":[8,10],"current_hp_per_floor":[59,59,59,39,39,39,39,39,39,39,33,14,33,33,52,33,58,25,34,0,0],"gold":184,"neow_bonus":"THREE_ENEMY_KILL","is_daily":false,"chose_seed":false,"campfire_upgraded":1,"win_rate":0.0,"timestamp":1613749953,"path_taken":["M","M","?","?","?","E","R","$","T","$","M","E","R","?","R","BOSS","M","?","?"],"items_purchased_type":["Card","Card"],"build_version":"2020-12-22","purchased_purges":0,"victory":false,"max_hp_per_floor":[66,66,66,66,66,66,66,66,66,66,66,66,66,66,66,66,66,66,71,71,71],"card_choices":[{"not_picked":["Prepared","Leg Sweep"],"picked":"Cloak And Dagger","floor":1},{"not_picked":["Backflip","Expertise"],"picked":"Terror","floor":2},{"not_picked":["Underhanded Strike","Well Laid Plans"],"picked":"Cloak And Dagger","floor":6},{"not_picked":["Dagger Throw","Quick Slash"],"picked":"Deadly Poison","floor":11},{"not_picked":["Sucker Punch","Choke","Dodge and Roll"],"picked":"SKIP","floor":12},{"not_picked":["Bane","Leg Sweep"],"picked":"Poisoned Stab+1","floor":18},{"not_picked":["Dagger Throw","Flechettes"],"picked":"Poisoned Stab","floor":19}],"player_experience":178955,"relics_obtained":[{"floor":6,"key":"Tiny Chest"},{"floor":9,"key":"White Beast Statue"},{"floor":12,"key":"Toy Ornithopter"}],"event_choices":[{"cards_removed":["Strike_G"],"damage_healed":0,"gold_gain":0,"player_choice":"Card Removal","damage_taken":0,"max_hp_gain":0,"max_hp_loss":0,"event_name":"The Cleric","floor":3,"gold_loss":75},{"damage_healed":0,"gold_gain":0,"player_choice":"Entered Light","damage_taken":20,"max_hp_gain":0,"max_hp_loss":0,"event_name":"Shining Light","floor":4,"gold_loss":0,"cards_upgraded":["Defend_G","Cloak And Dagger"]},{"damage_healed":0,"gold_gain":0,"player_choice":"Take Wound","damage_taken":0,"relics_obtained":["Golden Idol"],"max_hp_gain":0,"max_hp_loss":0,"event_name":"Golden Idol","floor":5,"gold_loss":0,"cards_obtained":["Injury"]},{"cards_removed":["Injury"],"damage_healed":0,"gold_gain":0,"player_choice":"Removed Curses","damage_taken":0,"max_hp_gain":0,"max_hp_loss":0,"event_name":"Fountain of Cleansing","floor":14,"gold_loss":0},{"damage_healed":0,"gold_gain":0,"player_choice":"Fought Bandits","damage_taken":0,"max_hp_gain":0,"max_hp_loss":0,"event_name":"Masked Bandits","floor":20,"gold_loss":0}],"is_beta":false,"boss_relics":[{"not_picked":["Snecko Eye","Pandora\u0027s Box","Astrolabe"]}],"items_purged_floors":[],"is_endless":false,"potions_floor_spawned":[6,11,12,16,18,19],"killed_by":"Masked Bandits","ascension_level":17}}