{"host":"lg1piimdyocafd6j","time":1613752594,"event":{"mods":["AchievementEnabler","BaseMod","Better Third Choice","BetterRewards","Colored Map","Colored Powertips","Downfall","Minty Spire (QoL Compilation)","Quick Restart","Rare Cards Sparkle","Remove Card Discount Mod","Shop Mod","StSLib","SuperFastMode"],"gold_per_floor":[114,114,130,130,130,164,183,183,183,201,226,237,1,13,13,116,116,136,149,248,248,142,142,156,168,192,53,53,64,80,80,80,184,184,198,217,217,217,237,237,247,264,264,264,278,193,210,221,221,221,221,221,63,98,98,98],"floor_reached":55,"language":"ENG","playtime":5407,"items_purged":["Defend_G","Neutralize","Strike_G","Defend_G","Defend_G","Defend_G","Survivor","Deflect+1","Strike_G","Strike_G","Strike_G","Eviscerate","Flying Knee","Predator+1","Dagger Spray","Dagger Spray+1","Deflect+1","Deflect+1","Blade Dance+1","Blade Dance+1","Blade Dance+1"],"score":760,"play_id":"a905b8f9-b4eb-4a53-a885-dfac50edefef","local_time":"20210219173634","is_ascension_mode":false,"campfire_choices":[{"floor":8,"key":"RECALL"},{"floor":15,"key":"REST"},{"data":"Noxious Fumes","floor":23,"key":"SMITH"},{"data":"Noxious Fumes","floor":28,"key":"SMITH"},{"data":"Poisoned Stab","floor":32,"key":"SMITH"},{"data":"Poisoned Stab","floor":40,"key":"SMITH"},{"floor":49,"key":"REST"},{"data":"Footwork","floor":52,"key":"SMITH"}],"circlet_count":0,"master_deck":["Dodge and Roll+1","Dodge and Roll+1","Noxious Fumes+1","Adrenaline+1","CurseOfTheBell","Dodge and Roll+1","Dodge and Roll+1","Poisoned Stab+1","Noxious Fumes+1","Deadly Poison+1","Catalyst+1","Bane+1","Deadly Poison+1","Poisoned Stab+1","Footwork+1","Catalyst+1","Catalyst+1","Bandage Up+1","Footwork+1","Catalyst+1","Outmaneuver+1","Good Instincts+1","Burst+1","Bouncing Flask+1"],"relics":["Ring of the Snake","Ninja Scroll","Toxic Egg 2","Bottled Lightning","Bronze Scales","Membership Card","Lantern","Calling Bell","Orichalcum","Ornamental Fan","Girya","Pen Nib","Orrery","Black Star","Centennial Puzzle","TwistedFunnel","Pantograph","Art of War"],"acts_visited":["Exordium","TheCity","TheBeyond","TheEnding"],"potions_floor_usage":[16,16,33,33,33,39,41,50],"damage_taken":[{"damage":0,"enemies":"2 Louse","floor":1,"turns":2},{"damage":0,"enemies":"Cultist","floor":3,"turns":3},{"damage":19,"enemies":"Gremlin Nob","floor":6,"turns":5},{"damage":0,"enemies":"Jaw Worm","floor":7,"turns":2},{"damage":0,"enemies":"Blue Slaver","floor":10,"turns":4},{"damage":11,"enemies":"Lagavulin","floor":11,"turns":11},{"damage":0,"enemies":"2 Fungi Beasts","floor":12,"turns":2},{"damage":0,"enemies":"Red Slaver","floor":14,"turns":2},{"damage":24,"enemies":"Hexaghost","floor":16,"turns":10},{"damage":0,"enemies":"Shell Parasite","floor":18,"turns":7},{"damage":0,"enemies":"2 Thieves","floor":19,"turns":4},{"damage":5,"enemies":"Snake Plant","floor":24,"turns":3},{"damage":0,"enemies":"Cultist and Chosen","floor":25,"turns":4},{"damage":0,"enemies":"Centurion and Healer","floor":29,"turns":3},{"damage":0,"enemies":"3 Cultists","floor":30,"turns":3},{"damage":0,"enemies":"Champ","floor":33,"turns":5},{"damage":0,"enemies":"3 Shapes","floor":35,"turns":3},{"damage":0,"enemies":"Orb Walker","floor":36,"turns":3},{"damage":2,"enemies":"Writhing Mass","floor":39,"turns":3},{"damage":6,"enemies":"3 Darklings","floor":41,"turns":4},{"damage":1,"enemies":"Jaw Worm Horde","floor":42,"turns":5},{"damage":25,"enemies":"Writhing Mass","floor":45,"turns":5},{"damage":15,"enemies":"3 Darklings","floor":47,"turns":4},{"damage":0,"enemies":"Maw","floor":48,"turns":3},{"damage":50,"enemies":"Awakened One","floor":50,"turns":8},{"damage":28,"enemies":"Shield and Spear","floor":54,"turns":5},{"damage":27,"enemies":"The Heart","floor":55,"turns":3}],"seed_played":"-1393981714849198895","potions_obtained":[{"floor":3,"key":"SteroidPotion"},{"floor":10,"key":"CunningPotion"},{"floor":12,"key":"Block Potion"},{"floor":16,"key":"Weak Potion"},{"floor":24,"key":"GamblersBrew"},{"floor":33,"key":"Slimebound:ThreeZeroPotion"},{"floor":39,"key":"ColorlessPotion"},{"floor":45,"key":"SteroidPotion"},{"floor":48,"key":"Strength Potion"}],"is_trial":false,"path_per_floor":["M","?","M","?","?","E","M","R","T","M","E","M","$","M","R","B",null,"M","M","?","?","$","R","M","M","T","$","R","M","M","?","R","B",null,"M","M","?","?","M","R","M","M","T","?","M","$","M","M","R","B",null,"R","$","E","B"],"character_chosen":"THE_SILENT","items_purchased":["Ninja Scroll","Toxic Egg 2","Membership Card","Lantern","Dodge and Roll+1","Poisoned Stab","Noxious Fumes","Deadly Poison+1","Orrery","Deadly Poison+1","Poisoned Stab","TwistedFunnel","Outmaneuver+1","Good Instincts+1","Burst+1"],"campfire_rested":2,"item_purchase_floors":[0,0,13,13,22,22,22,22,27,27,27,46,53,53,53],"current_hp_per_floor":[70,70,70,70,70,51,51,51,51,51,40,40,40,40,61,37,70,70,70,70,70,70,70,65,65,65,65,65,65,65,65,65,65,70,70,70,70,70,68,68,62,67,67,67,45,45,36,42,63,19,70,70,70,48,43,43],"gold":98,"neow_bonus":"","is_daily":false,"chose_seed":false,"campfire_upgraded":5,"win_rate":0.0,"timestamp":1613752594,"path_taken":["M","?","?","?","?","E","?","R","T","M","E","M","$","M","R","BOSS","M","M","?","?","$","R","M","?","T","$","R","M","M","?","R","BOSS","M","M","?","?","M","R","M","M","T","?","?","$","M","M","R","BOSS","R","$","E","BOSS"],"items_purchased_type":["Relic","Relic","Relic","Relic","Card","Card","Card","Card","Relic","Card","Card","Relic","Card","Card","Card"],"build_version":"2020-12-22","purchased_purges":21,"victory":false,"max_hp_per_floor":[70,70,70,70,70,70,70,70,70,70,70,70,70,70,70,70,70,70,70,70,70,70,70,70,70,70,70,70,70,70,70,70,70,70,70,70,70,70,70,70,70,70,70,70,70,70,70,70,70,70,70,70,70,70,70,70],"card_choices":[{"not_picked":["Quick Slash","Dash"],"picked":"Dodge and Roll+1","floor":1},{"not_picked":["Blur+1","Prepared+1"],"picked":"Deflect+1","floor":3},{"not_picked":["Outmaneuver+1","Riddle With Holes","Flechettes"],"picked":"SKIP","floor":6},{"not_picked":["Calculated Gamble+1","Distraction+1","PiercingWail+1"],"picked":"SKIP","floor":7},{"not_picked":["Deadly Poison+1","Well Laid Plans"],"picked":"Dodge and Roll+1","floor":10},{"not_picked":["All Out Attack","Dagger Throw"],"picked":"Deflect+1","floor":11},{"not_picked":["Terror+1","Dagger Throw"],"picked":"Noxious Fumes","floor":12},{"not_picked":["Finisher","Adrenaline+1"],"picked":"Deflect+1","floor":14},{"not_picked":["Grand Finale","Burst+1"],"picked":"Adrenaline+1","floor":16},{"not_picked":["Deflect+1","Endless Agony"],"picked":"Predator+1","floor":18},{"not_picked":["Prepared+1","Masterful Stab"],"picked":"Dodge and Roll+1","floor":19},{"not_picked":["Infinite Blades","Expertise+1"],"picked":"Dagger Spray","floor":24},{"not_picked":["Backstab","All Out Attack+1","Slice"],"picked":"SKIP","floor":25},{"not_picked":["Slice","Night Terror+1"],"picked":"Blade Dance+1","floor":27},{"not_picked":["Backflip+1","PiercingWail+1"],"picked":"Catalyst+1","floor":27},{"not_picked":["Dagger Spray","Noxious Fumes+1"],"picked":"Blade Dance+1","floor":27},{"not_picked":["Eviscerate","Reflex+1"],"picked":"Bane+1","floor":27},{"not_picked":["Tactician+1","Night Terror+1"],"picked":"Eviscerate","floor":27},{"not_picked":["Underhanded Strike","Flying Knee+1"],"picked":"Footwork","floor":29},{"not_picked":["Infinite Blades","Outmaneuver+1"],"picked":"Catalyst+1","floor":30},{"not_picked":["Caltrops+1","Deflect+1"],"picked":"Poisoned Stab+1","floor":35},{"not_picked":["Well Laid Plans","PiercingWail+1"],"picked":"Catalyst+1","floor":36},{"not_picked":["Violence+1","Finesse+1"],"picked":"Bandage Up+1","floor":38},{"not_picked":["Poisoned Stab+1","Backflip+1"],"picked":"Footwork+1","floor":39},{"not_picked":["Blade Dance+1","Cloak And Dagger+1","Dagger Spray+1"],"picked":"SKIP","floor":41},{"not_picked":["Infinite Blades+1","Cloak And Dagger+1","Backstab+1"],"picked":"SKIP","floor":42},{"not_picked":["Infinite Blades","Slice+1"],"picked":"Blade Dance+1","floor":45},{"not_picked":["Distraction+1","Outmaneuver+1"],"picked":"Catalyst+1","floor":47},{"not_picked":["Blade Dance+1","Underhanded Strike+1","Outmaneuver+1"],"picked":"SKIP","floor":48},{"not_picked":["Blade Dance+1","Infinite Blades"],"picked":"Bouncing Flask+1","floor":54}],"player_experience":163728,"relics_obtained":[{"floor":6,"key":"Bottled Lightning"},{"floor":11,"key":"Bronze Scales"},{"floor":17,"key":"Orichalcum"},{"floor":17,"key":"Ornamental Fan"},{"floor":17,"key":"Girya"},{"floor":26,"key":"Pen Nib"},{"floor":43,"key":"Centennial Puzzle"},{"floor":54,"key":"Pantograph"},{"floor":54,"key":"Art of War"}],"event_choices":[{"damage_healed":0,"gold_gain":0,"player_choice":"Forge","damage_taken":0,"max_hp_gain":0,"max_hp_loss":0,"event_name":"Accursed Blacksmith","floor":2,"gold_loss":0,"cards_upgraded":["Dagger Spray"]},{"damage_healed":0,"gold_gain":0,"player_choice":"Ignored","damage_taken":0,"max_hp_gain":0,"max_hp_loss":0,"event_name":"Golden Idol","floor":4,"gold_loss":0},{"damage_healed":0,"gold_gain":0,"cards_transformed":["Strike_G"],"player_choice":"Change","damage_taken":0,"max_hp_gain":0,"max_hp_loss":0,"event_name":"Living Wall","floor":5,"gold_loss":0,"cards_obtained":["Flying Knee"]},{"damage_healed":0,"gold_gain":99,"player_choice":"Steal","damage_taken":0,"max_hp_gain":0,"max_hp_loss":0,"event_name":"betterThird:BetterNest","floor":20,"gold_loss":0},{"cards_removed":["Defend_G"],"damage_healed":0,"gold_gain":0,"player_choice":"Offered Basic","damage_taken":0,"max_hp_gain":0,"max_hp_loss":0,"event_name":"Bonfire Elementals","floor":21,"gold_loss":0},{"damage_healed":0,"gold_gain":0,"player_choice":"Ignored","damage_taken":0,"max_hp_gain":0,"max_hp_loss":0,"event_name":"Purifier","floor":31,"gold_loss":0},{"damage_healed":0,"gold_gain":0,"player_choice":"Ignored","damage_taken":0,"max_hp_gain":0,"max_hp_loss":0,"event_name":"Tomb of Lord Red Mask","floor":37,"gold_loss":0},{"damage_healed":0,"gold_gain":0,"player_choice":"Memory 1","damage_taken":0,"max_hp_gain":0,"max_hp_loss":0,"event_name":"SensoryStone","floor":38,"gold_loss":0},{"cards_removed":["Poisoned Stab"],"damage_healed":0,"gold_gain":0,"player_choice":"Removed Attack","damage_taken":0,"max_hp_gain":0,"max_hp_loss":0,"event_name":"Falling","floor":44,"gold_loss":0}],"is_beta":false,"boss_relics":[{"not_picked":["bronze:MakeshiftBattery","Runic Dome"],"picked":"Calling Bell"},{"not_picked":["HoveringKite","Ring of the Serpent"],"picked":"Black Star"}],"items_purged_floors":[0,0,0,13,22,22,22,22,22,22,22,27,27,27,27,46,46,46,46,53,53],"is_endless":false,"potions_floor_spawned":[3,10,12,14,16,24,30,33,39,41,45,48,54],"killed_by":"The Heart","ascension_level":0}}