{"host":"xz7n3qy1zq36rzpg","time":1613744105,"event":{"mods":["BaseMod","Colored Map","Colored Powertips","Highlight Path","Minty Spire (QoL Compilation)","Quick Restart","Shop Mod"],"gold_per_floor":[144,144,189,189,234,279,324,369,394,394,90,180,107,152,152,452,452,497,497,542,742,12,102,147,192,192,282,282,327,27,72,72,372,372,417,417,377,127,172,271,325,325,325,325,475,574,574,574,574,574],"floor_reached":51,"language":"ENG","playtime":4633,"items_purged":[],"score":899,"play_id":"e482e337-0ef3-4740-88aa-a191cabddee4","local_time":"20210219151505","daily_mods":["Insanity","Blue Cards","Midas"],"is_ascension_mode":false,"campfire_choices":[{"floor":15.0,"key":"REST"},{"floor":32.0,"key":"REST"},{"floor":42,"key":"REST"},{"floor":49,"key":"REST"}],"circlet_count":0,"master_deck":["Uppercut+1","Rebound","Aggregate+1","Streamline","Melter","Rebound","Hologram","Twin Strike","Evolve","Headbutt","Coolheaded","Ball Lightning","Streamline","Go for the Eyes+1","Warcry","Redo+1","True Grit","Skim","White Noise","Flex","Disarm","Sweeping Beam","Searing Blow","Gash","Battle Trance","Anger","Compile Driver","Undo","Stack","Stack","Steam","Pummel","Aggregate","Rage","Rampage","Sweeping Beam","Reprogram","Gash","Ball Lightning","Hologram","Blood for Blood","Heavy Blade+1","Shrug It Off","Anger","Havoc","Rage+1","Combust","Inflame","Rebound","Undo","Ball Lightning","Shrug It Off","Leap","Cleave","Defragment+1","Hello World+1","Gash","Barricade+1","Leap+1","Glacier+1","Dark Embrace+1","Coolheaded+1","Shrug It Off+1","Seeing Red+1","BootSequence+1","Flex+1","Hello World+1","Body Slam","Buffer+1","Thunderclap+1","Rupture+1","Storm+1","Armaments+1"],"relics":["Burning Blood","Ancient Tea Set","Frozen Egg 2","Mummified Hand","Mark of Pain","Toxic Egg 2","Strange Spoon","Whetstone","Lantern","Potion Belt","Pen Nib","Bottled Tornado","SacredBark","Vajra","CeramicFish","War Paint","StoneCalendar","Letter Opener"],"acts_visited":["Exordium","TheCity","TheBeyond"],"potions_floor_usage":[41,41,45,46,48,50,50],"damage_taken":[{"damage":0.0,"enemies":"Small Slimes","floor":1.0,"turns":1.0},{"damage":7.0,"enemies":"2 Louse","floor":3.0,"turns":2.0},{"damage":0.0,"enemies":"Cultist","floor":5.0,"turns":2.0},{"damage":8.0,"enemies":"2 Fungi Beasts","floor":6.0,"turns":2.0},{"damage":5.0,"enemies":"Exordium Thugs","floor":7.0,"turns":3.0},{"damage":0.0,"enemies":"3 Louse","floor":8.0,"turns":2.0},{"damage":38.0,"enemies":"Lagavulin","floor":12.0,"turns":6.0},{"damage":5.0,"enemies":"Lots of Slimes","floor":14.0,"turns":3.0},{"damage":9.0,"enemies":"Slime Boss","floor":16.0,"turns":7.0},{"damage":6.0,"enemies":"Shell Parasite","floor":18.0,"turns":6.0},{"damage":0.0,"enemies":"Chosen","floor":20.0,"turns":4.0},{"damage":8.0,"enemies":"Book of Stabbing","floor":23.0,"turns":4.0},{"damage":24.0,"enemies":"Snake Plant","floor":24.0,"turns":5.0},{"damage":2.0,"enemies":"Centurion and Healer","floor":25.0,"turns":5.0},{"damage":19.0,"enemies":"Slavers","floor":27.0,"turns":8.0},{"damage":0.0,"enemies":"Cultist and Chosen","floor":29.0,"turns":5.0},{"damage":3.0,"enemies":"3 Cultists","floor":31.0,"turns":5.0},{"damage":3.0,"enemies":"Automaton","floor":33.0,"turns":9.0},{"damage":45.0,"enemies":"3 Shapes","floor":35.0,"turns":5.0},{"damage":9.0,"enemies":"3 Darklings","floor":39.0,"turns":5.0},{"damage":2.0,"enemies":"Giant Head","floor":40.0,"turns":7.0},{"damage":0,"enemies":"Writhing Mass","floor":41,"turns":6},{"damage":2,"enemies":"Mind Bloom Boss Battle","floor":45,"turns":5},{"damage":1,"enemies":"Reptomancer","floor":46,"turns":7},{"damage":0,"enemies":"Transient","floor":48,"turns":1},{"damage":48,"enemies":"Awakened One","floor":50,"turns":13}],"seed_played":"778547550210687013","potions_obtained":[{"floor":1.0,"key":"SpeedPotion"},{"floor":6.0,"key":"Ancient Potion"},{"floor":14.0,"key":"AttackPotion"},{"floor":18.0,"key":"DuplicationPotion"},{"floor":24.0,"key":"PowerPotion"},{"floor":27.0,"key":"SkillPotion"},{"floor":33.0,"key":"SpeedPotion"},{"floor":39.0,"key":"Weak Potion"},{"floor":40.0,"key":"Swift Potion"},{"floor":41,"key":"Fire Potion"},{"floor":46,"key":"SmokeBomb"}],"is_trial":false,"path_per_floor":["M","?","M","?","M","M","M","M","T","?","$","E","$","M","R","B",null,"M","$","M","?","$","E","M","M","T","E","?","M","$","M","R","B",null,"M","?","?","$","M","E","M","R","T","?","?","E","?","M","R","B",null],"character_chosen":"IRONCLAD","items_purchased":["Cleave","Frozen Egg 2","Hello World+1","Toxic Egg 2","Strange Spoon","Whetstone","Dark Embrace+1","Coolheaded+1","Shrug It Off+1","Bottled Tornado","AttackPotion","Vajra","Fire Potion","Dexterity Potion"],"campfire_rested":4,"item_purchase_floors":[11,11,13,22,22,22,22,22,22,30,30,38,38,38],"current_hp_per_floor":[80,85,84,85,85,83,84,85,85,85,85,53,53,54,79,76,85,85,85,85,85,85,83,65,69,69,56,84,85,85,85,85,85,85,46,46,46,46,43,47,53,78,78,78,81,81,81,81,81,39],"gold":574,"neow_bonus":"","is_daily":true,"chose_seed":false,"campfire_upgraded":0,"win_rate":0.0,"timestamp":1613744105,"path_taken":["M","?","M","?","M","M","M","?","T","?","?","E","$","M","R","BOSS","M","$","M","?","$","E","M","?","T","E","?","M","$","M","R","BOSS","M","?","?","$","?","E","M","R","T","?","?","E","?","M","R","BOSS"],"items_purchased_type":["Card","Relic","Card","Relic","Relic","Relic","Card","Card","Card","Relic","Potion","Relic","Potion","Potion"],"build_version":"2020-12-22","purchased_purges":0,"victory":true,"max_hp_per_floor":[80,85,85,85,85,85,85,85,85,85,85,85,85,85,85,85,85,85,85,85,85,85,85,85,85,85,85,85,85,85,85,85,85,85,85,85,85,85,85,85,85,85,85,81,81,81,81,81,81,81],"card_choices":[{"not_picked":["Consume","Reprogram"],"picked":"Undo","floor":1.0},{"not_picked":["Beam Cell","Cold Snap","Power Through"],"picked":"SKIP","floor":3.0},{"not_picked":["Pommel Strike","Body Slam"],"picked":"Ball Lightning","floor":5.0},{"not_picked":["Auto Shields","Armaments","Rainbow"],"picked":"SKIP","floor":6.0},{"not_picked":["Sweeping Beam","Rebound"],"picked":"Shrug It Off","floor":7.0},{"not_picked":["Hologram","Clash"],"picked":"Leap","floor":8.0},{"not_picked":["Ghostly Armor","Compile Driver"],"picked":"Defragment+1","floor":12.0},{"not_picked":["Cold Snap","FTL"],"picked":"Gash","floor":14.0},{"not_picked":["Berserk+1","Brutality+1"],"picked":"Barricade+1","floor":16.0},{"not_picked":["Compile Driver","Sweeping Beam"],"picked":"Leap+1","floor":18.0},{"not_picked":["Dropkick","Hemokinesis+1"],"picked":"Glacier+1","floor":20.0},{"not_picked":["Turbo+1","Berserk+1"],"picked":"Seeing Red+1","floor":23.0},{"not_picked":["Rebound","Shrug It Off+1"],"picked":"BootSequence+1","floor":24.0},{"not_picked":["Turbo+1","Compile Driver+1","Searing Blow"],"picked":"SKIP","floor":25.0},{"not_picked":["Barricade+1","Leap+1"],"picked":"Flex+1","floor":27.0},{"not_picked":["Glacier+1","Clash"],"picked":"Hello World+1","floor":29.0},{"not_picked":["Gash","Metallicize+1"],"picked":"Body Slam","floor":31.0},{"not_picked":["Meteor Strike","Berserk+1"],"picked":"Buffer+1","floor":33.0},{"not_picked":["True Grit+1","Havoc+1"],"picked":"Thunderclap+1","floor":35.0},{"not_picked":["Cold Snap+1","Anger","Leap+1"],"picked":"SKIP","floor":39.0},{"not_picked":["Compile Driver+1","Streamline+1"],"picked":"Rupture+1","floor":40.0},{"not_picked":["Power Through+1","Streamline+1"],"picked":"Storm+1","floor":41},{"not_picked":["Pommel Strike","Heavy Blade"],"picked":"Armaments+1","floor":46}],"player_experience":542190,"relics_obtained":[{"floor":9.0,"key":"Ancient Tea Set"},{"floor":12.0,"key":"Mummified Hand"},{"floor":23.0,"key":"Lantern"},{"floor":26.0,"key":"Potion Belt"},{"floor":27.0,"key":"Pen Nib"},{"floor":40.0,"key":"CeramicFish"},{"floor":43,"key":"War Paint"},{"floor":45,"key":"StoneCalendar"},{"floor":46,"key":"Letter Opener"}],"event_choices":[{"damage_healed":0.0,"max_hp_gain":5.0,"max_hp_loss":0.0,"gold_gain":0.0,"event_name":"Big Fish","player_choice":"Donut","floor":2.0,"gold_loss":0.0,"damage_taken":0.0},{"cards_removed":["Warcry"],"damage_healed":5.0,"max_hp_gain":0.0,"max_hp_loss":0.0,"gold_gain":0.0,"event_name":"Bonfire Elementals","player_choice":"Offered Common","floor":4.0,"gold_loss":0.0,"damage_taken":0.0},{"cards_removed":["Warcry"],"damage_healed":5.0,"max_hp_gain":0.0,"max_hp_loss":0.0,"gold_gain":0.0,"event_name":"Bonfire Elementals","player_choice":"Offered Special","floor":4.0,"gold_loss":0.0,"damage_taken":0.0},{"damage_healed":0.0,"max_hp_gain":0.0,"max_hp_loss":0.0,"gold_gain":0.0,"event_name":"Accursed Blacksmith","player_choice":"Forge","floor":10.0,"gold_loss":0.0,"damage_taken":0.0,"cards_upgraded":["Aggregate"]},{"damage_healed":0.0,"max_hp_gain":0.0,"max_hp_loss":0.0,"gold_gain":200.0,"event_name":"Wheel of Change","player_choice":"Gold","floor":21.0,"gold_loss":0.0,"damage_taken":0.0},{"damage_healed":28.0,"max_hp_gain":0.0,"max_hp_loss":0.0,"gold_gain":0.0,"event_name":"The Library","player_choice":"Heal","floor":28.0,"gold_loss":0.0,"damage_taken":0.0},{"damage_healed":0.0,"max_hp_gain":0.0,"max_hp_loss":0.0,"gold_gain":0.0,"event_name":"Tomb of Lord Red Mask","player_choice":"Ignored","floor":36.0,"gold_loss":0.0,"damage_taken":0.0},{"damage_healed":0.0,"max_hp_gain":0.0,"max_hp_loss":0.0,"gold_gain":0.0,"event_name":"Designer","player_choice":"Upgrade","floor":37.0,"gold_loss":40.0,"damage_taken":0.0,"cards_upgraded":["Uppercut"]},{"damage_healed":0,"gold_gain":0,"player_choice":"Max HP","damage_taken":0,"max_hp_gain":0,"max_hp_loss":4,"event_name":"Winding Halls","floor":44,"gold_loss":0},{"damage_healed":0,"gold_gain":0,"player_choice":"Fight","damage_taken":0,"max_hp_gain":0,"max_hp_loss":0,"event_name":"MindBloom","floor":45,"gold_loss":0},{"damage_healed":0,"gold_gain":0,"player_choice":"Ignored","damage_taken":0,"max_hp_gain":0,"max_hp_loss":0,"event_name":"Mysterious Sphere","floor":47,"gold_loss":0}],"is_beta":false,"boss_relics":[{"not_picked":["Tiny House","Black Blood"],"picked":"Mark of Pain"},{"not_picked":["Philosopher\u0027s Stone","Runic Dome"],"picked":"SacredBark"}],"items_purged_floors":[],"is_endless":false,"potions_floor_spawned":[1,6,14,18,24,27,33,39,40,41,46],"ascension_level":0}}