{"host":"36t3qd3wjvajtu1z","time":1613702995,"event":{"mods":["2.2 Compatiblity","AchievementEnabler","BaseMod","Bestiary","Block Reminder","Colored Powertips","Curses Come First","Filter the Spire","Highlight Path","Minty Spire (QoL Compilation)","Permanent Neow","Quick Restart","Random Character Button","Rare Cards Sparkle","Relic Stats","Slay-I","StSLib","Unknown Chances"],"gold_per_floor":[34,66,122,178,234,234,292,346,346,346,384,420,420,455,455,455,455],"floor_reached":16,"language":"ENG","playtime":711,"items_purged":[],"score":215,"play_id":"b577ccde-4a2c-4da9-9e7a-caa825b1e81d","local_time":"20210218184955","is_ascension_mode":true,"campfire_choices":[{"floor":6.0,"key":"REST"},{"data":"HandOfGreed","floor":10.0,"key":"SMITH"},{"data":"Fission","floor":15.0,"key":"SMITH"}],"circlet_count":0,"master_deck":["AscendersBane","Strike_B","Strike_B","Strike_B","Strike_B","Defend_B","Defend_B+1","Defend_B+1","Defend_B","Zap","Dualcast","HandOfGreed+1","Ball Lightning","Self Repair","Leap","Ball Lightning","Fission+1","Chill","Hologram","Turbo","Glacier"],"relics":["Cracked Core","Potion Belt","Eternal Feather","War Paint"],"acts_visited":["Exordium"],"potions_floor_usage":[],"damage_taken":[{"damage":1.0,"enemies":"Cultist","floor":1.0,"turns":4.0},{"damage":11.0,"enemies":"Jaw Worm","floor":2.0,"turns":5.0},{"damage":14.0,"enemies":"Small Slimes","floor":3.0,"turns":4.0},{"damage":10.0,"enemies":"Gremlin Gang","floor":4.0,"turns":4.0},{"damage":11.0,"enemies":"2 Fungi Beasts","floor":5.0,"turns":5.0},{"damage":6.0,"enemies":"Exordium Thugs","floor":7.0,"turns":4.0},{"damage":21.0,"enemies":"Lagavulin","floor":8.0,"turns":6.0},{"damage":7.0,"enemies":"3 Louse","floor":11.0,"turns":4.0},{"damage":26.0,"enemies":"Large Slime","floor":12.0,"turns":3.0},{"damage":25.0,"enemies":"Gremlin Nob","floor":14.0,"turns":4.0},{"damage":23,"enemies":"Slime Boss","floor":16,"turns":7}],"seed_played":"6056506210471493202","potions_obtained":[{"floor":1.0,"key":"SpeedPotion"},{"floor":3.0,"key":"Swift Potion"},{"floor":12.0,"key":"EssenceOfSteel"},{"floor":14.0,"key":"Fruit Juice"}],"is_trial":false,"path_per_floor":["M","M","M","M","M","R","M","E","T","R","M","M","?","E","R","B"],"character_chosen":"DEFECT","items_purchased":[],"campfire_rested":1,"item_purchase_floors":[],"current_hp_per_floor":[63,52,38,35,31,52,53,39,39,48,48,29,29,16,28,5,5],"gold":455,"neow_bonus":"RANDOM_COLORLESS_2","is_daily":false,"chose_seed":false,"campfire_upgraded":2,"win_rate":0.0,"timestamp":1613702995,"path_taken":["M","M","?","M","M","R","M","E","T","R","M","M","?","E","R","BOSS"],"items_purchased_type":[],"build_version":"2020-12-22","purchased_purges":0,"victory":false,"max_hp_per_floor":[71,71,71,71,71,71,71,71,71,71,71,71,71,76,76,76,76],"relic_stats":{"counters":[11,50],"Eternal Feather":21,"War Paint":["Defend_B","Defend_B"],"obtain_stats":[{"Potion Belt":8,"Eternal Feather":9,"War Paint":14,"Cracked Core":0},{"Potion Belt":7,"Eternal Feather":7,"War Paint":10,"Cracked Core":0},{"Potion Belt":32,"Eternal Feather":32,"War Paint":43,"Cracked Core":0}]},"card_choices":[{"not_picked":["Master of Strategy","Mayhem"],"picked":"HandOfGreed","floor":0.0},{"not_picked":["Stack","Tempest"],"picked":"Ball Lightning","floor":1.0},{"not_picked":["Leap","Go for the Eyes"],"picked":"Self Repair","floor":2.0},{"not_picked":["Stack","Storm","Gash"],"picked":"SKIP","floor":3.0},{"not_picked":["Coolheaded","Gash"],"picked":"Leap","floor":4.0},{"not_picked":["Rebound","Gash"],"picked":"Ball Lightning","floor":5.0},{"not_picked":["Compile Driver","Sweeping Beam"],"picked":"Fission","floor":7.0},{"not_picked":["Static Discharge","Hello World"],"picked":"Chill","floor":8.0},{"not_picked":["Tempest","Blizzard"],"picked":"Hologram","floor":11.0},{"not_picked":["BootSequence","Force Field"],"picked":"Turbo","floor":12.0},{"not_picked":["Ball Lightning","Compile Driver"],"picked":"Glacier","floor":14.0}],"player_experience":553927,"relics_obtained":[{"floor":8.0,"key":"Potion Belt"},{"floor":9.0,"key":"Eternal Feather"},{"floor":14.0,"key":"War Paint"}],"event_choices":[{"damage_healed":0.0,"max_hp_gain":0.0,"max_hp_loss":0.0,"gold_gain":0.0,"event_name":"Liars Game","player_choice":"Ignored","floor":13.0,"gold_loss":0.0,"damage_taken":0.0}],"is_beta":false,"boss_relics":[],"items_purged_floors":[],"is_endless":false,"potions_floor_spawned":[1,3,12,14],"killed_by":"Slime Boss","ascension_level":17}}