{"host":"4tf6m7aukoo0nksr","time":1613725372,"event":{"mods":["AchievementEnabler","BaseMod","Better Vampires","Colored Map","Colored Powertips","Minty Spire (QoL Compilation)","Permanent Neow","StSLib","SuperFastMode","The Marked","Waifu the Spire"],"gold_per_floor":[114,114,129,54,72,104,104,135,135,135,135],"floor_reached":10,"language":"ZHS","playtime":244,"items_purged":["Defend_P"],"score":87,"play_id":"29392a68-cd47-4809-b7fd-14eace46f06d","local_time":"20210219170252","is_ascension_mode":true,"campfire_choices":[{"data":"SignatureMove","floor":7.0,"key":"SMITH"}],"circlet_count":0,"master_deck":["Strike_P","Strike_P","Strike_P","Defend_P","Defend_P","Defend_P","Eruption","Vigilance","SandsOfTime","SignatureMove+1"],"relics":["PureWater","CloakClasp","Dream Catcher","Singing Bowl"],"acts_visited":["Exordium"],"potions_floor_usage":[],"damage_taken":[{"damage":0.0,"enemies":"Cultist","floor":1.0,"turns":3.0},{"damage":0.0,"enemies":"Jaw Worm","floor":3.0,"turns":3.0},{"damage":0.0,"enemies":"2 Louse","floor":5.0,"turns":2.0},{"damage":11.0,"enemies":"Gremlin Nob","floor":6.0,"turns":3.0},{"damage":1.0,"enemies":"3 Sentries","floor":8.0,"turns":5.0},{"damage":78,"enemies":"Gremlin Nob","floor":10,"turns":3}],"seed_played":"2543604844133561182","potions_obtained":[{"floor":6.0,"key":"AttackPotion"},{"floor":8.0,"key":"Explosive Potion"}],"is_trial":false,"path_per_floor":["M","?","M","$","M","E","R","E","T","E"],"character_chosen":"WATCHER","items_purchased":[],"campfire_rested":0,"item_purchase_floors":[],"current_hp_per_floor":[51,51,51,51,51,40,40,41,41,0,0],"gold":135,"neow_bonus":"ONE_RARE_RELIC","is_daily":false,"chose_seed":false,"campfire_upgraded":1,"win_rate":0.0,"timestamp":1613725372,"path_taken":["M","?","?","$","M","E","R","E","T","E"],"items_purchased_type":[],"build_version":"2020-12-22","purchased_purges":1,"victory":false,"max_hp_per_floor":[72,72,72,72,72,72,72,74,74,74,74],"card_choices":[{"not_picked":["Halt","PathToVictory"],"picked":"SandsOfTime","floor":1.0},{"not_picked":["Prostrate","JustLucky","FollowUp"],"picked":"SKIP","floor":3.0},{"not_picked":["Crescendo","ThirdEye","DevaForm"],"picked":"SKIP","floor":5.0},{"not_picked":["ForeignInfluence","WaveOfTheHand"],"picked":"SignatureMove","floor":6.0},{"not_picked":["ClearTheMind","Consecrate","Prostrate"],"picked":"Singing Bowl","floor":8.0}],"player_experience":114499,"relics_obtained":[{"floor":6.0,"key":"Dream Catcher"},{"floor":8.0,"key":"Singing Bowl"}],"event_choices":[{"cards_removed":["Strike_P"],"damage_healed":0.0,"max_hp_gain":0.0,"max_hp_loss":0.0,"gold_gain":0.0,"event_name":"Bonfire Elementals","player_choice":"Offered Basic","floor":2.0,"gold_loss":0.0,"damage_taken":0.0}],"is_beta":false,"boss_relics":[],"items_purged_floors":[4],"is_endless":false,"potions_floor_spawned":[6,8],"killed_by":"Gremlin Nob","ascension_level":3}}