{"host":"x4954lblgztusody","time":1613700729,"event":{"mods":["BaseMod","Clockwork Mod","Colored Map","Curses Come First","Minty Spire (QoL Compilation)","Rare Cards Sparkle","Shop Mod","StSLib","The Animator","WarShipGirlsR/战舰少女R mod"],"gold_per_floor":[130,156,173,183,198,198,224,224,224,244,205,205,205,229,229,349,349,372,393,393,393,393],"floor_reached":21,"language":"ENG","playtime":1460,"items_purged":[],"score":201,"play_id":"41ed3bd6-73c5-4ad2-b268-a1549c144a16","local_time":"20210218181209","is_ascension_mode":true,"campfire_choices":[{"data":"animator:Entoma+4","floor":6,"key":"SMITH"},{"data":"animator:Entoma+8","floor":15,"key":"SMITH"}],"circlet_count":0,"master_deck":["animator:Strike_Overlord","animator:Defend_Overlord","animator:Strike","animator:Strike","animator:Strike","animator:Defend","animator:Defend","animator:Defend","animator:Cocytus","animator:Demiurge","animator:Entoma+10","animator:Elsword","animator:Fredrika","animator:GazelDwargon","animator:Verdia","animator:FeridBathory","animator:Mitsuba"],"relics":["animator:LivingPicture","animator:TheMissingPiece","animator:PurgingStone","PreservedInsect","Potion Belt","Golden Idol","SacredBark"],"acts_visited":["Exordium","TheCity"],"potions_floor_usage":[10,16,19,21],"damage_taken":[{"damage":2,"enemies":"Small Slimes","floor":1,"turns":4},{"damage":9,"enemies":"2 Louse","floor":2,"turns":4},{"damage":10,"enemies":"Cultist","floor":3,"turns":4},{"damage":8,"enemies":"Looter","floor":4,"turns":5},{"damage":0,"enemies":"2 Fungi Beasts","floor":5,"turns":3},{"damage":32,"enemies":"3 Sentries","floor":7,"turns":8},{"damage":3,"enemies":"Exordium Wildlife","floor":10,"turns":4},{"damage":1,"enemies":"3 Louse","floor":14,"turns":3},{"damage":4,"enemies":"Hexaghost","floor":16,"turns":12},{"damage":38,"enemies":"Chosen","floor":18,"turns":7},{"damage":30,"enemies":"2 Thieves","floor":19,"turns":5},{"damage":12,"enemies":"Snake Plant","floor":21,"turns":2}],"seed_played":"50890932017712659","potions_obtained":[{"floor":1,"key":"SpeedPotion"},{"floor":2,"key":"Dexterity Potion"},{"floor":7,"key":"PowerPotion"},{"floor":16,"key":"FearPotion"}],"is_trial":false,"path_per_floor":["M","M","M","M","M","R","E","?","T","M","?","?","?","M","R","B",null,"M","M","?","M"],"character_chosen":"THE_ANIMATOR","items_purchased":[],"campfire_rested":0,"item_purchase_floors":[],"current_hp_per_floor":[70,63,55,49,51,51,21,14,14,11,11,11,11,12,12,8,78,42,12,12,0,0],"gold":393,"neow_bonus":"TEN_PERCENT_HP_BONUS","is_daily":false,"chose_seed":false,"campfire_upgraded":2,"win_rate":0.0,"timestamp":1613700729,"path_taken":["M","M","M","M","M","R","E","?","T","M","?","?","?","M","R","BOSS","M","M","?","M"],"items_purchased_type":[],"build_version":"2020-12-22","purchased_purges":0,"victory":false,"max_hp_per_floor":[72,74,76,78,80,80,82,82,82,82,82,82,76,78,78,78,78,80,80,80,80,80],"card_choices":[{"not_picked":["animator:Rena","animator:Megumin"],"picked":"animator:Entoma","floor":1},{"not_picked":["animator:Laby","animator:Shinoa"],"picked":"animator:Elsword","floor":2},{"not_picked":["animator:Millim","animator:PandorasActor","animator:Rider"],"picked":"SKIP","floor":3},{"not_picked":["animator:YunYun","animator:Shigure"],"picked":"animator:Fredrika","floor":5},{"not_picked":["animator:Rena","animator:Assassin"],"picked":"animator:GazelDwargon","floor":7},{"not_picked":["animator:Guren","animator:CrowleyEusford"],"picked":"animator:Verdia","floor":10},{"not_picked":["animator:Demiurge","animator:Evileye"],"picked":"animator:Entoma","floor":14},{"not_picked":["animator:Guren","animator:Eris"],"picked":"animator:FeridBathory","floor":16},{"not_picked":["animator:WinryRockbell+1","animator:Illya","animator:Chris"],"picked":"SKIP","floor":18},{"not_picked":["animator:Add","animator:Yuuichirou"],"picked":"animator:Mitsuba","floor":19}],"player_experience":75417,"relics_obtained":[{"floor":7,"key":"PreservedInsect"}],"event_choices":[{"damage_healed":0,"gold_gain":0,"player_choice":"Success","damage_taken":7,"relics_obtained":["Potion Belt"],"max_hp_gain":0,"max_hp_loss":0,"event_name":"Scrap Ooze","floor":8,"gold_loss":0},{"damage_healed":0,"gold_gain":0,"player_choice":"Left Gold","damage_taken":0,"max_hp_gain":0,"max_hp_loss":0,"event_name":"World of Goop","floor":11,"gold_loss":39},{"damage_healed":0,"gold_gain":0,"player_choice":"Ignored","damage_taken":0,"max_hp_gain":0,"max_hp_loss":0,"event_name":"Liars Game","floor":12,"gold_loss":0},{"damage_healed":0,"gold_gain":0,"player_choice":"Lose Max HP","damage_taken":0,"relics_obtained":["Golden Idol"],"max_hp_gain":0,"max_hp_loss":6,"event_name":"Golden Idol","floor":13,"gold_loss":0},{"damage_healed":0,"gold_gain":0,"player_choice":"Ignored","damage_taken":0,"max_hp_gain":0,"max_hp_loss":0,"event_name":"The Mausoleum","floor":20,"gold_loss":0}],"is_beta":false,"boss_relics":[{"not_picked":["animator:RacePiece","Ectoplasm"],"picked":"SacredBark"}],"items_purged_floors":[],"is_endless":false,"potions_floor_spawned":[1,2,7,16],"killed_by":"Snake Plant","ascension_level":2}}