{"host":"sc8gyep369e97udg","time":1613698333,"event":{"mods":["BaseMod","Bestiary","Minty Spire (QoL Compilation)","Relic Stats","Slay the Relics Exporter"],"gold_per_floor":[118,118,134,144,160,190,190,204,204,204,216,2,2,22,22,127,127,142,158,158,169,181,181,181,181],"floor_reached":24,"language":"ENG","playtime":1816,"items_purged":[],"score":232,"play_id":"32bac1bf-dfb0-4b13-992d-996b566718c5","local_time":"20210218203213","is_ascension_mode":true,"campfire_choices":[{"floor":7,"key":"REST"},{"floor":10,"key":"REST"},{"floor":15,"key":"REST"},{"floor":23,"key":"REST"}],"circlet_count":0,"master_deck":["Strike_G","Strike_G","Strike_G","Strike_G","Defend_G","Defend_G","Defend_G","Defend_G","Defend_G","Survivor","Neutralize","Backflip","Cloak And Dagger","Dagger Spray","Burst","Endless Agony","PiercingWail","Caltrops","Distraction","Sucker Punch","Dagger Throw","Footwork","A Thousand Cuts","Bouncing Flask+1","Calculated Gamble+1"],"relics":["Ring of the Snake","Gremlin Horn","Tough Bandages","Toy Ornithopter","Runic Pyramid"],"acts_visited":["Exordium","TheCity"],"potions_floor_usage":[6,8,14,22,22],"damage_taken":[{"damage":1,"enemies":"Cultist","floor":1,"turns":4},{"damage":0,"enemies":"2 Louse","floor":3,"turns":3},{"damage":0,"enemies":"Small Slimes","floor":4,"turns":3},{"damage":0,"enemies":"Red Slaver","floor":5,"turns":4},{"damage":62,"enemies":"Lagavulin","floor":6,"turns":14},{"damage":14,"enemies":"Large Slime","floor":8,"turns":9},{"damage":0,"enemies":"2 Fungi Beasts","floor":11,"turns":3},{"damage":0,"enemies":"Looter","floor":14,"turns":4},{"damage":17,"enemies":"The Guardian","floor":16,"turns":18},{"damage":9,"enemies":"Shell Parasite","floor":18,"turns":9},{"damage":11,"enemies":"Chosen","floor":19,"turns":8},{"damage":10,"enemies":"Centurion and Healer","floor":21,"turns":6},{"damage":36,"enemies":"Shelled Parasite and Fungi","floor":22,"turns":9},{"damage":37,"enemies":"Slavers","floor":24,"turns":5}],"seed_played":"-7592779692523946729","potions_obtained":[{"floor":1,"key":"Poison Potion"},{"floor":3,"key":"ColorlessPotion"},{"floor":6,"key":"EssenceOfSteel"},{"floor":8,"key":"AttackPotion"},{"floor":16,"key":"Explosive Potion"},{"floor":19,"key":"ColorlessPotion"},{"floor":20,"key":"LiquidBronze"},{"floor":20,"key":"SmokeBomb"}],"is_trial":false,"path_per_floor":["M","?","M","M","M","E","R","M","T","R","M","$","?","M","R","B",null,"M","M","?","M","M","R","E"],"character_chosen":"THE_SILENT","items_purchased":["Toy Ornithopter","Footwork"],"campfire_rested":4,"item_purchase_floors":[12,12],"current_hp_per_floor":[69,69,69,69,69,7,28,14,14,35,35,35,35,40,61,44,70,61,50,50,40,14,35,0,0],"gold":181,"neow_bonus":"TRANSFORM_CARD","is_daily":false,"chose_seed":false,"campfire_upgraded":0,"win_rate":0.0,"timestamp":1613698333,"path_taken":["M","?","M","M","M","E","R","M","T","R","M","?","?","M","R","BOSS","M","M","?","M","M","R","E"],"items_purchased_type":["Relic","Card"],"build_version":"2020-12-22","purchased_purges":0,"victory":false,"max_hp_per_floor":[70,70,70,70,70,70,70,70,70,70,70,70,70,70,70,70,70,70,70,70,70,70,70,70,70],"relic_stats":{"Tough Bandages":[75],"Gremlin Horn":[3,3],"counters":[14,99],"obtain_stats":[{"Tough Bandages":9,"Gremlin Horn":6,"Toy Ornithopter":12,"Ring of the Snake":0,"Runic Pyramid":17},{"Tough Bandages":6,"Gremlin Horn":5,"Toy Ornithopter":7,"Ring of the Snake":0,"Runic Pyramid":9},{"Tough Bandages":37,"Gremlin Horn":28,"Toy Ornithopter":40,"Ring of the Snake":0,"Runic Pyramid":62}],"Toy Ornithopter":15,"Ring of the Snake":[30]},"card_choices":[{"not_picked":["Catalyst","Choke"],"picked":"Cloak And Dagger","floor":1},{"not_picked":["Accuracy","Dagger Throw"],"picked":"Endless Agony","floor":3},{"not_picked":["Tactician","Dagger Throw"],"picked":"PiercingWail","floor":4},{"not_picked":["Outmaneuver","Dodge and Roll"],"picked":"Caltrops","floor":5},{"not_picked":["Predator","Underhanded Strike"],"picked":"Distraction","floor":6},{"not_picked":["Expertise","Storm of Steel"],"picked":"Sucker Punch","floor":8},{"not_picked":["Flechettes","Riddle With Holes"],"picked":"Dagger Throw","floor":11},{"not_picked":["Predator","All Out Attack","Sucker Punch"],"picked":"SKIP","floor":14},{"not_picked":["Glass Knife","Unload"],"picked":"A Thousand Cuts","floor":16},{"not_picked":["Flying Knee","Poisoned Stab","Dagger Spray"],"picked":"SKIP","floor":18},{"not_picked":["Sucker Punch","Tactician+1"],"picked":"Bouncing Flask+1","floor":19},{"not_picked":["Acrobatics","Underhanded Strike+1","Predator"],"picked":"SKIP","floor":21},{"not_picked":["PiercingWail","Underhanded Strike"],"picked":"Calculated Gamble+1","floor":22}],"player_experience":110793,"relics_obtained":[{"floor":6,"key":"Gremlin Horn"},{"floor":9,"key":"Tough Bandages"}],"event_choices":[{"damage_healed":0,"gold_gain":0,"player_choice":"2 cards matched","damage_taken":0,"max_hp_gain":0,"max_hp_loss":0,"event_name":"Match and Keep!","floor":2,"gold_loss":0,"cards_obtained":["Dagger Spray","Burst"]},{"damage_healed":0,"gold_gain":0,"player_choice":"Ignored","damage_taken":0,"max_hp_gain":0,"max_hp_loss":0,"event_name":"Liars Game","floor":13,"gold_loss":0},{"damage_healed":0,"gold_gain":0,"player_choice":"Got Potions","damage_taken":0,"max_hp_gain":0,"max_hp_loss":0,"event_name":"Lab","floor":20,"gold_loss":0}],"is_beta":false,"boss_relics":[{"not_picked":["Philosopher\u0027s Stone","Black Star"],"picked":"Runic Pyramid"}],"items_purged_floors":[],"is_endless":false,"potions_floor_spawned":[1,3,6,8,16,19],"killed_by":"Slavers","ascension_level":3}}