{"host":"wrdw6zkxuilnr6rg","time":1613454566,"event":{"mods":["BaseMod","Colored Powertips","Minty Spire (QoL Compilation)","Relic Stats","StSLib"],"gold_per_floor":[118,118,130,30,40,40,69,69,116,128,108,118,153,165,165,237,237,256,206,25,25,41,41,61,61,111,111,111],"floor_reached":27,"language":"ENG","playtime":1009,"items_purged":["Regret","Strike_P"],"score":519,"play_id":"379d2b82-dd40-4ef2-821e-497da648f737","local_time":"20210216084926","is_ascension_mode":true,"campfire_choices":[{"data":"Eruption","floor":6,"key":"SMITH"},{"data":"Wireheading","floor":8,"key":"SMITH"},{"data":"WreathOfFlame","floor":15,"key":"SMITH"},{"data":"SashWhip","floor":23,"key":"SMITH"},{"data":"Blasphemy","floor":25,"key":"SMITH"}],"circlet_count":0,"master_deck":["AscendersBane","Strike_P","Strike_P","Strike_P","Defend_P","Defend_P+1","Defend_P","Defend_P","Eruption+1","Vigilance","Consecrate","Wireheading+1","ThirdEye","BowlingBash","EmptyBody+1","WreathOfFlame+1","FearNoEvil","DeusExMachina","SashWhip+1","Blasphemy+1","SandsOfTime","WindmillStrike","LikeWater","WaveOfTheHand"],"relics":["PureWater","NeowsBlessing","Omamori","Ancient Tea Set","War Paint","CloakClasp","Cursed Key","Blood Vial"],"acts_visited":["Exordium","TheCity"],"potions_floor_usage":[10,13,16,22],"damage_taken":[{"damage":0,"enemies":"Small Slimes","floor":1,"turns":1},{"damage":0,"enemies":"2 Louse","floor":3,"turns":1},{"damage":0,"enemies":"Cultist","floor":5,"turns":1},{"damage":35,"enemies":"Lagavulin","floor":7,"turns":4},{"damage":0,"enemies":"3 Louse","floor":10,"turns":3},{"damage":0,"enemies":"Exordium Thugs","floor":12,"turns":3},{"damage":16,"enemies":"Gremlin Nob","floor":13,"turns":3},{"damage":0,"enemies":"Looter","floor":14,"turns":4},{"damage":0,"enemies":"Slime Boss","floor":16,"turns":4},{"damage":8,"enemies":"2 Thieves","floor":18,"turns":5},{"damage":4,"enemies":"3 Byrds","floor":22,"turns":4},{"damage":17,"enemies":"Centurion and Healer","floor":24,"turns":6},{"damage":100034,"enemies":"Book of Stabbing","floor":27,"turns":5}],"seed_played":"-7011952559199176469","potions_obtained":[{"floor":1,"key":"BottledMiracle"},{"floor":7,"key":"Strength Potion"},{"floor":10,"key":"FairyPotion"},{"floor":14,"key":"PowerPotion"},{"floor":21,"key":"Weak Potion"}],"is_trial":false,"path_per_floor":["M","?","M","$","M","R","E","R","T","M","?","M","E","M","R","B",null,"M","?","$","?","M","R","M","R","T","E"],"character_chosen":"WATCHER","items_purchased":["ThirdEye","WindmillStrike"],"campfire_rested":0,"item_purchase_floors":[4,20],"current_hp_per_floor":[61,61,61,61,61,61,26,26,26,26,26,26,10,10,10,10,54,46,46,46,46,42,42,25,25,25,0,0],"gold":111,"neow_bonus":"THREE_ENEMY_KILL","is_daily":false,"chose_seed":false,"campfire_upgraded":5,"win_rate":0.0,"timestamp":1613454566,"path_taken":["M","?","M","$","M","R","E","R","T","M","?","?","E","M","R","BOSS","M","?","?","?","?","R","M","R","T","E"],"items_purchased_type":["Card","Card"],"build_version":"2020-12-22","purchased_purges":2,"victory":false,"max_hp_per_floor":[68,68,68,68,68,68,68,68,68,68,68,68,68,68,68,68,68,68,68,68,68,68,68,68,68,68,68,68],"relic_stats":{"Blood Vial":2,"counters":[13,44],"CloakClasp":[84],"War Paint":["Defend_P","EmptyBody"],"Cursed Key":1,"obtain_stats":[{"Blood Vial":26,"NeowsBlessing":0,"Omamori":2,"CloakClasp":13,"PureWater":0,"War Paint":9,"Ancient Tea Set":7,"Cursed Key":17},{"Blood Vial":12,"NeowsBlessing":0,"Omamori":1,"CloakClasp":7,"PureWater":0,"War Paint":4,"Ancient Tea Set":4,"Cursed Key":9},{"Blood Vial":39,"NeowsBlessing":0,"Omamori":1,"CloakClasp":16,"PureWater":0,"War Paint":7,"Ancient Tea Set":7,"Cursed Key":24}]},"card_choices":[{"not_picked":["WaveOfTheHand","Halt"],"picked":"Consecrate","floor":1},{"not_picked":["Protect","Halt"],"picked":"Wireheading","floor":3},{"not_picked":["SashWhip","EmptyBody"],"picked":"BowlingBash","floor":5},{"not_picked":["Consecrate","CrushJoints"],"picked":"EmptyBody","floor":7},{"not_picked":["Conclude","Evaluate"],"picked":"WreathOfFlame","floor":10},{"not_picked":["DeceiveReality","Halt"],"picked":"FearNoEvil","floor":12},{"not_picked":["PathToVictory","ThirdEye"],"picked":"DeusExMachina","floor":13},{"not_picked":["FlurryOfBlows","Study"],"picked":"SashWhip","floor":14},{"not_picked":["MasterReality","Omniscience"],"picked":"Blasphemy","floor":16},{"not_picked":["CutThroughFate","Crescendo"],"picked":"SandsOfTime","floor":18},{"not_picked":["FlurryOfBlows","Evaluate"],"picked":"LikeWater","floor":22},{"not_picked":["Protect","Evaluate"],"picked":"WaveOfTheHand","floor":24}],"player_experience":1462901,"relics_obtained":[{"floor":7,"key":"Ancient Tea Set"},{"floor":9,"key":"War Paint"},{"floor":13,"key":"CloakClasp"},{"floor":26,"key":"Blood Vial"}],"event_choices":[{"damage_healed":0,"gold_gain":0,"player_choice":"Box","damage_taken":0,"relics_obtained":["Omamori"],"max_hp_gain":0,"max_hp_loss":0,"event_name":"Big Fish","floor":2,"gold_loss":0,"cards_obtained":["Regret"]},{"damage_healed":0,"gold_gain":0,"player_choice":"Bought 1 Potion","damage_taken":0,"max_hp_gain":0,"max_hp_loss":0,"event_name":"The Woman in Blue","floor":11,"gold_loss":0},{"damage_healed":0,"gold_gain":0,"player_choice":"Bet on Murderer","damage_taken":0,"max_hp_gain":0,"max_hp_loss":0,"event_name":"The Joust","floor":19,"gold_loss":50},{"damage_healed":0,"gold_gain":0,"player_choice":"Got Potions","damage_taken":0,"max_hp_gain":0,"max_hp_loss":0,"event_name":"Lab","floor":21,"gold_loss":0}],"is_beta":false,"boss_relics":[{"not_picked":["Philosopher\u0027s Stone","SlaversCollar"],"picked":"Cursed Key"}],"items_purged_floors":[4,20],"is_endless":false,"potions_floor_spawned":[1,7,10,12,14],"killed_by":"Book of Stabbing","ascension_level":18}}