{"host":"xw5nub7n7iasb503","time":1613702099,"event":{"mods":["BaseMod","Minty Spire (QoL Compilation)"],"gold_per_floor":[115,134,153,165,179,179,213,213,238,261,261,261],"floor_reached":11,"language":"ENG","playtime":330,"items_purged":[],"score":77,"play_id":"ab7d9732-2e00-4258-9de9-1254790498ad","local_time":"20210218193459","is_ascension_mode":false,"campfire_choices":[],"circlet_count":0,"master_deck":["Strike_B","Strike_B","Strike_B","Defend_B","Defend_B","Defend_B","Defend_B","Zap","Dualcast","Gash","Loop","Loop","Gash"],"relics":["Cracked Core","NeowsBlessing","Golden Idol","Nunchaku"],"acts_visited":["Exordium"],"potions_floor_usage":[7,7,11],"damage_taken":[{"damage":0,"enemies":"2 Louse","floor":1,"turns":1},{"damage":0,"enemies":"Small Slimes","floor":2,"turns":1},{"damage":0,"enemies":"Cultist","floor":3,"turns":1},{"damage":6,"enemies":"Blue Slaver","floor":4,"turns":4},{"damage":14,"enemies":"2 Fungi Beasts","floor":5,"turns":3},{"damage":36,"enemies":"Lagavulin","floor":7,"turns":6},{"damage":7,"enemies":"3 Louse","floor":10,"turns":4},{"damage":16,"enemies":"Gremlin Nob","floor":11,"turns":2}],"seed_played":"1124160474855882992","potions_obtained":[{"floor":1,"key":"SkillPotion"},{"floor":2,"key":"Strength Potion"},{"floor":3,"key":"PowerPotion"},{"floor":7,"key":"PowerPotion"}],"is_trial":false,"path_per_floor":["M","M","M","M","M","?","E","?","T","M","E"],"character_chosen":"DEFECT","items_purchased":[],"campfire_rested":0,"item_purchase_floors":[],"current_hp_per_floor":[75,75,75,69,55,55,19,12,12,5,0,0],"gold":261,"neow_bonus":"THREE_ENEMY_KILL","is_daily":false,"chose_seed":false,"campfire_upgraded":0,"win_rate":0.0,"timestamp":1613702099,"path_taken":["M","M","M","M","M","?","E","?","T","M","E"],"items_purchased_type":[],"build_version":"2020-12-22","purchased_purges":0,"victory":false,"max_hp_per_floor":[75,75,75,75,75,69,69,69,69,69,69,69],"card_choices":[{"not_picked":["Heatsinks","Reinforced Body","FTL"],"picked":"SKIP","floor":1},{"not_picked":["Compile Driver","Melter"],"picked":"Gash","floor":2},{"not_picked":["Redo","Steam Power","Rebound"],"picked":"SKIP","floor":3},{"not_picked":["Scrape","BootSequence","Lockon"],"picked":"SKIP","floor":4},{"not_picked":["Streamline","Compile Driver"],"picked":"Loop","floor":5},{"not_picked":["Turbo","Glacier"],"picked":"Loop","floor":7},{"not_picked":["Heatsinks","Turbo"],"picked":"Gash","floor":10}],"player_experience":145142,"relics_obtained":[{"floor":7,"key":"Nunchaku"}],"event_choices":[{"damage_healed":0,"gold_gain":0,"player_choice":"Lose Max HP","damage_taken":0,"relics_obtained":["Golden Idol"],"max_hp_gain":0,"max_hp_loss":6,"event_name":"Golden Idol","floor":6,"gold_loss":0},{"cards_removed":["Strike_B"],"damage_healed":0,"gold_gain":0,"player_choice":"Card Removal","damage_taken":7,"max_hp_gain":0,"max_hp_loss":0,"event_name":"Golden Wing","floor":8,"gold_loss":0}],"is_beta":false,"boss_relics":[],"items_purged_floors":[],"is_endless":false,"potions_floor_spawned":[1,2,3,7],"killed_by":"Gremlin Nob","ascension_level":0}}