{"host":"ie50qk0ts9eskyyo","time":1613744893,"event":{"mods":["BaseMod","BetterRewards","Colored Map","Downfall","Friendly Minions","Highlight Path","Hubris","Infinite Spire","Minty Spire (QoL Compilation)","Quick Restart","Reliquary","Replay The Spire","Robot Space Explorer","StSLib","SuperFastMode","The Jungle"],"gold_per_floor":[119,219,219,230,82,82,107,125,207,207,282,308,308,323,323,428,428,448,448,193,206,228,228,243,276,322,340,357,367,117,117,117,221,221,232,232,79,79,100,100,100,100,100,121,169,195,212,15,0,0,0],"floor_reached":50,"language":"ENG","playtime":2305,"items_purged":["Strike_B","ReplayTheSpireMod:Restless Dread","Injury"],"score":859,"play_id":"686f66eb-d977-4a44-bc25-147de7ec6f21","local_time":"20210219092813","is_ascension_mode":true,"campfire_choices":[{"data":"ReplayGash","floor":6,"key":"SMITH"},{"data":"BasicCrystalCard","floor":13,"key":"SMITH"},{"data":"BasicCrystalCard","floor":15,"key":"SMITH"},{"data":"Beam Cell","floor":23,"key":"SMITH"},{"data":"GremboGang","floor":40,"key":"SMITH"},{"data":"Rainbow","floor":42,"key":"SMITH"}],"circlet_count":0,"master_deck":["Defend_B","Defend_B","Defend_B","Dualcast","Loop+1","Ball Lightning","Auto Shields","Gash","CurseOfTheBell","CurseOfTheBell","Rainbow+1","Amnesia","downfall:Haunted","ReplayTheSpireMod:Haul+1","ReplayGash+1","Beam Cell","BasicCrystalCard+1","Reinforced Body+1","BasicCrystalCard+1","ReplayRNGCard","Regret","ReplayTheSpireMod:Restless Dread","Gash","Beam Cell+1","Tempest+1","Scrape+1","Gash","Leap+1","GremboGang+1","hubris:PowerSurge+1","Coolheaded+1","hubris:PowerSurge","Capacitor"],"relics":["Cracked Core","hubris:Potato","InkBottle","Replay:Lucky Slots","downfall:ExtraCursedBell","Darkstone Periapt","Lizard Tail","Raider\u0027s Mask","hubris:OldNail","hubris:MysteriousPyramids","Centennial Puzzle","Kintsugi","reliquary:Stiletto","reliquary:TuningFork","sneckomod:BabySnecko","reliquary:RedPaperclip","infinitespire:EvilPickle","hubris:BallOfYels","Spirit Poop","infinitespire:ShieldingShard","hubris:ToyBattleship","Red Mask"],"acts_visited":["Exordium","TheCity","TheBeyond"],"potions_floor_usage":[47,50,50],"damage_taken":[{"damage":0,"enemies":"Jaw Worm","floor":1,"turns":2},{"damage":0,"enemies":"2 Louse","floor":4,"turns":2},{"damage":19,"enemies":"3 Sentries","floor":7,"turns":5},{"damage":1,"enemies":"Cultist","floor":8,"turns":3},{"damage":18,"enemies":"Lagavulin","floor":12,"turns":5},{"damage":0,"enemies":"Large Slime","floor":14,"turns":4},{"damage":50,"enemies":"The Guardian","floor":16,"turns":8},{"damage":27,"enemies":"2 Thieves","floor":18,"turns":3},{"damage":8,"enemies":"Shell Parasite","floor":21,"turns":4},{"damage":15,"enemies":"Centurion and Healer","floor":22,"turns":6},{"damage":5,"enemies":"Cultist and Chosen","floor":24,"turns":4},{"damage":36,"enemies":"Nightmare","floor":25,"turns":5},{"damage":8,"enemies":"Snake Plant","floor":27,"turns":3},{"damage":0,"enemies":"Shelled Parasite and Fungi","floor":28,"turns":2},{"damage":0,"enemies":"Sentry and Sphere","floor":29,"turns":3},{"damage":46,"enemies":"Pondfish","floor":33,"turns":11},{"damage":6,"enemies":"Orb Walker","floor":35,"turns":3},{"damage":18,"enemies":"3 Darklings","floor":39,"turns":5},{"damage":0,"enemies":"Jaw Worm Horde","floor":44,"turns":3},{"damage":96,"enemies":"Nightmare","floor":45,"turns":6},{"damage":0,"enemies":"Sphere and 2 Shapes","floor":46,"turns":5},{"damage":0,"enemies":"Maw","floor":47,"turns":5},{"damage":31,"enemies":"infinitespire:MassOfShapes","floor":50,"turns":10}],"seed_played":"4936299835349056446","potions_obtained":[{"floor":4,"key":"Cursed Concoction"},{"floor":8,"key":"PotionOfCapacity"},{"floor":25,"key":"Block Potion"}],"is_trial":false,"path_per_floor":["M","?","?","M","$","R","E","M","T","?","?","E","R","M","R","B",null,"M","?","$","M","M","R","M","NM","T","M","M","M","?","?","R_BF","B",null,"M","?","$","?","M","R","?","R","T","M","NM","M","M","$","R_BF","B"],"character_chosen":"DEFECT","items_purchased":["hubris:Potato","InkBottle","Replay:Lucky Slots","Loop+1","Raider\u0027s Mask","Replay:Baseball","hubris:BallOfYels","Capacitor"],"campfire_rested":0,"item_purchase_floors":[0,0,0,0,5,20,37,48],"current_hp_per_floor":[40,63,75,75,75,75,56,55,55,55,44,26,26,26,26,62,122,95,95,95,87,72,72,67,31,31,23,23,23,23,29,67,21,128,122,122,122,122,104,104,104,104,104,104,8,8,8,8,8,0,0],"gold":0,"neow_bonus":"","is_daily":false,"chose_seed":false,"campfire_upgraded":6,"win_rate":0.0,"timestamp":1613744893,"path_taken":["M","?","?","?","?","R","E","M","T","?","?","E","R","M","R","BOSS","M","?","$","?","M","R","M","NM","T","M","M","M","?","?","R_BF","BOSS","M","?","$","?","?","R","?","R","T","M","NM","?","M","?","R_BF","BOSS"],"items_purchased_type":["Relic","Relic","Relic","Card","Relic","Relic","Relic","Card"],"build_version":"2020-12-22","purchased_purges":3,"victory":false,"max_hp_per_floor":[75,98,110,110,110,110,110,110,110,110,110,110,110,110,110,110,122,122,122,122,122,122,122,122,122,122,122,122,122,122,128,128,128,128,128,128,128,128,128,128,128,128,128,128,128,128,128,128,128,128,128],"card_choices":[{"not_picked":["Beam Cell","Scrape"],"picked":"Gash","floor":1},{"not_picked":["infinitespire:TheBestDefense","hubris:Rewind"],"picked":"ReplayTheSpireMod:Haul","floor":3},{"not_picked":["Sweeping Beam","Leap"],"picked":"ReplayGash","floor":4},{"not_picked":["Tempest","Skim"],"picked":"Beam Cell","floor":7},{"not_picked":["Leap","Sweeping Beam"],"picked":"BasicCrystalCard","floor":8},{"not_picked":["Coolheaded","Rainbow"],"picked":"Reinforced Body","floor":12},{"not_picked":["Panic Button","ReplayTheSpireMod:System Scan"],"picked":"BasicCrystalCard","floor":14},{"not_picked":["hubris:SpecializedCircuitry","Rainbow"],"picked":"ReplayRNGCard","floor":16},{"not_picked":["Cold Snap","Turbo"],"picked":"Gash","floor":18},{"not_picked":["Cold Snap","Storm+1"],"picked":"Beam Cell","floor":21},{"not_picked":["Steam Power+1","White Noise"],"picked":"Tempest+1","floor":22},{"not_picked":["Cold Snap","Defragment+1"],"picked":"Scrape+1","floor":24},{"not_picked":["Ball Lightning","Streamline","Glacier"],"picked":"SKIP","floor":25},{"not_picked":["Static Discharge","Storm+1"],"picked":"Gash","floor":27},{"not_picked":["Beam Cell","Rip and Tear","White Noise"],"picked":"SKIP","floor":28},{"not_picked":["Steam","Ball Lightning"],"picked":"Leap+1","floor":29},{"not_picked":["ReplaySolidLightProjector","Beam Cell","Cold Snap"],"picked":"SKIP","floor":35},{"not_picked":["ReplaySolidLightProjector","Beam Cell","Cold Snap"],"picked":"SKIP","floor":35},{"not_picked":["Ball Lightning+1","Time Bomb"],"picked":"hubris:PowerSurge+1","floor":39},{"not_picked":["Coolheaded","ReplaySort","Compile Driver"],"picked":"SKIP","floor":44},{"not_picked":["Leap+1","Chill"],"picked":"Coolheaded+1","floor":45},{"not_picked":["Time Bomb+1","Cold Snap","Turbo+1"],"picked":"SKIP","floor":46},{"not_picked":["Rip and Tear+1","Steam+1"],"picked":"hubris:PowerSurge","floor":47}],"player_experience":51972,"relics_obtained":[{"floor":2,"key":"Darkstone Periapt"},{"floor":2,"key":"Bronze Scales"},{"floor":2,"key":"Lizard Tail"},{"floor":7,"key":"hubris:OldNail"},{"floor":9,"key":"hubris:MysteriousPyramids"},{"floor":12,"key":"Centennial Puzzle"},{"floor":25,"key":"reliquary:Stiletto"},{"floor":26,"key":"reliquary:TuningFork"},{"floor":43,"key":"infinitespire:ShieldingShard"},{"floor":45,"key":"hubris:ToyBattleship"}],"event_choices":[{"damage_healed":0,"gold_gain":0,"player_choice":"Grow","damage_taken":0,"max_hp_gain":0,"max_hp_loss":0,"event_name":"Living Wall","floor":10,"gold_loss":0,"cards_upgraded":["ReplayTheSpireMod:Haul"]},{"damage_healed":0,"gold_gain":75,"player_choice":"Gather Gold","damage_taken":11,"max_hp_gain":0,"max_hp_loss":0,"event_name":"World of Goop","floor":11,"gold_loss":0},{"cards_removed":["ReplayTheSpireMod:Splinters"],"damage_healed":0,"gold_gain":0,"player_choice":"Purged","damage_taken":0,"max_hp_gain":0,"max_hp_loss":0,"event_name":"Purifier","floor":19,"gold_loss":0},{"damage_healed":0,"gold_gain":0,"player_choice":"Memory 1","damage_taken":0,"max_hp_gain":0,"max_hp_loss":0,"event_name":"SensoryStone","floor":36,"gold_loss":0},{"damage_healed":0,"gold_gain":0,"player_choice":"Bought 0 Potions","damage_taken":0,"max_hp_gain":0,"max_hp_loss":0,"event_name":"The Woman in Blue","floor":38,"gold_loss":0},{"cards_removed":["downfall:Bewildered"],"damage_healed":0,"gold_gain":0,"player_choice":"Offered Curse","damage_taken":0,"relics_obtained":["Spirit Poop"],"max_hp_gain":0,"max_hp_loss":0,"event_name":"Bonfire Elementals","floor":41,"gold_loss":0},{"damage_healed":0,"gold_gain":0,"player_choice":"Paid","damage_taken":0,"relics_obtained":["Red Mask"],"max_hp_gain":0,"max_hp_loss":0,"event_name":"Tomb of Lord Red Mask","floor":49,"gold_loss":15}],"is_beta":false,"boss_relics":[{"not_picked":["Empty Cage","reliquary:RedCape"],"picked":"Kintsugi"},{"not_picked":["reliquary:KinkedSpring","Coffee Dripper"],"picked":"reliquary:RedPaperclip"}],"items_purged_floors":[0,20,48],"is_endless":true,"potions_floor_spawned":[4,8,25,27,28,29,33,35,44,45],"killed_by":"infinitespire:MassOfShapes","ascension_level":1}}