{"host":"xi8yg1ddhptuxb9d","time":1613705805,"event":{"mods":["AchievementEnabler","BaseMod","Block Reminder","Minty Spire (QoL Compilation)","Relic Sorter","StSLib"],"gold_per_floor":[115,128,128,128,140,140,140,166,191,219,219,243,139,152,152,152,152],"floor_reached":16,"language":"ENG","playtime":512,"items_purged":[],"score":216,"play_id":"07147f9d-6a19-431a-aac0-f66e007af01f","local_time":"20210218223645","is_ascension_mode":true,"campfire_choices":[{"data":"Eruption","floor":6,"key":"SMITH"},{"floor":11,"key":"REST"},{"data":"TalkToTheHand","floor":15,"key":"SMITH"}],"circlet_count":0,"master_deck":["AscendersBane","Strike_P","Strike_P","Strike_P","Defend_P","Defend_P","Defend_P","Defend_P","Eruption+1","Vigilance","CutThroughFate+1","BowlingBash","EmptyFist","Protect","Nirvana","TalkToTheHand+1","SandsOfTime","ThirdEye","Crescendo"],"relics":["SacredBark","Nunchaku","Ancient Tea Set","Darkstone Periapt","Odd Mushroom"],"acts_visited":["Exordium"],"potions_floor_usage":[8,10],"damage_taken":[{"damage":0,"enemies":"Small Slimes","floor":1,"turns":3},{"damage":4,"enemies":"Jaw Worm","floor":2,"turns":3},{"damage":3,"enemies":"2 Louse","floor":5,"turns":2},{"damage":8,"enemies":"Gremlin Nob","floor":8,"turns":3},{"damage":20,"enemies":"Lagavulin","floor":10,"turns":4},{"damage":0,"enemies":"The Mushroom Lair","floor":12,"turns":3},{"damage":7,"enemies":"Blue Slaver","floor":14,"turns":3},{"damage":34,"enemies":"Hexaghost","floor":16,"turns":9}],"seed_played":"7258172148507924935","potions_obtained":[{"floor":1,"key":"DuplicationPotion"},{"floor":5,"key":"SkillPotion"},{"floor":14,"key":"Ancient Potion"}],"is_trial":false,"path_per_floor":["M","M","?","?","M","R","?","E","T","E","R","?","$","M","R","B"],"character_chosen":"WATCHER","items_purchased":["SandsOfTime","ThirdEye"],"campfire_rested":1,"item_purchase_floors":[13,13],"current_hp_per_floor":[61,57,50,50,47,47,47,39,39,19,39,39,39,32,32,0,0],"gold":152,"neow_bonus":"BOSS_RELIC","is_daily":false,"chose_seed":false,"campfire_upgraded":2,"win_rate":0.0,"timestamp":1613705805,"path_taken":["M","M","?","?","M","R","?","E","T","E","R","?","$","M","R","BOSS"],"items_purchased_type":["Card","Card"],"build_version":"2020-12-22","purchased_purges":0,"victory":false,"max_hp_per_floor":[68,68,68,68,68,68,68,68,68,68,68,68,68,68,68,68,68],"card_choices":[{"not_picked":["WreathOfFlame","Weave"],"picked":"CutThroughFate","floor":1},{"not_picked":["FlyingSleeves","CrushJoints"],"picked":"BowlingBash","floor":2},{"not_picked":["SashWhip","Worship"],"picked":"EmptyFist","floor":5},{"not_picked":["SignatureMove","Consecrate"],"picked":"Protect","floor":8},{"not_picked":["Consecrate","ForeignInfluence"],"picked":"Nirvana","floor":10},{"not_picked":["CutThroughFate","Sanctity"],"picked":"TalkToTheHand","floor":12},{"not_picked":["SashWhip","PathToVictory"],"picked":"Crescendo","floor":14}],"player_experience":721184,"relics_obtained":[{"floor":8,"key":"Nunchaku"},{"floor":9,"key":"Ancient Tea Set"},{"floor":10,"key":"Darkstone Periapt"},{"floor":12,"key":"Odd Mushroom"}],"event_choices":[{"cards_removed":["Strike_P"],"damage_healed":0,"gold_gain":0,"player_choice":"Card Removal","damage_taken":7,"max_hp_gain":0,"max_hp_loss":0,"event_name":"Golden Wing","floor":3,"gold_loss":0},{"damage_healed":0,"gold_gain":0,"player_choice":"Ignored","damage_taken":0,"max_hp_gain":0,"max_hp_loss":0,"event_name":"Shining Light","floor":4,"gold_loss":0},{"damage_healed":0,"gold_gain":0,"player_choice":"Grow","damage_taken":0,"max_hp_gain":0,"max_hp_loss":0,"event_name":"Living Wall","floor":7,"gold_loss":0,"cards_upgraded":["CutThroughFate"]},{"damage_healed":0,"gold_gain":0,"player_choice":"Fought Mushrooms","damage_taken":0,"max_hp_gain":0,"max_hp_loss":0,"event_name":"Mushrooms","floor":12,"gold_loss":0}],"is_beta":false,"boss_relics":[],"items_purged_floors":[],"is_endless":false,"potions_floor_spawned":[1,5,14],"killed_by":"Hexaghost","ascension_level":20}}