{"host":"ydujlihd8f5px9gp","time":1613693470,"event":{"mods":["AchievementEnabler","BaseMod","Block Reminder","Colored Map","Minty Spire (QoL Compilation)","StSLib","ojb\u0027s Info Mod"],"gold_per_floor":[109,122,140,153,173,173,201,223,278,313,313,313,333,391,391,496,496,510,281,306,306,319,354,354,354,408,438,438,438,114,134,134,230,230,244,244,254,100,454,484,484,706,706,718,718],"floor_reached":44,"language":"ENG","playtime":2110,"items_purged":["Strike_R","Strike_R+1"],"score":653,"play_id":"05492df9-93c4-4be6-a573-2d311a325821","local_time":"20210218221110","is_ascension_mode":true,"campfire_choices":[{"data":"Inflame","floor":6,"key":"SMITH"},{"data":"Clothesline","floor":12,"key":"SMITH"},{"floor":15,"key":"REST"},{"data":"Metallicize","floor":29,"key":"SMITH"},{"data":"Pommel Strike","floor":32,"key":"SMITH"}],"circlet_count":0,"master_deck":["Strike_R+1","Defend_R+1","Defend_R+1","Defend_R+1","Bash+1","Clothesline+1","Metallicize+1","Body Slam","Inflame+1","Pommel Strike+1","Dropkick+1","Twin Strike","Barricade","Carnage","Decay","Clothesline","Carnage+1","Clothesline+1","Demon Form","Pommel Strike+1","Heavy Blade+1","Twin Strike+1"],"relics":["Black Blood","Champion Belt","Odd Mushroom","Red Skull","Matryoshka","Snecko Eye","Sling","Red Mask","Whetstone","Molten Egg 2","Centennial Puzzle","Toxic Egg 2","Lantern","Bag of Preparation","Old Coin","Bottled Flame","MawBank","Ornamental Fan"],"acts_visited":["Exordium","TheCity","TheBeyond"],"potions_floor_usage":[7,8,16,22,23,39,39,44],"damage_taken":[{"damage":7,"enemies":"Small Slimes","floor":1,"turns":4},{"damage":6,"enemies":"Jaw Worm","floor":2,"turns":5},{"damage":0,"enemies":"Cultist","floor":3,"turns":4},{"damage":11,"enemies":"Looter","floor":4,"turns":5},{"damage":5,"enemies":"2 Fungi Beasts","floor":5,"turns":5},{"damage":42,"enemies":"3 Sentries","floor":7,"turns":10},{"damage":26,"enemies":"The Mushroom Lair","floor":8,"turns":4},{"damage":21,"enemies":"Gremlin Nob","floor":10,"turns":4},{"damage":15,"enemies":"Exordium Thugs","floor":13,"turns":5},{"damage":34,"enemies":"The Guardian","floor":16,"turns":7},{"damage":4,"enemies":"Chosen","floor":18,"turns":3},{"damage":61,"enemies":"Masked Bandits","floor":20,"turns":5},{"damage":15,"enemies":"3 Byrds","floor":22,"turns":5},{"damage":17,"enemies":"Book of Stabbing","floor":23,"turns":3},{"damage":2,"enemies":"Gremlin Leader","floor":27,"turns":5},{"damage":13,"enemies":"3 Cultists","floor":31,"turns":4},{"damage":47,"enemies":"Automaton","floor":33,"turns":7},{"damage":22,"enemies":"3 Darklings","floor":35,"turns":4},{"damage":7,"enemies":"3 Shapes","floor":37,"turns":6},{"damage":22,"enemies":"2 Orb Walkers","floor":39,"turns":4},{"damage":47,"enemies":"Nemesis","floor":40,"turns":5},{"damage":32,"enemies":"Reptomancer","floor":44,"turns":3}],"seed_played":"-6491847966988197084","potions_obtained":[{"floor":1,"key":"FairyPotion"},{"floor":5,"key":"Swift Potion"},{"floor":7,"key":"Fruit Juice"},{"floor":13,"key":"LiquidMemories"},{"floor":18,"key":"SteroidPotion"},{"floor":20,"key":"BloodPotion"},{"floor":27,"key":"BlessingOfTheForge"},{"floor":31,"key":"SpeedPotion"},{"floor":35,"key":"Block Potion"},{"floor":39,"key":"SkillPotion"}],"is_trial":false,"path_per_floor":["M","M","M","M","M","R","E","?","T","E","?","R","M","?","R","B",null,"M","$","?","?","M","E","?","?","T","E","?","R","$","M","R","B",null,"M","?","M","$","?","E","?","?","T","E"],"character_chosen":"IRONCLAD","items_purchased":["Sling","Lantern","Carnage+1","Bag of Preparation"],"campfire_rested":1,"item_purchase_floors":[19,30,30,38],"current_hp_per_floor":[71,71,77,72,73,73,42,22,22,7,7,7,30,30,60,32,84,86,86,31,31,42,31,64,64,64,68,68,68,68,61,61,20,81,71,71,76,76,66,31,31,31,31,0,0],"gold":718,"neow_bonus":"TWENTY_PERCENT_HP_BONUS","is_daily":false,"chose_seed":false,"campfire_upgraded":4,"win_rate":0.0,"timestamp":1613693470,"path_taken":["M","M","M","M","M","R","E","?","T","E","?","R","M","?","R","BOSS","M","$","?","?","?","E","?","?","T","E","?","R","$","M","R","BOSS","M","?","?","$","?","E","?","?","T","E"],"items_purchased_type":["Relic","Relic","Card","Relic"],"build_version":"2020-12-22","purchased_purges":2,"victory":false,"max_hp_per_floor":[96,96,96,96,96,96,101,101,101,101,101,101,101,101,101,101,101,101,101,101,101,101,101,101,101,101,101,101,101,101,101,101,101,101,101,101,101,101,101,101,101,101,101,101,101],"card_choices":[{"not_picked":["Seeing Red","Intimidate"],"picked":"Clothesline","floor":1},{"not_picked":["Perfected Strike","Sword Boomerang"],"picked":"Metallicize","floor":2},{"not_picked":["Infernal Blade","Wild Strike","Havoc"],"picked":"SKIP","floor":3},{"not_picked":["Clothesline","Twin Strike"],"picked":"Body Slam","floor":4},{"not_picked":["Double Tap","Wild Strike"],"picked":"Inflame","floor":5},{"not_picked":["Clothesline","Spot Weakness"],"picked":"Pommel Strike","floor":7},{"not_picked":["Pommel Strike","Shrug It Off"],"picked":"Dropkick","floor":10},{"not_picked":["Perfected Strike","Shrug It Off"],"picked":"Twin Strike","floor":13},{"not_picked":["Berserk","Double Tap"],"picked":"Barricade","floor":16},{"not_picked":["Warcry","Pommel Strike+1","Armaments"],"picked":"SKIP","floor":18},{"not_picked":["Rampage","Havoc+1"],"picked":"Carnage","floor":20},{"not_picked":["Warcry","Flex","Exhume"],"picked":"SKIP","floor":22},{"not_picked":["Evolve","Headbutt"],"picked":"Clothesline","floor":23},{"not_picked":["Evolve","Body Slam+1","Iron Wave+1"],"picked":"SKIP","floor":27},{"not_picked":["Iron Wave+1","Infernal Blade+1"],"picked":"Clothesline+1","floor":31},{"not_picked":["Brutality","Barricade"],"picked":"Demon Form","floor":33},{"not_picked":["Armaments+1","Iron Wave+1"],"picked":"Pommel Strike+1","floor":35},{"not_picked":["Rupture","Body Slam+1"],"picked":"Heavy Blade+1","floor":37},{"not_picked":["Intimidate+1","Combust"],"picked":"Twin Strike+1","floor":40}],"player_experience":159523,"relics_obtained":[{"floor":7,"key":"Champion Belt"},{"floor":8,"key":"Odd Mushroom"},{"floor":9,"key":"Red Skull"},{"floor":10,"key":"Matryoshka"},{"floor":20,"key":"Red Mask"},{"floor":23,"key":"Whetstone"},{"floor":26,"key":"Molten Egg 2"},{"floor":26,"key":"Centennial Puzzle"},{"floor":27,"key":"Toxic Egg 2"},{"floor":39,"key":"Old Coin"},{"floor":40,"key":"Bottled Flame"},{"floor":43,"key":"MawBank"},{"floor":43,"key":"Ornamental Fan"}],"event_choices":[{"damage_healed":0,"gold_gain":0,"player_choice":"Fought Mushrooms","damage_taken":0,"max_hp_gain":0,"max_hp_loss":0,"event_name":"Mushrooms","floor":8,"gold_loss":0},{"damage_healed":0,"gold_gain":0,"player_choice":"Searched \u00270\u0027 times","damage_taken":0,"max_hp_gain":0,"max_hp_loss":0,"event_name":"Dead Adventurer","floor":11,"gold_loss":0},{"damage_healed":0,"gold_gain":58,"player_choice":"Gained Gold","damage_taken":0,"max_hp_gain":0,"max_hp_loss":0,"event_name":"Golden Wing","floor":14,"gold_loss":0},{"damage_healed":0,"gold_gain":0,"player_choice":"Fought Bandits","damage_taken":0,"max_hp_gain":0,"max_hp_loss":0,"event_name":"Masked Bandits","floor":20,"gold_loss":0},{"damage_healed":0,"gold_gain":0,"player_choice":"Cursed","damage_taken":0,"max_hp_gain":0,"max_hp_loss":0,"event_name":"Wheel of Change","floor":21,"gold_loss":0,"cards_obtained":["Decay"]},{"damage_healed":33,"gold_gain":0,"player_choice":"Heal","damage_taken":0,"max_hp_gain":0,"max_hp_loss":0,"event_name":"The Library","floor":24,"gold_loss":0},{"damage_healed":0,"gold_gain":0,"player_choice":"Simplicity","damage_taken":0,"max_hp_gain":0,"max_hp_loss":0,"event_name":"Back to Basics","floor":25,"gold_loss":0,"cards_upgraded":["Strike_R","Strike_R","Strike_R","Strike_R","Defend_R","Defend_R","Defend_R","Defend_R"]},{"cards_removed":["Strike_R"],"damage_healed":0,"gold_gain":0,"player_choice":"Purged","damage_taken":0,"max_hp_gain":0,"max_hp_loss":0,"event_name":"Purifier","floor":28,"gold_loss":0},{"cards_removed":["Strike_R"],"damage_healed":0,"gold_gain":0,"player_choice":"Purged","damage_taken":0,"max_hp_gain":0,"max_hp_loss":0,"event_name":"Purifier","floor":36,"gold_loss":0},{"damage_healed":0,"gold_gain":0,"player_choice":"Fight","damage_taken":0,"max_hp_gain":0,"max_hp_loss":0,"event_name":"Mysterious Sphere","floor":39,"gold_loss":0},{"cards_removed":["Defend_R"],"damage_healed":0,"gold_gain":0,"player_choice":"Removed Skill","damage_taken":0,"max_hp_gain":0,"max_hp_loss":0,"event_name":"Falling","floor":41,"gold_loss":0},{"damage_healed":0,"gold_gain":222,"player_choice":"Wore Mask","damage_taken":0,"max_hp_gain":0,"max_hp_loss":0,"event_name":"Tomb of Lord Red Mask","floor":42,"gold_loss":0}],"is_beta":false,"boss_relics":[{"not_picked":["Cursed Key","Runic Cube"],"picked":"Snecko Eye"},{"not_picked":["Runic Pyramid","Astrolabe"],"picked":"Black Blood"}],"items_purged_floors":[19,30],"is_endless":false,"potions_floor_spawned":[1,5,7,13,18,20,27,31,35,39],"killed_by":"Reptomancer","ascension_level":5}}