{"host":"ju1b3c4x8n2jtjm7","time":1613734357,"event":{"mods":["AchievementEnabler","BaseMod","Colored Map","Colored Powertips","Highlight Path","Minty Spire (QoL Compilation)","Quick Restart","Rare Cards Sparkle","Relic Stats"],"gold_per_floor":[119,137,153,228,245,245,245],"floor_reached":6,"language":"ENG","playtime":422,"items_purged":[],"score":51,"play_id":"f0607970-e302-49c8-962a-41a6bb47bddf","local_time":"20210219123237","is_ascension_mode":true,"campfire_choices":[],"circlet_count":0,"master_deck":["Strike_P","Strike_P","Strike_P","Strike_P","Defend_P","Defend_P","Defend_P","Defend_P","Eruption","Vigilance","ThirdEye","EmptyMind","CutThroughFate"],"relics":["PureWater","Ginger"],"acts_visited":["Exordium"],"potions_floor_usage":[],"damage_taken":[{"damage":0.0,"enemies":"2 Louse","floor":1.0,"turns":2.0},{"damage":6.0,"enemies":"Cultist","floor":2.0,"turns":4.0},{"damage":0.0,"enemies":"Jaw Worm","floor":3.0,"turns":5.0},{"damage":4.0,"enemies":"Blue Slaver","floor":5.0,"turns":6.0},{"damage":103,"enemies":"Gremlin Nob","floor":6,"turns":4}],"seed_played":"8395579469281864793","potions_obtained":[{"floor":3.0,"key":"SkillPotion"},{"floor":5.0,"key":"SteroidPotion"}],"is_trial":false,"path_per_floor":["M","M","M","?","M","E"],"character_chosen":"WATCHER","items_purchased":[],"campfire_rested":0,"item_purchase_floors":[],"current_hp_per_floor":[65,59,59,53,49,0,0],"gold":245,"neow_bonus":"ONE_RARE_RELIC","is_daily":false,"chose_seed":false,"campfire_upgraded":0,"win_rate":0.0,"timestamp":1613734357,"path_taken":["M","M","M","?","M","E"],"items_purchased_type":[],"build_version":"2020-12-22","purchased_purges":0,"victory":false,"max_hp_per_floor":[65,65,65,65,65,65,65],"relic_stats":{"counters":[5,21],"Ginger":[7],"obtain_stats":[{"Ginger":0,"PureWater":0},{"Ginger":0,"PureWater":0},{"Ginger":0,"PureWater":0}]},"card_choices":[{"not_picked":["Protect","Prostrate"],"picked":"ThirdEye","floor":1.0},{"not_picked":["Evaluate","Prostrate"],"picked":"EmptyMind","floor":2.0},{"not_picked":["ThirdEye","Evaluate","Worship"],"picked":"SKIP","floor":3.0},{"not_picked":["ThirdEye","Adaptation"],"picked":"CutThroughFate","floor":5.0}],"player_experience":395134,"relics_obtained":[],"event_choices":[{"damage_healed":0.0,"max_hp_gain":0.0,"max_hp_loss":0.0,"gold_gain":75.0,"event_name":"FaceTrader","player_choice":"Touch","floor":4.0,"gold_loss":0.0,"damage_taken":6.0}],"is_beta":false,"boss_relics":[],"items_purged_floors":[],"is_endless":false,"potions_floor_spawned":[3,5],"killed_by":"Gremlin Nob","ascension_level":7}}