{"host":"y1t8p8u0dxvsm95y","time":1613757940,"event":{"mods":["BaseMod","Better Third Choice","Colored Map","Colored Powertips","Downfall","Hermit","Infinite Spire","Koishi","Marisa????????","Minty Spire (QoL Compilation)","Quick Restart","Somnambulant","StSLib","The Blackbeard","The Clintock","The Construct","The Cursed","The Disciple","The Elementalist","The Exalted","The Forsaken","The Hayseed","The Hierophant","The Judge","The Jungle","The Mystic","The Necromancer","The Problem Sleuth","The Runesmith","The Senshi","The Servant 0.9.4","The Wild Card","TheBandit"],"gold_per_floor":[99,119,34,53,121,146,220,230,130,130,130,130,140,154,171,267,267,267,279,297,313,313,313,384,384,384,284,300,300,18,18,31,128,128,128,145,195,195,195,195,195,213,225,125,140,174,12,12,30,30,30,30],"floor_reached":50,"language":"ENG","playtime":3083,"items_purged":["Shame"],"score":547,"play_id":"12adf810-8b25-442c-a0b1-2e82334ce73c","local_time":"20210219130540","is_ascension_mode":false,"campfire_choices":[{"data":"Mind Blast","floor":1,"key":"SMITH"},{"floor":9,"key":"REST"},{"floor":12,"key":"REST"},{"data":"bronze:HardenedForm","floor":18,"key":"SMITH"},{"floor":25,"key":"RECALL"},{"data":"bronze:Optimize","floor":27,"key":"SMITH"},{"floor":29,"key":"REST"},{"data":"bronze:Repulsor","floor":35,"key":"SMITH"},{"floor":40,"key":"REST"},{"data":"bronze:Philosophize","floor":44,"key":"SMITH"}],"circlet_count":0,"master_deck":["bronze:Strike","bronze:Strike","bronze:Strike","bronze:Defend","bronze:Defend","bronze:Defend","bronze:Replicate","bronze:Goto","Mind Blast+1","bronze:Constructor","bronze:BronzeArmor","bronze:Optimize+1","bronze:Frontload","bronze:Branch","bronze:DarkDash","bronze:Philosophize+1","bronze:ForceShield","bronze:HardenedForm+1","bronze:DelayedSlice","bronze:BronzeOrb+1","bronze:Invalidate","theJungle:PetSnecko","bronze:Repulsor+1","bronze:Deprecate","bronze:ClassDefault","bronze:ForceShield","bronze:HyperBeam+1","bronze:NullPointer+1","bronze:Optimize+1","expansioncontent:Chronoboost+1","bronze:BuggyMess+1","bronze:ThunderWave+1","bronze:Fortify+1","bronze:WhirlingStrike+1","bronze:RecursiveStrike+1","Panacea","bronze:Fortify+1"],"relics":["bronze:BronzeCore","StrikeDummy","Ornamental Fan","infinitespire:Bottled Soul","downfall:HeartBlessingGreen","construct:WeddingRing","theJungle:PaperFaux","Molten Egg 2","downfall:HeartBlessingRed","ClockworkSouvenir","construct:ClawGrip","Bromod:ArcanePistoleer","downfall:HeartBlessingBlue","StoneCalendar","infinitespire:Cupcake","Juzu Bracelet"],"acts_visited":["Exordium","Exordium","TheBeyond"],"potions_floor_usage":[6,6,46,50,50,50],"damage_taken":[{"damage":1,"enemies":"Cultist","floor":2,"turns":3},{"damage":0,"enemies":"downfall:FleeingMerchant","floor":3,"turns":4},{"damage":1,"enemies":"2 Louse","floor":4,"turns":3},{"damage":68,"enemies":"Gremlin Nob","floor":6,"turns":8},{"damage":0,"enemies":"Jaw Worm","floor":8,"turns":2},{"damage":0,"enemies":"Red Slaver","floor":13,"turns":4},{"damage":0,"enemies":"Gremlin Gang","floor":14,"turns":6},{"damage":0,"enemies":"2 Fungi Beasts","floor":15,"turns":4},{"damage":20,"enemies":"WA_ARCHETYPE_RETAIN","floor":16,"turns":12},{"damage":0,"enemies":"theJungle:5_Spyders","floor":19,"turns":8},{"damage":0,"enemies":"Shell Parasite","floor":20,"turns":8},{"damage":14,"enemies":"theJungle:JungleHuntersEncounter","floor":21,"turns":6},{"damage":26,"enemies":"theJungle:Lyon","floor":28,"turns":6},{"damage":0,"enemies":"downfall:FleeingMerchant","floor":30,"turns":4},{"damage":13,"enemies":"theJungle:2_Snecko_Cultists","floor":32,"turns":4},{"damage":43,"enemies":"IC_MUSHROOM_ARCHETYPE","floor":33,"turns":14},{"damage":0,"enemies":"3 Shapes","floor":36,"turns":4},{"damage":20,"enemies":"3 Shapes","floor":37,"turns":8},{"damage":1,"enemies":"Orb Walker","floor":42,"turns":4},{"damage":1,"enemies":"Jaw Worm Horde","floor":43,"turns":5},{"damage":0,"enemies":"Writhing Mass","floor":45,"turns":5},{"damage":33,"enemies":"Reptomancer","floor":46,"turns":7},{"damage":0,"enemies":"downfall:FleeingMerchant","floor":47,"turns":4},{"damage":7,"enemies":"Sphere and 2 Shapes","floor":49,"turns":3},{"damage":58,"enemies":"DF_ARCHETYPE_ORBS","floor":50,"turns":9}],"seed_played":"-4710472542629408641","potions_obtained":[{"floor":2,"key":"Swift Potion"},{"floor":4,"key":"Fruit Juice"},{"floor":8,"key":"DuplicationPotion"},{"floor":14,"key":"EssenceOfSteel"},{"floor":33,"key":"Ancient Potion"},{"floor":37,"key":"Energy Potion"},{"floor":49,"key":"Strength Potion"}],"is_trial":false,"path_per_floor":["R","M","$","M","T","E","T","M","R","?","?","R","M","M","M","B",null,"R","M","M","M","?","?","T","R","?","R","M","R","$","?","M","B",null,"R","M","?","?","?","R","T","M","M","R","M","E","$","AVR","M","B"],"character_chosen":"THE_AUTOMATON","items_purchased":["bronze:Optimize","ClockworkSouvenir","bronze:ClassDefault","Strength Potion","Panacea"],"campfire_rested":4,"item_purchase_floors":[3,30,30,47,47],"current_hp_per_floor":[70,69,69,68,68,5,5,5,27,27,27,49,49,49,49,29,75,75,75,75,61,61,85,85,85,85,85,59,84,84,84,71,28,85,85,85,65,65,65,85,85,84,83,93,93,60,60,60,53,0,0,0],"gold":30,"neow_bonus":"RANDOM_COLORLESS","is_daily":false,"chose_seed":false,"campfire_upgraded":5,"win_rate":0.0,"timestamp":1613757940,"path_taken":["R","M","$","M","?","E","T","M","R","?","?","R","?","M","M","BOSS","R","M","?","M","?","?","T","R","?","R","M","R","?","?","M","BOSS","R","M","?","?","?","R","T","M","?","R","?","E","?","AVR","M","BOSS"],"items_purchased_type":["Card","Relic","Card","Potion","Card"],"build_version":"2020-12-22","purchased_purges":1,"victory":false,"max_hp_per_floor":[70,70,70,70,70,75,75,75,75,75,75,75,75,75,75,75,75,75,75,75,75,75,85,85,85,85,85,85,85,85,85,85,85,85,85,85,85,85,85,85,85,85,85,95,95,95,95,95,95,95,95,95],"card_choices":[{"not_picked":["Finesse","Deep Breath"],"picked":"Mind Blast","floor":0},{"not_picked":["bronze:CutThrough","bronze:Iterate"],"picked":"bronze:Constructor","floor":2},{"not_picked":["bronze:CutThrough","bronze:BuggyMess"],"picked":"bronze:BronzeArmor","floor":3},{"not_picked":["bronze:Invalidate","bronze:Terminator"],"picked":"bronze:Frontload","floor":4},{"not_picked":["bronze:Shield","bronze:Separator"],"picked":"bronze:Branch","floor":6},{"not_picked":["bronze:ClassDefault","bronze:Terminator"],"picked":"bronze:DarkDash","floor":8},{"not_picked":["bronze:Overheat","bronze:DelayedGuard"],"picked":"bronze:FindAndReplace","floor":13},{"not_picked":["bronze:Branch","bronze:WildBeam"],"picked":"bronze:Philosophize","floor":14},{"not_picked":["bronze:BugBarrage","bronze:CutThrough"],"picked":"bronze:ForceShield","floor":15},{"not_picked":["bronze:Break","bronze:Verify"],"picked":"bronze:HardenedForm","floor":16},{"not_picked":["bronze:ForceShield","bronze:ForLoop+1"],"picked":"bronze:DelayedSlice","floor":19},{"not_picked":["bronze:BronzeArmor","bronze:Iterate"],"picked":"bronze:BronzeOrb+1","floor":20},{"not_picked":["bronze:Branch","bronze:BronzeArmor"],"picked":"bronze:Invalidate","floor":21},{"not_picked":["bronze:NullPointer+1","bronze:WildBeam+1"],"picked":"bronze:Repulsor","floor":28},{"not_picked":["bronze:Iterate+1","bronze:DarkDash+1"],"picked":"bronze:Deprecate","floor":30},{"not_picked":["bronze:Separator+1","bronze:Turbo"],"picked":"bronze:ForceShield","floor":32},{"not_picked":["bronze:HardenedForm","bronze:CleanCode"],"picked":"bronze:HyperBeam+1","floor":33},{"not_picked":["bronze:MaxOutput","bronze:Boost"],"picked":"bronze:NullPointer+1","floor":36},{"not_picked":["bronze:DarkDash+1","bronze:ClassDefault"],"picked":"bronze:Optimize+1","floor":37},{"not_picked":["expansioncontent:PolyBeam","expansioncontent:GuardianWhirl"],"picked":"expansioncontent:Chronoboost","floor":38},{"not_picked":["bronze:CutThrough+1","bronze:Deprecate"],"picked":"bronze:BuggyMess+1","floor":42},{"not_picked":["bronze:Safeguard","bronze:DelayedSlice+1"],"picked":"bronze:ThunderWave+1","floor":43},{"not_picked":["bronze:BugBarrage+1","bronze:BitShift+1"],"picked":"bronze:Fortify+1","floor":45},{"not_picked":["bronze:DelayedSlice+1","bronze:BronzeArmor"],"picked":"bronze:WhirlingStrike+1","floor":46},{"not_picked":["bronze:Overload","bronze:WildBeam+1"],"picked":"bronze:RecursiveStrike+1","floor":47},{"not_picked":["bronze:Deprecate+1","bronze:DarkDash+1"],"picked":"bronze:Fortify+1","floor":49}],"player_experience":1275483,"relics_obtained":[{"floor":5,"key":"StrikeDummy"},{"floor":6,"key":"Ornamental Fan"},{"floor":7,"key":"infinitespire:Bottled Soul"},{"floor":24,"key":"Molten Egg 2"},{"floor":37,"key":"Bromod:ArcanePistoleer"},{"floor":46,"key":"StoneCalendar"}],"event_choices":[{"cards_removed":["bronze:Defend"],"damage_healed":0,"gold_gain":0,"player_choice":"Offered Basic","damage_taken":0,"max_hp_gain":0,"max_hp_loss":0,"event_name":"Bonfire Elementals","floor":31,"gold_loss":0}],"is_beta":false,"boss_relics":[{"not_picked":["Astrolabe","Calling Bell"],"picked":"construct:WeddingRing"},{"not_picked":["Snecko Eye","Bromod:ArcaneGrace"],"picked":"construct:ClawGrip"}],"items_purged_floors":[30],"is_endless":false,"potions_floor_spawned":[2,4,8,14,33,37,45,49],"killed_by":"DF_ARCHETYPE_ORBS","ascension_level":0}}