{"host":"wcdwdpnxbe04tinu","time":1613758963,"event":{"mods":["Aspiration","BaseMod","Downfall","Minty Spire (QoL Compilation)","Relic Sorter","StSLib"],"gold_per_floor":[99,113,131,151,167,201,279,279,312,312,212,242,262,287,297,297,297,297],"floor_reached":16,"language":"ENG","playtime":1099,"items_purged":[],"score":206,"play_id":"1059a502-7b3c-44f4-999a-38d713e5b41f","local_time":"20210219122243","is_ascension_mode":true,"campfire_choices":[{"data":"champ:Taunt","floor":1,"key":"SMITH"},{"data":"champ:FanOfKnives","floor":11,"key":"SMITH"}],"circlet_count":0,"master_deck":["champ:Strike","champ:Strike","champ:Strike","champ:Strike","champ:Defend","champ:Defend","champ:Defend","champ:Defend","champ:Execute","champ:Taunt+1","champ:ShieldSigil","champ:RageSigil","champ:AdrenalArmor","champ:CrownThrow","champ:FanOfKnives+1","champ:FanOfKnives","champ:Lariat","champ:Shatter"],"relics":["champ:ChampionCrown","Centennial Puzzle","downfall:HeartBlessingBlue","Dream Catcher","Art of War"],"acts_visited":["Exordium"],"potions_floor_usage":[9,9,9,14,14,14],"damage_taken":[{"damage":2,"enemies":"Small Slimes","floor":2,"turns":4},{"damage":15,"enemies":"2 Louse","floor":3,"turns":3},{"damage":31,"enemies":"Cultist","floor":4,"turns":3},{"damage":65,"enemies":"Blue Slaver","floor":5,"turns":6},{"damage":95,"enemies":"3 Sentries","floor":6,"turns":10},{"damage":60,"enemies":"Lagavulin","floor":9,"turns":4},{"damage":35,"enemies":"3 Sentries","floor":12,"turns":6},{"damage":0,"enemies":"2 Fungi Beasts","floor":13,"turns":2},{"damage":30,"enemies":"Gremlin Nob","floor":14,"turns":2},{"damage":65,"enemies":"Large Slime","floor":15,"turns":4},{"damage":107,"enemies":"IC_STATUS_ARCHETYPE","floor":16,"turns":8}],"seed_played":"-8917902848470939692","potions_obtained":[{"floor":5,"key":"DistilledChaos"},{"floor":6,"key":"EntropicBrew"},{"floor":10,"key":"Regen Potion"}],"is_trial":false,"path_per_floor":["R","M","M","M","M","E","T","?","E","?","R","E","M","E","M","B"],"character_chosen":"THE_CHAMP","items_purchased":[],"campfire_rested":0,"item_purchase_floors":[],"current_hp_per_floor":[99,97,92,91,81,59,59,59,54,54,64,49,49,54,54,0,0,0],"gold":297,"neow_bonus":"TEN_PERCENT_HP_BONUS","is_daily":false,"chose_seed":false,"campfire_upgraded":2,"win_rate":0.0,"timestamp":1613758963,"path_taken":["R","M","M","M","M","E","T","?","E","?","R","E","?","E","M","BOSS"],"items_purchased_type":[],"build_version":"2020-12-22","purchased_purges":0,"victory":false,"max_hp_per_floor":[99,99,99,99,99,99,99,99,99,99,109,109,109,109,109,109,109,109],"card_choices":[{"not_picked":["champ:FlashCut","champ:BringItOn"],"picked":"champ:ShieldSigil","floor":2},{"not_picked":["champ:PreciseThrust","champ:IronFortress"],"picked":"champ:RageSigil","floor":3},{"not_picked":["champ:DefensiveShout","champ:PreciseThrust"],"picked":"champ:AdrenalArmor","floor":4},{"not_picked":["champ:HeavySlash","champ:Circumvent"],"picked":"champ:CrownThrow","floor":5},{"not_picked":["champ:IronFortress","champ:GladiatorStyle","champ:StanceDance"],"picked":"SKIP","floor":6},{"not_picked":["champ:BerserkerStyle","champ:Haymaker"],"picked":"champ:FanOfKnives","floor":9},{"not_picked":["champ:CrookedStrike","champ:HeavySlash"],"picked":"champ:FanOfKnives","floor":12},{"not_picked":["champ:Duel","champ:FanOfKnives"],"picked":"champ:Lariat","floor":13},{"not_picked":["champ:PreemptiveStrike","champ:EndlessRage"],"picked":"champ:Shatter","floor":14},{"not_picked":["champ:StanceDance","champ:Shatter","champ:TornadoPunch"],"picked":"SKIP","floor":15}],"player_experience":547213,"relics_obtained":[{"floor":6,"key":"Centennial Puzzle"},{"floor":9,"key":"Pen Nib"},{"floor":12,"key":"Dream Catcher"},{"floor":14,"key":"Art of War"}],"event_choices":[],"is_beta":false,"boss_relics":[],"items_purged_floors":[],"is_endless":false,"potions_floor_spawned":[5,6,12,13],"killed_by":"IC_STATUS_ARCHETYPE","ascension_level":3}}