{"host":"y4mx56vxqys6xwyn","time":1613767278,"event":{"mods":["BaseMod","Hermit","Minty Spire (QoL Compilation)","StSLib","The Bug Knight"],"gold_per_floor":[115,115,130,144,144,171,171,202,251,309,309,319,338,350,350,451,451,470,470,470,103,103,131,131,131,182,194,306,318,357,369,381,491,503,535,507,519,547,614,653,678,703,739,751,775,805,817,0,12,24],"floor_reached":51,"language":"ENG","playtime":3982,"items_purged":[],"score":946,"play_id":"7dda7a73-0e7b-4afb-b0ab-270358049d0e","local_time":"20210219144118","is_ascension_mode":false,"campfire_choices":[{"data":"Defragment","floor":7,"key":"SMITH"},{"floor":15,"key":"REST"},{"floor":25,"key":"DIG"},{"data":"Loop","floor":27,"key":"SMITH"},{"floor":32,"key":"REST"},{"floor":44,"key":"DIG"},{"floor":47,"key":"DIG"},{"floor":49,"key":"DIG"}],"circlet_count":0,"master_deck":["Strike_B+1","Strike_B+1","Strike_B+1","Defend_B+1","Defend_B+1","Defend_B+1","Dualcast+1","Cold Snap+1","Defragment+1","Reinforced Body+1","Sweeping Beam+1","Hello World+1","Capacitor+1","Coolheaded+1","Sweeping Beam+1","Ball Lightning+1","Biased Cognition+1","CurseOfTheBell","Glacier+1","Steam Power+1","Loop+1","Seek+1","Doom and Gloom+1","Redo+1","Reprogram+1","Glacier+1","Rainbow+1","Amplify+1","Barrage+1","Barrage","Blizzard+1","Ball Lightning+1","Aggregate","Redo","Loop+1","Double Energy+1"],"relics":["Cracked Core","NeowsBlessing","Ornamental Fan","Juzu Bracelet","Lizard Tail","Nunchaku","Mercury Hourglass","CultistMask","Calling Bell","Bag of Marbles","InkBottle","Shovel","Lantern","Anchor","Darkstone Periapt","HollowMod:PaleOreRelic","MawBank","Unceasing Top","Mummified Hand","Regal Pillow","Toy Ornithopter","Fusion Hammer","Mark of the Bloom","Incense Burner","Matryoshka","Strawberry","MealTicket","Bag of Preparation","Singing Bowl","Red Mask","Bronze Scales"],"acts_visited":["Exordium","TheCity","TheBeyond"],"potions_floor_usage":[6,13,16,23,28,33,35,36,45,50],"damage_taken":[{"damage":0,"enemies":"Jaw Worm","floor":1,"turns":1},{"damage":0,"enemies":"Cultist","floor":3,"turns":1},{"damage":0,"enemies":"Small Slimes","floor":4,"turns":1},{"damage":15,"enemies":"Lagavulin","floor":6,"turns":7},{"damage":18,"enemies":"3 Sentries","floor":8,"turns":8},{"damage":11,"enemies":"3 Sentries","floor":10,"turns":7},{"damage":0,"enemies":"Red Slaver","floor":12,"turns":4},{"damage":8,"enemies":"Gremlin Gang","floor":13,"turns":2},{"damage":3,"enemies":"Lots of Slimes","floor":14,"turns":2},{"damage":9,"enemies":"Hexaghost","floor":16,"turns":9},{"damage":26,"enemies":"2 Thieves","floor":18,"turns":3},{"damage":49,"enemies":"Slavers","floor":23,"turns":4},{"damage":13,"enemies":"Colosseum Slavers","floor":28,"turns":4},{"damage":9,"enemies":"Colosseum Nobs","floor":28,"turns":4},{"damage":0,"enemies":"HollowMod:Nosk","floor":30,"turns":6},{"damage":70,"enemies":"Collector","floor":33,"turns":11},{"damage":11,"enemies":"3 Darklings","floor":35,"turns":4},{"damage":0,"enemies":"Orb Walker","floor":38,"turns":2},{"damage":0,"enemies":"2 Orb Walkers","floor":39,"turns":3},{"damage":0,"enemies":"Nemesis","floor":40,"turns":7},{"damage":0,"enemies":"Transient","floor":41,"turns":5},{"damage":0,"enemies":"Jaw Worm Horde","floor":42,"turns":3},{"damage":0,"enemies":"3 Darklings","floor":45,"turns":3},{"damage":0,"enemies":"Maw","floor":46,"turns":3},{"damage":0,"enemies":"Awakened One","floor":50,"turns":8}],"seed_played":"3250670941151752607","potions_obtained":[{"floor":6,"key":"Fruit Juice"},{"floor":10,"key":"GamblersBrew"},{"floor":12,"key":"Regen Potion"},{"floor":13,"key":"Weak Potion"},{"floor":16,"key":"ColorlessPotion"},{"floor":28,"key":"Strength Potion"},{"floor":30,"key":"Strength Potion"},{"floor":33,"key":"AttackPotion"},{"floor":36,"key":"Fruit Juice"},{"floor":36,"key":"FocusPotion"},{"floor":36,"key":"Regen Potion"},{"floor":39,"key":"AttackPotion"},{"floor":45,"key":"Weak Potion"},{"floor":46,"key":"Ancient Potion"}],"is_trial":false,"path_per_floor":["M","?","M","M","T","E","R","E","T","?","?","M","M","M","R","B",null,"M","?","?","$","?","E","?","R","T","R","?","T","E","?","R","B",null,"M","?","?","M","?","E","M","M","T","R","M","M","R","?","R","B",null],"character_chosen":"DEFECT","items_purchased":["Lantern","Loop","Seek","Doom and Gloom"],"campfire_rested":2,"item_purchase_floors":[21,21,21,21],"current_hp_per_floor":[75,75,75,75,75,65,65,47,47,36,36,36,28,25,49,40,80,54,54,54,54,54,17,17,17,17,17,40,40,40,40,79,10,80,69,79,79,79,79,79,79,79,79,79,79,79,79,79,79,79],"gold":36,"neow_bonus":"THREE_ENEMY_KILL","is_daily":false,"chose_seed":false,"campfire_upgraded":2,"win_rate":0.0,"timestamp":1613767278,"path_taken":["M","?","M","?","?","E","R","E","T","?","?","M","M","M","R","BOSS","M","?","?","?","?","E","?","R","T","R","?","?","E","?","R","BOSS","M","?","?","M","?","E","M","M","T","R","M","M","R","?","R","BOSS"],"items_purchased_type":["Relic","Card","Card","Card"],"build_version":"2020-12-22","purchased_purges":0,"victory":true,"max_hp_per_floor":[75,75,75,75,75,80,80,80,80,80,80,80,80,80,80,80,80,80,80,80,80,80,80,80,80,80,80,80,80,80,80,80,80,80,80,85,85,85,85,85,85,85,92,92,92,92,92,92,92,92],"card_choices":[{"not_picked":["Sweeping Beam","Coolheaded"],"picked":"Cold Snap","floor":1},{"not_picked":["Hologram","Aggregate"],"picked":"Defragment","floor":3},{"not_picked":["Auto Shields","Barrage"],"picked":"Reinforced Body","floor":4},{"not_picked":["Steam Power","All For One"],"picked":"Sweeping Beam","floor":6},{"not_picked":["Leap","FTL"],"picked":"Hello World","floor":8},{"not_picked":["FTL","Coolheaded"],"picked":"Capacitor","floor":10},{"not_picked":["BootSequence","Steam Power"],"picked":"Coolheaded","floor":12},{"not_picked":["Cold Snap","Beam Cell"],"picked":"Sweeping Beam","floor":13},{"not_picked":["Beam Cell","Reprogram"],"picked":"Ball Lightning","floor":14},{"not_picked":["Creative AI","Thunder Strike"],"picked":"Biased Cognition","floor":16},{"not_picked":["Heatsinks","Ball Lightning"],"picked":"Glacier","floor":18},{"not_picked":["Hello World","Auto Shields"],"picked":"Redo+1","floor":23},{"not_picked":["Barrage","Scrape"],"picked":"Reprogram","floor":28},{"not_picked":["Scrape","BootSequence"],"picked":"Glacier","floor":30},{"not_picked":["Thunder Strike","Machine Learning"],"picked":"Amplify","floor":33},{"not_picked":["Go for the Eyes","Leap+1"],"picked":"Barrage","floor":35},{"not_picked":["Beam Cell","Conserve Battery"],"picked":"Barrage","floor":38},{"not_picked":["Go for the Eyes","Redo"],"picked":"Blizzard+1","floor":39},{"not_picked":["Conserve Battery","Glacier"],"picked":"Ball Lightning+1","floor":40},{"not_picked":["Gash","Doom and Gloom+1"],"picked":"Aggregate","floor":41},{"not_picked":["Streamline","Static Discharge+1"],"picked":"Redo","floor":42},{"not_picked":["Darkness","Skim"],"picked":"Loop+1","floor":45},{"not_picked":["Beam Cell","Conserve Battery+1"],"picked":"Double Energy+1","floor":46}],"player_experience":82200,"relics_obtained":[{"floor":5,"key":"Ornamental Fan"},{"floor":6,"key":"Juzu Bracelet"},{"floor":8,"key":"Lizard Tail"},{"floor":9,"key":"Nunchaku"},{"floor":10,"key":"Mercury Hourglass"},{"floor":17,"key":"Bag of Marbles"},{"floor":17,"key":"InkBottle"},{"floor":17,"key":"Shovel"},{"floor":23,"key":"Anchor"},{"floor":25,"key":"HollowMod:PaleOreRelic"},{"floor":26,"key":"MawBank"},{"floor":28,"key":"Unceasing Top"},{"floor":28,"key":"Mummified Hand"},{"floor":29,"key":"Regal Pillow"},{"floor":30,"key":"Toy Ornithopter"},{"floor":39,"key":"Incense Burner"},{"floor":40,"key":"Matryoshka"},{"floor":43,"key":"Strawberry"},{"floor":43,"key":"MealTicket"},{"floor":44,"key":"Bag of Preparation"},{"floor":47,"key":"Singing Bowl"},{"floor":49,"key":"Bronze Scales"}],"event_choices":[{"cards_removed":["Strike_B"],"damage_healed":0,"gold_gain":0,"player_choice":"Purged","damage_taken":0,"max_hp_gain":0,"max_hp_loss":0,"event_name":"Purifier","floor":2,"gold_loss":0},{"damage_healed":0,"gold_gain":30,"player_choice":"Searched \u00273\u0027 times","damage_taken":0,"max_hp_gain":0,"max_hp_loss":0,"event_name":"Dead Adventurer","floor":10,"gold_loss":0},{"damage_healed":0,"gold_gain":0,"player_choice":"Trade","damage_taken":0,"relics_obtained":["CultistMask"],"max_hp_gain":0,"max_hp_loss":0,"event_name":"FaceTrader","floor":11,"gold_loss":0},{"damage_healed":0,"gold_gain":0,"cards_transformed":["Zap"],"player_choice":"Transformed","damage_taken":0,"max_hp_gain":0,"max_hp_loss":0,"event_name":"Transmorgrifier","floor":19,"gold_loss":0,"cards_obtained":["Steam Power"]},{"cards_removed":["Defend_B"],"damage_healed":0,"gold_gain":0,"player_choice":"Offered Basic","damage_taken":0,"max_hp_gain":0,"max_hp_loss":0,"event_name":"Bonfire Elementals","floor":20,"gold_loss":0},{"damage_healed":0,"gold_gain":0,"player_choice":"Simplicity","damage_taken":0,"max_hp_gain":0,"max_hp_loss":0,"event_name":"Back to Basics","floor":22,"gold_loss":0,"cards_upgraded":["Strike_B","Strike_B","Strike_B","Defend_B","Defend_B","Defend_B"]},{"damage_healed":0,"gold_gain":0,"player_choice":"Opened","damage_taken":0,"relics_obtained":["Darkstone Periapt"],"max_hp_gain":0,"max_hp_loss":0,"event_name":"The Mausoleum","floor":24,"gold_loss":0},{"damage_healed":0,"gold_gain":0,"player_choice":"Fight","damage_taken":0,"max_hp_gain":0,"max_hp_loss":0,"event_name":"Colosseum","floor":28,"gold_loss":0},{"damage_healed":0,"gold_gain":0,"player_choice":"Fought Nobs","damage_taken":0,"max_hp_gain":0,"max_hp_loss":0,"event_name":"Colosseum","floor":28,"gold_loss":0},{"damage_healed":0,"gold_gain":0,"player_choice":"Read","damage_taken":0,"max_hp_gain":0,"max_hp_loss":0,"event_name":"The Library","floor":31,"gold_loss":0,"cards_obtained":["Rainbow"]},{"damage_healed":0,"gold_gain":0,"player_choice":"Bought 3 Potions","damage_taken":0,"max_hp_gain":0,"max_hp_loss":0,"event_name":"The Woman in Blue","floor":36,"gold_loss":0},{"damage_healed":0,"gold_gain":0,"player_choice":"Upgrade","damage_taken":0,"relics_obtained":["Mark of the Bloom"],"max_hp_gain":0,"max_hp_loss":0,"event_name":"MindBloom","floor":37,"gold_loss":0,"cards_upgraded":["Dualcast","Cold Snap","Reinforced Body","Sweeping Beam","Hello World","Capacitor","Coolheaded","Sweeping Beam","Ball Lightning","Biased Cognition","Glacier","Steam Power","Seek","Doom and Gloom","Reprogram","Glacier","Rainbow","Amplify","Barrage"]},{"damage_healed":0,"gold_gain":0,"player_choice":"Fight","damage_taken":0,"max_hp_gain":0,"max_hp_loss":0,"event_name":"Mysterious Sphere","floor":39,"gold_loss":0},{"damage_healed":0,"gold_gain":0,"player_choice":"Paid","damage_taken":0,"relics_obtained":["Red Mask"],"max_hp_gain":0,"max_hp_loss":0,"event_name":"Tomb of Lord Red Mask","floor":48,"gold_loss":829}],"is_beta":false,"boss_relics":[{"not_picked":["Empty Cage","Ectoplasm"],"picked":"Calling Bell"},{"not_picked":["Philosopher\u0027s Stone","Tiny House"],"picked":"Fusion Hammer"}],"items_purged_floors":[],"is_endless":false,"potions_floor_spawned":[6,10,12,13,16,28,30,33,39,42,45,46],"ascension_level":0}}