{"host":"y3h3n3f7seyagppx","time":1613715889,"event":{"mods":["AlwaysNeverKeys","BaseMod","Better Vampires","Colored Powertips","DeckTracker","Emptier Cage","Minty Spire (QoL Compilation)","Permanent Neow","Quick Restart","Rare Cards Sparkle","Relic Sorter","Relic Stats","StSLib","Transform Curses"],"gold_per_floor":[116,128,143,143,162,196,196,226,249,174,186,199,227,247,247,326,326,344,363,253,273,273,273,273],"floor_reached":23,"language":"ENG","playtime":6559,"items_purged":["Strike_R"],"score":430,"play_id":"034d002d-1f36-4f64-9b2b-9a28e7059906","local_time":"20210219012449","is_ascension_mode":true,"campfire_choices":[{"floor":7.0,"key":"REST"},{"data":"Armaments","floor":15,"key":"SMITH"}],"circlet_count":0,"master_deck":["AscendersBane","Strike_R","Strike_R+1","Strike_R+1","Defend_R","Defend_R","Defend_R","Defend_R+1","Bash","Battle Trance","Ghostly Armor","Uppercut","Shrug It Off","Reaper","Armaments+1","Immolate","Spot Weakness"],"relics":["Burning Blood","Shovel","Regal Pillow","Blood Vial","Boot","MealTicket","Mark of Pain"],"acts_visited":["Exordium","TheCity"],"potions_floor_usage":[13,19,23,23],"damage_taken":[{"damage":7.0,"enemies":"Cultist","floor":1.0,"turns":4.0},{"damage":3.0,"enemies":"2 Louse","floor":2.0,"turns":4.0},{"damage":1.0,"enemies":"Small Slimes","floor":3.0,"turns":5.0},{"damage":21.0,"enemies":"Exordium Thugs","floor":5.0,"turns":9.0},{"damage":16.0,"enemies":"3 Sentries","floor":6.0,"turns":13.0},{"damage":22.0,"enemies":"Lagavulin","floor":8.0,"turns":9.0},{"damage":22,"enemies":"3 Louse","floor":11,"turns":3},{"damage":3,"enemies":"Blue Slaver","floor":12,"turns":5},{"damage":47,"enemies":"3 Sentries","floor":13,"turns":9},{"damage":0,"enemies":"Looter","floor":14,"turns":4},{"damage":18,"enemies":"The Guardian","floor":16,"turns":19},{"damage":17,"enemies":"Shell Parasite","floor":18,"turns":8},{"damage":3,"enemies":"Chosen","floor":19,"turns":5},{"damage":54,"enemies":"Sentry and Sphere","floor":21,"turns":8},{"damage":51,"enemies":"Book of Stabbing","floor":23,"turns":6}],"seed_played":"6016049242328922359","potions_obtained":[{"floor":3.0,"key":"SteroidPotion"},{"floor":5.0,"key":"Dexterity Potion"},{"floor":6.0,"key":"PowerPotion"},{"floor":13,"key":"Ancient Potion"},{"floor":19,"key":"SpeedPotion"},{"floor":22,"key":"HeartOfIron"},{"floor":22,"key":"SneckoOil"}],"is_trial":false,"path_per_floor":["M","M","M","?","M","E","R","E","T","$","M","M","E","M","R","B",null,"M","M","?","M","?","E"],"character_chosen":"IRONCLAD","items_purchased":[],"campfire_rested":1,"item_purchase_floors":[],"current_hp_per_floor":[49,52,57,34,19,9,46,30,30,30,31,36,24,33,33,28,63,59,69,69,27,27,0,0],"gold":273,"neow_bonus":"ONE_RARE_RELIC","is_daily":false,"chose_seed":false,"campfire_upgraded":1,"win_rate":0.0,"timestamp":1613715889,"path_taken":["M","M","?","?","M","E","R","E","T","$","M","M","E","M","R","BOSS","M","M","?","?","?","E"],"items_purchased_type":[],"build_version":"2020-12-22","purchased_purges":1,"victory":false,"max_hp_per_floor":[75,75,75,75,75,75,75,75,75,75,75,75,75,75,75,75,75,75,75,75,75,75,75,75],"relic_stats":{"Blood Vial":18,"Regal Pillow":15,"Shovel":0,"counters":[15,111],"MealTicket":0,"Boot":[19],"obtain_stats":[{"Blood Vial":8,"Regal Pillow":6,"Shovel":0,"MealTicket":13,"Mark of Pain":17,"Boot":9,"Burning Blood":0},{"Blood Vial":6,"Regal Pillow":5,"Shovel":0,"MealTicket":9,"Mark of Pain":11,"Boot":6,"Burning Blood":0},{"Blood Vial":44,"Regal Pillow":35,"Shovel":0,"MealTicket":61,"Mark of Pain":84,"Boot":44,"Burning Blood":0}],"Burning Blood":84},"card_choices":[{"not_picked":["Clothesline","Searing Blow"],"picked":"Battle Trance","floor":1.0},{"not_picked":["Bloodletting","Havoc"],"picked":"Ghostly Armor","floor":2.0},{"not_picked":["Inflame","Shrug It Off"],"picked":"Uppercut","floor":3.0},{"not_picked":["Armaments","Seeing Red"],"picked":"Shrug It Off","floor":5.0},{"not_picked":["Havoc","Warcry","Thunderclap"],"picked":"SKIP","floor":6.0},{"not_picked":["Twin Strike","Ghostly Armor"],"picked":"Reaper","floor":8},{"not_picked":["Perfected Strike","Wild Strike","Clash"],"picked":"SKIP","floor":11},{"not_picked":["Cleave","Sword Boomerang","Seeing Red"],"picked":"SKIP","floor":12},{"not_picked":["Twin Strike","Double Tap"],"picked":"Armaments","floor":13},{"not_picked":["Flex","Wild Strike","Cleave"],"picked":"SKIP","floor":14},{"not_picked":["Fiend Fire","Reaper"],"picked":"Immolate","floor":16},{"not_picked":["True Grit","Sever Soul","Clash"],"picked":"SKIP","floor":18},{"not_picked":["Whirlwind","Flex","Clothesline"],"picked":"SKIP","floor":19},{"not_picked":["Cleave","Anger+1"],"picked":"Spot Weakness","floor":21}],"player_experience":22216502,"relics_obtained":[{"floor":6.0,"key":"Regal Pillow"},{"floor":8,"key":"Blood Vial"},{"floor":9,"key":"Boot"},{"floor":13,"key":"MealTicket"}],"event_choices":[{"damage_healed":0.0,"max_hp_gain":0.0,"max_hp_loss":0.0,"gold_gain":0.0,"event_name":"Shining Light","player_choice":"Entered Light","floor":4.0,"gold_loss":0.0,"damage_taken":23.0,"cards_upgraded":["Defend_R","Strike_R"]},{"cards_removed":["Strike_R"],"damage_healed":0,"gold_gain":0,"player_choice":"Upgrade and Remove","damage_taken":0,"max_hp_gain":0,"max_hp_loss":0,"event_name":"Designer","floor":20,"gold_loss":110,"cards_upgraded":["Strike_R"]},{"damage_healed":0,"gold_gain":0,"player_choice":"Got Potions","damage_taken":0,"max_hp_gain":0,"max_hp_loss":0,"event_name":"Lab","floor":22,"gold_loss":0}],"is_beta":false,"boss_relics":[{"not_picked":["Sozu","Astrolabe"],"picked":"Mark of Pain"}],"items_purged_floors":[10],"is_endless":false,"potions_floor_spawned":[3,5,6,13,19],"killed_by":"Book of Stabbing","ascension_level":20}}