{"host":"bsgp9wgausrmthh2","time":1613755005,"event":{"mods":["AchievementEnabler","BaseMod","Colored Map","Downfall","Minty Spire (QoL Compilation)","StSLib"],"gold_per_floor":[99,99,99,99,99,119,119,119,129,304,338,338,348,358,378,475,475,175,191,191,207,221,221,221,240,240,105,118,134,134,43,56,155,155,155,169,183,61,81,58,58,74,91,91,91,91,104,124,143,143,143,143],"floor_reached":50,"language":"ENG","playtime":6871,"items_purged":["Doubt"],"score":550,"play_id":"a0474ac6-4ddb-47a3-b573-e4f5c20587bb","local_time":"20210219121645","is_ascension_mode":false,"campfire_choices":[{"floor":1,"key":"RECALL"},{"data":"champ:Improvising","floor":18,"key":"SMITH"},{"data":"champ:IronFortress","floor":30,"key":"SMITH"},{"data":"champ:CheapShot","floor":35,"key":"SMITH"},{"data":"expansioncontent:InvincibleStrength","floor":46,"key":"SMITH"}],"circlet_count":0,"master_deck":["champ:Strike+1","champ:Strike+1","champ:Strike+1","champ:Strike+1","champ:Defend+1","champ:Defend+1","champ:Defend+1","champ:Defend+1","champ:Execute","champ:Taunt","champ:Execute","champ:FlashCut","champ:Shatter","champ:IronFortress+1","champ:GutPunch","champ:BringItOn","champ:AdrenalArmor","champ:DefensiveShout","champ:ShieldSlam","champ:BerserkersShout","champ:Improvising+1","champ:ArenaPreparation+1","J.A.X.","champ:FanOfKnives","champ:FancyFootwork","champ:BringItOn","champ:Haymaker+1","champ:PreciseThrust","champ:ShieldSlam+1","champ:FocusedBerserking","champ:FocusedBerserking","champ:TripleStrike","champ:EnGarde+1","champ:CheapShot+1","CurseOfTheBell","champ:PreciseThrust","champ:FalseCounter","champ:ShieldWall","champ:CrookedStrike","champ:Duel+1","champ:Shatter","champ:BladeFlurry+1","champ:TornadoPunch+1","expansioncontent:InvincibleStrength+1","champ:EnGarde","champ:ShieldWall+1"],"relics":["champ:ChampionCrown","downfall:HeartsMalice","champ:LiftRelic","Lantern","Sozu","downfall:HeartBlessingRed","downfall:HeartBlessingGreen","downfall:HeartBlessingBlue","Mercury Hourglass","Calling Bell","Smiling Mask","HornCleat","Incense Burner","Bronze Scales","champ:BerserkersGuideToSlaughter","Omamori"],"acts_visited":["Exordium","TheCity","TheBeyond"],"potions_floor_usage":[13],"damage_taken":[{"damage":0,"enemies":"Small Slimes","floor":3,"turns":1},{"damage":0,"enemies":"Cultist","floor":4,"turns":1},{"damage":0,"enemies":"Jaw Worm","floor":5,"turns":1},{"damage":17,"enemies":"Blue Slaver","floor":6,"turns":4},{"damage":15,"enemies":"downfall:LooterAlt","floor":9,"turns":3},{"damage":43,"enemies":"Gremlin Nob","floor":11,"turns":4},{"damage":20,"enemies":"2 Fungi Beasts","floor":13,"turns":2},{"damage":5,"enemies":"Blue Slaver","floor":14,"turns":3},{"damage":10,"enemies":"downfall:LooterAlt","floor":15,"turns":2},{"damage":86,"enemies":"DF_ARCHETYPE_STREAMLINE","floor":16,"turns":14},{"damage":0,"enemies":"Spheric Guardian","floor":19,"turns":2},{"damage":38,"enemies":"downfall:LooterAlt2","floor":21,"turns":3},{"damage":72,"enemies":"Snake Plant","floor":22,"turns":4},{"damage":33,"enemies":"3 Cultists","floor":25,"turns":5},{"damage":35,"enemies":"downfall:FleeingMerchant","floor":27,"turns":4},{"damage":20,"enemies":"Cultist and Chosen","floor":28,"turns":4},{"damage":20,"enemies":"Shelled Parasite and Fungi","floor":29,"turns":3},{"damage":65,"enemies":"downfall:FleeingMerchant","floor":31,"turns":4},{"damage":30,"enemies":"3 Cultists","floor":32,"turns":4},{"damage":77,"enemies":"IC_MUSHROOM_ARCHETYPE","floor":33,"turns":7},{"damage":48,"enemies":"3 Darklings","floor":36,"turns":5},{"damage":50,"enemies":"3 Shapes","floor":37,"turns":4},{"damage":31,"enemies":"downfall:FleeingMerchant","floor":38,"turns":5},{"damage":25,"enemies":"Maw","floor":39,"turns":9},{"damage":9,"enemies":"Sphere and 2 Shapes","floor":42,"turns":3},{"damage":2,"enemies":"Spire Growth","floor":43,"turns":5},{"damage":13,"enemies":"Writhing Mass","floor":47,"turns":4},{"damage":11,"enemies":"Jaw Worm Horde","floor":48,"turns":5},{"damage":10,"enemies":"3 Darklings","floor":49,"turns":4},{"damage":140,"enemies":"WA_ARCHETYPE_DIVINITY","floor":50,"turns":7}],"seed_played":"8855746955426548051","potions_obtained":[{"floor":6,"key":"champ:CounterPotion"},{"floor":13,"key":"Fruit Juice"},{"floor":14,"key":"Dexterity Potion"},{"floor":16,"key":"Swift Potion"}],"is_trial":false,"path_per_floor":["R","?","M","M","M","M","T","?","M","?","E","?","M","M","M","B",null,"R","M","?","M","M","?","T","M","?","$","M","M","R","$","M","B",null,"R","M","M","$","M","$","T","M","M","?","?","R","M","M","M","B"],"character_chosen":"THE_CHAMP","items_purchased":["champ:PreciseThrust","champ:TripleStrike","champ:ShieldWall","Bronze Scales","champ:CrookedStrike","champ:BerserkersGuideToSlaughter","champ:Shatter"],"campfire_rested":0,"item_purchase_floors":[27,31,38,38,38,38,40],"current_hp_per_floor":[90,90,90,90,90,83,83,83,78,78,55,60,65,60,60,24,100,110,110,110,97,80,80,80,67,67,67,57,57,57,47,47,20,110,110,77,67,61,71,71,71,82,85,85,85,85,92,91,81,0,0,0],"gold":143,"neow_bonus":"THREE_ENEMY_KILL","is_daily":false,"chose_seed":false,"campfire_upgraded":4,"win_rate":0.0,"timestamp":1613755005,"path_taken":["R","?","M","?","M","M","T","?","M","?","E","?","M","M","M","BOSS","R","M","?","M","M","?","T","M","?","?","M","?","R","?","M","BOSS","R","M","M","$","?","$","T","M","M","?","?","R","M","?","M","BOSS"],"items_purchased_type":["Card","Card","Card","Relic","Card","Relic","Card"],"build_version":"2020-12-22","purchased_purges":1,"victory":false,"max_hp_per_floor":[90,90,90,90,90,90,90,90,90,90,90,95,100,100,100,100,100,110,110,110,110,110,110,110,110,110,110,110,110,110,110,110,110,110,110,110,110,110,110,110,110,110,110,110,110,110,110,110,110,110,110,110],"card_choices":[{"not_picked":["champ:Lariat","champ:TornadoPunch"],"picked":"champ:FlashCut","floor":3},{"not_picked":["champ:CrownThrow","champ:BladeFlurry"],"picked":"champ:Shatter","floor":4},{"not_picked":["champ:BladeFlurry","champ:RisingSlash"],"picked":"champ:IronFortress","floor":5},{"not_picked":["champ:RisingSlash","champ:CrookedStrike"],"picked":"champ:GutPunch","floor":6},{"not_picked":["champ:BerserkersShout","champ:FalseCounter"],"picked":"champ:BringItOn","floor":9},{"not_picked":["champ:PerfectedStrike","champ:IgnorePain"],"picked":"champ:AdrenalArmor","floor":11},{"not_picked":["champ:FancyFootwork","champ:BringItOn"],"picked":"champ:DefensiveShout","floor":13},{"not_picked":["champ:CrownThrow","champ:Haymaker"],"picked":"champ:ShieldSlam","floor":14},{"not_picked":["champ:AdrenalArmor","champ:TornadoPunch"],"picked":"champ:BerserkersShout","floor":15},{"not_picked":["champ:CheapShot","champ:ShieldThrow"],"picked":"champ:Improvising","floor":16},{"not_picked":["champ:Shatter","champ:TornadoPunch"],"picked":"champ:ArenaPreparation+1","floor":19},{"not_picked":["champ:FocusedDefense","champ:FlashCut"],"picked":"champ:FanOfKnives","floor":21},{"not_picked":["champ:Haymaker","champ:RecklessLeap"],"picked":"champ:FancyFootwork","floor":22},{"not_picked":["champ:EnragedBash","champ:EndlessRage"],"picked":"champ:BringItOn","floor":25},{"not_picked":["champ:StanceDance+1","champ:Parry"],"picked":"champ:Haymaker+1","floor":27},{"not_picked":["champ:AdrenalArmor","champ:BerserkersShout"],"picked":"champ:ShieldSlam+1","floor":28},{"not_picked":["champ:FlashCut","champ:RapidStrikes"],"picked":"champ:FocusedBerserking","floor":29},{"not_picked":["champ:EnragedBash","champ:GutPunch"],"picked":"champ:FocusedBerserking","floor":31},{"not_picked":["champ:FanOfKnives","champ:PreciseThrust+1"],"picked":"champ:EnGarde+1","floor":32},{"not_picked":["champ:IgnorePain","champ:SteelEdge"],"picked":"champ:CheapShot","floor":33},{"not_picked":["champ:IronFortress","champ:GutPunch+1"],"picked":"champ:EnragedBash+1","floor":36},{"not_picked":["champ:Haymaker","champ:DefensiveShout+1"],"picked":"champ:PreciseThrust","floor":37},{"not_picked":["champ:StanceDance","champ:CrownThrow+1"],"picked":"champ:FalseCounter","floor":38},{"not_picked":["champ:FocusedDefense+1","champ:Haymaker"],"picked":"champ:Duel+1","floor":39},{"not_picked":["champ:RecklessLeap","champ:Parry"],"picked":"champ:BladeFlurry+1","floor":42},{"not_picked":["champ:RisingSlash+1","champ:BladeFlurry+1"],"picked":"champ:TornadoPunch+1","floor":43},{"not_picked":["expansioncontent:HyperBeam","expansioncontent:YouAreMine"],"picked":"expansioncontent:InvincibleStrength","floor":44},{"not_picked":["champ:ShieldSlam","champ:FlashCut+1"],"picked":"champ:EnGarde","floor":47},{"not_picked":["champ:EnGarde+1","champ:FlashCut","champ:AdrenalArmor+1"],"picked":"SKIP","floor":48},{"not_picked":["champ:FlashCut","champ:SkillfulDodge+1"],"picked":"champ:ShieldWall+1","floor":49}],"player_experience":312833,"relics_obtained":[{"floor":11,"key":"Lantern"},{"floor":24,"key":"Mercury Hourglass"},{"floor":34,"key":"Smiling Mask"},{"floor":34,"key":"HornCleat"},{"floor":34,"key":"Incense Burner"},{"floor":41,"key":"Omamori"}],"event_choices":[{"damage_healed":0,"gold_gain":0,"player_choice":"Donut","damage_taken":0,"max_hp_gain":5,"max_hp_loss":0,"event_name":"Big Fish","floor":12,"gold_loss":0},{"damage_healed":0,"gold_gain":0,"player_choice":"Obtain J.A.X.","damage_taken":0,"max_hp_gain":0,"max_hp_loss":0,"event_name":"Drug Dealer","floor":20,"gold_loss":0,"cards_obtained":["J.A.X."]},{"damage_healed":0,"gold_gain":0,"player_choice":"Ignored","damage_taken":0,"max_hp_gain":0,"max_hp_loss":0,"event_name":"Vampires","floor":26,"gold_loss":0}],"is_beta":false,"boss_relics":[{"not_picked":["Astrolabe","Empty Cage"],"picked":"Sozu"},{"not_picked":["Black Star","Tiny House"],"picked":"Calling Bell"}],"items_purged_floors":[27],"is_endless":false,"potions_floor_spawned":[6,13,14,16,21,22,28,43,47,49],"killed_by":"WA_ARCHETYPE_DIVINITY","ascension_level":0}}