{"host":"zxd2l8an9de7z7b9","time":1613721841,"event":{"mods":["2.2 Compatiblity","AchievementEnabler","BaseMod","CapriCore","Colored Map","Colored Powertips","Marisa£¨Ùöéë¡¡Øª×âÞÞ£©","Minty Spire (QoL Compilation)","Rare Cards Sparkle","StSLib","SuperFastMode","Td1madao Mod","everything is the same but u backflip on backflip"],"gold_per_floor":[119,119,133,133,58,93,93,93,93,105,136,136,153,53,53,153,153,164,164,39,55,55,55,73,73,73,73,73,73,104,104,104,204,204,222,72,91,91,101,115,115,162,186,186,186,196,231,245,245,245],"floor_reached":51,"language":"KOR","playtime":2194,"items_purged":["Strike_R","Strike_R","Strike_R","Defend_R+1"],"score":781,"play_id":"a69a7fca-26f3-41a9-b7fc-eb5b1c2d1dce","local_time":"20210219170401","is_ascension_mode":false,"campfire_choices":[{"data":"Feed","floor":7.0,"key":"SMITH"},{"data":"Pommel Strike","floor":12.0,"key":"SMITH"},{"data":"Bash","floor":15.0,"key":"SMITH"},{"data":"Bite","floor":23.0,"key":"SMITH"},{"data":"Bite","floor":27.0,"key":"SMITH"},{"data":"Bite","floor":32.0,"key":"SMITH"},{"data":"Bite","floor":41.0,"key":"SMITH"},{"data":"Bite","floor":44,"key":"SMITH"},{"data":"Rage","floor":49,"key":"SMITH"}],"circlet_count":0,"master_deck":["Bash+1","Feed+1","Pommel Strike+1","Shrug It Off","Intimidate","Reaper","Bite+1","Bite+1","Bite+1","Bite+1","Bite+1","Rage+1","Twin Strike+1","Bludgeon+1","Warcry+1","Shrug It Off+1","Battle Trance+1"],"relics":["Burning Blood","Ancient Tea Set","Letter Opener","Sundial","Sozu","Nilry\u0027s Codex","Gremlin Horn","Red Mask","Mercury Hourglass","Astrolabe","CatCart","PreservedInsect","Bag of Preparation"],"acts_visited":["Exordium","TheCity","TheBeyond"],"potions_floor_usage":[42],"damage_taken":[{"damage":0.0,"enemies":"2 Louse","floor":1.0,"turns":4.0},{"damage":5.0,"enemies":"Small Slimes","floor":3.0,"turns":4.0},{"damage":21.0,"enemies":"Gremlin Nob","floor":6.0,"turns":4.0},{"damage":0.0,"enemies":"Cultist","floor":10.0,"turns":2.0},{"damage":26.0,"enemies":"Lagavulin","floor":11.0,"turns":5.0},{"damage":0.0,"enemies":"Large Slime","floor":13.0,"turns":5.0},{"damage":38.0,"enemies":"Hexaghost","floor":16.0,"turns":9.0},{"damage":10.0,"enemies":"Spheric Guardian","floor":18.0,"turns":4.0},{"damage":12.0,"enemies":"Shell Parasite","floor":21.0,"turns":6.0},{"damage":0.0,"enemies":"Centurion and Healer","floor":24.0,"turns":5.0},{"damage":24.0,"enemies":"Masked Bandits","floor":30.0,"turns":3.0},{"damage":60.0,"enemies":"Champ","floor":33.0,"turns":10.0},{"damage":7.0,"enemies":"Orb Walker","floor":35.0,"turns":2.0},{"damage":8.0,"enemies":"3 Shapes","floor":37.0,"turns":3.0},{"damage":26.0,"enemies":"Transient","floor":39.0,"turns":5.0},{"damage":39.0,"enemies":"Spire Growth","floor":40.0,"turns":5.0},{"damage":106,"enemies":"Orin","floor":42,"turns":14},{"damage":9,"enemies":"Maw","floor":46,"turns":8},{"damage":46,"enemies":"Nemesis","floor":47,"turns":9},{"damage":10,"enemies":"Sphere and 2 Shapes","floor":48,"turns":4},{"damage":223,"enemies":"Donu and Deca","floor":50,"turns":16}],"seed_played":"-6205169655188278006","potions_obtained":[{"floor":1.0,"key":"EssenceOfSteel"},{"floor":6.0,"key":"GamblersBrew"},{"floor":8.0,"key":"Strength Potion"},{"floor":8.0,"key":"EntropicBrew"},{"floor":8.0,"key":"FearPotion"},{"floor":16.0,"key":"CultistPotion"}],"is_trial":false,"path_per_floor":["M","?","M","?","$","E","R","?","T","M","E","R","M","$","R","B",null,"M","?","$","M","?","R","M","?","T","R","$","$","?","T","R","B",null,"M","$","M","?","M","M","R","?","T","R","?","M","E","M","R","B",null],"character_chosen":"IRONCLAD","items_purchased":[],"campfire_rested":0,"item_purchase_floors":[],"current_hp_per_floor":[83,66,70,75,75,63,63,63,63,73,57,57,67,67,67,39,110,110,86,86,90,86,86,90,74,74,74,74,74,89,89,89,80,98,97,97,102,112,97,88,88,43,43,43,43,92,89,118,118,41],"gold":245,"neow_bonus":"ONE_RANDOM_RARE_CARD","is_daily":false,"chose_seed":false,"campfire_upgraded":9,"win_rate":0.0,"timestamp":1613721841,"path_taken":["M","?","M","?","$","E","R","?","T","?","E","R","M","$","R","BOSS","M","?","$","M","?","R","M","?","T","R","?","$","?","?","R","BOSS","M","$","M","?","?","M","R","?","T","R","?","?","E","M","R","BOSS"],"items_purchased_type":[],"build_version":"2020-12-22","purchased_purges":4,"victory":true,"max_hp_per_floor":[83,83,86,91,91,94,94,94,94,98,102,102,106,106,106,110,110,114,119,119,123,86,86,90,90,90,90,90,90,94,94,94,98,98,98,98,102,112,112,112,112,112,112,112,112,116,116,120,120,124],"card_choices":[{"not_picked":["Feel No Pain","Body Slam","True Grit"],"picked":"SKIP","floor":1.0},{"not_picked":["Cleave","Flex"],"picked":"Pommel Strike","floor":3.0},{"not_picked":["Rampage","Pommel Strike","Entrench"],"picked":"SKIP","floor":6.0},{"not_picked":["Evolve","Sword Boomerang","Cleave"],"picked":"SKIP","floor":10.0},{"not_picked":["Shrug It Off","Warcry","Iron Wave"],"picked":"SKIP","floor":11.0},{"not_picked":["Warcry","Iron Wave"],"picked":"Shrug It Off","floor":11.0},{"not_picked":["Clash","Wild Strike"],"picked":"Intimidate","floor":13.0},{"not_picked":["Feed","Corruption"],"picked":"Reaper","floor":16.0},{"not_picked":["Heavy Blade","Carnage","Dual Wield"],"picked":"SKIP","floor":18.0},{"not_picked":["Entrench","Headbutt","Sentinel"],"picked":"SKIP","floor":21.0},{"not_picked":["Rampage","Blood for Blood+1","Heavy Blade+1"],"picked":"SKIP","floor":24.0},{"not_picked":["Perfected Strike","Combust"],"picked":"Rage","floor":30.0},{"not_picked":["Double Tap","Exhume"],"picked":"Limit Break","floor":33.0},{"not_picked":["Combust","Clothesline+1"],"picked":"Shrug It Off+1","floor":35.0},{"not_picked":["Thunderclap+1","Flame Barrier","Clothesline+1"],"picked":"SKIP","floor":37.0},{"not_picked":["Fire Breathing","Warcry","True Grit"],"picked":"SKIP","floor":39.0},{"not_picked":["Shrug It Off+1","Armaments"],"picked":"Battle Trance+1","floor":40.0},{"not_picked":["Armaments+1","Iron Wave+1","Heavy Blade+1"],"picked":"SKIP","floor":46},{"not_picked":["Flame Barrier","Rampage","Twin Strike+1"],"picked":"SKIP","floor":47},{"not_picked":["Iron Wave","Sword Boomerang+1","Armaments"],"picked":"SKIP","floor":48}],"player_experience":405880,"relics_obtained":[{"floor":6.0,"key":"Ancient Tea Set"},{"floor":9.0,"key":"Letter Opener"},{"floor":11.0,"key":"Sundial"},{"floor":25.0,"key":"Nilry\u0027s Codex"},{"floor":26.0,"key":"Gremlin Horn"},{"floor":30.0,"key":"Red Mask"},{"floor":31.0,"key":"Mercury Hourglass"},{"floor":42,"key":"CatCart"},{"floor":43,"key":"PreservedInsect"},{"floor":47,"key":"Bag of Preparation"}],"event_choices":[{"damage_healed":0.0,"max_hp_gain":0.0,"max_hp_loss":0.0,"gold_gain":0.0,"event_name":"Shining Light","player_choice":"Entered Light","floor":2.0,"gold_loss":0.0,"damage_taken":17.0,"cards_upgraded":["Strike_R","Defend_R"]},{"damage_healed":0.0,"max_hp_gain":5.0,"max_hp_loss":0.0,"gold_gain":0.0,"event_name":"Big Fish","player_choice":"Donut","floor":4.0,"gold_loss":0.0,"damage_taken":0.0},{"damage_healed":0.0,"max_hp_gain":0.0,"max_hp_loss":0.0,"gold_gain":0.0,"event_name":"Lab","player_choice":"Got Potions","floor":8.0,"gold_loss":0.0,"damage_taken":0.0},{"damage_healed":0.0,"max_hp_gain":5.0,"max_hp_loss":0.0,"gold_gain":0.0,"event_name":"Forgotten Altar","player_choice":"Shed Blood","floor":19.0,"gold_loss":0.0,"damage_taken":29.0},{"damage_healed":0.0,"max_hp_gain":0.0,"max_hp_loss":37.0,"gold_gain":0.0,"event_name":"Vampires","player_choice":"Became a vampire","floor":22.0,"gold_loss":0.0,"damage_taken":0.0,"cards_obtained":["Bite","Bite","Bite","Bite","Bite"]},{"damage_healed":0.0,"max_hp_gain":0.0,"max_hp_loss":0.0,"gold_gain":0.0,"event_name":"Cursed Tome","player_choice":"Obtained Book","floor":25.0,"gold_loss":0.0,"damage_taken":16.0},{"damage_healed":0.0,"max_hp_gain":0.0,"max_hp_loss":0.0,"gold_gain":0.0,"event_name":"Masked Bandits","player_choice":"Fought Bandits","floor":30.0,"gold_loss":0.0,"damage_taken":0.0},{"cards_removed":["Limit Break"],"damage_healed":0.0,"max_hp_gain":10.0,"max_hp_loss":0.0,"gold_gain":0.0,"event_name":"Bonfire Elementals","player_choice":"Offered Rare","floor":38.0,"gold_loss":0.0,"damage_taken":0.0},{"damage_healed":0,"gold_gain":0,"player_choice":"Fight","damage_taken":0,"max_hp_gain":0,"max_hp_loss":0,"event_name":"OrinTheCat","floor":42,"gold_loss":0},{"damage_healed":0,"gold_gain":0,"player_choice":"Ignored","damage_taken":0,"max_hp_gain":0,"max_hp_loss":0,"event_name":"NoteForYourself","floor":45,"gold_loss":0}],"is_beta":false,"boss_relics":[{"not_picked":["Velvet Choker","Tiny House"],"picked":"Sozu"},{"not_picked":["SacredBark","Runic Cube"],"picked":"Astrolabe"}],"items_purged_floors":[5,14,20,36],"is_endless":false,"potions_floor_spawned":[1,6,16,24,39,46,48],"ascension_level":0}}