{"host":"ssceekdvsvld625r","time":1613757123,"event":{"mods":["AchievementEnabler","BaseMod","Better Third Choice","Block Reminder","Colored Map","Colored Powertips","Highlight Path","Minty Spire (QoL Compilation)","Permanent Neow","Quick Restart","Rare Cards Sparkle","Relic Stats","Shop Mod","StSLib"],"gold_per_floor":[114,127,127,47,64,64,64],"floor_reached":6,"language":"ENG","playtime":172,"items_purged":[],"score":40,"play_id":"8e01793c-11de-4a8c-9e8f-6966205524da","local_time":"20210219105203","is_ascension_mode":true,"campfire_choices":[],"circlet_count":0,"master_deck":["Strike_B","Strike_B","Strike_B","Strike_B","Defend_B","Defend_B","Defend_B","Defend_B","Zap","Dualcast","Coolheaded","Static Discharge","Burn","Rainbow"],"relics":["Cracked Core","NeowsBlessing","Dream Catcher"],"acts_visited":["Exordium"],"potions_floor_usage":[],"damage_taken":[{"damage":0,"enemies":"Small Slimes","floor":1,"turns":1},{"damage":0,"enemies":"Cultist","floor":2,"turns":1},{"damage":0,"enemies":"2 Louse","floor":5,"turns":1},{"damage":25,"enemies":"3 Sentries","floor":6,"turns":4}],"seed_played":"-4609601288175199163","potions_obtained":[{"floor":5,"key":"AttackPotion"}],"is_trial":false,"path_per_floor":["M","M","?","?","M","E"],"character_chosen":"DEFECT","items_purchased":[],"campfire_rested":0,"item_purchase_floors":[],"current_hp_per_floor":[75,75,75,75,75,50,50],"gold":64,"neow_bonus":"THREE_ENEMY_KILL","is_daily":false,"chose_seed":false,"campfire_upgraded":0,"win_rate":0.0,"timestamp":1613757123,"path_taken":["M","M","?","?","?","E"],"items_purchased_type":[],"build_version":"2020-12-22","purchased_purges":0,"victory":false,"max_hp_per_floor":[75,75,75,75,75,75,75],"relic_stats":{"Dream Catcher":0,"counters":[4,7],"obtain_stats":[{"Dream Catcher":4,"NeowsBlessing":0,"Cracked Core":0},{"Dream Catcher":2,"NeowsBlessing":0,"Cracked Core":0},{"Dream Catcher":2,"NeowsBlessing":0,"Cracked Core":0}]},"card_choices":[{"not_picked":["Steam","Turbo"],"picked":"Coolheaded","floor":1},{"not_picked":["Cold Snap","Stack"],"picked":"Static Discharge","floor":2},{"not_picked":["Scrape","Turbo"],"picked":"Rainbow","floor":5}],"player_experience":55016,"relics_obtained":[],"event_choices":[{"damage_healed":75,"gold_gain":0,"player_choice":"Embrace Burn","damage_taken":0,"max_hp_gain":0,"max_hp_loss":75,"event_name":"betterThird:BetterShining","floor":3,"gold_loss":0},{"damage_healed":0,"gold_gain":0,"player_choice":"Paid Gold","damage_taken":0,"relics_obtained":["Dream Catcher"],"max_hp_gain":0,"max_hp_loss":0,"event_name":"WeMeetAgain","floor":4,"gold_loss":80}],"is_beta":false,"boss_relics":[],"items_purged_floors":[],"is_endless":false,"potions_floor_spawned":[5],"killed_by":"3 Sentries","ascension_level":2}}