{"host":"n605f8gctjc87d7h","time":1613754512,"event":{"mods":["Aspiration","Bard","BaseMod","Better Match","Better Note","Better Skull","Better Third Choice","Conspire","Downfall","Halation","Hermit","Infinite Spire","Minty Spire (QoL Compilation)","Reliquary","Replay The Spire","Retaliation","Shade Mod","Spicy Shops","StSLib","The IronCluck","The Jungle","The Runesmith"],"gold_per_floor":[112,128,128,146,161,161,190,190,217,217,217,217,245,78,78,78,78,154,154,169,169,179,129,147,147,166,166,166],"floor_reached":27,"language":"ENG","playtime":1343,"items_purged":["Strike_B"],"score":420,"play_id":"d92852bc-bdd6-4108-afef-1517b4e7902e","local_time":"20210219090832","is_ascension_mode":true,"campfire_choices":[{"floor":6,"key":"REST"},{"floor":8,"key":"REST"},{"data":"Zap","floor":12,"key":"SMITH"},{"data":"Cold Snap","floor":17,"key":"SMITH"},{"floor":25,"key":"REST"}],"circlet_count":0,"master_deck":["AscendersBane","Strike_B","Strike_B","Defend_B","Defend_B","Defend_B","Defend_B","Zap+1","Dualcast","Gash","Barrage","Gash+1","Beam Cell","Cold Snap+1","Machine Learning+1","Ball Lightning"],"relics":["Cracked Core","aspiration:Nostalgia","hexamod:SpiritBrand","Symbiotic Virus","infinitespire:Satchel","reliquary:JackalopeAntler","infinitespire:PuzzleCube","Black Star","reliquary:QuartzCube"],"acts_visited":["Exordium","TheCity"],"potions_floor_usage":[7,13,24,26,27,27],"damage_taken":[{"damage":3,"enemies":"2 Louse","floor":1,"turns":3},{"damage":6,"enemies":"Cultist","floor":2,"turns":3},{"damage":10,"enemies":"Small Slimes","floor":4,"turns":2},{"damage":12,"enemies":"conspire:2 RoseBushes","floor":5,"turns":6},{"damage":9,"enemies":"Gremlin Nob","floor":7,"turns":3},{"damage":16,"enemies":"Lagavulin","floor":13,"turns":4},{"damage":22,"enemies":"The Guardian","floor":18,"turns":10},{"damage":32,"enemies":"2 Thieves","floor":20,"turns":4},{"damage":0,"enemies":"conspire:FuzzyDice","floor":22,"turns":5},{"damage":0,"enemies":"3 Cultists","floor":24,"turns":4},{"damage":39,"enemies":"Shelled Parasite and Fungi","floor":26,"turns":5},{"damage":22,"enemies":"Gremlin Leader","floor":27,"turns":4}],"seed_played":"1304865856558991865","potions_obtained":[{"floor":2,"key":"champ:CounterPotion"},{"floor":5,"key":"sneckomod:MuddlingPotion"},{"floor":7,"key":"SteroidPotion"},{"floor":18,"key":"Ancient Potion"},{"floor":22,"key":"Adrenaline Potion"},{"floor":24,"key":"bronze:BurnAndBuffPotion"},{"floor":26,"key":"EssenceOfSteel"}],"is_trial":false,"path_per_floor":["M","M","?","M","M","R","E","R","T","PTL","PTL","R","E","$","?","$","R","B",null,"M","AVR","M","?","M","R","M","E"],"character_chosen":"DEFECT","items_purchased":["infinitespire:PuzzleCube"],"campfire_rested":3,"item_purchase_floors":[14],"current_hp_per_floor":[61,55,55,45,33,54,45,66,66,66,66,66,50,50,52,52,52,30,61,29,29,29,29,29,50,11,0,0],"gold":166,"neow_bonus":"NOSTALGIA","is_daily":false,"chose_seed":false,"campfire_upgraded":2,"win_rate":0.0,"timestamp":1613754512,"path_taken":["M","M","?","M","?","R","E","R","T","PTL","PTL","R","E","$","?","$","R","BOSS","M","AVR","M","?","M","R","M","E"],"items_purchased_type":["Relic"],"build_version":"2020-12-22","purchased_purges":1,"victory":false,"max_hp_per_floor":[71,71,71,71,71,71,71,71,71,71,71,71,71,71,71,71,71,71,71,71,71,71,71,71,71,71,71,71],"card_choices":[{"not_picked":["Hologram","Tempest"],"picked":"Gash","floor":1},{"not_picked":["ReplayTheSpireMod:Dual Polarity","Barrage","Redo"],"picked":"SKIP","floor":2},{"not_picked":["Compile Driver","BasicCrystalCard"],"picked":"Gash","floor":4},{"not_picked":["Hologram","Fusion"],"picked":"Beam Cell","floor":5},{"not_picked":["Hologram","Fission"],"picked":"Cold Snap","floor":7},{"not_picked":["aspiration:Polymerization","Stack","ReplayTheSpireMod:Reroute Power"],"picked":"SKIP","floor":13},{"not_picked":["Echo Form","ReplayTheSpireMod:Omega Cannon"],"picked":"Machine Learning","floor":18},{"not_picked":["Darkness","Static Discharge","Capacitor"],"picked":"SKIP","floor":20},{"not_picked":["Stack","Defragment"],"picked":"Ball Lightning","floor":22},{"not_picked":["Cold Snap","Compile Driver","Beam Cell"],"picked":"SKIP","floor":24},{"not_picked":["Beam Cell","Barrage","aspiration:Polymerization"],"picked":"SKIP","floor":26}],"player_experience":892149,"relics_obtained":[{"floor":7,"key":"Symbiotic Virus"},{"floor":9,"key":"infinitespire:Satchel"},{"floor":13,"key":"reliquary:JackalopeAntler"}],"event_choices":[{"damage_healed":0,"gold_gain":0,"cards_transformed":["Strike_B"],"player_choice":"Transformed","damage_taken":0,"max_hp_gain":0,"max_hp_loss":0,"event_name":"Transmorgrifier","floor":3,"gold_loss":0,"cards_obtained":["Barrage"]},{"damage_healed":2,"gold_gain":0,"player_choice":"LEAVE ","damage_taken":0,"relics_obtained":[],"max_hp_gain":0,"max_hp_loss":0,"event_name":"betterSkull:BetterSkull","floor":15,"gold_loss":0,"cards_upgraded":[]},{"damage_healed":0,"gold_gain":0,"player_choice":"Upgraded Two","damage_taken":0,"max_hp_gain":0,"max_hp_loss":0,"event_name":"Designer","floor":23,"gold_loss":50,"cards_upgraded":["Machine Learning","Gash"]}],"is_beta":false,"boss_relics":[{"not_picked":["halation:MonkeysPaw","halation:LoveArrow"],"picked":"Black Star"}],"items_purged_floors":[21],"is_endless":false,"potions_floor_spawned":[2,5,7,18,22,24,26],"killed_by":"Gremlin Leader","ascension_level":18}}