{"host":"5n1fl7z5i1vf7jan","time":1613705530,"event":{"mods":["BaseMod","Minty Spire (QoL Compilation)","Quick Restart","Relic Stats"],"gold_per_floor":[110,124,9,9,34,70,70,91,91,91,91,106,142,38,38,131,131,150,21,71,71,90,129,129,129,175,175,100,115,115,115],"floor_reached":30,"language":"ENG","playtime":778,"items_purged":["Clumsy"],"score":512,"play_id":"2cc3df02-ca4e-4e87-a79b-054dd0190d03","local_time":"20210218193210","is_ascension_mode":true,"campfire_choices":[{"data":"Streamline","floor":7.0,"key":"SMITH"},{"floor":10.0,"key":"REST"},{"floor":15.0,"key":"REST"},{"floor":25,"key":"REST"},{"floor":27,"key":"REST"}],"circlet_count":0,"master_deck":["AscendersBane","Strike_B","Strike_B","Strike_B","Strike_B+1","Defend_B","Defend_B","Defend_B","Defend_B","Zap","Dualcast","Streamline","Cold Snap","Sweeping Beam+1","Streamline+1","Cold Snap","Conserve Battery","Beam Cell","Biased Cognition","Defragment","Leap","Echo Form","CurseOfTheBell","BootSequence","Biased Cognition","Capacitor"],"relics":["Cursed Key","Golden Idol","Potion Belt","Singing Bowl","StoneCalendar","Symbiotic Virus","Calling Bell","Juzu Bracelet","Shuriken","CaptainsWheel","Enchiridion","Whetstone"],"acts_visited":["Exordium","TheCity"],"potions_floor_usage":[23,30],"damage_taken":[{"damage":6.0,"enemies":"Small Slimes","floor":1.0,"turns":4.0},{"damage":7.0,"enemies":"Jaw Worm","floor":2.0,"turns":3.0},{"damage":0.0,"enemies":"Cultist","floor":5.0,"turns":3.0},{"damage":15.0,"enemies":"3 Sentries","floor":6.0,"turns":7.0},{"damage":10.0,"enemies":"3 Louse","floor":8.0,"turns":3.0},{"damage":20.0,"enemies":"Exordium Wildlife","floor":12.0,"turns":4.0},{"damage":4.0,"enemies":"Gremlin Nob","floor":13.0,"turns":3.0},{"damage":20.0,"enemies":"Slime Boss","floor":16.0,"turns":7.0},{"damage":0.0,"enemies":"Chosen","floor":18.0,"turns":4.0},{"damage":4.0,"enemies":"3 Byrds","floor":22.0,"turns":6.0},{"damage":21,"enemies":"Book of Stabbing","floor":23,"turns":5},{"damage":15,"enemies":"Centurion and Healer","floor":29,"turns":6},{"damage":42,"enemies":"Gremlin Leader","floor":30,"turns":5}],"seed_played":"2559227326238599729","potions_obtained":[{"floor":2.0,"key":"ColorlessPotion"},{"floor":5.0,"key":"CultistPotion"},{"floor":6.0,"key":"LiquidMemories"},{"floor":29,"key":"DuplicationPotion"}],"is_trial":false,"path_per_floor":["M","M","$","?","M","E","R","M","T","R","?","M","E","$","R","B",null,"M","$","?","?","M","E","?","R","T","R","?","M","E"],"character_chosen":"DEFECT","items_purchased":["Sweeping Beam","Energy Potion","Defragment","Leap","Strength Potion"],"campfire_rested":4,"item_purchase_floors":[3,3,14,14,19],"current_hp_per_floor":[58,51,51,51,51,36,36,26,26,45,27,7,3,3,22,2,49,51,51,51,30,26,7,7,27,27,47,47,32,0,0],"gold":115,"neow_bonus":"BOSS_RELIC","is_daily":false,"chose_seed":false,"campfire_upgraded":1,"win_rate":0.0,"timestamp":1613705530,"path_taken":["M","M","$","?","M","E","R","M","T","R","?","M","E","$","R","BOSS","M","$","?","?","M","E","?","R","T","R","?","M","E"],"items_purchased_type":["Card","Potion","Card","Card","Potion"],"build_version":"2020-12-22","purchased_purges":1,"victory":false,"max_hp_per_floor":[71,71,71,64,64,64,64,64,64,64,64,64,64,64,64,64,64,66,66,66,66,66,68,68,68,68,68,65,65,65,65],"relic_stats":{"Singing Bowl":4,"counters":[13,60],"Golden Idol":64,"Shuriken":[8],"StoneCalendar":[45],"Juzu Bracelet":1,"Whetstone":["Strike_B","Sweeping Beam"],"Cursed Key":2,"obtain_stats":[{"Potion Belt":6,"Singing Bowl":9,"Golden Idol":4,"Enchiridion":21,"StoneCalendar":11,"Juzu Bracelet":17,"Whetstone":23,"Cursed Key":0,"Calling Bell":17,"CaptainsWheel":17,"Shuriken":17,"Cracked Core":0,"Symbiotic Virus":13},{"Potion Belt":4,"Singing Bowl":5,"Golden Idol":2,"Enchiridion":9,"StoneCalendar":5,"Juzu Bracelet":8,"Whetstone":11,"Cursed Key":0,"Calling Bell":8,"CaptainsWheel":8,"Shuriken":8,"Cracked Core":0,"Symbiotic Virus":7},{"Potion Belt":17,"Singing Bowl":20,"Golden Idol":7,"Enchiridion":38,"StoneCalendar":20,"Juzu Bracelet":34,"Whetstone":49,"Cursed Key":0,"Calling Bell":34,"CaptainsWheel":34,"Shuriken":34,"Cracked Core":0,"Symbiotic Virus":27}]},"card_choices":[{"not_picked":["Storm","Coolheaded"],"picked":"Streamline","floor":1.0},{"not_picked":["Beam Cell","Rebound"],"picked":"Cold Snap","floor":2.0},{"not_picked":["Rainbow","Aggregate"],"picked":"Streamline","floor":5.0},{"not_picked":["Turbo","Coolheaded"],"picked":"Cold Snap","floor":6.0},{"not_picked":["Force Field","Gash"],"picked":"Conserve Battery","floor":8.0},{"not_picked":["Steam","Thunder Strike"],"picked":"Beam Cell","floor":12.0},{"not_picked":["Conserve Battery","Barrage"],"picked":"Biased Cognition","floor":13.0},{"not_picked":["Machine Learning","Fission"],"picked":"Echo Form","floor":16.0},{"not_picked":["Steam","Redo","Tempest"],"picked":"Singing Bowl","floor":18.0},{"not_picked":["Gash","Tempest+1"],"picked":"BootSequence","floor":22.0},{"not_picked":["Undo","Chaos","Leap"],"picked":"Singing Bowl","floor":23},{"not_picked":["Sweeping Beam","Turbo"],"picked":"Capacitor","floor":29}],"player_experience":362094,"relics_obtained":[{"floor":6.0,"key":"Potion Belt"},{"floor":9.0,"key":"Singing Bowl"},{"floor":13.0,"key":"Symbiotic Virus"},{"floor":17.0,"key":"Juzu Bracelet"},{"floor":17.0,"key":"Shuriken"},{"floor":17.0,"key":"CaptainsWheel"},{"floor":21.0,"key":"Enchiridion"},{"floor":23,"key":"Whetstone"}],"event_choices":[{"damage_healed":0.0,"max_hp_gain":0.0,"max_hp_loss":7.0,"gold_gain":0.0,"event_name":"Golden Idol","player_choice":"Lose Max HP","floor":4.0,"gold_loss":0.0,"damage_taken":0.0,"relics_obtained":["Golden Idol"]},{"damage_healed":0.0,"max_hp_gain":0.0,"max_hp_loss":0.0,"gold_gain":0.0,"event_name":"Scrap Ooze","player_choice":"Success","floor":11.0,"gold_loss":0.0,"damage_taken":18.0,"relics_obtained":["StoneCalendar"]},{"damage_healed":0.0,"max_hp_gain":0.0,"max_hp_loss":0.0,"gold_gain":50.0,"event_name":"Nest","player_choice":"Stole From Cult","floor":20.0,"gold_loss":0.0,"damage_taken":0.0},{"damage_healed":0.0,"max_hp_gain":0.0,"max_hp_loss":0.0,"gold_gain":0.0,"event_name":"Cursed Tome","player_choice":"Obtained Book","floor":21.0,"gold_loss":0.0,"damage_taken":21.0},{"damage_healed":0,"gold_gain":0,"player_choice":"Copied","damage_taken":0,"max_hp_gain":0,"max_hp_loss":0,"event_name":"Duplicator","floor":24,"gold_loss":0,"cards_obtained":["Biased Cognition"]},{"cards_removed":["Parasite"],"damage_healed":0,"gold_gain":0,"player_choice":"Gave Gold","damage_taken":0,"max_hp_gain":0,"max_hp_loss":0,"event_name":"Beggar","floor":28,"gold_loss":75}],"is_beta":false,"boss_relics":[{"not_picked":["SacredBark","Coffee Dripper"],"picked":"Calling Bell"}],"items_purged_floors":[19],"is_endless":false,"potions_floor_spawned":[2,5,6,29],"killed_by":"Gremlin Leader","ascension_level":20}}