{"host":"s924z949m5wc23z2","time":1613756144,"event":{"mods":["100% Spire Juice","ATMod(∞¢Ë™Mod)","Act Like it!","Arknights","Ascension Reborn","BaseMod","Colored Map","Colored Powertips","Conspire","Dota2Spire","Downfall","Good Game Mod","Lobotomy","LobotomyExtend","Luminous","Marisa£®ÏF”Í°°ƒß¿Ì…≥£©","Minty Spire (QoL Compilation)","MostiFishMod","Reimu£®≤©¿ˆ¡È√Œ£©","Relic Stats","Reliquary","Replay The Spire","Spicy Shops","StSLib","The Marked","WarShipGirlsR/’ΩΩ¢…Ÿ≈ÆR mod","Yakumo Yukari mod","Youmu£®ªÍ∆«—˝√Œ£©","Yuyuko","noobMod"],"gold_per_floor":[118,82,93,43,56,89,102,102,102,102,16,47,72,93,93,222,222,242,242,267,177,202,245,245,280,280,300,50,50,32,52,52,182,182,206,224,7,7,25,25,38,38,38,58,58,76,120,120,120,120],"floor_reached":51,"language":"ZHS","playtime":6228,"items_purged":["LittlePrince","GalaxyChild","RedShoes"],"score":899,"play_id":"66cbaa2a-db90-4fe8-9f34-bfa419caa775","local_time":"20210220023544","is_ascension_mode":true,"campfire_choices":[{"floor":10,"key":"RECALL"},{"data":"AT_ArcaneSupremacy","floor":15,"key":"SMITH"},{"data":"MostiFishMod:LethalBlade","floor":24,"key":"SMITH"},{"data":"Decay","floor":32,"key":"PURGE"},{"data":"AT_PowerWithin","floor":40,"key":"SMITH"},{"data":"MostiFishMod:LethalBlade","floor":42,"key":"SMITH"},{"data":"After Image","floor":49,"key":"SMITH"}],"circlet_count":0,"master_deck":["Strike_G","Strike_G","Strike_G","Strike_G","Strike_G","Defend_G","Defend_G","Defend_G","Defend_G","Defend_G","Survivor","Neutralize","AT_RealColorLess","ats:Dogmatic Field+1","Murderer","All Out Attack","Footwork","VoidDream","MostiFishMod:PerfectParry","conspire:DoublingDagger","GreedKing","AT_ArcaneSupremacy+1","Quick Slash","Backflip","Scorched","Flechettes","Dagger Spray","DespairKnight","Wraith Form v2","SnowQueen","MostiFishMod:LethalBlade+1","BigBadWolf","Hidden Blade","Scarecrow","Blade Dance+1","FieryBird","After Image+1","AT_ArcaneSupremacy+1","MostiFishMod:LethalBlade+1","QueenBee","Footwork","AT_PowerWithin+1","Endless Agony","LaLuna","Dagger Spray","Bloodbath","Burst","BodiesMountain","Toxin Wave+1","Decay","SingingMachine","Footwork+1","LittleHelper","Acrobatics","NothingThere","Hidden Blade+1","CENSORED","Prepared","WhitesApple","Blade Dance","Parasite","Parasite"],"relics":["Ring of the Snake","AT_ATBox","ice","REME:ComplimentaryCards","DaveBox","Membership Card","CogitoBucket","SynthV:TestCard","LetterFromLob","Chemical X","ats:Originium","Nunchaku","Golden Idol","Strange Spoon","Kunai","BackwardClock","Transparent","Theresia","reliquary:SilkGlove","Quantum Egg","AT_Kusabimaru","AT_SeraphEmbrace","ReplayTheSpireMod:CursedCoin","Dota2Spire:MaskOfMadness","Nunchaku","Heaven_r","ChiXiaoBlade","FleshIdol","SynthV:C4","reliquary:CitrusReamer","Dota2Spire:BlackKingBar","Dota2Spire:OctarineCore","Paper Crane"],"acts_visited":["Exordium","TheCity","TheBeyond"],"potions_floor_usage":[33,35,46,50,51,51],"damage_taken":[{"damage":24,"enemies":"ats:Genji","floor":1,"turns":5},{"damage":15,"enemies":"2 Louse","floor":3,"turns":4},{"damage":17,"enemies":"Cultist","floor":5,"turns":4},{"damage":23,"enemies":"Lagavulin","floor":6,"turns":10},{"damage":71,"enemies":"conspire:2 RoseBushes","floor":7,"turns":4},{"damage":0,"enemies":"3 Sentries","floor":12,"turns":3},{"damage":42,"enemies":"Blue Slaver","floor":13,"turns":4},{"damage":8,"enemies":"Exordium Thugs","floor":14,"turns":2},{"damage":144,"enemies":"Fading Forest","floor":16,"turns":7},{"damage":20,"enemies":"2 Thieves","floor":18,"turns":2},{"damage":19,"enemies":"Spheric Guardian","floor":20,"turns":1},{"damage":84,"enemies":"Centurion and Healer","floor":22,"turns":2},{"damage":19,"enemies":"conspire:Head Lice","floor":23,"turns":1},{"damage":82,"enemies":"Book of Stabbing","floor":25,"turns":1},{"damage":55,"enemies":"Snecko","floor":27,"turns":1},{"damage":38,"enemies":"3 Cultists","floor":29,"turns":1},{"damage":23,"enemies":"3 Cultists","floor":31,"turns":1},{"damage":94,"enemies":"Champ","floor":33,"turns":2},{"damage":135,"enemies":"3 Shapes","floor":35,"turns":2},{"damage":42,"enemies":"3 Darklings","floor":36,"turns":2},{"damage":21,"enemies":"Sphere and 2 Shapes","floor":39,"turns":1},{"damage":36,"enemies":"4 Shapes","floor":41,"turns":1},{"damage":21,"enemies":"3 Darklings","floor":44,"turns":1},{"damage":41,"enemies":"Transient","floor":46,"turns":2},{"damage":22,"enemies":"conspire:MimicChest","floor":47,"turns":1},{"damage":105,"enemies":"FixerMidnight","floor":50,"turns":3},{"damage":100,"enemies":"Malkuth","floor":51,"turns":2},{"damage":80,"enemies":"Yesod","floor":51,"turns":2},{"damage":239,"enemies":"Geburah","floor":51,"turns":5},{"damage":408,"enemies":"Binah","floor":51,"turns":10},{"damage":328,"enemies":"Angela","floor":51,"turns":3}],"seed_played":"-2455712836226578028","potions_obtained":[{"floor":3,"key":"Doom Potion"},{"floor":7,"key":"LiquidMemories"},{"floor":12,"key":"Strength Potion"},{"floor":36,"key":"conspire:TimeTravelPotion"},{"floor":41,"key":"GhostInAJar"},{"floor":46,"key":"BlessingOfTheForge"},{"floor":47,"key":"Regen Potion"}],"is_trial":false,"path_per_floor":["M","$","M","?","M","E","M","?","T","R","$","E","M","M","R","B",null,"M","?","M","?","M","E","R","E","T","M","$","M","$","M","R_BF","B",null,"M","M","$","?","M","R","M","R","T","M","$","M","?","T","R","B",null],"character_chosen":"THE_SILENT","items_purchased":["Chemical X","Strange Spoon","Quick Slash","Backflip","AT_ArchangelStaff","ReplayTheSpireMod:CursedCoin","Dota2Spire:MaskOfMadness","AT_PowerWithin","reliquary:SculptingSteel","Endless Agony","SynthV:C4","reliquary:CitrusReamer"],"campfire_rested":0,"item_purchase_floors":[2,11,11,11,28,28,28,28,28,30,37,37],"current_hp_per_floor":[46,46,31,31,14,62,70,49,49,49,49,49,49,41,41,43,95,95,95,95,95,97,97,97,95,95,97,97,85,85,97,97,97,97,105,105,105,105,105,105,105,105,105,105,105,114,114,114,114,124],"gold":120,"neow_bonus":"","is_daily":false,"chose_seed":false,"campfire_upgraded":5,"win_rate":0.0,"timestamp":1613756144,"path_taken":["M","$","M","?","M","E","M","?","T","R","?","E","M","?","R","BOSS","M","?","M","?","?","E","R","E","T","M","$","M","$","M","R_BF","BOSS","M","M","$","?","?","R","M","R","T","M","$","M","?","?","R","BOSS"],"items_purchased_type":["Relic","Relic","Card","Card","Relic","Relic","Relic","Card","Relic","Card","Relic","Relic"],"build_version":"2020-12-22","purchased_purges":3,"victory":true,"max_hp_per_floor":[70,70,70,70,70,72,84,84,84,84,84,86,94,95,95,95,95,95,95,95,95,97,97,97,97,97,97,97,97,97,97,97,97,97,105,105,105,105,105,105,105,105,105,105,105,114,114,114,114,124],"relic_stats":{"Strange Spoon":[82],"Nunchaku":[44],"counters":[34,93],"Golden Idol":164,"Chemical X":[6],"Kunai":[60],"obtain_stats":[{"AT_SeraphEmbrace":51,"Dota2Spire:MaskOfMadness":28,"AT_ATBox":0,"reliquary:SilkGlove":23,"DaveBox":0,"FleshIdol":35,"ice":0,"AT_ArchangelStaff":28,"SynthV:C4":37,"CogitoBucket":0,"Nunchaku":6,"AT_Kusabimaru":26,"reliquary:CitrusReamer":37,"Chemical X":2,"Kunai":12,"Ring of the Snake":0,"BackwardClock":13,"Dota2Spire:BlackKingBar":43,"Golden Idol":8,"ReplayTheSpireMod:CursedCoin":28,"Quantum Egg":25,"Paper Crane":48,"Heaven_r":29,"Strange Spoon":11,"REME:ComplimentaryCards":0,"SynthV:TestCard":1,"ats:Originium":6,"Transparent":17,"ChiXiaoBlade":34,"reliquary:SculptingSteel":28,"LetterFromLob":1,"Dota2Spire:OctarineCore":47,"Membership Card":0,"Theresia":22},{"AT_SeraphEmbrace":33,"Dota2Spire:MaskOfMadness":17,"AT_ATBox":0,"reliquary:SilkGlove":15,"DaveBox":0,"FleshIdol":22,"ice":0,"AT_ArchangelStaff":17,"SynthV:C4":23,"CogitoBucket":0,"Nunchaku":4,"AT_Kusabimaru":16,"reliquary:CitrusReamer":23,"Chemical X":1,"Kunai":6,"Ring of the Snake":0,"BackwardClock":8,"Dota2Spire:BlackKingBar":25,"Golden Idol":5,"ReplayTheSpireMod:CursedCoin":17,"Quantum Egg":16,"Paper Crane":28,"Heaven_r":18,"Strange Spoon":5,"REME:ComplimentaryCards":0,"SynthV:TestCard":1,"ats:Originium":4,"Transparent":10,"ChiXiaoBlade":20,"reliquary:SculptingSteel":17,"LetterFromLob":1,"Dota2Spire:OctarineCore":28,"Membership Card":0,"Theresia":14},{"AT_SeraphEmbrace":81,"Dota2Spire:MaskOfMadness":53,"AT_ATBox":0,"reliquary:SilkGlove":51,"DaveBox":0,"FleshIdol":60,"ice":0,"AT_ArchangelStaff":53,"SynthV:C4":62,"CogitoBucket":0,"Nunchaku":23,"AT_Kusabimaru":52,"reliquary:CitrusReamer":62,"Chemical X":5,"Kunai":30,"Ring of the Snake":0,"BackwardClock":35,"Dota2Spire:BlackKingBar":64,"Golden Idol":27,"ReplayTheSpireMod:CursedCoin":53,"Quantum Egg":52,"Paper Crane":68,"Heaven_r":54,"Strange Spoon":27,"REME:ComplimentaryCards":0,"SynthV:TestCard":5,"ats:Originium":23,"Transparent":44,"ChiXiaoBlade":57,"reliquary:SculptingSteel":53,"LetterFromLob":5,"Dota2Spire:OctarineCore":68,"Membership Card":0,"Theresia":50}],"Ring of the Snake":[69]},"card_choices":[{"not_picked":["BeautyBeast","Wellcheers"],"picked":"Murderer","floor":1},{"not_picked":["Accuracy","Fluid Movement"],"picked":"All Out Attack","floor":1},{"not_picked":["UniverseFragment","Yin","CrumblingArmor"],"picked":"Singing Bowl","floor":3},{"not_picked":["LongBird","SpiderBud"],"picked":"FairyFestival","floor":3},{"not_picked":["PiercingWail","Draining Mist","Toxin Wave","Poisoned Stab"],"picked":"Footwork","floor":3},{"not_picked":["CherryBlossoms","MHz","PunishingBird"],"picked":"Singing Bowl","floor":5},{"not_picked":["Rudolta","FairyFestival"],"picked":"VoidDream","floor":5},{"not_picked":["Sneak Up","MostiFishMod:PoisonShield","AT_TwilightShroud","PiercingWail"],"picked":"MostiFishMod:PerfectParry","floor":5},{"not_picked":["Wellcheers","DreamingCurrent","FairyFestival"],"picked":"Singing Bowl","floor":6},{"not_picked":["PunishingBird","SpiderBud"],"picked":"MeatLantern","floor":6},{"not_picked":["Toxin Wave","Blade Dance","Cloak And Dagger","Footwork"],"picked":"conspire:DoublingDagger","floor":6},{"not_picked":["OldLady","Rudolta"],"picked":"GreedKing","floor":7},{"not_picked":["AT_TwilightShroud","Terror","ReplayTheSpireMod:Speed Training","Caltrops"],"picked":"AT_ArcaneSupremacy","floor":7},{"not_picked":["BlackSwan","OldLady"],"picked":"Scorched","floor":12},{"not_picked":["AT_ShadowStep","Sucker Punch","Replay:Poison Smokescreen","Calculated Gamble"],"picked":"Flechettes","floor":12},{"not_picked":["PunishingBird","Rudolta","Wellcheers"],"picked":"Singing Bowl","floor":13},{"not_picked":["ReplayTheSpireMod:Exploit Weakness","Quick Slash","PiercingWail","AT_MyraUnstableElement"],"picked":"Dagger Spray","floor":13},{"not_picked":["SpiderBud","PunishingBird"],"picked":"DespairKnight","floor":14},{"not_picked":["Hidden Blade","Caltrops","conspire:DoublingDagger","Outmaneuver"],"picked":"Wraith Form v2","floor":14},{"not_picked":["Bloodbath","BigBird"],"picked":"SnowQueen","floor":16},{"not_picked":["Night Terror","Die Die Die","ReplayTheSpireMod:Necrosis","Glass Knife"],"picked":"MostiFishMod:LethalBlade","floor":16},{"not_picked":["SpiderBud","NakedNest"],"picked":"BigBadWolf","floor":18},{"not_picked":["Flying Knee","Backflip","Toxin Wave","Dagger Spray"],"picked":"Hidden Blade","floor":18},{"not_picked":["MHz","Bloodbath","Woodsman"],"picked":"Singing Bowl","floor":20},{"not_picked":["BigBird","Funeral"],"picked":"Scarecrow","floor":20},{"not_picked":["Quick Slash","Underhanded Strike","Sucker Punch+1","Dagger Throw+1"],"picked":"Blade Dance+1","floor":20},{"not_picked":["WallGazer","BeautyBeast"],"picked":"FieryBird","floor":22},{"not_picked":["PiercingWail","Underhanded Strike+1","Well Laid Plans+1","Prepared"],"picked":"After Image","floor":22},{"not_picked":["Funeral","Woodsman"],"picked":"LittlePrince","floor":23},{"not_picked":["MostiFishMod:FrostNova","Acrobatics","Noxious Fumes","Quick Slash"],"picked":"AT_ArcaneSupremacy+1","floor":23},{"not_picked":["UniverseFragment","Bloodbath"],"picked":"GalaxyChild","floor":25},{"not_picked":["Distraction+1","Outmaneuver+1","AT_FocusSwordFire","Blade Dance"],"picked":"MostiFishMod:LethalBlade","floor":25},{"not_picked":["WallGazer","Bloodbath"],"picked":"QueenBee","floor":27},{"not_picked":["Flying Knee","Blur","Backflip","Blade Dance"],"picked":"Footwork","floor":27},{"not_picked":["WhitesApple","BeautyBeast"],"picked":"LaLuna","floor":31},{"not_picked":["Backflip+1","MostiFishMod:Opportunism","Cloak And Dagger+1","AT_WindFlip"],"picked":"Dagger Spray","floor":31},{"not_picked":["Freischutz","GalaxyChild","FairyFestival"],"picked":"Singing Bowl","floor":33},{"not_picked":["Funeral","BlackSwan"],"picked":"Bloodbath","floor":33},{"not_picked":["MostiFishMod:LethalBlade","MostiFishMod:HiddenBlade","Unload","Glass Knife"],"picked":"Burst","floor":33},{"not_picked":["MeltingLove","Variant"],"picked":"RedShoes","floor":35},{"not_picked":["MostiFishMod:PreservedThorns+1","AT_WindRun","Replay:Poison Smokescreen","Outmaneuver","Sucker Punch+1"],"picked":"SKIP","floor":35},{"not_picked":["MostiFishMod:PreservedThorns+1","AT_WindRun","Replay:Poison Smokescreen","Outmaneuver","Sucker Punch+1"],"picked":"SKIP","floor":35},{"not_picked":["FairyFestival","Laetitia"],"picked":"BodiesMountain","floor":36},{"not_picked":["Flying Knee","Slice","Deadly Poison+1","Bouncing Flask+1"],"picked":"Toxin Wave+1","floor":36},{"not_picked":["PunishingBird","Mercenary","GalaxyChild"],"picked":"Singing Bowl","floor":39},{"not_picked":["HappyTeddy","LittlePrince"],"picked":"SingingMachine","floor":39},{"not_picked":["Sneak Up+1","Replay:Bag of Tricks","Reflex+1","Blade Dance"],"picked":"Footwork+1","floor":39},{"not_picked":["PunishingBird","MeltingLove"],"picked":"LittleHelper","floor":41},{"not_picked":["Cloak And Dagger","Reflex+1","Poisoned Stab","Quick Slash"],"picked":"Acrobatics","floor":41},{"not_picked":["DreamingCurrent","GalaxyChild"],"picked":"NothingThere","floor":44},{"not_picked":["Endless Agony+1","AT_WomanClash","Blade Dance+1","Deadly Poison"],"picked":"Hidden Blade+1","floor":44},{"not_picked":["RedShoes","QueenOfHatred","DreamingCurrent"],"picked":"Singing Bowl","floor":46},{"not_picked":["SilentOrchestra","LongBird"],"picked":"CENSORED","floor":46},{"not_picked":["Underhanded Strike","Slice+1","Catalyst+1","Skewer"],"picked":"Prepared","floor":46},{"not_picked":["Woodsman","BlackSwan"],"picked":"WhitesApple","floor":47},{"not_picked":["Sucker Punch","Skewer","MostiFishMod:PoisonShield","Dodge and Roll+1"],"picked":"Blade Dance","floor":47}],"player_experience":328801,"relics_obtained":[{"floor":1,"key":"SynthV:TestCard"},{"floor":1,"key":"LetterFromLob"},{"floor":6,"key":"ats:Originium"},{"floor":6,"key":"Nunchaku"},{"floor":12,"key":"ats:Originium"},{"floor":12,"key":"Kunai"},{"floor":23,"key":"ats:Originium"},{"floor":23,"key":"reliquary:SilkGlove"},{"floor":25,"key":"ats:Originium"},{"floor":25,"key":"Quantum Egg"},{"floor":26,"key":"AT_Kusabimaru"},{"floor":43,"key":"Dota2Spire:BlackKingBar"},{"floor":47,"key":"Dota2Spire:OctarineCore"},{"floor":48,"key":"Paper Crane"}],"event_choices":[{"cards_removed":["FairyFestival"],"damage_healed":0,"gold_gain":0,"player_choice":"Card Removal","damage_taken":0,"max_hp_gain":0,"max_hp_loss":0,"event_name":"The Cleric","floor":4,"gold_loss":50},{"damage_healed":0,"gold_gain":0,"player_choice":"Take Damage","damage_taken":21,"relics_obtained":["Golden Idol"],"max_hp_gain":0,"max_hp_loss":0,"event_name":"Golden Idol","floor":8,"gold_loss":0},{"cards_removed":["MeatLantern"],"damage_healed":0,"gold_gain":0,"player_choice":"Upgrade and Remove","damage_taken":0,"max_hp_gain":0,"max_hp_loss":0,"event_name":"Designer","floor":21,"gold_loss":90,"cards_upgraded":["ats:Dogmatic Field"]},{"damage_healed":0,"gold_gain":0,"player_choice":"Cursed","damage_taken":0,"max_hp_gain":0,"max_hp_loss":0,"event_name":"Wheel of Change","floor":38,"gold_loss":0,"cards_obtained":["Decay"]}],"is_beta":false,"boss_relics":[{"not_picked":["Runic Pyramid","Kintsugi"],"picked":"Transparent"},{"not_picked":["reliquary:RedCape","Replay:Bronze Core"],"picked":"ChiXiaoBlade"}],"items_purged_floors":[28,28,37],"is_endless":false,"potions_floor_spawned":[3,7,12,14,16,18,23,25,29,36,41,46,47],"ascension_level":0}}