{"host":"w14xfy17z3c5mpoi","time":1613777676,"event":{"mods":["AchievementEnabler","BaseMod","Minty Spire (QoL Compilation)","Relic Stats"],"gold_per_floor":[113,113,131,141,141,175,187,243,309,356,392,97,97,97,97,228,228,249,249,51,51,65,105,0,0,0,0,0,18,62,87,87,207,207,227,242,242,261,324,363,363,388,415,415,95,113,156,156,156],"floor_reached":48,"language":"ENG","playtime":2417,"items_purged":["Defend_P","Defend_P"],"score":929,"play_id":"119a1c6b-d381-455e-b715-fd0aa3c97aa7","local_time":"20210219183436","is_ascension_mode":true,"campfire_choices":[{"floor":7,"key":"REST"},{"data":"Vigilance","floor":15,"key":"SMITH"},{"data":"Wallop","floor":25,"key":"SMITH"},{"data":"Eruption","floor":27,"key":"SMITH"},{"data":"JustLucky","floor":32,"key":"SMITH"},{"floor":41,"key":"REST"},{"floor":44,"key":"REST"}],"circlet_count":0,"master_deck":["Eruption+1","Vigilance+1","FollowUp","EmptyFist+1","BowlingBash","Consecrate+1","Indignation","Bite","Bite","Bite","Bite","EmptyBody+1","Wallop+1","Tantrum+1","CrushJoints+1","LessonLearned","FearNoEvil+1","FlurryOfBlows+1","JustLucky","TalkToTheHand+1","Blasphemy","Protect+1","EmptyFist+1","MentalFortress+1","Protect"],"relics":["Runic Dome","Sundial","Golden Idol","MawBank","Thread and Needle","Art of War","Lantern","Pen Nib","Empty Cage","Pantograph","Unceasing Top","MutagenicStrength","CloakClasp","Philosopher\u0027s Stone","Orichalcum","Damaru","Orrery","HornCleat"],"acts_visited":["Exordium","TheCity","TheBeyond"],"potions_floor_usage":[8,11,23,30,33,33,38,46],"damage_taken":[{"damage":2,"enemies":"Small Slimes","floor":1,"turns":2},{"damage":0,"enemies":"Jaw Worm","floor":3,"turns":2},{"damage":12,"enemies":"Cultist","floor":4,"turns":3},{"damage":26,"enemies":"Gremlin Nob","floor":6,"turns":4},{"damage":0,"enemies":"Lagavulin","floor":8,"turns":2},{"damage":3,"enemies":"3 Sentries","floor":10,"turns":4},{"damage":0,"enemies":"Large Slime","floor":11,"turns":5},{"damage":0,"enemies":"Slime Boss","floor":16,"turns":4},{"damage":20,"enemies":"Shell Parasite","floor":18,"turns":5},{"damage":0,"enemies":"Spheric Guardian","floor":22,"turns":2},{"damage":26,"enemies":"Gremlin Leader","floor":23,"turns":4},{"damage":0,"enemies":"Snake Plant","floor":29,"turns":1},{"damage":0,"enemies":"Slavers","floor":30,"turns":2},{"damage":0,"enemies":"Centurion and Healer","floor":31,"turns":3},{"damage":22,"enemies":"Automaton","floor":33,"turns":6},{"damage":0,"enemies":"Orb Walker","floor":35,"turns":1},{"damage":0,"enemies":"3 Darklings","floor":36,"turns":1},{"damage":14,"enemies":"4 Shapes","floor":38,"turns":2},{"damage":25,"enemies":"Mind Bloom Boss Battle","floor":39,"turns":3},{"damage":19,"enemies":"Nemesis","floor":40,"turns":3},{"damage":2,"enemies":"Spire Growth","floor":42,"turns":4},{"damage":9,"enemies":"Writhing Mass","floor":46,"turns":3},{"damage":31,"enemies":"Reptomancer","floor":47,"turns":5},{"damage":25,"enemies":"3 Darklings","floor":48,"turns":3}],"seed_played":"57054310177174509","potions_obtained":[{"floor":6,"key":"FearPotion"},{"floor":8,"key":"StancePotion"},{"floor":16,"key":"Ambrosia"},{"floor":29,"key":"LiquidMemories"},{"floor":31,"key":"FearPotion"},{"floor":33,"key":"Energy Potion"},{"floor":35,"key":"EntropicBrew"},{"floor":39,"key":"PowerPotion"},{"floor":40,"key":"SteroidPotion"}],"is_trial":false,"path_per_floor":["M","?","M","M","?","E","R","E","T","E","M","$","?","?","R","B",null,"M","?","$","?","M","E","?","R","T","R","?","M","E","M","R","B",null,"M","M","?","M","?","E","R","M","T","R","$","M","E","M"],"character_chosen":"WATCHER","items_purchased":["Pen Nib","GamblersBrew","EmptyBody","AttackPotion","Orrery","Ambrosia","DuplicationPotion"],"campfire_rested":3,"item_purchase_floors":[12,12,20,20,45,45,45],"current_hp_per_floor":[63,51,51,39,39,13,33,33,33,30,30,30,30,30,30,30,58,38,38,38,38,42,24,24,24,24,24,24,26,34,40,40,34,43,46,46,46,34,23,14,27,31,31,44,44,39,18,0,0],"gold":156,"neow_bonus":"BOSS_RELIC","is_daily":false,"chose_seed":false,"campfire_upgraded":4,"win_rate":0.0,"timestamp":1613777676,"path_taken":["M","?","M","M","?","E","R","E","T","E","M","?","?","?","R","BOSS","M","?","$","?","M","E","?","R","T","R","?","M","E","M","R","BOSS","M","M","?","M","?","E","R","M","T","R","$","M","E","M"],"items_purchased_type":["Relic","Potion","Card","Potion","Relic","Potion","Potion"],"build_version":"2020-12-22","purchased_purges":2,"victory":false,"max_hp_per_floor":[72,72,72,72,67,67,67,67,67,67,67,67,67,67,67,67,67,67,46,46,46,46,46,46,46,46,46,46,46,46,46,46,46,46,46,46,46,46,46,46,46,46,46,46,46,46,46,46,46],"relic_stats":{"counters":[24,74],"Sundial":[8],"Golden Idol":161,"Pantograph":18,"Pen Nib":[20],"Art of War":[0],"CloakClasp":[27],"Orichalcum":[12],"MawBank":72,"obtain_stats":[{"Lantern":10,"Golden Idol":5,"Damaru":43,"Thread and Needle":8,"Pen Nib":12,"CloakClasp":30,"Orichalcum":40,"MawBank":6,"Empty Cage":17,"Runic Dome":0,"HornCleat":47,"Sundial":2,"Pantograph":23,"MutagenicStrength":28,"Orrery":45,"Philosopher\u0027s Stone":34,"Art of War":9,"PureWater":0,"Unceasing Top":26},{"Lantern":6,"Golden Idol":3,"Damaru":21,"Thread and Needle":5,"Pen Nib":7,"CloakClasp":13,"Orichalcum":20,"MawBank":4,"Empty Cage":8,"Runic Dome":0,"HornCleat":23,"Sundial":1,"Pantograph":11,"MutagenicStrength":11,"Orrery":21,"Philosopher\u0027s Stone":15,"Art of War":5,"PureWater":0,"Unceasing Top":11},{"Lantern":17,"Golden Idol":7,"Damaru":63,"Thread and Needle":13,"Pen Nib":22,"CloakClasp":40,"Orichalcum":59,"MawBank":11,"Empty Cage":26,"Runic Dome":0,"HornCleat":71,"Sundial":2,"Pantograph":37,"MutagenicStrength":37,"Orrery":63,"Philosopher\u0027s Stone":49,"Art of War":13,"PureWater":0,"Unceasing Top":37}],"Unceasing Top":[27]},"card_choices":[{"not_picked":["PathToVictory","Fasting2"],"picked":"FollowUp","floor":1},{"not_picked":["Evaluate","ThirdEye"],"picked":"EmptyFist","floor":3},{"not_picked":["EmptyBody","Fasting2"],"picked":"BowlingBash","floor":4},{"not_picked":["EmptyFist","ReachHeaven"],"picked":"Consecrate","floor":6},{"not_picked":["MasterReality","EmptyFist"],"picked":"JustLucky","floor":8},{"not_picked":["BowlingBash","WaveOfTheHand","EmptyFist"],"picked":"SKIP","floor":10},{"not_picked":["Omniscience","Consecrate"],"picked":"Indignation","floor":11},{"not_picked":["ThirdEye","ReachHeaven","Weave"],"picked":"SKIP","floor":18},{"not_picked":["BowlingBash","FlurryOfBlows"],"picked":"Wallop","floor":22},{"not_picked":["FollowUp","FlurryOfBlows"],"picked":"Tantrum+1","floor":23},{"not_picked":["Prostrate","Evaluate"],"picked":"CrushJoints+1","floor":29},{"not_picked":["FollowUp","SpiritShield","Wireheading"],"picked":"SKIP","floor":30},{"not_picked":["CutThroughFate","Swivel","EmptyBody+1"],"picked":"SKIP","floor":31},{"not_picked":["Devotion","DeusExMachina"],"picked":"LessonLearned","floor":33},{"not_picked":["ForeignInfluence","SignatureMove","Crescendo+1"],"picked":"SKIP","floor":35},{"not_picked":["EmptyFist","Crescendo+1","Perseverance+1"],"picked":"SKIP","floor":36},{"not_picked":["WheelKick+1","PathToVictory"],"picked":"FearNoEvil+1","floor":38},{"not_picked":["CarveReality+1","ThirdEye"],"picked":"FlurryOfBlows+1","floor":39},{"not_picked":["ClearTheMind+1","Tantrum"],"picked":"JustLucky","floor":40},{"not_picked":["InnerPeace+1","Consecrate+1"],"picked":"TalkToTheHand+1","floor":42},{"not_picked":["EmptyBody","ClearTheMind"],"picked":"Blasphemy","floor":45},{"not_picked":["Crescendo","CrushJoints+1"],"picked":"Protect+1","floor":45},{"not_picked":["FollowUp","Evaluate"],"picked":"EmptyFist+1","floor":45},{"not_picked":["FlurryOfBlows","Protect"],"picked":"MentalFortress+1","floor":46},{"not_picked":["Prostrate+1","ThirdEye"],"picked":"Protect","floor":47}],"player_experience":704076,"relics_obtained":[{"floor":6,"key":"MawBank"},{"floor":8,"key":"Thread and Needle"},{"floor":9,"key":"Art of War"},{"floor":10,"key":"Lantern"},{"floor":23,"key":"Pantograph"},{"floor":26,"key":"Unceasing Top"},{"floor":30,"key":"CloakClasp"},{"floor":40,"key":"Orichalcum"},{"floor":43,"key":"Damaru"},{"floor":47,"key":"HornCleat"}],"event_choices":[{"damage_healed":0,"gold_gain":0,"player_choice":"Success","damage_taken":12,"relics_obtained":["Sundial"],"max_hp_gain":0,"max_hp_loss":0,"event_name":"Scrap Ooze","floor":2,"gold_loss":0},{"damage_healed":0,"gold_gain":0,"player_choice":"Lose Max HP","damage_taken":0,"relics_obtained":["Golden Idol"],"max_hp_gain":0,"max_hp_loss":5,"event_name":"Golden Idol","floor":5,"gold_loss":0},{"damage_healed":0,"gold_gain":0,"player_choice":"Ignored","damage_taken":0,"max_hp_gain":0,"max_hp_loss":0,"event_name":"Liars Game","floor":13,"gold_loss":0},{"damage_healed":0,"gold_gain":0,"player_choice":"Upgraded","damage_taken":0,"max_hp_gain":0,"max_hp_loss":0,"event_name":"Upgrade Shrine","floor":14,"gold_loss":0,"cards_upgraded":["Consecrate"]},{"damage_healed":0,"gold_gain":0,"player_choice":"Became a vampire","damage_taken":0,"max_hp_gain":0,"max_hp_loss":21,"event_name":"Vampires","floor":19,"gold_loss":0,"cards_obtained":["Bite","Bite","Bite","Bite","Bite"]},{"cards_removed":["Bite"],"damage_healed":0,"gold_gain":0,"player_choice":"Elegance","damage_taken":0,"max_hp_gain":0,"max_hp_loss":0,"event_name":"Back to Basics","floor":21,"gold_loss":0},{"damage_healed":0,"gold_gain":0,"player_choice":"Paid Fearfully","damage_taken":0,"max_hp_gain":0,"max_hp_loss":0,"event_name":"Masked Bandits","floor":24,"gold_loss":105},{"damage_healed":0,"gold_gain":0,"player_choice":"Inject Mutagens","damage_taken":0,"relics_obtained":["MutagenicStrength"],"max_hp_gain":0,"max_hp_loss":0,"event_name":"Drug Dealer","floor":28,"gold_loss":0},{"cards_removed":["JustLucky"],"damage_healed":0,"gold_gain":0,"player_choice":"Removed Attack","damage_taken":0,"max_hp_gain":0,"max_hp_loss":0,"event_name":"Falling","floor":37,"gold_loss":0},{"damage_healed":0,"gold_gain":0,"player_choice":"Fight","damage_taken":0,"max_hp_gain":0,"max_hp_loss":0,"event_name":"MindBloom","floor":39,"gold_loss":0}],"is_beta":false,"boss_relics":[{"not_picked":["Velvet Choker","Calling Bell"],"picked":"Empty Cage"},{"not_picked":["Tiny House","Pandora\u0027s Box"],"picked":"Philosopher\u0027s Stone"}],"items_purged_floors":[12,20],"is_endless":false,"potions_floor_spawned":[6,8,16,29,31,33,35,39,40],"killed_by":"3 Darklings","ascension_level":8}}