{"host":"lly094a91h6n5nv5","time":1613717453,"event":{"mods":["AchievementEnabler","BaseMod","Block Reminder","Colored Map","Minty Spire (QoL Compilation)","Permanent Neow"],"gold_per_floor":[118,118,134,147,147,147,161,161,161,180,180,203,234,159,159,159,159],"floor_reached":16,"language":"ENG","playtime":961,"items_purged":["Defend_G"],"score":203,"play_id":"6fb8265c-ade2-4552-adf8-8e86cb39ae31","local_time":"20210219005053","is_ascension_mode":true,"campfire_choices":[{"data":"Footwork","floor":6,"key":"SMITH"},{"data":"Footwork","floor":8,"key":"SMITH"},{"data":"Neutralize","floor":11,"key":"SMITH"},{"data":"Dagger Spray","floor":15,"key":"SMITH"}],"circlet_count":0,"master_deck":["AscendersBane","Strike_G","Strike_G","Strike_G","Strike_G","Strike_G","Defend_G","Defend_G","Defend_G","Survivor","Neutralize+1","Footwork+1","Dodge and Roll","Footwork+1","Catalyst","Dagger Spray+1"],"relics":["Ring of the Snake","Happy Flower","Golden Idol","Lantern"],"acts_visited":["Exordium"],"potions_floor_usage":[13,13,16],"damage_taken":[{"damage":1,"enemies":"Jaw Worm","floor":1,"turns":5},{"damage":0,"enemies":"2 Louse","floor":3,"turns":4},{"damage":0,"enemies":"Cultist","floor":4,"turns":5},{"damage":0,"enemies":"Red Slaver","floor":7,"turns":6},{"damage":0,"enemies":"Exordium Wildlife","floor":10,"turns":12},{"damage":2,"enemies":"3 Louse","floor":12,"turns":5},{"damage":0,"enemies":"Lagavulin","floor":13,"turns":9},{"damage":57,"enemies":"Slime Boss","floor":16,"turns":13}],"seed_played":"8931194831509905084","potions_obtained":[{"floor":1,"key":"CunningPotion"},{"floor":7,"key":"FearPotion"},{"floor":13,"key":"Weak Potion"}],"is_trial":false,"path_per_floor":["M","?","M","M","?","R","M","R","T","M","R","M","E","$","R","B"],"character_chosen":"THE_SILENT","items_purchased":[],"campfire_rested":0,"item_purchase_floors":[],"current_hp_per_floor":[62,62,62,62,55,55,55,55,55,55,55,53,53,53,53,0,0],"gold":159,"neow_bonus":"RANDOM_COMMON_RELIC","is_daily":false,"chose_seed":false,"campfire_upgraded":4,"win_rate":0.0,"timestamp":1613717453,"path_taken":["M","?","M","M","?","R","M","R","T","M","R","M","E","$","R","BOSS"],"items_purchased_type":[],"build_version":"2020-12-22","purchased_purges":1,"victory":false,"max_hp_per_floor":[70,65,65,65,65,65,65,65,65,65,65,65,65,65,65,65,65],"card_choices":[{"not_picked":["Tactician","Quick Slash","Deflect"],"picked":"SKIP","floor":1},{"not_picked":["Catalyst","Expertise"],"picked":"Footwork","floor":3},{"not_picked":["Flying Knee","PiercingWail"],"picked":"Dodge and Roll","floor":4},{"not_picked":["Sucker Punch","Bane"],"picked":"Footwork","floor":7},{"not_picked":["Dodge and Roll","Calculated Gamble","Finisher"],"picked":"SKIP","floor":10},{"not_picked":["Escape Plan","Quick Slash"],"picked":"Catalyst","floor":12},{"not_picked":["Quick Slash","Prepared"],"picked":"Dagger Spray","floor":13}],"player_experience":264594,"relics_obtained":[{"floor":13,"key":"Lantern"}],"event_choices":[{"damage_healed":0,"gold_gain":0,"player_choice":"Lose Max HP","damage_taken":0,"relics_obtained":["Golden Idol"],"max_hp_gain":0,"max_hp_loss":5,"event_name":"Golden Idol","floor":2,"gold_loss":0},{"cards_removed":["Defend_G"],"damage_healed":0,"gold_gain":0,"player_choice":"Card Removal","damage_taken":7,"max_hp_gain":0,"max_hp_loss":0,"event_name":"Golden Wing","floor":5,"gold_loss":0}],"is_beta":false,"boss_relics":[],"items_purged_floors":[14],"is_endless":false,"potions_floor_spawned":[1,7,10,13],"killed_by":"Slime Boss","ascension_level":12}}