{"host":"v4nyfngrgywi7zc6","time":1613765983,"event":{"mods":["2.2 Compatiblity","Act Like it!","BaseMod","Custom Start","Friendly Minions","Minty Spire (QoL Compilation)","Reliquary","Ruina","Shade Mod","Shop Mod","StSLib","The Cursed","The Judge","The Jungle","The Marked","The Mystic","The Necromancer","The Saiyan"],"gold_per_floor":[118,133,133,151,151,186,186,186,213,213,213,213,213,232,232,352,352,371,371,386,21,45,86,98,110,122,134,167,195,245,257,269,281,281],"floor_reached":33,"language":"ENG","playtime":1812,"items_purged":["theMarked:Strike"],"score":283,"play_id":"8d36dc11-fc47-486e-aa4e-f2f1bbbf8986","local_time":"20210219141943","is_ascension_mode":false,"campfire_choices":[{"floor":7,"key":"REST"},{"floor":8,"key":"REST"},{"floor":11,"key":"REST"},{"data":"theMarked:EmpowerWeapon","floor":13,"key":"SMITH"},{"floor":15,"key":"REST"},{"floor":24,"key":"REST"},{"floor":27,"key":"REST"},{"floor":32,"key":"REST"}],"circlet_count":0,"master_deck":["theMarked:Strike","theMarked:Strike","theMarked:Strike","theMarked:Defend","theMarked:Defend","theMarked:Defend","theMarked:Defend+1","theMarked:SoldierOfQuellstein+1","theMarked:EmpowerWeapon+1","theMarked:EmpowerWeapon","theMarked:ElectricStrings","theMarked:Abjuration","theMarked:Vacuum","theMarked:Improvise","theMarked:BindingBlade","Writhe","theMarked:BiggerThanFate","ruina:Lumber"],"relics":["theMarked:ArtifactOfAir","WingedGreaves","reliquary:QuartzCube","Mercury Hourglass","Golden Idol","Black Star","theMarked:DemonDagger","Lantern","MawBank","ruina:Goodbye","Nunchaku","reliquary:Boomerang","reliquary:PurpleTingedLeaf"],"acts_visited":["Exordium","Exordium"],"potions_floor_usage":[6,16,16,29,30,30],"damage_taken":[{"damage":1,"enemies":"Jaw Worm","floor":1,"turns":4},{"damage":1,"enemies":"Cultist","floor":2,"turns":3},{"damage":2,"enemies":"2 Louse","floor":4,"turns":3},{"damage":34,"enemies":"3 Sentries","floor":6,"turns":10},{"damage":4,"enemies":"2 Fungi Beasts","floor":14,"turns":2},{"damage":29,"enemies":"The Guardian","floor":16,"turns":7},{"damage":28,"enemies":"ruina:BadWolf","floor":18,"turns":6},{"damage":25,"enemies":"ruina:3_Bats","floor":20,"turns":7},{"damage":3,"enemies":"ruina:KingOfGreed","floor":22,"turns":4},{"damage":30,"enemies":"ruina:ServantOfWrath","floor":23,"turns":5},{"damage":19,"enemies":"ruina:QueenOfHate","floor":28,"turns":3},{"damage":0,"enemies":"ruina:3_Scarecrows","floor":29,"turns":4},{"damage":6,"enemies":"ruina:Mountain","floor":30,"turns":6},{"damage":52,"enemies":"ruina:Red_and_Wolf","floor":33,"turns":5}],"seed_played":"-580261366776451816","potions_obtained":[{"floor":1,"key":"Dexterity Potion"},{"floor":3,"key":"PowerPotion"},{"floor":3,"key":"PowerPotion"},{"floor":3,"key":"FairyPotion"},{"floor":6,"key":"Dexterity Potion"},{"floor":14,"key":"PowerPotion"},{"floor":22,"key":"Explosive Potion"},{"floor":28,"key":"GamblersBrew"},{"floor":29,"key":"LiquidMemories"}],"is_trial":false,"path_per_floor":["M","M","?","M","T","E","R","R","T","?","R","?","R","M","R","B",null,"M","?","M","$","M","E","R","?","T","R","M","M","E","?","R","B"],"character_chosen":"THE_DEFAULT","items_purchased":["theMarked:DemonDagger","theMarked:BindingBlade"],"campfire_rested":7,"item_purchase_floors":[21,21],"current_hp_per_floor":[48,47,47,45,45,11,32,53,53,39,60,43,43,39,60,31,70,42,42,17,17,14,7,28,28,28,49,30,30,24,24,43,0,0],"gold":281,"neow_bonus":"ONE_RARE_RELIC","is_daily":false,"chose_seed":false,"campfire_upgraded":1,"win_rate":0.0,"timestamp":1613765983,"path_taken":["M","M","?","?","?","E","R","R","T","?","R","?","R","M","R","BOSS","M","?","M","$","M","E","R","?","T","R","M","M","E","?","R","BOSS"],"items_purchased_type":["Relic","Card"],"build_version":"2020-12-22","purchased_purges":1,"victory":false,"max_hp_per_floor":[70,70,70,70,70,70,70,70,70,70,70,70,70,70,70,70,70,70,70,70,70,70,70,70,70,70,70,70,70,70,65,65,65,65],"card_choices":[{"not_picked":["theMarked:Static","theMarked:ChainLightning"],"picked":"theMarked:EmpowerWeapon","floor":1},{"not_picked":["theMarked:Aftermath","theMarked:CreepingChasm"],"picked":"theMarked:EmpowerWeapon","floor":2},{"not_picked":["theMarked:Electrify","theMarked:ChainLightning"],"picked":"theMarked:ElectricStrings","floor":4},{"not_picked":["theMarked:ChainLightning","theMarked:Aftermath"],"picked":"theMarked:Abjuration","floor":6},{"not_picked":["theMarked:TunnelVision","theMarked:Improvise","theMarked:GodGivenPower"],"picked":"SKIP","floor":14},{"not_picked":["theMarked:ThrowWeapon","theMarked:FavorableWinds"],"picked":"theMarked:Vacuum","floor":16},{"not_picked":["theMarked:ChainLightning+1","theMarked:LightningStrikesTwice","theMarked:EmpowerWeapon"],"picked":"SKIP","floor":18},{"not_picked":["theMarked:EmpowerWeapon","theMarked:RogueSparks"],"picked":"theMarked:Improvise","floor":20},{"not_picked":["theMarked:LightningStrikesTwice","theMarked:Improvise","theMarked:MuscleMemory"],"picked":"SKIP","floor":22},{"not_picked":["theMarked:ContemptForTheProud+1","theMarked:TakeCover","theMarked:Electrocute"],"picked":"SKIP","floor":23},{"not_picked":["theMarked:WastefulAttack","theMarked:Aftermath","theMarked:SwordAndMagic"],"picked":"SKIP","floor":28},{"not_picked":["theMarked:Pokerface","theMarked:Opportunist+1"],"picked":"theMarked:BiggerThanFate","floor":29},{"not_picked":["theMarked:Improvise","theMarked:WastefulAttack","theMarked:ChainLightning"],"picked":"SKIP","floor":30},{"not_picked":["theMarked:Improvise","theMarked:WastefulAttack","theMarked:ChainLightning"],"picked":"SKIP","floor":30},{"not_picked":["ruina:SwordSharpened","ruina:BlindRage"],"picked":"ruina:Lumber","floor":31}],"player_experience":278608,"relics_obtained":[{"floor":5,"key":"reliquary:QuartzCube"},{"floor":6,"key":"Mercury Hourglass"},{"floor":23,"key":"Lantern"},{"floor":23,"key":"MawBank"},{"floor":26,"key":"Nunchaku"},{"floor":30,"key":"reliquary:Boomerang"},{"floor":30,"key":"reliquary:PurpleTingedLeaf"}],"event_choices":[{"damage_healed":0,"gold_gain":0,"player_choice":"Got Potions","damage_taken":0,"max_hp_gain":0,"max_hp_loss":0,"event_name":"Lab","floor":3,"gold_loss":0},{"damage_healed":0,"gold_gain":0,"player_choice":"Entered Light","damage_taken":14,"max_hp_gain":0,"max_hp_loss":0,"event_name":"Shining Light","floor":10,"gold_loss":0,"cards_upgraded":["theMarked:SoldierOfQuellstein","theMarked:Defend"]},{"damage_healed":0,"gold_gain":0,"player_choice":"Take Damage","damage_taken":17,"relics_obtained":["Golden Idol"],"max_hp_gain":0,"max_hp_loss":0,"event_name":"Golden Idol","floor":12,"gold_loss":0}],"is_beta":false,"boss_relics":[{"not_picked":["Empty Cage","theMarked:Eyepatch"],"picked":"Black Star"}],"items_purged_floors":[21],"is_endless":false,"potions_floor_spawned":[1,6,14,22,28,29],"killed_by":"ruina:Red_and_Wolf","ascension_level":0}}