{"host":"as9fo7ctujj2pdsp","time":1613713048,"event":{"mods":["BaseMod","Downfall","Gremlin Mod","Marisa（霧雨　魔理沙）","Minty Spire (QoL Compilation)","StSLib","The Cursed","The Judge","The Senshi","The Servant 0.9.4"],"gold_per_floor":[99,116,130,130,141,158,239,689,714,730,730,757,768,768,787,887,887,887,887,901,921,933,933,933,964,964,978,494,520,537,551,569,569,569,569],"floor_reached":33,"language":"ENG","playtime":4983,"items_purged":["Doubt"],"score":353,"play_id":"628e32b6-52c6-4d58-8d87-850fc33d2b77","local_time":"20210219183728","is_ascension_mode":false,"campfire_choices":[{"data":"champ:Taunt","floor":1.0,"key":"SMITH"},{"data":"champ:StrikeOfGenius","floor":11.0,"key":"SMITH"},{"data":"champ:DancingMaster","floor":18.0,"key":"SMITH"},{"data":"champ:StanceDance","floor":26.0,"key":"SMITH"}],"circlet_count":0,"master_deck":["champ:Strike","champ:Strike","champ:Strike","champ:Defend","champ:Defend","champ:Defend","champ:Defend","champ:Execute","champ:Taunt+1","champ:Shatter","champ:StanceDance+1","champ:EnGarde","champ:StrikeOfGenius+1","downfall:Icky","downfall:Icky","downfall:Icky","champ:StanceDance","champ:DefensiveShout","champ:Backstep","champ:FalseCounter","champ:PreciseThrust","champ:DancingMaster+1","champ:Circumvent+1","champ:BringItOn","champ:AdrenalArmor","champ:FaceSlap","champ:FocusedBerserking","champ:GutPunch","champ:LastStand"],"relics":["champ:ChampionCrown","Bottled Lightning","Art of War","StrikeDummy","champ:LiftRelic","Cursed Key","Mercury Hourglass","Bag of Marbles","Gambling Chip","Bronze Scales"],"acts_visited":["Exordium","TheCity"],"potions_floor_usage":[33,33],"damage_taken":[{"damage":18.0,"enemies":"2 Louse","floor":2.0,"turns":3.0},{"damage":10.0,"enemies":"Small Slimes","floor":3.0,"turns":3.0},{"damage":13.0,"enemies":"Jaw Worm","floor":5.0,"turns":4.0},{"damage":17.0,"enemies":"Blue Slaver","floor":6.0,"turns":4.0},{"damage":20.0,"enemies":"Lagavulin","floor":9.0,"turns":7.0},{"damage":0.0,"enemies":"Red Slaver","floor":10.0,"turns":2.0},{"damage":23.0,"enemies":"Gremlin Nob","floor":12.0,"turns":4.0},{"damage":12.0,"enemies":"2 Fungi Beasts","floor":13.0,"turns":3.0},{"damage":0.0,"enemies":"Lots of Slimes","floor":15.0,"turns":1.0},{"damage":25.0,"enemies":"IC_STATUS_ARCHETYPE","floor":16.0,"turns":8.0},{"damage":13.0,"enemies":"Chosen","floor":20.0,"turns":4.0},{"damage":17.0,"enemies":"3 Byrds","floor":21.0,"turns":5.0},{"damage":30.0,"enemies":"Snake Plant","floor":22.0,"turns":5.0},{"damage":62.0,"enemies":"Book of Stabbing","floor":25.0,"turns":6.0},{"damage":31.0,"enemies":"Centurion and Healer","floor":27.0,"turns":8.0},{"damage":36.0,"enemies":"downfall:FleeingMerchant","floor":28.0,"turns":4.0},{"damage":49.0,"enemies":"Gremlin Leader","floor":29.0,"turns":8.0},{"damage":20.0,"enemies":"Snecko","floor":30.0,"turns":4.0},{"damage":5.0,"enemies":"Chosen and Byrds","floor":31.0,"turns":3.0},{"damage":17.0,"enemies":"Centurion and Healer","floor":32.0,"turns":3.0},{"damage":20,"enemies":"DF_ARCHETYPE_CLAW","floor":33,"turns":3}],"seed_played":"9184442114173357535","potions_obtained":[{"floor":10.0,"key":"Fire Potion"},{"floor":12.0,"key":"Block Potion"},{"floor":15.0,"key":"champ:TechniquePotion"},{"floor":23.0,"key":"champ:UltimateStancePotion"}],"is_trial":false,"path_per_floor":["R","M","M","?","M","M","T","?","E","M","R","E","M","?","M","B",null,"R","?","M","M","M","?","T","E","R","M","$","E","M","M","M","B"],"character_chosen":"THE_CHAMP","items_purchased":["champ:FocusedBerserking","champ:GutPunch","Gambling Chip"],"campfire_rested":0,"item_purchase_floors":[28,28,28],"current_hp_per_floor":[99,96,96,96,93,91,91,91,91,91,91,83,71,71,71,66,99,99,99,96,89,74,74,74,32,32,27,25,25,20,20,18,0,0,0],"gold":569,"neow_bonus":"TEN_PERCENT_HP_BONUS","is_daily":false,"chose_seed":false,"campfire_upgraded":4,"win_rate":0.0,"timestamp":1613713048,"path_taken":["R","M","M","?","M","M","T","?","E","M","R","E","M","?","M","BOSS","R","?","M","M","M","?","T","E","R","M","$","E","M","M","M","BOSS"],"items_purchased_type":["Card","Card","Relic"],"build_version":"2020-12-22","purchased_purges":1,"victory":false,"max_hp_per_floor":[99,99,99,99,99,99,99,99,99,99,99,99,99,99,99,99,99,99,99,99,99,99,99,99,99,99,99,99,99,99,99,99,99,99,99],"card_choices":[{"not_picked":["champ:Backstep","champ:FalseCounter"],"picked":"champ:Shatter","floor":2.0},{"not_picked":["champ:BerserkersShout","champ:BringItOn"],"picked":"champ:StanceDance","floor":3.0},{"not_picked":["champ:CalledShot","champ:CrownThrow"],"picked":"champ:EnGarde","floor":5.0},{"not_picked":["champ:Backstep","champ:FalseCounter"],"picked":"champ:StrikeOfGenius","floor":6.0},{"not_picked":["champ:CrookedStrike","champ:GutPunch"],"picked":"champ:StanceDance","floor":9.0},{"not_picked":["champ:CalledShot","champ:HeartStrike"],"picked":"champ:DefensiveShout","floor":10.0},{"not_picked":["champ:CalledShot","champ:EnGarde"],"picked":"champ:Backstep","floor":12.0},{"not_picked":["champ:BringItOn","champ:FanOfKnives"],"picked":"champ:FalseCounter","floor":13.0},{"not_picked":["champ:Shatter","champ:PerfectedStrike"],"picked":"champ:PreciseThrust","floor":15.0},{"not_picked":["champ:CheapShot","champ:SteelEdge"],"picked":"champ:DancingMaster","floor":16.0},{"not_picked":["champ:StanceDance","champ:DefensiveShout"],"picked":"champ:Circumvent+1","floor":20.0},{"not_picked":["champ:BladeFlurry","champ:EnGarde+1"],"picked":"champ:BringItOn","floor":21.0},{"not_picked":["champ:PerfectedStrike","champ:Backstep","champ:CalledShot"],"picked":"SKIP","floor":22.0},{"not_picked":["champ:MurderStrike","champ:CrookedStrike"],"picked":"champ:AdrenalArmor","floor":25.0},{"not_picked":["champ:SkillfulDodge","champ:Haymaker"],"picked":"champ:FaceSlap","floor":27.0},{"not_picked":["champ:BladeFlurry","champ:Haymaker","champ:TornadoPunch"],"picked":"SKIP","floor":28.0},{"not_picked":["champ:BringItOn","champ:CrownThrow+1"],"picked":"champ:LastStand","floor":29.0},{"not_picked":["champ:FlashCut+1","champ:CrookedStrike","champ:PreciseThrust"],"picked":"SKIP","floor":30.0},{"not_picked":["champ:Parry+1","champ:SteelEdge","champ:PreciseThrust"],"picked":"SKIP","floor":31.0},{"not_picked":["champ:Backstep","champ:PreciseThrust","champ:SetATrap"],"picked":"SKIP","floor":32.0}],"player_experience":220873,"relics_obtained":[{"floor":7.0,"key":"Bottled Lightning"},{"floor":9.0,"key":"Art of War"},{"floor":12.0,"key":"StrikeDummy"},{"floor":24.0,"key":"Mercury Hourglass"},{"floor":25.0,"key":"Bag of Marbles"},{"floor":29.0,"key":"Bronze Scales"}],"event_choices":[{"cards_removed":["champ:Strike"],"damage_healed":0.0,"max_hp_gain":0.0,"max_hp_loss":0.0,"gold_gain":0.0,"event_name":"The Cleric","player_choice":"Card Removal","floor":4.0,"gold_loss":0.0,"damage_taken":0.0},{"damage_healed":0.0,"max_hp_gain":0.0,"max_hp_loss":0.0,"gold_gain":0.0,"event_name":"Ghosts","player_choice":"Ignored","floor":19.0,"gold_loss":0.0,"damage_taken":0.0},{"damage_healed":0.0,"max_hp_gain":0.0,"max_hp_loss":0.0,"gold_gain":0.0,"event_name":"Lab","player_choice":"Got Potions","floor":23.0,"gold_loss":0.0,"damage_taken":0.0}],"is_beta":false,"boss_relics":[{"not_picked":["Runic Dome","Busted Crown"],"picked":"Cursed Key"}],"items_purged_floors":[28],"is_endless":false,"potions_floor_spawned":[10,12,15,20,21,22,27,32],"killed_by":"DF_ARCHETYPE_CLAW","ascension_level":0}}