{"host":"p7dn4l5818biq9as","time":1613753553,"event":{"mods":["2.2 Compatiblity","ATMod(°¢èªMod)","Act Like it!","Arknights","BaseMod","Better Third Choice","Custom Start","Gensokyo","KinomotoSakuraMod(Ä¾Ö®±¾Ó£)","Minty Spire (QoL Compilation)","Quick Restart","Rare Cards Sparkle","Spicy Shops","StSLib","The Mystic","The Senshi"],"gold_per_floor":[112,132,132,150,167,167,167],"floor_reached":6,"language":"ZHS","playtime":320,"items_purged":[],"score":38,"play_id":"7443b17f-21c1-4847-9410-62b49cdd7127","local_time":"20210220005233","is_ascension_mode":false,"campfire_choices":[],"circlet_count":0,"master_deck":["theSenshi:SailorKick","theSenshi:SailorKick","theSenshi:SailorKick","theSenshi:SailorKick","theSenshi:SailorBlock","theSenshi:SailorBlock","theSenshi:SailorBlock","theSenshi:SailorBlock","theSenshi:RoseThrow","theSenshi:MoonPrismPowerMakeUp","theSenshi:MoonKick","theSenshi:MoonCrisisMakeUp","theSenshi:SailorCosmosAssists","theSenshi:HesSoDreamy","theSenshi:MoonCosmicPowerMakeUp"],"relics":["theSenshi:TransformationBroochRelic","AT_ATBox","NeowsBlessing"],"acts_visited":["Exordium"],"potions_floor_usage":[],"damage_taken":[{"damage":0.0,"enemies":"Jaw Worm","floor":1.0,"turns":1.0},{"damage":0.0,"enemies":"Cultist","floor":2.0,"turns":1.0},{"damage":0.0,"enemies":"Small Slimes","floor":4.0,"turns":1.0},{"damage":26.0,"enemies":"Exordium Thugs","floor":5.0,"turns":6.0},{"damage":0,"enemies":"Lagavulin","floor":6,"turns":1}],"seed_played":"7042022359268462650","potions_obtained":[{"floor":2.0,"key":"Explosive Potion"},{"floor":4.0,"key":"SkillPotion"}],"is_trial":false,"path_per_floor":["M","M","?","M","M","E"],"character_chosen":"THE_SENSHI","items_purchased":[],"campfire_rested":0,"item_purchase_floors":[],"current_hp_per_floor":[75,75,75,75,49,49,49],"gold":167,"neow_bonus":"THREE_ENEMY_KILL","is_daily":false,"chose_seed":false,"campfire_upgraded":0,"win_rate":0.0,"timestamp":1613753553,"path_taken":["M","M","?","M","M","E"],"items_purchased_type":[],"build_version":"2020-12-22","purchased_purges":0,"victory":false,"max_hp_per_floor":[75,75,75,75,75,75,75],"card_choices":[{"not_picked":["theSenshi:MoonPrincessHalation","theSenshi:MoonPunch"],"picked":"theSenshi:MoonKick","floor":1.0},{"not_picked":["theSenshi:TallSilhouette","theSenshi:CrisisMakeUp"],"picked":"theSenshi:MoonCrisisMakeUp","floor":2.0},{"not_picked":["theSenshi:MoonPunch","theSenshi:CrisisMakeUp"],"picked":"theSenshi:HesSoDreamy","floor":4.0},{"not_picked":["theSenshi:SailorMarsAssists","theSenshi:MoonPunch"],"picked":"theSenshi:MoonCosmicPowerMakeUp","floor":5.0}],"player_experience":90863,"relics_obtained":[],"event_choices":[{"damage_healed":0.0,"max_hp_gain":0.0,"max_hp_loss":0.0,"gold_gain":0.0,"event_name":"Match and Keep!","player_choice":"1 cards matched","floor":3.0,"gold_loss":0.0,"damage_taken":0.0,"cards_obtained":["theSenshi:SailorCosmosAssists"]},{"damage_healed":0.0,"max_hp_gain":0.0,"max_hp_loss":0.0,"gold_gain":0.0,"event_name":"Match and Keep!","player_choice":"1 cards matched","floor":3.0,"gold_loss":0.0,"damage_taken":0.0,"cards_obtained":["theSenshi:SailorCosmosAssists"]}],"is_beta":false,"boss_relics":[],"items_purged_floors":[],"is_endless":false,"potions_floor_spawned":[2,4],"killed_by":"Lagavulin","ascension_level":0}}