{"host":"6bsan6hkua32tfq7","time":1613745641,"event":{"mods":["BaseMod","Better Third Choice","Colored Map","Highlight Path","Minty Spire (QoL Compilation)","StSLib"],"gold_per_floor":[117,63,63,79,98,98,130,144,144,162,191,191,216,232,232,232,232],"floor_reached":16,"language":"ENG","playtime":456,"items_purged":[],"score":244,"play_id":"86f4f466-c09e-4284-875f-bd62c9b7af33","local_time":"20210219154041","is_ascension_mode":true,"campfire_choices":[{"data":"Uppercut","floor":6.0,"key":"SMITH"},{"data":"Disarm","floor":15,"key":"SMITH"}],"circlet_count":0,"master_deck":["AscendersBane","Strike_R","Strike_R","Strike_R","Strike_R","Strike_R+1","Defend_R","Defend_R","Defend_R","Defend_R","Bash","Decay","Headbutt","Uppercut+1","Disarm+1","Battle Trance+1","Shockwave"],"relics":["Burning Blood","NeowsBlessing","betterThird:SlimedRelic","PreservedInsect","HornCleat","Gambling Chip","Omamori"],"acts_visited":["Exordium"],"potions_floor_usage":[16],"damage_taken":[{"damage":0.0,"enemies":"Jaw Worm","floor":1.0,"turns":1.0},{"damage":0.0,"enemies":"2 Louse","floor":4.0,"turns":1.0},{"damage":0.0,"enemies":"Cultist","floor":5.0,"turns":1.0},{"damage":39.0,"enemies":"Gremlin Nob","floor":7.0,"turns":5.0},{"damage":11.0,"enemies":"Looter","floor":8.0,"turns":3.0},{"damage":1.0,"enemies":"2 Fungi Beasts","floor":10.0,"turns":3.0},{"damage":18.0,"enemies":"Lagavulin","floor":11.0,"turns":7.0},{"damage":30.0,"enemies":"3 Sentries","floor":13.0,"turns":8.0},{"damage":3.0,"enemies":"Blue Slaver","floor":14.0,"turns":4.0},{"damage":25,"enemies":"Hexaghost","floor":16,"turns":11}],"seed_played":"172072728531958705","potions_obtained":[{"floor":4.0,"key":"Dexterity Potion"},{"floor":5.0,"key":"FairyPotion"},{"floor":7.0,"key":"Explosive Potion"},{"floor":11.0,"key":"Fruit Juice"},{"floor":14,"key":"LiquidBronze"}],"is_trial":false,"path_per_floor":["M","?","?","M","M","R","E","M","T","M","E","?","E","M","R","B"],"character_chosen":"IRONCLAD","items_purchased":[],"campfire_rested":0,"item_purchase_floors":[],"current_hp_per_floor":[74,63,63,69,75,75,42,37,37,42,35,11,20,23,23,0,0],"gold":232,"neow_bonus":"THREE_ENEMY_KILL","is_daily":false,"chose_seed":false,"campfire_upgraded":2,"win_rate":0.0,"timestamp":1613745641,"path_taken":["M","?","?","M","?","R","E","M","T","M","E","?","E","M","R","BOSS"],"items_purchased_type":[],"build_version":"2020-12-22","purchased_purges":0,"victory":false,"max_hp_per_floor":[75,75,75,75,75,75,75,75,75,75,80,80,80,80,80,80,80],"card_choices":[{"not_picked":["Armaments","Body Slam","Dropkick"],"picked":"SKIP","floor":1.0},{"not_picked":["Second Wind","Spot Weakness"],"picked":"Headbutt","floor":4.0},{"not_picked":["Anger","Havoc"],"picked":"Uppercut","floor":5.0},{"not_picked":["Flex","Dark Embrace","Body Slam"],"picked":"SKIP","floor":7.0},{"not_picked":["Dual Wield","Heavy Blade","Thunderclap"],"picked":"SKIP","floor":8.0},{"not_picked":["Fire Breathing","Feel No Pain"],"picked":"Disarm","floor":10.0},{"not_picked":["Iron Wave","Impervious"],"picked":"Battle Trance","floor":11.0},{"not_picked":["Clothesline","Thunderclap","Dual Wield"],"picked":"SKIP","floor":13.0},{"not_picked":["Whirlwind","Thunderclap"],"picked":"Shockwave","floor":14}],"player_experience":5444426,"relics_obtained":[{"floor":7.0,"key":"PreservedInsect"},{"floor":9.0,"key":"HornCleat"},{"floor":11.0,"key":"Gambling Chip"},{"floor":13.0,"key":"Omamori"}],"event_choices":[{"damage_healed":0.0,"max_hp_gain":0.0,"max_hp_loss":0.0,"gold_gain":0.0,"event_name":"betterThird:BetterGoop","player_choice":"Slimed","floor":2.0,"gold_loss":54.0,"damage_taken":11.0},{"damage_healed":0.0,"max_hp_gain":0.0,"max_hp_loss":0.0,"gold_gain":0.0,"event_name":"Wheel of Change","player_choice":"Cursed","floor":3.0,"gold_loss":0.0,"damage_taken":0.0,"cards_obtained":["Decay"]},{"damage_healed":35.0,"max_hp_gain":0.0,"max_hp_loss":80.0,"gold_gain":0.0,"event_name":"betterThird:BetterShining","player_choice":"Upgrade","floor":12.0,"gold_loss":0.0,"damage_taken":24.0,"cards_upgraded":["Strike_R","Battle Trance"]}],"is_beta":false,"boss_relics":[],"items_purged_floors":[],"is_endless":false,"potions_floor_spawned":[4,5,7,11,14],"killed_by":"Hexaghost","ascension_level":20}}