{"host":"p7cjtxxrilhp4dw7","time":1613720843,"event":{"mods":["BaseMod","Block Reminder","Colored Map","Curses Come First","Downfall","Highlight Path","Minty Spire (QoL Compilation)","StSLib"],"gold_per_floor":[99,110,210,227,238,238,238,250,150,167,181,181,181,191,204,300,300,300,312,323,151,169,195,195,95,106,106,138,183,195,207,232,342,354,366,391,415,437,244,260,283,283,298,198,211,211,12,45,63,63,63,96,46,46,46,46,46,46],"floor_reached":56,"language":"ENG","playtime":8666,"items_purged":["Guardian:Strike_Guardian"],"score":846,"play_id":"b677f1ff-a934-4af7-ad7a-74b74415d8d7","local_time":"20210219004723","is_ascension_mode":true,"campfire_choices":[{"data":"Guardian:TwinSlam","floor":1,"key":"SMITH"},{"floor":6,"key":"RECALL"},{"data":"Guardian:DonusPower","floor":9,"key":"SMITH"},{"floor":12,"key":"REST"},{"data":"Guardian:RefractedBeam","floor":18,"key":"SMITH"},{"floor":25,"key":"REST"},{"floor":30,"key":"REST"},{"data":"Guardian:DecasProtection","floor":35,"key":"SMITH"},{"floor":44,"key":"REST"},{"floor":46,"key":"REST"},{"floor":54,"key":"REST"}],"circlet_count":0,"master_deck":["Guardian:Strike_Guardian","Guardian:Defend_Guardian","Guardian:Defend_Guardian","Guardian:Defend_Guardian","Guardian:Defend_Guardian","Guardian:CurlUp","Guardian:TwinSlam+1","Guardian:PrimingBeam","Guardian:DonusPower+1","Guardian:RefractedBeam+1","Guardian:RollAttack+1","Guardian:FloatingOrbs+1","Guardian:DecasProtection+1","Guardian:GuardianWhirl","Guardian:ShieldSpikes","CurseOfTheBell","Guardian:BodySlam","Guardian:RollAttack+1","Guardian:VentSteam","Guardian:RevengeProtocol","Discovery+1","expansioncontent:QuickStudy+1","Guardian:PiercingHide+1","Guardian:EvasiveProtocol","Guardian:ConstructionForm"],"relics":["Guardian:ModeShifter","Art of War","downfall:HeartBlessingRed","Guardian:StasisSlotReductionRelic","Bronze Scales","Singing Bowl","HornCleat","downfall:HeartBlessingGreen","MawBank","CaptainsWheel","Incense Burner","Calling Bell","Smiling Mask","Meat on the Bone","Pocketwatch","Omamori","WarpedTongs","downfall:HeartBlessingBlue","Toxic Egg 2","Lizard Tail","Mercury Hourglass"],"acts_visited":["Exordium","TheCity","TheBeyond","TheEnding"],"potions_floor_usage":[16,20,20,20,23,23,29,33,38,50,50,50,56],"damage_taken":[{"damage":2,"enemies":"Small Slimes","floor":2,"turns":3},{"damage":0,"enemies":"2 Louse","floor":4,"turns":2},{"damage":0,"enemies":"Cultist","floor":5,"turns":3},{"damage":9,"enemies":"Red Slaver","floor":8,"turns":3},{"damage":7,"enemies":"Exordium Wildlife","floor":10,"turns":2},{"damage":20,"enemies":"Gremlin Gang","floor":11,"turns":4},{"damage":4,"enemies":"Blue Slaver","floor":14,"turns":3},{"damage":6,"enemies":"Exordium Thugs","floor":15,"turns":4},{"damage":35,"enemies":"DF_ARCHETYPE_STREAMLINE","floor":16,"turns":8},{"damage":10,"enemies":"Shell Parasite","floor":19,"turns":4},{"damage":0,"enemies":"downfall:LooterAlt2","floor":20,"turns":3},{"damage":5,"enemies":"downfall:FleeingMerchant","floor":21,"turns":4},{"damage":0,"enemies":"Cultist and Chosen","floor":22,"turns":5},{"damage":21,"enemies":"Gremlin Leader","floor":23,"turns":5},{"damage":0,"enemies":"3 Cultists","floor":26,"turns":4},{"damage":4,"enemies":"Shelled Parasite and Fungi","floor":28,"turns":4},{"damage":18,"enemies":"Book of Stabbing","floor":29,"turns":4},{"damage":5,"enemies":"Cultist and Chosen","floor":32,"turns":5},{"damage":3,"enemies":"IC_MUSHROOM_ARCHETYPE","floor":33,"turns":7},{"damage":24,"enemies":"3 Darklings","floor":36,"turns":5},{"damage":1,"enemies":"Orb Walker","floor":37,"turns":3},{"damage":11,"enemies":"3 Darklings","floor":38,"turns":4},{"damage":0,"enemies":"downfall:FleeingMerchant","floor":39,"turns":4},{"damage":0,"enemies":"Jaw Worm Horde","floor":40,"turns":3},{"damage":6,"enemies":"Transient","floor":43,"turns":5},{"damage":9,"enemies":"4 Shapes","floor":45,"turns":4},{"damage":0,"enemies":"downfall:FleeingMerchant","floor":47,"turns":2},{"damage":36,"enemies":"Giant Head","floor":48,"turns":6},{"damage":15,"enemies":"3 Darklings","floor":49,"turns":3},{"damage":21,"enemies":"WA_ARCHETYPE_DIVINITY","floor":50,"turns":8},{"damage":185,"enemies":"downfall:CharBossMerchant","floor":52,"turns":13},{"damage":0,"enemies":"downfall:NeowBoss","floor":55,"turns":15},{"damage":81,"enemies":"downfall:NeowBossFinal","floor":56,"turns":14}],"seed_played":"532438117891034183","potions_obtained":[{"floor":5,"key":"sneckomod:MuddlingPotion"},{"floor":11,"key":"CultistPotion"},{"floor":16,"key":"EntropicBrew"},{"floor":19,"key":"Weak Potion"},{"floor":22,"key":"SpeedPotion"},{"floor":23,"key":"CultistPotion"},{"floor":29,"key":"Dexterity Potion"},{"floor":33,"key":"Strength Potion"},{"floor":36,"key":"Slimebound:ThreeZeroPotion"},{"floor":40,"key":"Strength Potion"},{"floor":52,"key":"DistilledChaos"}],"is_trial":false,"path_per_floor":["R","M","?","M","M","R","T","M","R","M","M","R","?","M","M","B",null,"R","M","M","$","M","E","T","R","M","T","M","E","R","T","M","B",null,"R","M","M","M","$","M","T","?","M","R","M","R","$","E","M","B",null,"E","$","R","B","B"],"character_chosen":"GUARDIAN","items_purchased":["Bronze Scales","Omamori","Guardian:VentSteam","Toxic Egg 2","Discovery+1","expansioncontent:QuickStudy+1"],"campfire_rested":6,"item_purchase_floors":[21,39,39,47,47,47],"current_hp_per_floor":[80,78,78,78,78,78,78,69,69,62,42,66,66,62,56,21,80,80,70,70,65,65,46,46,70,70,70,68,50,75,75,70,69,86,86,62,61,50,52,54,54,54,48,88,79,100,102,66,63,54,102,23,23,53,53,0,0,0],"gold":46,"neow_bonus":"REMOVE_CARD","is_daily":false,"chose_seed":false,"campfire_upgraded":4,"win_rate":0.0,"timestamp":1613720843,"path_taken":["R","M","?","M","M","R","T","M","R","M","M","R","?","M","M","BOSS","R","M","M","$","M","E","T","R","?","?","M","E","R","?","M","BOSS","R","M","?","M","$","M","T","?","?","R","M","R","$","E","M","BOSS","E","$","R","BOSS","BOSS"],"items_purchased_type":["Relic","Relic","Card","Relic","Card","Card"],"build_version":"2020-12-22","purchased_purges":1,"victory":false,"max_hp_per_floor":[80,80,80,80,80,80,80,80,80,80,80,80,80,80,80,80,80,80,80,80,80,80,82,82,82,82,82,84,84,84,84,84,86,86,86,86,86,86,88,90,90,90,90,100,100,100,102,102,102,102,102,102,102,102,102,102,102,102],"card_choices":[{"not_picked":["Guardian:Gem_Red","Guardian:TemporalStrike"],"picked":"Guardian:Gem_Crimson","floor":2},{"not_picked":["Guardian:Planning","Guardian:ChargeCore"],"picked":"Guardian:PrimingBeam","floor":4},{"not_picked":["Guardian:Gem_Cyan","Guardian:VentSteam","Guardian:Repulse"],"picked":"SKIP","floor":5},{"not_picked":["Guardian:TemporalStrike","Guardian:WalkerClaw"],"picked":"Guardian:DonusPower","floor":8},{"not_picked":["Guardian:ShieldCharger","Guardian:Harden","Guardian:ChargeCore"],"picked":"SKIP","floor":10},{"not_picked":["Guardian:PolyBeam","Guardian:Reroute"],"picked":"Guardian:Gem_Blue","floor":11},{"not_picked":["Guardian:ExploitGems","Guardian:Planning","Guardian:Gem_Cyan"],"picked":"SKIP","floor":14},{"not_picked":["Guardian:Gem_Yellow","Guardian:Emergency"],"picked":"Guardian:RefractedBeam","floor":15},{"not_picked":["Guardian:GemFinder","Guardian:StasisEngine"],"picked":"Guardian:Gem_Synthetic","floor":16},{"not_picked":["Guardian:Recover","Guardian:Planning"],"picked":"Guardian:RollAttack+1","floor":19},{"not_picked":["Guardian:SentryBeam","Guardian:PrimingBeam"],"picked":"Guardian:FloatingOrbs+1","floor":20},{"not_picked":["Guardian:Reroute","Guardian:Harden"],"picked":"Guardian:Gem_Green","floor":21},{"not_picked":["Guardian:WalkerClaw","Guardian:Gem_Yellow","Guardian:Recover+1"],"picked":"SKIP","floor":22},{"not_picked":["Guardian:StasisField","Guardian:Gem_Cyan","Guardian:RollAttack"],"picked":"Singing Bowl","floor":23},{"not_picked":["Guardian:Gem_Cyan","Guardian:ChargeCore"],"picked":"Guardian:DecasProtection","floor":26},{"not_picked":["Guardian:Harden","Guardian:ChargeUp","Guardian:PrimingBeam"],"picked":"Singing Bowl","floor":28},{"not_picked":["Guardian:BronzeArmor+1","Guardian:DonusPower"],"picked":"Guardian:GuardianWhirl","floor":29},{"not_picked":["Guardian:BronzeArmor","Guardian:Gem_Lightblue"],"picked":"Guardian:ShieldSpikes","floor":32},{"not_picked":["Guardian:StasisField","Guardian:FierceBash","Guardian:GatlingBeam"],"picked":"Singing Bowl","floor":33},{"not_picked":["Guardian:FuturePlans+1","Guardian:CrystalBeam"],"picked":"Guardian:BodySlam","floor":36},{"not_picked":["Guardian:Clone","Guardian:PiercingHide"],"picked":"Guardian:Gem_Red","floor":37},{"not_picked":["Guardian:TemporalStrike+1","Guardian:Gem_Cyan"],"picked":"Guardian:RollAttack+1","floor":38},{"not_picked":["Guardian:Orbwalk","Guardian:Gem_Fragmented","Guardian:MultiBeam"],"picked":"Singing Bowl","floor":39},{"not_picked":["Guardian:Gem_Green","Guardian:Gem_Red","Guardian:ChargeCore+1"],"picked":"Singing Bowl","floor":40},{"not_picked":["Guardian:VentSteam+1","Guardian:BronzeOrb+1"],"picked":"Guardian:Gem_Purple","floor":43},{"not_picked":["Guardian:FuturePlans","Guardian:VentSteam"],"picked":"Guardian:RevengeProtocol","floor":45},{"not_picked":["Guardian:Gem_Purple","Guardian:ShieldCharger+1","Guardian:TemporalStrike"],"picked":"Singing Bowl","floor":47},{"not_picked":["Guardian:FloatingOrbs","Guardian:DonusPower+1"],"picked":"Guardian:PiercingHide+1","floor":48},{"not_picked":["Guardian:Gem_Purple","Guardian:Incinerate+1"],"picked":"Guardian:EvasiveProtocol","floor":49},{"not_picked":["Guardian:ArmoredProtocol","Guardian:Gem_Blue"],"picked":"Guardian:ConstructionForm","floor":52}],"player_experience":832160,"relics_obtained":[{"floor":7,"key":"Art of War"},{"floor":23,"key":"Singing Bowl"},{"floor":24,"key":"HornCleat"},{"floor":27,"key":"MawBank"},{"floor":29,"key":"CaptainsWheel"},{"floor":31,"key":"Incense Burner"},{"floor":34,"key":"Smiling Mask"},{"floor":34,"key":"Meat on the Bone"},{"floor":34,"key":"Pocketwatch"},{"floor":48,"key":"Lizard Tail"},{"floor":52,"key":"Mercury Hourglass"}],"event_choices":[],"is_beta":false,"boss_relics":[{"not_picked":["Runic Pyramid","Coffee Dripper"],"picked":"Guardian:StasisSlotReductionRelic"},{"not_picked":["Philosopher\u0027s Stone","Tiny House"],"picked":"Calling Bell"}],"items_purged_floors":[53],"is_endless":false,"potions_floor_spawned":[5,11,16,19,22,23,29,33,36,40,43,45,48,52],"killed_by":"downfall:NeowBossFinal","ascension_level":3}}