{"host":"msmkw03x1o7nq45i","time":1613768702,"event":{"mods":["AchievementEnabler","BaseMod","Bestiary","Colored Powertips","GifTheSpireLib","Highlight Path","Minty Spire (QoL Compilation)","Random Character Button","Relic Stats","StSLib","everything is the same but u backflip on backflip"],"gold_per_floor":[209,174,249,27,43,69,69,82,82,82,7,42,42,54,54,133,133,148,148,11,25,300,300,320,349,399,414,250,250,81,109,109,109,109],"floor_reached":33,"language":"ENG","playtime":1772,"items_purged":["Strike_R"],"score":553,"play_id":"4f8b6886-e2d9-42fb-9269-1ad34a736bb1","local_time":"20210219230502","is_ascension_mode":true,"campfire_choices":[{"data":"Bash","floor":7,"key":"SMITH"},{"data":"Clothesline","floor":10,"key":"SMITH"},{"data":"Spot Weakness","floor":13,"key":"SMITH"},{"data":"Sword Boomerang","floor":15,"key":"SMITH"},{"data":"Heavy Blade","floor":23,"key":"SMITH"},{"data":"Demon Form","floor":32,"key":"SMITH"}],"circlet_count":0,"master_deck":["AscendersBane","Strike_R","Strike_R","Strike_R","Strike_R","Defend_R","Defend_R","Defend_R","Defend_R","Bash+1","Headbutt","Clothesline+1","Spot Weakness+1","Shrug It Off","Battle Trance","Ghostly Armor","Sword Boomerang+1","Feed","Heavy Blade+1","Regret","Blood for Blood","Impervious","Bludgeon","Demon Form+1"],"relics":["Burning Blood","Chemical X","Paper Frog","Kunai","Toy Ornithopter","Snecko Eye","Gambling Chip","Pen Nib","MutagenicStrength","Smiling Mask"],"acts_visited":["Exordium","TheCity"],"potions_floor_usage":[6,6,21,25,25,33],"damage_taken":[{"damage":11,"enemies":"Jaw Worm","floor":1,"turns":4},{"damage":7,"enemies":"Small Slimes","floor":5,"turns":4},{"damage":26,"enemies":"Gremlin Nob","floor":6,"turns":4},{"damage":6,"enemies":"2 Louse","floor":8,"turns":3},{"damage":30,"enemies":"Lagavulin","floor":12,"turns":6},{"damage":1,"enemies":"Red Slaver","floor":14,"turns":5},{"damage":3,"enemies":"The Guardian","floor":16,"turns":11},{"damage":6,"enemies":"Chosen","floor":18,"turns":5},{"damage":11,"enemies":"Spheric Guardian","floor":21,"turns":3},{"damage":38,"enemies":"Cultist and Chosen","floor":24,"turns":5},{"damage":4,"enemies":"Slavers","floor":25,"turns":2},{"damage":0,"enemies":"Snake Plant","floor":27,"turns":2},{"damage":25,"enemies":"Book of Stabbing","floor":31,"turns":3},{"damage":53,"enemies":"Collector","floor":33,"turns":6}],"seed_played":"-67014209625968158","potions_obtained":[{"floor":1,"key":"Block Potion"},{"floor":5,"key":"Energy Potion"},{"floor":24,"key":"AttackPotion"},{"floor":25,"key":"CultistPotion"},{"floor":27,"key":"FairyPotion"}],"is_trial":false,"path_per_floor":["M","?","?","$","M","E","R","M","T","R","$","E","R","M","R","B",null,"M","?","$","M","?","R","M","E","T","M","$","?","$","E","R","B"],"character_chosen":"IRONCLAD","items_purchased":["Chemical X","Clothesline","Explosive Potion","DuplicationPotion","Impervious","Bludgeon"],"campfire_rested":0,"item_purchase_floors":[4,4,20,20,28,30],"current_hp_per_floor":[63,75,64,64,63,43,43,43,43,43,43,19,19,24,24,27,63,63,42,42,42,42,42,13,25,25,31,31,31,31,12,12,0,0],"gold":109,"neow_bonus":"HUNDRED_GOLD","is_daily":false,"chose_seed":false,"campfire_upgraded":6,"win_rate":0.0,"timestamp":1613768702,"path_taken":["M","?","?","$","M","E","R","M","T","R","?","E","R","?","R","BOSS","M","?","?","M","?","R","?","E","T","M","$","?","$","E","R","BOSS"],"items_purchased_type":["Relic","Card","Potion","Potion","Card","Card"],"build_version":"2020-12-22","purchased_purges":1,"victory":false,"max_hp_per_floor":[75,75,75,75,75,75,75,75,75,75,75,75,75,75,75,75,75,75,80,80,80,80,80,83,83,83,83,83,83,83,83,83,83,83],"relic_stats":{"counters":[14,63],"Gambling Chip":[17],"Snecko Eye":[47,47,45,48],"Pen Nib":[2],"Chemical X":[1],"Kunai":[11],"Smiling Mask":0,"obtain_stats":[{"Gambling Chip":25,"MutagenicStrength":29,"Snecko Eye":17,"Pen Nib":26,"Chemical X":4,"Kunai":9,"Smiling Mask":31,"Burning Blood":0,"Toy Ornithopter":12,"Paper Frog":6},{"Gambling Chip":11,"MutagenicStrength":12,"Snecko Eye":7,"Pen Nib":11,"Chemical X":1,"Kunai":4,"Smiling Mask":13,"Burning Blood":0,"Toy Ornithopter":5,"Paper Frog":3},{"Gambling Chip":52,"MutagenicStrength":54,"Snecko Eye":37,"Pen Nib":52,"Chemical X":4,"Kunai":15,"Smiling Mask":57,"Burning Blood":0,"Toy Ornithopter":21,"Paper Frog":12}],"Burning Blood":78,"Toy Ornithopter":20},"card_choices":[{"not_picked":["Infernal Blade","Clash"],"picked":"Headbutt","floor":1},{"not_picked":["Havoc","Shrug It Off"],"picked":"Spot Weakness","floor":5},{"not_picked":["True Grit","Juggernaut"],"picked":"Shrug It Off","floor":6},{"not_picked":["Perfected Strike","Pommel Strike"],"picked":"Battle Trance","floor":8},{"not_picked":["Ghostly Armor","Wild Strike","Uppercut"],"picked":"SKIP","floor":12},{"not_picked":["Wild Strike","Uppercut"],"picked":"Ghostly Armor","floor":12},{"not_picked":["True Grit","Metallicize"],"picked":"Sword Boomerang","floor":14},{"not_picked":["Offering","Limit Break"],"picked":"Feed","floor":16},{"not_picked":["Warcry","Anger"],"picked":"Heavy Blade","floor":18},{"not_picked":["Dark Embrace","Cleave","Metallicize"],"picked":"SKIP","floor":21},{"not_picked":["Bloodletting","Flex","Headbutt"],"picked":"SKIP","floor":24},{"not_picked":["Flex","Perfected Strike"],"picked":"Blood for Blood","floor":25},{"not_picked":["Sword Boomerang","True Grit","Warcry"],"picked":"SKIP","floor":27},{"not_picked":["Shockwave+1","Twin Strike"],"picked":"Demon Form","floor":31}],"player_experience":558554,"relics_obtained":[{"floor":6,"key":"Paper Frog"},{"floor":9,"key":"Kunai"},{"floor":12,"key":"Toy Ornithopter"},{"floor":25,"key":"Gambling Chip"},{"floor":26,"key":"Pen Nib"},{"floor":31,"key":"Smiling Mask"}],"event_choices":[{"damage_healed":18,"gold_gain":0,"player_choice":"Healed","damage_taken":0,"max_hp_gain":0,"max_hp_loss":0,"event_name":"The Cleric","floor":2,"gold_loss":35},{"damage_healed":0,"gold_gain":75,"player_choice":"Gather Gold","damage_taken":11,"max_hp_gain":0,"max_hp_loss":0,"event_name":"World of Goop","floor":3,"gold_loss":0},{"damage_healed":0,"gold_gain":0,"player_choice":"Shed Blood","damage_taken":26,"max_hp_gain":5,"max_hp_loss":0,"event_name":"Forgotten Altar","floor":19,"gold_loss":0},{"damage_healed":0,"gold_gain":275,"player_choice":"Desecrate","damage_taken":0,"max_hp_gain":0,"max_hp_loss":0,"event_name":"Golden Shrine","floor":22,"gold_loss":0,"cards_obtained":["Regret"]},{"damage_healed":0,"gold_gain":0,"player_choice":"Inject Mutagens","damage_taken":0,"relics_obtained":["MutagenicStrength"],"max_hp_gain":0,"max_hp_loss":0,"event_name":"Drug Dealer","floor":29,"gold_loss":0}],"is_beta":false,"boss_relics":[{"not_picked":["Black Star","Runic Cube"],"picked":"Snecko Eye"}],"items_purged_floors":[11],"is_endless":false,"potions_floor_spawned":[1,5,24,25,27],"killed_by":"Collector","ascension_level":18}}