{"host":"7rmsgc3rayi00cdt","time":1613761686,"event":{"mods":["BaseMod","Minty Spire (QoL Compilation)"],"gold_per_floor":[115,169,169,181,199,225,225,250,275,275,310,326,296,310,310,412,412,425,524,541,240,240,240,266,266,266,266,266,280,36,64,64,160,160,170,186,1185,1095,479,505,17,46,46,70,18,29,29,55,64,64],"floor_reached":51,"language":"ENG","playtime":2096,"items_purged":["Normality"],"score":1229,"play_id":"062b7556-72a7-40e8-8035-cff310453010","local_time":"20210219190806","is_ascension_mode":true,"campfire_choices":[{"floor":7,"key":"REST"},{"floor":10,"key":"REST"},{"floor":15,"key":"REST"},{"floor":23,"key":"REST"},{"floor":25,"key":"REST"},{"floor":27,"key":"REST"},{"floor":32,"key":"REST"},{"floor":49,"key":"REST"}],"circlet_count":0,"master_deck":["AscendersBane","Strike_R","Strike_R","Strike_R","Strike_R","Strike_R","Defend_R+1","Defend_R","Defend_R","Defend_R","Bash+1","Dropkick","Dark Embrace","Thunderclap","Demon Form+1","Power Through","Metallicize+1","Pummel","Uppercut","Fire Breathing+1","Warcry+1","Anger","Fire Breathing+1","Dramatic Entrance","Shrug It Off","Reaper","True Grit+1","Flex+1","Pommel Strike+1","Disarm+1","Heavy Blade","Metallicize+1"],"relics":["Burning Blood","Blood Vial","Nunchaku","Frozen Egg 2","Bag of Preparation","Toy Ornithopter","Black Star","Sling","Potion Belt","PreservedInsect","Art of War","Question Card","Bronze Scales","Akabeko","Meat on the Bone","SacredBark","Shuriken","Centennial Puzzle","Dream Catcher","Vajra","Bag of Marbles","HornCleat","FossilizedHelix","CeramicFish","Torii"],"acts_visited":["Exordium","TheCity","TheBeyond"],"potions_floor_usage":[8,11,16,20,24,29,29,33,35,40,40,40,42,42,42,44,50,50],"damage_taken":[{"damage":7,"enemies":"2 Louse","floor":1,"turns":4},{"damage":7,"enemies":"Jaw Worm","floor":4,"turns":3},{"damage":1,"enemies":"Cultist","floor":5,"turns":3},{"damage":50,"enemies":"3 Sentries","floor":6,"turns":11},{"damage":36,"enemies":"Lagavulin","floor":8,"turns":6},{"damage":18,"enemies":"Gremlin Nob","floor":11,"turns":5},{"damage":17,"enemies":"Exordium Wildlife","floor":12,"turns":4},{"damage":2,"enemies":"Looter","floor":13,"turns":4},{"damage":0,"enemies":"2 Fungi Beasts","floor":14,"turns":2},{"damage":16,"enemies":"Hexaghost","floor":16,"turns":7},{"damage":44,"enemies":"Spheric Guardian","floor":18,"turns":11},{"damage":7,"enemies":"Chosen","floor":20,"turns":5},{"damage":71,"enemies":"Book of Stabbing","floor":24,"turns":6},{"damage":27,"enemies":"Centurion and Healer","floor":29,"turns":8},{"damage":20,"enemies":"Slavers","floor":31,"turns":4},{"damage":27,"enemies":"Champ","floor":33,"turns":8},{"damage":63,"enemies":"3 Darklings","floor":35,"turns":8},{"damage":34,"enemies":"Orb Walker","floor":36,"turns":5},{"damage":20,"enemies":"Nemesis","floor":40,"turns":3},{"damage":32,"enemies":"Giant Head","floor":42,"turns":7},{"damage":19,"enemies":"3 Darklings","floor":44,"turns":2},{"damage":17,"enemies":"Transient","floor":46,"turns":5},{"damage":18,"enemies":"Maw","floor":48,"turns":7},{"damage":67,"enemies":"Time Eater","floor":50,"turns":11}],"seed_played":"-4675806037534960462","potions_obtained":[{"floor":1,"key":"SpeedPotion"},{"floor":5,"key":"PowerPotion"},{"floor":8,"key":"SteroidPotion"},{"floor":11,"key":"EssenceOfSteel"},{"floor":12,"key":"SneckoOil"},{"floor":16,"key":"Energy Potion"},{"floor":18,"key":"Explosive Potion"},{"floor":20,"key":"Explosive Potion"},{"floor":24,"key":"PowerPotion"},{"floor":31,"key":"Explosive Potion"},{"floor":36,"key":"SteroidPotion"},{"floor":42,"key":"SkillPotion"},{"floor":46,"key":"ElixirPotion"},{"floor":48,"key":"Dexterity Potion"}],"is_trial":false,"path_per_floor":["M","?","?","M","M","E","R","E","T","R","E","M","M","M","R","B",null,"M","?","M","$","?","R","E","R","T","R","?","M","$","E","R","B",null,"M","M","?","?","$","E","$","E","T","M","$","M","?","M","R","B",null],"character_chosen":"IRONCLAD","items_purchased":["Sling","Potion Belt","Bronze Scales","Dramatic Entrance","Shuriken","Centennial Puzzle","Strength Potion","AttackPotion","Dexterity Potion","Block Potion","Bag of Marbles","HornCleat","Swift Potion","Block Potion"],"campfire_rested":8,"item_purchase_floors":[21,21,30,30,39,39,39,39,39,41,41,41,41,45],"current_hp_per_floor":[71,71,71,72,79,36,60,32,32,56,46,37,43,51,75,70,78,42,42,48,48,48,72,14,38,38,62,62,53,53,41,65,51,73,39,31,31,31,31,46,46,59,59,53,53,63,63,53,77,55],"gold":64,"neow_bonus":"UPGRADE_CARD","is_daily":false,"chose_seed":false,"campfire_upgraded":0,"win_rate":0.0,"timestamp":1613761686,"path_taken":["M","?","?","M","?","E","R","E","T","R","E","M","M","M","R","BOSS","M","?","M","$","?","R","E","R","T","R","?","M","$","E","R","BOSS","M","?","?","?","$","E","$","E","T","M","$","?","?","M","R","BOSS"],"items_purchased_type":["Relic","Relic","Relic","Card","Relic","Relic","Potion","Potion","Potion","Potion","Relic","Relic","Potion","Potion"],"build_version":"2020-12-22","purchased_purges":1,"victory":true,"max_hp_per_floor":[80,80,80,80,80,80,80,80,80,80,80,80,80,80,80,80,80,80,80,80,80,80,80,80,80,80,80,80,80,80,80,80,80,80,80,80,80,80,80,80,80,80,80,80,80,80,80,80,80,80],"card_choices":[{"not_picked":["Armaments","Iron Wave"],"picked":"Dropkick","floor":1},{"not_picked":["Bloodletting","Rupture"],"picked":"Dark Embrace","floor":4},{"not_picked":["Havoc","Pommel Strike"],"picked":"Thunderclap","floor":5},{"not_picked":["Clash","Flex"],"picked":"Demon Form","floor":6},{"not_picked":["Shrug It Off","Clash"],"picked":"Power Through","floor":8},{"not_picked":["Dark Embrace+1","Perfected Strike"],"picked":"Metallicize+1","floor":11},{"not_picked":["Pommel Strike","Body Slam"],"picked":"Pummel","floor":12},{"not_picked":["Perfected Strike","Searing Blow"],"picked":"Uppercut","floor":13},{"not_picked":["Warcry","Iron Wave"],"picked":"Fire Breathing+1","floor":14},{"not_picked":["Flex","Ghostly Armor"],"picked":"Warcry+1","floor":18},{"not_picked":["Warcry","Thunderclap"],"picked":"Anger","floor":20},{"not_picked":["Clothesline","Burning Pact"],"picked":"Fire Breathing+1","floor":24},{"not_picked":["Body Slam","Heavy Blade+1","Clash","Cleave+1"],"picked":"SKIP","floor":29},{"not_picked":["Searing Blow","Warcry","Spot Weakness"],"picked":"Shrug It Off","floor":31},{"not_picked":["Corruption+1","Berserk+1","Brutality+1"],"picked":"Reaper","floor":33},{"not_picked":["Warcry+1","Armaments","Clash"],"picked":"True Grit+1","floor":35},{"not_picked":["Shockwave+1","Cleave+1","Clothesline+1"],"picked":"Flex+1","floor":36},{"not_picked":["Rampage","Entrench+1","Havoc"],"picked":"Pommel Strike+1","floor":40},{"not_picked":["Warcry+1","Entrench","Searing Blow","Armaments+1"],"picked":"SKIP","floor":42},{"not_picked":["Feed","Flex","Feel No Pain+1"],"picked":"Disarm+1","floor":44},{"not_picked":["Havoc","Thunderclap+1","Clash","Inflame+1"],"picked":"SKIP","floor":46},{"not_picked":["Sword Boomerang+1","Disarm+1","Anger"],"picked":"Heavy Blade","floor":48},{"not_picked":["Sword Boomerang","Warcry+1","Twin Strike"],"picked":"Metallicize+1","floor":49}],"player_experience":827325,"relics_obtained":[{"floor":3,"key":"Blood Vial"},{"floor":6,"key":"Nunchaku"},{"floor":8,"key":"Frozen Egg 2"},{"floor":9,"key":"Bag of Preparation"},{"floor":11,"key":"Toy Ornithopter"},{"floor":24,"key":"PreservedInsect"},{"floor":24,"key":"Art of War"},{"floor":26,"key":"Question Card"},{"floor":31,"key":"Akabeko"},{"floor":31,"key":"Meat on the Bone"},{"floor":40,"key":"Dream Catcher"},{"floor":40,"key":"Vajra"},{"floor":42,"key":"FossilizedHelix"},{"floor":42,"key":"CeramicFish"},{"floor":43,"key":"Torii"}],"event_choices":[{"damage_healed":0,"gold_gain":54,"player_choice":"Gained Gold","damage_taken":0,"max_hp_gain":0,"max_hp_loss":0,"event_name":"Golden Wing","floor":2,"gold_loss":0},{"damage_healed":0,"gold_gain":0,"player_choice":"Relic","damage_taken":0,"max_hp_gain":0,"max_hp_loss":0,"event_name":"Wheel of Change","floor":3,"gold_loss":0},{"damage_healed":0,"gold_gain":99,"player_choice":"Stole From Cult","damage_taken":0,"max_hp_gain":0,"max_hp_loss":0,"event_name":"Nest","floor":19,"gold_loss":0},{"damage_healed":0,"gold_gain":0,"player_choice":"Ignored","damage_taken":0,"max_hp_gain":0,"max_hp_loss":0,"event_name":"Ghosts","floor":22,"gold_loss":0},{"damage_healed":0,"gold_gain":0,"player_choice":"Ignored","damage_taken":0,"max_hp_gain":0,"max_hp_loss":0,"event_name":"N\u0027loth","floor":28,"gold_loss":0},{"damage_healed":0,"gold_gain":999,"player_choice":"Gold","damage_taken":0,"max_hp_gain":0,"max_hp_loss":0,"event_name":"MindBloom","floor":37,"gold_loss":0,"cards_obtained":["Normality","Normality"]},{"cards_removed":["Normality"],"damage_healed":0,"gold_gain":0,"player_choice":"Upgrade and Remove","damage_taken":0,"max_hp_gain":0,"max_hp_loss":0,"event_name":"Designer","floor":38,"gold_loss":90,"cards_upgraded":["Defend_R"]},{"damage_healed":0,"gold_gain":0,"player_choice":"Forge","damage_taken":0,"max_hp_gain":0,"max_hp_loss":0,"event_name":"Accursed Blacksmith","floor":47,"gold_loss":0,"cards_upgraded":["Demon Form"]}],"is_beta":false,"boss_relics":[{"not_picked":["Sozu","Empty Cage"],"picked":"Black Star"},{"not_picked":["Runic Pyramid","Coffee Dripper"],"picked":"SacredBark"}],"items_purged_floors":[39],"is_endless":false,"potions_floor_spawned":[1,5,8,11,12,16,18,20,24,31,36,42,46,48],"ascension_level":10}}