{"host":"kmq7aw60w430zvtx","time":1613734199,"event":{"mods":["BaseMod","Downfall","GifTheSpireLib","Hermit","Hubris","Infinite Spire","Minty Spire (QoL Compilation)","Reliquary","Replay The Spire","Spire Arcade","StSLib","The Construct","The Cursed","The Hierophant","The Jungle","The Necromancer","The Runesmith"],"gold_per_floor":[115,135,3,18,37,37,62,62,62,62,79,79,93,109,109,210,210,223,233,245,296,320,320,357,357,381,423,58,82,111,111,111,217,217,237,237,262,289,289,328,328,328,379,379,379,388,421,3,3,3,3,3,3,47,47,47],"floor_reached":55,"language":"ENG","playtime":3031,"items_purged":["TheCursedMod:Defend_TheCursed"],"score":714,"play_id":"10b52b08-7ec9-4072-881b-d760cc0f2764","local_time":"20210219122958","is_ascension_mode":false,"campfire_choices":[{"floor":6.0,"key":"RECALL"},{"data":"TheCursedMod:HellsGateOpen","floor":8.0,"key":"SMITH"},{"data":"TheCursedMod:HellfireBreathing","floor":12.0,"key":"SMITH"},{"floor":15.0,"key":"REST"},{"data":"TheCursedMod:OutForBlood","floor":23.0,"key":"SMITH"},{"data":"TheCursedMod:CircleOfBlood","floor":25.0,"key":"SMITH"},{"floor":32,"key":"REST"},{"floor":41,"key":"REST"},{"floor":42,"key":"REST"},{"floor":44,"key":"REST"},{"data":"Mayhem","floor":45,"key":"SMITH"},{"data":"TheCursedMod:VoidForm","floor":49,"key":"SMITH"},{"data":"TheCursedMod:FleshFromBone","floor":52,"key":"SMITH"}],"circlet_count":0,"master_deck":["TheCursedMod:Strike_TheCursed","TheCursedMod:Strike_TheCursed","TheCursedMod:Strike_TheCursed","TheCursedMod:Defend_TheCursed","TheCursedMod:Defend_TheCursed","TheCursedMod:CursedWand+1","TheCursedMod:CleanUpWorkshop+1","TheCursedMod:Dregs","TheCursedMod:HellfireBreathing+1","TheCursedMod:CircleOfBlood+1","TheCursedMod:SpitefulStrike","Flash of Steel","TheCursedMod:Torture","TheCursedMod:Torture","TheCursedMod:HellsGateOpen+1","TheCursedMod:SurpriseAttack","TheCursedMod:SmokeScreen","TheCursedMod:CursedBlade","TheCursedMod:OutForBlood+1","TheCursedMod:VitalStrike","TheCursedMod:WearCloak","TheCursedMod:CircleOfCorruption","TheCursedMod:SpitefulPlan","TheCursedMod:TroublousMinions","TheCursedMod:WearCloak","Mayhem+1","TheCursedMod:FleshFromBone+1","TheCursedMod:Mangle","TheCursedMod:Stigma+1","TheCursedMod:VoidForm+1","TheCursedMod:LuckyCharm+1","TheCursedMod:CursedArmor+1","TheCursedMod:SurpriseAttack+1","TheCursedMod:SmokeScreen","TheCursedMod:PrepareRite","hubris:NaturalOne","TheCursedMod:CircleOfBlood+1","TheCursedMod:CursedStaff+1","TheCursedMod:SpreadPlague"],"relics":["TheCursedMod:BlackMagic101","reliquary:Buckler","Quantum Egg","construct:WeddingRing","CeramicFish","hubris:GlazedTorus","reliquary:WeakTea","Bronze Scales","TheCursedMod:OminousMark","reliquary:Bookmark","hubris:Icosahedron","WingedGreaves","infinitespire:Lucky Rock","ClockworkSouvenir","TheCursedMod:Tack","Replay:Baseball"],"acts_visited":["Exordium","theJungle:Jungle","TheBeyond","TheEnding"],"potions_floor_usage":[33,33,40,40,50,54],"damage_taken":[{"damage":1.0,"enemies":"Cultist","floor":1.0,"turns":3.0},{"damage":6.0,"enemies":"infinitespire:Voidling","floor":2.0,"turns":3.0},{"damage":0.0,"enemies":"Small Slimes","floor":4.0,"turns":3.0},{"damage":3.0,"enemies":"Looter","floor":5.0,"turns":3.0},{"damage":47.0,"enemies":"Lagavulin","floor":7.0,"turns":6.0},{"damage":0.0,"enemies":"2 Fungi Beasts","floor":11.0,"turns":4.0},{"damage":8.0,"enemies":"Gremlin Gang","floor":13.0,"turns":3.0},{"damage":8.0,"enemies":"Exordium Wildlife","floor":14.0,"turns":2.0},{"damage":16.0,"enemies":"Hexaghost","floor":16.0,"turns":7.0},{"damage":14.0,"enemies":"theJungle:Flameango_and_Byrd","floor":18.0,"turns":4.0},{"damage":12.0,"enemies":"theJungle:GiantWrat","floor":19.0,"turns":4.0},{"damage":0.0,"enemies":"theJungle:JungleHuntersEncounter","floor":20.0,"turns":5.0},{"damage":3.0,"enemies":"theJungle:Snecko_Cultist_And_Trap","floor":22.0,"turns":5.0},{"damage":5.0,"enemies":"theJungle:MamaSnecko","floor":24.0,"turns":5.0},{"damage":22.0,"enemies":"theJungle:Cassacara","floor":27.0,"turns":5.0},{"damage":11.0,"enemies":"theJungle:Lyon","floor":29.0,"turns":4.0},{"damage":16.0,"enemies":"theJungle:SlimyTreeVines","floor":30.0,"turns":4.0},{"damage":6,"enemies":"theJungle:FunGuy","floor":33,"turns":8},{"damage":25,"enemies":"3 Shapes","floor":35,"turns":3},{"damage":0,"enemies":"Orb Walker","floor":37,"turns":4},{"damage":19,"enemies":"Writhing Mass","floor":38,"turns":4},{"damage":48,"enemies":"Reptomancer","floor":40,"turns":6},{"damage":7,"enemies":"Jaw Worm Horde","floor":47,"turns":3},{"damage":56,"enemies":"Donu and Deca","floor":50,"turns":7},{"damage":43,"enemies":"Shield and Spear","floor":54,"turns":6},{"damage":74,"enemies":"The Heart","floor":55,"turns":6}],"seed_played":"-4225802758543403078","potions_obtained":[{"floor":1.0,"key":"Elixir"},{"floor":4.0,"key":"SpeedPotion"},{"floor":14.0,"key":"Energy Potion"},{"floor":16.0,"key":"PowerPotion"},{"floor":20.0,"key":"hexamod:SoulburnPotion"},{"floor":33,"key":"Fire Potion"},{"floor":35,"key":"Guardian:BlockOnCardUsePotion"},{"floor":40,"key":"Explosive Potion"}],"is_trial":false,"path_per_floor":["M","M","$","M","M","R","E","R","T","?","M","R","M","M","R","B",null,"M","M","M","T","M","R","E","R","T","E","$","M","M","?","R","B",null,"M","AVR","M","M","?","E","R","R","T","R","R","?","M","$","R","B",null,"R","$","E","B"],"character_chosen":"THE_CURSED","items_purchased":["TheCursedMod:SpitefulStrike","Flash of Steel","Mayhem","TheCursedMod:FleshFromBone","TheCursedMod:EmpowerCircles","ClockworkSouvenir","TheCursedMod:Tack","TheCursedMod:CursedStaff+1","Regen Potion"],"campfire_rested":5,"item_purchase_floors":[3,3,28,28,28,48,48,48,48],"current_hp_per_floor":[74,72,72,75,72,72,31,31,31,31,37,37,35,29,51,35,75,61,55,61,61,66,66,69,69,69,51,51,52,49,39,61,63,75,52,52,56,41,41,1,23,45,45,67,67,67,68,68,68,34,75,75,75,48,0,0],"gold":47,"neow_bonus":"RANDOM_COMMON_RELIC","is_daily":false,"chose_seed":false,"campfire_upgraded":7,"win_rate":0.0,"timestamp":1613734198,"path_taken":["M","M","$","M","M","R","E","R","T","?","M","R","M","M","R","BOSS","M","?","M","?","M","R","E","R","T","E","$","?","M","?","R","BOSS","M","AVR","M","M","?","E","R","R","T","R","R","?","?","$","R","BOSS","R","$","E","BOSS"],"items_purchased_type":["Card","Card","Card","Card","Card","Relic","Relic","Card","Potion"],"build_version":"2020-12-22","purchased_purges":1,"victory":false,"max_hp_per_floor":[75,75,75,75,75,75,75,75,75,75,75,75,75,75,75,75,75,75,75,75,75,75,75,75,75,75,75,75,75,75,75,75,75,75,75,75,75,75,75,75,75,75,75,75,75,75,75,75,75,75,75,75,75,75,75,75],"card_choices":[{"not_picked":["TheCursedMod:FleshFromBone","TheCursedMod:CircleOfAmplification"],"picked":"TheCursedMod:HellfireBreathing","floor":1.0},{"not_picked":["TheCursedMod:VitalStrike","TheCursedMod:RapidMovement"],"picked":"TheCursedMod:CircleOfBlood","floor":2.0},{"not_picked":["TheCursedMod:ManaBullet","TheCursedMod:RapidMovement"],"picked":"TheCursedMod:Torture","floor":4.0},{"not_picked":["TheCursedMod:SmokeScreen","TheCursedMod:RapidMovement"],"picked":"TheCursedMod:Torture","floor":5.0},{"not_picked":["TheCursedMod:Stretching","TheCursedMod:TacticalStrike"],"picked":"TheCursedMod:HellsGateOpen","floor":7.0},{"not_picked":["TheCursedMod:CircleOfCorruption","TheCursedMod:CircleOfFlame"],"picked":"TheCursedMod:SurpriseAttack","floor":11.0},{"not_picked":["TheCursedMod:AshesToAshes","TheCursedMod:TacticalStrike"],"picked":"TheCursedMod:SmokeScreen","floor":13.0},{"not_picked":["TheCursedMod:RapidMovement","TheCursedMod:CircleOfWindfury"],"picked":"TheCursedMod:CursedBlade","floor":14.0},{"not_picked":["TheCursedMod:ForbiddenAlchemy","TheCursedMod:Neurasthenia"],"picked":"TheCursedMod:OutForBlood","floor":16.0},{"not_picked":["TheCursedMod:SurpriseAttack","TheCursedMod:Torture+1"],"picked":"TheCursedMod:VitalStrike","floor":18.0},{"not_picked":["TheCursedMod:SmokeScreen","TheCursedMod:CursedAmulet"],"picked":"TheCursedMod:WearCloak","floor":19.0},{"not_picked":["TheCursedMod:Stretching+1","TheCursedMod:RapidMovement"],"picked":"TheCursedMod:CircleOfCorruption","floor":20.0},{"not_picked":["TheCursedMod:Stretching+1","TheCursedMod:ManaCirculation"],"picked":"TheCursedMod:SpitefulPlan","floor":22.0},{"not_picked":["TheCursedMod:RavingStaff","TheCursedMod:CursedMace+1"],"picked":"TheCursedMod:TroublousMinions","floor":24.0},{"not_picked":["TheCursedMod:Stretching+1","TheCursedMod:RapidMovement+1"],"picked":"TheCursedMod:WearCloak","floor":27.0},{"not_picked":["TheCursedMod:FuryStrike","TheCursedMod:CursedShiv"],"picked":"TheCursedMod:Mangle","floor":29.0},{"not_picked":["TheCursedMod:CursedSpellbook","TheCursedMod:AbyssShockwave"],"picked":"TheCursedMod:Stigma+1","floor":30.0},{"not_picked":["TheCursedMod:DarkBarrier","TheCursedMod:ParallelWorld"],"picked":"TheCursedMod:VoidForm","floor":33},{"not_picked":["TheCursedMod:CursedShiv","TheCursedMod:VitalStrike+1"],"picked":"TheCursedMod:LuckyCharm+1","floor":35},{"not_picked":["TheCursedMod:TacticalStrike","TheCursedMod:Torture"],"picked":"TheCursedMod:CursedArmor+1","floor":37},{"not_picked":["TheCursedMod:CursedBlade+1","TheCursedMod:CursedAmulet"],"picked":"TheCursedMod:SurpriseAttack+1","floor":38},{"not_picked":["TheCursedMod:CircleOfAmplification","TheCursedMod:SpitefulPlan"],"picked":"TheCursedMod:SmokeScreen","floor":40},{"not_picked":["TheCursedMod:StingEye","TheCursedMod:Torture"],"picked":"TheCursedMod:CircleOfBlood+1","floor":47},{"not_picked":["TheCursedMod:SpitefulStrike","TheCursedMod:ShockAndAwe"],"picked":"TheCursedMod:SpreadPlague","floor":54}],"player_experience":381031,"relics_obtained":[{"floor":7.0,"key":"Quantum Egg"},{"floor":21.0,"key":"CeramicFish"},{"floor":24.0,"key":"hubris:GlazedTorus"},{"floor":26.0,"key":"reliquary:WeakTea"},{"floor":27.0,"key":"Bronze Scales"},{"floor":40,"key":"WingedGreaves"},{"floor":43,"key":"infinitespire:Lucky Rock"},{"floor":54,"key":"Replay:Baseball"}],"event_choices":[{"cards_removed":["TheCursedMod:Strike_TheCursed"],"damage_healed":0.0,"max_hp_gain":0.0,"max_hp_loss":0.0,"gold_gain":0.0,"event_name":"Bonfire Elementals","player_choice":"Offered Basic","floor":10.0,"gold_loss":0.0,"damage_taken":0.0},{"damage_healed":0,"gold_gain":0,"cards_transformed":["TheCursedMod:EmpowerCircles"],"player_choice":"Transformed","damage_taken":0,"max_hp_gain":0,"max_hp_loss":0,"event_name":"Transmorgrifier","floor":46,"gold_loss":0,"cards_obtained":["TheCursedMod:PrepareRite"]}],"is_beta":false,"boss_relics":[{"not_picked":["Replay:Grab Bag","hubris:GrandSneckoEye"],"picked":"construct:WeddingRing"},{"not_picked":["bronze:MakeshiftBattery","construct:ClawGrip"],"picked":"TheCursedMod:OminousMark"}],"items_purged_floors":[28],"is_endless":false,"potions_floor_spawned":[1,4,14,16,18,20,33,35,40],"killed_by":"The Heart","ascension_level":0}}