{"host":"0rxdudjy6rylha1k","time":1613760445,"event":{"mods":["Aspiration","BaseMod","Colored Map","Colored Powertips","Downfall","Highlight Path","Hubris","Minty Spire (QoL Compilation)","StSLib"],"gold_per_floor":[99,112,112,131,131,31,31,16,16,34,47,76,76,76,86,184,184,84,101,101,135,148,48,124,109,109,137,164,175,175,208,228,331,331,331,343,362,362,78,107,107,107,107,126,126,126,174,205,220,220,220,253,54,54,54,54,54,54],"floor_reached":56,"language":"ENG","playtime":5891,"items_purged":["bronze:Strike"],"score":889,"play_id":"e4b7fa83-6cec-440d-ba48-c8e83af17251","local_time":"20210219114725","is_ascension_mode":true,"campfire_choices":[{"floor":1.0,"key":"RECALL"},{"data":"bronze:Iterate","floor":6.0,"key":"SMITH"},{"data":"bronze:Shield","floor":9.0,"key":"SMITH"},{"floor":13.0,"key":"REST"},{"data":"bronze:Verify","floor":18.0,"key":"SMITH"},{"floor":23,"key":"REST"},{"floor":30,"key":"REST"},{"data":"bronze:Mutator","floor":35,"key":"SMITH"},{"floor":42,"key":"REST"},{"data":"bronze:FineTuning","floor":45,"key":"SMITH"},{"floor":54,"key":"REST"}],"circlet_count":0,"master_deck":["bronze:Strike","bronze:Strike","bronze:Strike","bronze:Defend","bronze:Defend","bronze:Defend","bronze:Defend","bronze:Replicate","bronze:Goto","bronze:Iterate+1","bronze:Repair","bronze:Shield+1","bronze:Optimize","bronze:Frontload","bronze:Verify+1","bronze:ChosenStrike","Conserve Battery","bronze:FineTuning+1","bronze:Allocate","bronze:Return+1","bronze:ChildClass+1","bronze:Mutator+1","bronze:HardenedForm","bronze:Iterate+1","expansioncontent:QuickStudy+1","expansioncontent:Chronoboost"],"relics":["bronze:BronzeCore","aspiration:HatOfInfinitePower","downfall:HeartBlessingRed","sneckomod:SneckoTalon","downfall:HeartBlessingGreen","Red Mask","downfall:HeartBlessingBlue","Toxic Egg 2","aspiration:RitualStick","Matryoshka","Akabeko","Happy Flower","Darkstone Periapt","aspiration:PoetsPen_weak","Omamori","Gremlin Horn","Boot","hubris:TinFlute","hexamod:BolsterEngine","Centennial Puzzle","StrikeDummy","Vajra"],"acts_visited":["Exordium","TheCity","TheBeyond","TheEnding"],"potions_floor_usage":[21,29,31,36,39,55,55,56],"damage_taken":[{"damage":5.0,"enemies":"Jaw Worm","floor":2.0,"turns":6.0},{"damage":7.0,"enemies":"Small Slimes","floor":4.0,"turns":4.0},{"damage":0.0,"enemies":"downfall:FleeingMerchant","floor":8.0,"turns":4.0},{"damage":0.0,"enemies":"2 Louse","floor":10.0,"turns":2.0},{"damage":0.0,"enemies":"Blue Slaver","floor":11.0,"turns":4.0},{"damage":24.0,"enemies":"3 Sentries","floor":12.0,"turns":11.0},{"damage":1.0,"enemies":"downfall:LooterAlt","floor":15.0,"turns":3.0},{"damage":15.0,"enemies":"WA_ARCHETYPE_RETAIN","floor":16.0,"turns":10.0},{"damage":2.0,"enemies":"Chosen","floor":19.0,"turns":6.0},{"damage":37,"enemies":"Masked Bandits","floor":21,"turns":7},{"damage":9,"enemies":"Spheric Guardian","floor":22,"turns":4},{"damage":0,"enemies":"downfall:FleeingMerchant","floor":25,"turns":4},{"damage":20,"enemies":"Slavers","floor":27,"turns":8},{"damage":0,"enemies":"Centurion and Healer","floor":29,"turns":5},{"damage":12,"enemies":"Book of Stabbing","floor":31,"turns":5},{"damage":24,"enemies":"Snecko","floor":32,"turns":6},{"damage":39,"enemies":"DF_ARCHETYPE_CLAW","floor":33,"turns":10},{"damage":0,"enemies":"3 Darklings","floor":36,"turns":5},{"damage":0,"enemies":"Orb Walker","floor":37,"turns":1},{"damage":0,"enemies":"downfall:FleeingMerchant","floor":39,"turns":4},{"damage":34,"enemies":"Nemesis","floor":40,"turns":7},{"damage":13,"enemies":"Spire Growth","floor":44,"turns":4},{"damage":0,"enemies":"Giant Head","floor":48,"turns":6},{"damage":6,"enemies":"3 Darklings","floor":49,"turns":5},{"damage":2,"enemies":"IC_BLOCK_ARCHETYPE","floor":50,"turns":6},{"damage":54,"enemies":"downfall:CharBossMerchant","floor":52,"turns":7},{"damage":12,"enemies":"downfall:NeowBoss","floor":55,"turns":11},{"damage":56,"enemies":"downfall:NeowBossFinal","floor":56,"turns":5}],"seed_played":"1630871456050254636","potions_obtained":[{"floor":2.0,"key":"ColorlessPotion"},{"floor":12.0,"key":"bronze:BuildAFunctionPotion"},{"floor":15.0,"key":"bronze:CleanCodePotion"},{"floor":16.0,"key":"EssenceOfSteel"},{"floor":19.0,"key":"FearPotion"},{"floor":27,"key":"FearPotion"},{"floor":29,"key":"Weak Potion"},{"floor":33,"key":"hexamod:SoulburnPotion"},{"floor":37,"key":"SpeedPotion"},{"floor":48,"key":"SpeedPotion"},{"floor":52,"key":"Dexterity Potion"}],"is_trial":false,"path_per_floor":["R","M","?","M","?","R","T","$","R","M","M","E","R","?","M","B",null,"R","M","?","?","M","R","T","$","?","E","T","M","R","E","M","B",null,"R","M","M","?","$","E","T","R","?","M","R","?","T","E","M","B",null,"E","$","R","B","B"],"character_chosen":"THE_AUTOMATON","items_purchased":["expansioncontent:QuickStudy","Vajra","FearPotion"],"campfire_rested":5,"item_purchase_floors":[39,53,53],"current_hp_per_floor":[70,65,65,58,58,58,58,65,65,65,70,47,68,68,70,55,70,70,68,68,38,36,70,70,70,54,44,44,54,78,68,54,25,80,80,80,80,80,80,56,56,80,80,67,67,67,67,74,68,76,80,26,26,50,48,0,0,0],"gold":54,"neow_bonus":"ONE_RARE_RELIC","is_daily":false,"chose_seed":false,"campfire_upgraded":5,"win_rate":0.0,"timestamp":1613760445,"path_taken":["R","M","?","M","?","R","T","$","R","M","M","E","R","?","M","BOSS","R","M","?","?","?","R","T","$","?","E","?","M","R","E","M","BOSS","R","M","M","?","$","E","T","R","?","M","R","?","?","E","M","BOSS","E","$","R","BOSS","BOSS"],"items_purchased_type":["Card","Relic","Potion"],"build_version":"2020-12-22","purchased_purges":1,"victory":false,"max_hp_per_floor":[70,70,70,70,70,70,70,70,70,70,70,70,70,70,70,70,70,70,70,70,70,70,80,80,80,80,80,80,80,80,80,80,80,80,80,80,80,80,80,80,80,80,80,80,80,80,80,80,80,80,80,80,80,80,80,80,80,80],"card_choices":[{"not_picked":["bronze:Separator","bronze:WhirlingStrike","bronze:MaxOutput"],"picked":"SKIP","floor":2.0},{"not_picked":["bronze:Overheat","bronze:Separator"],"picked":"bronze:Repair","floor":4.0},{"not_picked":["bronze:DigitalCarnage","bronze:DelayedSlice"],"picked":"bronze:Shield","floor":8.0},{"not_picked":["bronze:Overload","bronze:Overheat","bronze:DelayedGuard"],"picked":"SKIP","floor":10.0},{"not_picked":["bronze:Invalidate","bronze:ForceShield"],"picked":"bronze:Optimize","floor":11.0},{"not_picked":["bronze:BronzeOrb","bronze:DarkDash","bronze:Branch"],"picked":"SKIP","floor":12.0},{"not_picked":["bronze:WhirlingStrike","bronze:Invalidate"],"picked":"bronze:Frontload","floor":15.0},{"not_picked":["bronze:HardenedForm","bronze:FindAndReplace"],"picked":"bronze:Verify","floor":16.0},{"not_picked":["bronze:WhirlingStrike+1","bronze:Branch"],"picked":"bronze:ChosenStrike","floor":19.0},{"not_picked":["bronze:BitShift+1","bronze:Shell"],"picked":"bronze:FineTuning","floor":21},{"not_picked":["bronze:OilSpill+1","bronze:DelayedGuard"],"picked":"bronze:Allocate","floor":22},{"not_picked":["bronze:ClassDefault","bronze:Turbo+1","bronze:WhirlingStrike"],"picked":"SKIP","floor":25},{"not_picked":["bronze:Repulsor","bronze:GetLatest+1"],"picked":"bronze:Return+1","floor":27},{"not_picked":["bronze:Allocate+1","bronze:DigitalCarnage"],"picked":"bronze:ChildClass+1","floor":29},{"not_picked":["bronze:Invalidate+1","bronze:Virus"],"picked":"bronze:Mutator","floor":31},{"not_picked":["bronze:Constructor+1","bronze:Backtrace+1","bronze:WildBeam"],"picked":"SKIP","floor":32},{"not_picked":["bronze:Hardcode","bronze:Library"],"picked":"bronze:HardenedForm","floor":33},{"not_picked":["bronze:Branch+1","bronze:BugBarrage","bronze:Deprecate+1"],"picked":"SKIP","floor":36},{"not_picked":["bronze:DelayedSlice+1","bronze:Philosophize+1"],"picked":"bronze:Iterate+1","floor":37},{"not_picked":["bronze:DelayedSlice","bronze:ShipIt","bronze:Return+1"],"picked":"SKIP","floor":39},{"not_picked":["bronze:ChosenStrike+1","bronze:WildBeam","bronze:Branch"],"picked":"SKIP","floor":40},{"not_picked":["bronze:Iterate","bronze:Deprecate+1","bronze:BuggyMess+1"],"picked":"SKIP","floor":44},{"not_picked":["expansioncontent:GuardianWhirl","expansioncontent:InvincibleStrength"],"picked":"expansioncontent:Chronoboost","floor":46},{"not_picked":["bronze:NullPointer+1","bronze:Overheat+1","bronze:Turbo+1"],"picked":"SKIP","floor":48},{"not_picked":["bronze:Terminator+1","bronze:DelayedGuard+1","bronze:BugBarrage+1"],"picked":"SKIP","floor":49},{"not_picked":["bronze:Mutator","bronze:Separator+1","bronze:InfiniteBeams+1"],"picked":"SKIP","floor":52}],"player_experience":3012304,"relics_obtained":[{"floor":21,"key":"Red Mask"},{"floor":24,"key":"Toxic Egg 2"},{"floor":27,"key":"Matryoshka"},{"floor":28,"key":"Akabeko"},{"floor":28,"key":"Happy Flower"},{"floor":31,"key":"Darkstone Periapt"},{"floor":38,"key":"Omamori"},{"floor":38,"key":"Gremlin Horn"},{"floor":40,"key":"Boot"},{"floor":41,"key":"hubris:TinFlute"},{"floor":47,"key":"hexamod:BolsterEngine"},{"floor":48,"key":"Centennial Puzzle"},{"floor":52,"key":"StrikeDummy"}],"event_choices":[{"cards_removed":["hubris:Sloth"],"damage_healed":0.0,"max_hp_gain":0.0,"max_hp_loss":0.0,"gold_gain":0.0,"event_name":"Living Wall","player_choice":"Forget","floor":5.0,"gold_loss":0.0,"damage_taken":0.0},{"damage_healed":0.0,"max_hp_gain":0.0,"max_hp_loss":0.0,"gold_gain":0.0,"event_name":"The Library","player_choice":"Read","floor":20.0,"gold_loss":0.0,"damage_taken":0.0,"cards_obtained":["Conserve Battery"]},{"damage_healed":0,"gold_gain":0,"player_choice":"Fought Bandits","damage_taken":0,"max_hp_gain":0,"max_hp_loss":0,"event_name":"Masked Bandits","floor":21,"gold_loss":0}],"is_beta":false,"boss_relics":[{"not_picked":["aspiration:SilentSkillbook","SlaversCollar"],"picked":"sneckomod:SneckoTalon"},{"not_picked":["hubris:Backtick","Runic Dome"],"picked":"aspiration:PoetsPen_weak"}],"items_purged_floors":[39],"is_endless":false,"potions_floor_spawned":[2,12,15,16,19,27,29,33,37,40,48,52],"killed_by":"downfall:NeowBossFinal","ascension_level":4}}