{"host":"9rqxlbwknj581inl","time":1613701689,"event":{"mods":["AchievementEnabler","BaseMod","Colored Map","Colored Powertips","Dark Map","Highlight Path","Minty Spire (QoL Compilation)","Quick Restart","Random Character Button","Random Character Mod"],"gold_per_floor":[112,124,136,149,149,149,179,179,205,27,27,37,52,87,87,87,87],"floor_reached":16,"language":"ENG","playtime":1715,"items_purged":[],"score":137,"play_id":"a6855c59-8ba7-4ef2-97ac-9aa2c3c7f780","local_time":"20210218192809","is_ascension_mode":false,"campfire_choices":[{"data":"Eruption","floor":6,"key":"SMITH"},{"data":"Vigilance","floor":8,"key":"SMITH"},{"data":"Worship","floor":11,"key":"SMITH"},{"floor":15,"key":"REST"}],"circlet_count":0,"master_deck":["Strike_P","Strike_P","Strike_P","Strike_P","Defend_P","Defend_P","Defend_P","Defend_P","Eruption+1","Vigilance+1","Forethought","EmptyFist","Brilliance","TalkToTheHand","JustLucky","Swivel","Worship+1","Protect","FollowUp","Conclude","InnerPeace"],"relics":["PureWater","Regal Pillow","Dream Catcher","Bag of Marbles","Bag of Preparation"],"acts_visited":["Exordium"],"potions_floor_usage":[13,14,16],"damage_taken":[{"damage":0,"enemies":"Small Slimes","floor":1,"turns":3},{"damage":1,"enemies":"Cultist","floor":2,"turns":3},{"damage":9,"enemies":"2 Louse","floor":3,"turns":3},{"damage":3,"enemies":"Blue Slaver","floor":4,"turns":3},{"damage":23,"enemies":"3 Sentries","floor":7,"turns":7},{"damage":0,"enemies":"2 Fungi Beasts","floor":12,"turns":2},{"damage":36,"enemies":"Gremlin Gang","floor":13,"turns":5},{"damage":0,"enemies":"Gremlin Nob","floor":14,"turns":2},{"damage":44,"enemies":"The Guardian","floor":16,"turns":10}],"seed_played":"7110030780689471546","potions_obtained":[{"floor":7,"key":"Swift Potion"},{"floor":13,"key":"FearPotion"},{"floor":14,"key":"SteroidPotion"}],"is_trial":false,"path_per_floor":["M","M","M","M","?","R","E","R","T","$","R","M","M","E","R","B"],"character_chosen":"WATCHER","items_purchased":["Worship","Bag of Marbles"],"campfire_rested":1,"item_purchase_floors":[10,10],"current_hp_per_floor":[72,71,62,59,64,64,41,41,41,41,41,41,5,5,43,0,0],"gold":87,"neow_bonus":"RANDOM_COLORLESS","is_daily":false,"chose_seed":false,"campfire_upgraded":3,"win_rate":0.0,"timestamp":1613701689,"path_taken":["M","M","M","M","?","R","E","R","T","$","R","M","M","E","R","BOSS"],"items_purchased_type":["Card","Relic"],"build_version":"2020-12-22","purchased_purges":0,"victory":false,"max_hp_per_floor":[72,72,72,72,77,77,77,77,77,77,77,77,77,77,77,77,77],"card_choices":[{"not_picked":["Madness","PanicButton"],"picked":"Forethought","floor":0},{"not_picked":["WaveOfTheHand","ClearTheMind"],"picked":"EmptyFist","floor":1},{"not_picked":["Halt","Conclude"],"picked":"Brilliance","floor":2},{"not_picked":["SashWhip","Evaluate"],"picked":"TalkToTheHand","floor":3},{"not_picked":["SashWhip","Sanctity"],"picked":"JustLucky","floor":4},{"not_picked":["ClearTheMind","WheelKick"],"picked":"Swivel","floor":7},{"not_picked":["CrushJoints","EmptyFist"],"picked":"Protect","floor":12},{"not_picked":["CutThroughFate","Crescendo"],"picked":"FollowUp","floor":13},{"not_picked":["ThirdEye","WheelKick"],"picked":"Conclude","floor":14},{"not_picked":["SashWhip","CutThroughFate"],"picked":"InnerPeace","floor":15}],"player_experience":142703,"relics_obtained":[{"floor":7,"key":"Regal Pillow"},{"floor":9,"key":"Dream Catcher"},{"floor":14,"key":"Bag of Preparation"}],"event_choices":[{"damage_healed":0,"gold_gain":0,"player_choice":"Donut","damage_taken":0,"max_hp_gain":5,"max_hp_loss":0,"event_name":"Big Fish","floor":5,"gold_loss":0}],"is_beta":false,"boss_relics":[],"items_purged_floors":[],"is_endless":false,"potions_floor_spawned":[7,13,14],"killed_by":"The Guardian","ascension_level":0}}