{"host":"xurz8oye0j2lsa2k","time":1613764068,"event":{"mods":["AchievementEnabler","Aspiration","BaseMod","Bestiary","BetterRewards","Colored Map","Downfall","Hubris","Minty Spire (QoL Compilation)","Permanent Neow","Replay The Spire","Spicy Shops","StSLib","The Servant 0.9.4","UnlockEverythingMod"],"gold_per_floor":[117,117,117,132,60,60,77,103,103,121,141,141,141,222,222,321,421,436,135,150,150,150,177,177,195,195,195,211,55,190,200,200,200,200],"floor_reached":33,"language":"ENG","playtime":7327,"items_purged":["Voices"],"score":310,"play_id":"bef2b5a1-b424-452e-8185-d786873213ca","local_time":"20210219144748","is_ascension_mode":false,"campfire_choices":[{"floor":6.0,"key":"REST"},{"floor":15.0,"key":"REST"},{"floor":24.0,"key":"REST"},{"data":"Revamp","floor":27.0,"key":"SMITH"},{"data":"1","floor":32.0,"key":"LIFT"}],"circlet_count":0,"master_deck":["Strike_S+1","Strike_S+1","Strike_S+1","Strike_S+1","Defend_S+1","Defend_S+1","Defend_S+1","Defend_S+1","KidneyShot","Exchange","SilverBlades+1","Spin","Starlight","Revamp+1","Potential","Contraction","FlawlessForm+1","DualDimension+1","MoonPhase+1","FastForward","Rearm","Ricochet+1","Collapse+1"],"relics":["Uniform","ReplayTheSpireMod:CursedCoin","Girya","Pondfish Scales","hubris:AstralHammer","downfall:RedIOU","hubris:Towel","Broom","aspiration:TrustyKnives","Ornamental Fan","hubris:Icosahedron","Golden Egg","Replay:Wanted Poster","Boot","aspiration:RitualStick","ReplayTheSpireMod:Shallot","Mirror"],"acts_visited":["Exordium","TheCity"],"potions_floor_usage":[33],"damage_taken":[{"damage":6.0,"enemies":"Jaw Worm","floor":1.0,"turns":3.0},{"damage":3.0,"enemies":"Small Slimes","floor":4.0,"turns":3.0},{"damage":0.0,"enemies":"Cultist","floor":7.0,"turns":3.0},{"damage":10.0,"enemies":"Gremlin Nob","floor":8.0,"turns":3.0},{"damage":11.0,"enemies":"2 Fungi Beasts","floor":10.0,"turns":3.0},{"damage":2.0,"enemies":"Blue Slaver","floor":11.0,"turns":3.0},{"damage":26.0,"enemies":"Slime Boss","floor":16.0,"turns":8.0},{"damage":0.0,"enemies":"Spheric Guardian","floor":18.0,"turns":4.0},{"damage":5.0,"enemies":"Chosen","floor":20.0,"turns":4.0},{"damage":21.0,"enemies":"Slavers","floor":23.0,"turns":6.0},{"damage":0.0,"enemies":"Snake Plant","floor":25.0,"turns":6.0},{"damage":0.0,"enemies":"Centurion and Healer","floor":28.0,"turns":7.0},{"damage":0.0,"enemies":"Gremlin Leader","floor":30.0,"turns":7.0},{"damage":0.0,"enemies":"Shelled Parasite and Fungi","floor":31.0,"turns":2.0},{"damage":6,"enemies":"hubris:MusketHawk","floor":33,"turns":10}],"seed_played":"-6823563152732789084","potions_obtained":[{"floor":1.0,"key":"Strength Potion"},{"floor":4.0,"key":"Venom Potion"},{"floor":11.0,"key":"Elixir"},{"floor":16.0,"key":"Regen Potion"},{"floor":18.0,"key":"champ:CounterPotion"},{"floor":23.0,"key":"Explosive Potion"},{"floor":30.0,"key":"BlessingOfTheForge"},{"floor":31.0,"key":"FairyPotion"}],"is_trial":false,"path_per_floor":["M","?","?","M","$","R","M","E","T","M","M","$","?","T","R","B",null,"M","$","M","?","?","E","R","M","T","R","M","$","E","M","R","B"],"character_chosen":"THE_SERVANT","items_purchased":["ReplayTheSpireMod:CursedCoin","SilverBlades","Broom","Boot","MoonPhase","Ricochet"],"campfire_rested":3,"item_purchase_floors":[0,0,5,19,19,29],"current_hp_per_floor":[28,28,28,25,25,44,44,34,34,23,21,21,21,21,40,14,65,65,65,60,47,47,26,45,45,45,45,45,45,45,45,45,59,59],"gold":200,"neow_bonus":"","is_daily":false,"chose_seed":false,"campfire_upgraded":1,"win_rate":0.0,"timestamp":1613764068,"path_taken":["M","?","?","M","$","R","M","E","T","?","M","$","?","?","R","BOSS","M","$","M","?","?","E","R","M","T","R","M","?","E","M","R","BOSS"],"items_purchased_type":["Relic","Card","Relic","Relic","Card","Card"],"build_version":"2020-12-22","purchased_purges":1,"victory":false,"max_hp_per_floor":[65,65,65,65,65,65,65,65,65,65,65,65,65,65,65,65,65,65,65,65,65,65,65,65,65,65,65,65,65,65,65,65,65,65],"card_choices":[{"not_picked":["FastForward","Replace"],"picked":"Spin","floor":1.0},{"not_picked":["Foresight","Reset"],"picked":"Starlight","floor":4.0},{"not_picked":["Contraction","Solidify","Defy"],"picked":"SKIP","floor":7.0},{"not_picked":["Reset","Manipulate"],"picked":"Revamp","floor":8.0},{"not_picked":["StarChef","FanOfKnives"],"picked":"Potential","floor":10.0},{"not_picked":["Advance","Misdirection"],"picked":"Contraction","floor":11.0},{"not_picked":["Deny","Embodiment"],"picked":"FlawlessForm","floor":16.0},{"not_picked":["SilverBlades+1","Rewind"],"picked":"DualDimension+1","floor":18.0},{"not_picked":["RealityMarble","TimeWarp"],"picked":"FastForward","floor":20.0},{"not_picked":["Alleviate","TimeWarp","Snipe"],"picked":"SKIP","floor":23.0},{"not_picked":["BottledTime","Starlight+1","Alleviate"],"picked":"SKIP","floor":25.0},{"not_picked":["FastForward","Alleviate"],"picked":"Rearm","floor":28.0},{"not_picked":["Replace","Revamp","Potential"],"picked":"SKIP","floor":30.0},{"not_picked":["WasteNot+1","InstantArmor"],"picked":"Collapse+1","floor":31.0}],"player_experience":589838,"relics_obtained":[{"floor":8.0,"key":"aspiration:TrustyKnives"},{"floor":9.0,"key":"Ornamental Fan"},{"floor":14.0,"key":"Golden Egg"},{"floor":23.0,"key":"ReplayTheSpireMod:Shallot"},{"floor":30.0,"key":"Mirror"}],"event_choices":[{"damage_healed":0.0,"max_hp_gain":0.0,"max_hp_loss":0.0,"gold_gain":0.0,"event_name":"Upgrade Shrine","player_choice":"Upgraded","floor":3.0,"gold_loss":0.0,"damage_taken":0.0,"cards_upgraded":["SilverBlades"]},{"damage_healed":0.0,"max_hp_gain":0.0,"max_hp_loss":0.0,"gold_gain":0.0,"event_name":"Back to Basics","player_choice":"Simplicity","floor":22.0,"gold_loss":0.0,"damage_taken":0.0,"cards_upgraded":["Strike_S","Strike_S","Strike_S","Strike_S","Defend_S","Defend_S","Defend_S","Defend_S"]}],"is_beta":false,"boss_relics":[{"not_picked":["hubris:BlackHole","Replay:Bronze Core"],"picked":"Replay:Wanted Poster"}],"items_purged_floors":[0],"is_endless":false,"potions_floor_spawned":[1,4,11,16,18,23,30,31],"killed_by":"hubris:MusketHawk","ascension_level":0}}