{"host":"iudiqz5bwex5meyb","time":1613700631,"event":{"mods":["AchievementEnabler","BaseMod","Block Reminder","Colored Map","Minty Spire (QoL Compilation)","StSLib","ojb\u0027s Better Paths Mod","ojb\u0027s Info Mod"],"gold_per_floor":[118,130,146,70,82,82,108,108,108,283,302,321,321,321],"floor_reached":13,"language":"ENG","playtime":1701,"items_purged":[],"score":117,"play_id":"13b9462e-5ad0-42a7-9454-ba0b2c90710d","local_time":"20210218201031","is_ascension_mode":true,"campfire_choices":[{"data":"Neutralize","floor":6.0,"key":"SMITH"},{"data":"Deadly Poison","floor":8.0,"key":"SMITH"}],"circlet_count":0,"master_deck":["Strike_G","Strike_G","Strike_G","Strike_G","Strike_G","Defend_G","Defend_G","Defend_G","Defend_G","Defend_G","Survivor","Neutralize+1","Deadly Poison+1","Dodge and Roll","Acrobatics","Caltrops","Quick Slash","Bouncing Flask","Doubt","Deflect","PiercingWail"],"relics":["Coffee Dripper","Lantern"],"acts_visited":["Exordium"],"potions_floor_usage":[13,13],"damage_taken":[{"damage":2.0,"enemies":"Small Slimes","floor":1.0,"turns":5.0},{"damage":0.0,"enemies":"2 Louse","floor":2.0,"turns":3.0},{"damage":2.0,"enemies":"Jaw Worm","floor":3.0,"turns":4.0},{"damage":13.0,"enemies":"3 Louse","floor":5.0,"turns":6.0},{"damage":24.0,"enemies":"Lagavulin","floor":7.0,"turns":8.0},{"damage":0.0,"enemies":"Exordium Wildlife","floor":11.0,"turns":3.0},{"damage":5,"enemies":"Blue Slaver","floor":12,"turns":3},{"damage":17,"enemies":"3 Sentries","floor":13,"turns":6}],"seed_played":"4431911076943109384","potions_obtained":[{"floor":2.0,"key":"SkillPotion"},{"floor":7.0,"key":"DistilledChaos"}],"is_trial":false,"path_per_floor":["M","M","M","$","M","R","E","R","T","?","M","M","E"],"character_chosen":"THE_SILENT","items_purchased":["Caltrops"],"campfire_rested":0,"item_purchase_floors":[4],"current_hp_per_floor":[61,61,59,59,46,46,22,22,22,22,22,17,0,0],"gold":321,"neow_bonus":"BOSS_RELIC","is_daily":false,"chose_seed":false,"campfire_upgraded":2,"win_rate":0.0,"timestamp":1613700631,"path_taken":["M","M","M","$","M","R","E","R","T","?","M","M","E"],"items_purchased_type":["Card"],"build_version":"2020-12-22","purchased_purges":0,"victory":false,"max_hp_per_floor":[70,70,70,70,70,70,70,70,70,70,70,70,70,70],"card_choices":[{"not_picked":["Sucker Punch","Cloak And Dagger"],"picked":"Deadly Poison","floor":1.0},{"not_picked":["Acrobatics","Deflect"],"picked":"Dodge and Roll","floor":2.0},{"not_picked":["Riddle With Holes","Bane"],"picked":"Acrobatics","floor":3.0},{"not_picked":["Sucker Punch","Dodge and Roll"],"picked":"Quick Slash","floor":5.0},{"not_picked":["Underhanded Strike","Die Die Die"],"picked":"Bouncing Flask","floor":7.0},{"not_picked":["Bane","Expertise"],"picked":"Deflect","floor":11.0},{"not_picked":["Blade Dance","Quick Slash"],"picked":"PiercingWail","floor":12}],"player_experience":323730,"relics_obtained":[{"floor":7.0,"key":"Lantern"}],"event_choices":[{"damage_healed":0.0,"max_hp_gain":0.0,"max_hp_loss":0.0,"gold_gain":175.0,"event_name":"Liars Game","player_choice":"AGREE","floor":10.0,"gold_loss":0.0,"damage_taken":0.0,"cards_obtained":["Doubt"]}],"is_beta":false,"boss_relics":[],"items_purged_floors":[],"is_endless":false,"potions_floor_spawned":[2,7],"killed_by":"3 Sentries","ascension_level":7}}