{"host":"oigynbtg272c19pw","time":1613730303,"event":{"mods":["BaseMod","Colored Map","Minty Spire (QoL Compilation)","Relic Stats","Slay the Relics Exporter","StSLib"],"gold_per_floor":[109,57,67,84,4,4,16,30,57,89,89,116,133,146,146,146,146],"floor_reached":16,"playtime":737,"items_purged":[],"score":228,"play_id":"bed45052-fb2b-4e12-b4ff-7375088b10a9","local_time":"20210219112503","is_ascension_mode":true,"campfire_choices":[{"data":"Perfected Strike","floor":6.0,"key":"SMITH"},{"data":"Feel No Pain","floor":11,"key":"SMITH"},{"data":"True Grit","floor":15,"key":"SMITH"}],"circlet_count":0,"master_deck":["AscendersBane","Strike_R","Strike_R","Strike_R","Strike_R","Strike_R","Defend_R","Defend_R","Defend_R","Defend_R","Bash","Cleave","Pommel Strike","Fiend Fire","Clash","Perfected Strike+1","True Grit+1","Feel No Pain+1","Headbutt","Limit Break","Second Wind"],"relics":["Burning Blood","Toy Ornithopter","Oddly Smooth Stone","Vajra","Centennial Puzzle"],"acts_visited":["Exordium"],"potions_floor_usage":[10,12,16],"damage_taken":[{"damage":7.0,"enemies":"Cultist","floor":1.0,"turns":4.0},{"damage":12.0,"enemies":"Jaw Worm","floor":3.0,"turns":3.0},{"damage":10.0,"enemies":"Small Slimes","floor":4.0,"turns":4.0},{"damage":19,"enemies":"Exordium Wildlife","floor":7,"turns":5},{"damage":8,"enemies":"Lots of Slimes","floor":8,"turns":3},{"damage":19,"enemies":"Lagavulin","floor":10,"turns":6},{"damage":28,"enemies":"Gremlin Nob","floor":12,"turns":4},{"damage":0,"enemies":"Looter","floor":13,"turns":3},{"damage":8,"enemies":"Exordium Thugs","floor":14,"turns":4},{"damage":32,"enemies":"Hexaghost","floor":16,"turns":11}],"seed_played":"-7088245369585188121","potions_obtained":[{"floor":4.0,"key":"BloodPotion"},{"floor":7,"key":"Energy Potion"},{"floor":12,"key":"SkillPotion"},{"floor":14,"key":"Explosive Potion"}],"is_trial":false,"path_per_floor":["M","$","M","M","$","R","M","M","T","E","R","E","M","M","R","B"],"character_chosen":"IRONCLAD","items_purchased":["Pommel Strike","Perfected Strike","True Grit"],"campfire_rested":0,"item_purchase_floors":[2,5,5],"current_hp_per_floor":[67,67,61,57,57,57,44,42,42,34,34,32,38,36,36,9,9],"gold":146,"neow_bonus":"RANDOM_COMMON_RELIC","is_daily":false,"chose_seed":false,"campfire_upgraded":3,"win_rate":0.0,"timestamp":1613730303,"path_taken":["M","$","M","M","?","R","M","M","T","E","R","E","M","M","R","BOSS"],"items_purchased_type":["Card","Card","Card"],"build_version":"2020-12-13","purchased_purges":0,"victory":false,"max_hp_per_floor":[75,75,75,75,75,75,75,75,75,75,75,75,75,75,75,75,75],"relic_stats":{"Centennial Puzzle":[6],"counters":[10,47],"obtain_stats":[{"Centennial Puzzle":12,"Oddly Smooth Stone":9,"Vajra":10,"Burning Blood":0,"Toy Ornithopter":0},{"Centennial Puzzle":7,"Oddly Smooth Stone":5,"Vajra":6,"Burning Blood":0,"Toy Ornithopter":0},{"Centennial Puzzle":29,"Oddly Smooth Stone":19,"Vajra":25,"Burning Blood":0,"Toy Ornithopter":0}],"Burning Blood":54,"Toy Ornithopter":15},"card_choices":[{"not_picked":["Body Slam","Heavy Blade"],"picked":"Cleave","floor":1.0},{"not_picked":["Havoc","Twin Strike"],"picked":"Fiend Fire","floor":3.0},{"not_picked":["Whirlwind","Pommel Strike"],"picked":"Clash","floor":4.0},{"not_picked":["Sword Boomerang","Havoc","Entrench"],"picked":"SKIP","floor":7},{"not_picked":["Rupture","Twin Strike"],"picked":"Feel No Pain","floor":8},{"not_picked":["Havoc","Bloodletting"],"picked":"Headbutt","floor":10},{"not_picked":["Iron Wave","Pommel Strike"],"picked":"Limit Break","floor":12},{"not_picked":["Iron Wave","Cleave"],"picked":"Second Wind","floor":13},{"not_picked":["Flex","Body Slam","Pommel Strike"],"picked":"SKIP","floor":14}],"player_experience":1626209,"relics_obtained":[{"floor":9,"key":"Oddly Smooth Stone"},{"floor":10,"key":"Vajra"},{"floor":12,"key":"Centennial Puzzle"}],"event_choices":[],"is_beta":false,"boss_relics":[],"items_purged_floors":[],"is_endless":false,"potions_floor_spawned":[4,7,12,14],"killed_by":"Hexaghost","ascension_level":20}}