{"host":"js2su9tbbk4rmjfl","time":1613731246,"event":{"mods":["AchievementEnabler","BaseMod","Block Reminder","Colored Map","Colored Powertips","Highlight Path","Minty Spire (QoL Compilation)","Relic Stats"],"gold_per_floor":[110,127,139,157,172,172,197,210,210,210,25,55,55,69,69,148,148,163,78,34,34,62,62,37,37,61,61,74,91,91,108,108,108,108],"floor_reached":33,"language":"ENG","playtime":2810,"items_purged":["Strike_R"],"score":517,"play_id":"f98768be-ac1a-47f3-927a-8b6920f567d9","local_time":"20210219114046","is_ascension_mode":true,"campfire_choices":[{"data":"Rampage","floor":6,"key":"SMITH"},{"data":"Seeing Red","floor":10,"key":"SMITH"},{"data":"Pommel Strike","floor":13,"key":"SMITH"},{"data":"Battle Trance","floor":15,"key":"SMITH"},{"floor":23,"key":"REST"},{"data":"Bite","floor":25,"key":"SMITH"},{"data":"Bite","floor":27,"key":"SMITH"},{"data":"Bite","floor":30,"key":"SMITH"},{"data":"Bite","floor":32,"key":"SMITH"}],"circlet_count":0,"master_deck":["AscendersBane","Defend_R","Defend_R","Defend_R","Bash","Battle Trance+1","Carnage","Pommel Strike+1","Ghostly Armor","Rampage+1","Headbutt","Seeing Red+1","Bite+1","Bite+1","Bite+1","Bite+1","Bite","Power Through+1"],"relics":["Burning Blood","Du-Vu Doll","Calipers","The Courier","SlaversCollar","InkBottle","Red Mask","Vajra"],"acts_visited":["Exordium","TheCity"],"potions_floor_usage":[7,12,12,14,22,22,28,31,31],"damage_taken":[{"damage":11,"enemies":"2 Louse","floor":1,"turns":4},{"damage":3,"enemies":"Small Slimes","floor":2,"turns":3},{"damage":2,"enemies":"Jaw Worm","floor":3,"turns":3},{"damage":11,"enemies":"Blue Slaver","floor":4,"turns":6},{"damage":12,"enemies":"Exordium Thugs","floor":5,"turns":5},{"damage":30,"enemies":"Lagavulin","floor":7,"turns":5},{"damage":13,"enemies":"Large Slime","floor":8,"turns":4},{"damage":8,"enemies":"Gremlin Nob","floor":12,"turns":3},{"damage":2,"enemies":"3 Louse","floor":14,"turns":2},{"damage":14,"enemies":"The Guardian","floor":16,"turns":11},{"damage":39,"enemies":"Shell Parasite","floor":18,"turns":7},{"damage":44,"enemies":"Masked Bandits","floor":22,"turns":7},{"damage":30,"enemies":"2 Thieves","floor":24,"turns":5},{"damage":24,"enemies":"Snake Plant","floor":28,"turns":6},{"damage":32,"enemies":"Centurion and Healer","floor":29,"turns":7},{"damage":30,"enemies":"Shelled Parasite and Fungi","floor":31,"turns":4},{"damage":63,"enemies":"Automaton","floor":33,"turns":6}],"seed_played":"-2761527946836489970","potions_obtained":[{"floor":5,"key":"CultistPotion"},{"floor":7,"key":"BlessingOfTheForge"},{"floor":8,"key":"BlessingOfTheForge"},{"floor":12,"key":"Energy Potion"},{"floor":16,"key":"Swift Potion"},{"floor":24,"key":"SpeedPotion"},{"floor":28,"key":"DistilledChaos"},{"floor":29,"key":"ColorlessPotion"}],"is_trial":false,"path_per_floor":["M","M","M","M","M","R","E","M","T","R","$","E","R","M","R","B",null,"M","?","$","?","?","R","M","R","T","R","M","M","R","M","R","B"],"character_chosen":"IRONCLAD","items_purchased":["Fruit Juice","Swift Potion"],"campfire_rested":1,"item_purchase_floors":[11,20],"current_hp_per_floor":[63,66,70,65,59,59,35,28,28,28,28,31,31,35,35,27,67,34,34,34,34,12,28,24,24,24,24,32,27,27,26,26,0,0],"gold":108,"neow_bonus":"TRANSFORM_CARD","is_daily":false,"chose_seed":false,"campfire_upgraded":8,"win_rate":0.0,"timestamp":1613731246,"path_taken":["M","M","M","M","M","R","E","M","T","R","$","E","R","M","R","BOSS","M","?","$","?","?","R","?","R","T","R","M","M","R","M","R","BOSS"],"items_purchased_type":["Potion","Potion"],"build_version":"2020-12-22","purchased_purges":1,"victory":false,"max_hp_per_floor":[75,75,75,75,75,75,75,75,75,75,75,80,80,80,80,80,80,80,80,80,56,56,56,56,56,56,56,56,56,56,56,56,56,56],"relic_stats":{"counters":[17,88],"obtain_stats":[{"Du-Vu Doll":7,"SlaversCollar":17,"Calipers":9,"Vajra":26,"The Courier":12,"Red Mask":22,"Burning Blood":0,"InkBottle":19},{"Du-Vu Doll":6,"SlaversCollar":10,"Calipers":7,"Vajra":13,"The Courier":8,"Red Mask":12,"Burning Blood":0,"InkBottle":11},{"Du-Vu Doll":26,"SlaversCollar":46,"Calipers":30,"Vajra":65,"The Courier":33,"Red Mask":60,"Burning Blood":0,"InkBottle":53}],"Burning Blood":96,"InkBottle":[8]},"card_choices":[{"not_picked":["Clothesline","Thunderclap"],"picked":"Carnage","floor":1},{"not_picked":["Wild Strike","Carnage"],"picked":"Pommel Strike","floor":2},{"not_picked":["Anger","Inflame"],"picked":"Ghostly Armor","floor":3},{"not_picked":["Twin Strike","Metallicize"],"picked":"Rampage","floor":4},{"not_picked":["True Grit","Battle Trance","Havoc"],"picked":"SKIP","floor":5},{"not_picked":["Corruption","Thunderclap"],"picked":"Headbutt","floor":7},{"not_picked":["Flex","Carnage"],"picked":"Seeing Red","floor":8},{"not_picked":["Spot Weakness","Thunderclap","Armaments"],"picked":"SKIP","floor":12},{"not_picked":["Spot Weakness","Pommel Strike","Entrench"],"picked":"SKIP","floor":14},{"not_picked":["Pummel","Thunderclap+1","Infernal Blade"],"picked":"SKIP","floor":18},{"not_picked":["Headbutt","Clash","Sword Boomerang+1"],"picked":"SKIP","floor":24},{"not_picked":["Bloodletting","Thunderclap","Battle Trance"],"picked":"SKIP","floor":28},{"not_picked":["Combust","Anger","Thunderclap"],"picked":"SKIP","floor":29},{"not_picked":["Hemokinesis+1","Intimidate"],"picked":"Power Through+1","floor":31}],"player_experience":862771,"relics_obtained":[{"floor":7,"key":"Du-Vu Doll"},{"floor":9,"key":"Calipers"},{"floor":12,"key":"The Courier"},{"floor":22,"key":"Red Mask"},{"floor":26,"key":"Vajra"}],"event_choices":[{"damage_healed":0,"gold_gain":0,"player_choice":"Obtained Relic","damage_taken":0,"relics_obtained":["InkBottle"],"max_hp_gain":0,"max_hp_loss":0,"event_name":"Addict","floor":19,"gold_loss":85},{"damage_healed":0,"gold_gain":0,"player_choice":"Became a vampire","damage_taken":0,"max_hp_gain":0,"max_hp_loss":24,"event_name":"Vampires","floor":21,"gold_loss":0,"cards_obtained":["Bite","Bite","Bite","Bite","Bite"]},{"damage_healed":0,"gold_gain":0,"player_choice":"Fought Bandits","damage_taken":0,"max_hp_gain":0,"max_hp_loss":0,"event_name":"Masked Bandits","floor":22,"gold_loss":0}],"is_beta":false,"boss_relics":[{"not_picked":["SacredBark","Runic Cube"],"picked":"SlaversCollar"}],"items_purged_floors":[11],"is_endless":false,"potions_floor_spawned":[5,7,8,12,16,24,28,29],"killed_by":"Automaton","ascension_level":18}}