{"host":"Aki","time":1613703014,"event":{"mods":["ATMod(°¢èªMod)","Act Like it!","BaseMod","Better Vampires","Challenge The Spire","Colored Powertips","Custom Start","Energized Spire","Minty Spire (QoL Compilation)","MostiFishMod","Quick Restart","StSLib","Waifu the Spire","Youmu£¨»êÆÇÑýÃÎ£©","noobMod","¡¾ÒÅÎï¿¨ÅÆ¡¿REMEMod"],"gold_per_floor":[364,364,439,439,454,495,495,168,168,21,21,56,56,81,81,205,205,225,238,138,157,171,204,204,204,204,204,204,214,233,263,263,366,366,385,395,395,395,445,445,489,489,571,624,643,669,685,685,685,688,688,688,120,187,202],"floor_reached":56,"language":"ZHS","playtime":1509,"items_purged":["Strike_R","Strike_R","Strike_R"],"score":2160,"play_id":"f98f5d72-3b16-431d-b870-58cef6668ff7","local_time":"20210219105014","is_ascension_mode":true,"campfire_choices":[{"data":"AT_BodySlamDance","floor":7.0,"key":"SMITH"},{"floor":13.0,"key":"RECALL"},{"data":"Second Wind","floor":15.0,"key":"SMITH"},{"data":"Barricade","floor":24.0,"key":"SMITH"},{"data":"Bash","floor":28.0,"key":"SMITH"},{"data":"AT_ShrugMaster","floor":32.0,"key":"SMITH"},{"data":"Defend_R","floor":40.0,"key":"SMITH"},{"data":"Entrench","floor":42.0,"key":"SMITH"},{"data":"Defend_R","floor":49,"key":"SMITH"},{"data":"Defend_R","floor":52,"key":"SMITH"}],"circlet_count":0,"master_deck":["Strike_R","Defend_R+1","Defend_R+1","Defend_R+1","Defend_R+1","AT_BodySlamDance+1","AT_ShrugMaster+1","Second Wind+1","Barricade+1","Entrench+1","Feel No Pain+1","REME_Fury+1"],"relics":["Burning Blood","ice","AT_ATBox","REME_ComplimentaryCards","DaveBox","GreenFoldingFan","SynthV:TestCard","Bloody Idol","Art of War","Centennial Puzzle","AT_BellowingDragoncrestRing","Singing Bowl","Bag of Preparation","AT_EbonyIvory","energizedSpire:OgreHead","AT_ImmortalShieldbow","AT_GuinsooRageblade","Black Star","REME_ArchaeologicalTools","PreservedInsect","Question Card","Eternal Feather","Toxic Egg 2","AT_RedTearstoneRing","Boot","Omamori","TungstenRod","AT_ForceNature","Pantograph"],"acts_visited":["Exordium","TheCity","TheBeyond","TheEnding"],"potions_floor_usage":[45,55,55],"damage_taken":[{"damage":6.0,"enemies":"Small Slimes","floor":1.0,"turns":3.0},{"damage":4.0,"enemies":"2 Louse","floor":5.0,"turns":2.0},{"damage":23.0,"enemies":"Lagavulin","floor":6.0,"turns":4.0},{"damage":19.0,"enemies":"3 Sentries","floor":12.0,"turns":7.0},{"damage":4.0,"enemies":"Cultist","floor":14.0,"turns":2.0},{"damage":8.0,"enemies":"The Guardian","floor":16.0,"turns":4.0},{"damage":2.0,"enemies":"Chosen","floor":18.0,"turns":1.0},{"damage":2.0,"enemies":"2 Thieves","floor":19.0,"turns":1.0},{"damage":2.0,"enemies":"Sentry and Sphere","floor":21.0,"turns":1.0},{"damage":4.0,"enemies":"Centurion and Healer","floor":22.0,"turns":2.0},{"damage":4.0,"enemies":"Slavers","floor":23.0,"turns":2.0},{"damage":4.0,"enemies":"3 Cultists","floor":29.0,"turns":2.0},{"damage":4.0,"enemies":"Cultist and Chosen","floor":30.0,"turns":2.0},{"damage":6.0,"enemies":"Gremlin Leader","floor":31.0,"turns":3.0},{"damage":8.0,"enemies":"Automaton","floor":33.0,"turns":4.0},{"damage":4.0,"enemies":"3 Darklings","floor":35.0,"turns":2.0},{"damage":8.0,"enemies":"3 Shapes","floor":36.0,"turns":2.0},{"damage":6.0,"enemies":"Maw","floor":39.0,"turns":3.0},{"damage":6.0,"enemies":"Giant Head","floor":41.0,"turns":3.0},{"damage":4.0,"enemies":"Reptomancer","floor":44.0,"turns":2.0},{"damage":2,"enemies":"3 Darklings","floor":45,"turns":1},{"damage":2,"enemies":"Nemesis","floor":46,"turns":1},{"damage":6,"enemies":"Jaw Worm Horde","floor":47,"turns":3},{"damage":22,"enemies":"Time Eater","floor":50,"turns":3},{"damage":28,"enemies":"Shield and Spear","floor":54,"turns":11},{"damage":0,"enemies":"The Heart","floor":55,"turns":4}],"seed_played":"-5870073395021490641","potions_obtained":[{"floor":5.0,"key":"DistilledChaos"},{"floor":6.0,"key":"ColorlessPotion"},{"floor":14.0,"key":"HeartOfIron"},{"floor":18.0,"key":"LiquidMemories"},{"floor":29.0,"key":"DistilledChaos"},{"floor":47,"key":"ElixirPotion"}],"is_trial":false,"path_per_floor":["M","?","?","?","M","E","R","$","T","$","?","E","R","M","R","B",null,"M","M","$","M","M","E","R","?","T","?","R","M","M","E","R","B",null,"M","M","?","?","M","R","E","R","T","E","M","E","M","?","R","B",null,"R","$","E","B",null],"character_chosen":"IRONCLAD","items_purchased":["AT_BellowingDragoncrestRing","Bag of Preparation","TungstenRod","REME_Fury+1"],"campfire_rested":0,"item_purchase_floors":[8,10,53,53],"current_hp_per_floor":[66,46,35,32,44,37,37,37,37,37,37,34,34,46,46,54,74,82,84,84,86,88,90,90,90,90,90,90,92,94,96,96,98,98,100,102,102,102,104,104,104,104,104,106,108,110,110,110,110,104,109,110,110,112,112],"gold":202,"neow_bonus":"TWO_FIFTY_GOLD","is_daily":false,"chose_seed":false,"campfire_upgraded":9,"win_rate":0.0,"timestamp":1613703014,"path_taken":["M","?","?","?","M","E","R","$","T","$","?","E","R","M","R","BOSS","M","M","?","M","?","E","R","?","T","?","R","M","M","E","R","BOSS","M","M","?","?","?","R","E","R","T","E","M","E","M","?","R","BOSS","R","$","E","BOSS"],"items_purchased_type":["Relic","Relic","Relic","Card"],"build_version":"2020-12-18","purchased_purges":3,"victory":true,"max_hp_per_floor":[80,80,80,80,80,80,80,80,80,80,80,80,80,80,80,80,80,82,84,84,86,88,90,90,90,90,90,90,92,94,96,96,98,98,100,102,102,102,104,104,104,104,104,106,108,110,110,110,110,110,110,110,110,112,112],"card_choices":[{"not_picked":["Warcry","AT_IchimonjiDouble","Flex"],"picked":"SKIP","floor":1.0},{"not_picked":["Sentinel","Sword Boomerang","Berserk","Twin Strike"],"picked":"AT_BodySlamDance","floor":5.0},{"not_picked":["Seeing Red","Ghostly Armor","Intimidate","Body Slam","Wild Strike"],"picked":"SKIP","floor":6.0},{"not_picked":["Uppercut","Twin Strike","Flex","Body Slam"],"picked":"AT_ShrugMaster","floor":12.0},{"not_picked":["AT_Dispersion","Shrug It Off","Flex","Rampage"],"picked":"Second Wind","floor":14.0},{"not_picked":["MostiFishMod:OrdinaryWorld","MostiFishMod:TemporaryOutbreak","MostiFishMod:FlyOverUtopia","MostiFishMod:ChineseTea"],"picked":"Barricade","floor":16.0},{"not_picked":["Rupture+1","Armaments","Cleave+1","True Grit","Flame Barrier"],"picked":"Singing Bowl","floor":18.0},{"not_picked":["Havoc","Rampage+1","Shrug It Off","MostiFishMod:BrandingRite","Flex"],"picked":"Singing Bowl","floor":19.0},{"not_picked":["AT_CaressingTears","Twin Strike+1","MostiFishMod:#F4004+1","Warcry","Pommel Strike"],"picked":"Singing Bowl","floor":21.0},{"not_picked":["Second Wind","Heavy Blade","Perfected Strike","REME_Scribble+1","Cleave"],"picked":"Singing Bowl","floor":22.0},{"not_picked":["MostiFishMod:WingOfPhoenix","Body Slam","Clash+1","Carnage","Pommel Strike"],"picked":"Singing Bowl","floor":23.0},{"not_picked":["Thunderclap","Clothesline+1","Flex","Intimidate","MostiFishMod:#F4004"],"picked":"Singing Bowl","floor":29.0},{"not_picked":["Clash","Warcry+1","REME_TheLastStrike","Pummel","REME_Cut"],"picked":"Singing Bowl","floor":30.0},{"not_picked":["Whirlwind","Heavy Blade","Body Slam+1","AT_BodySlamDance","Havoc"],"picked":"Singing Bowl","floor":31.0},{"not_picked":["REME_ACTH","MostiFishMod:FlyOverUtopia","Demon Form","Brutality","MostiFishMod:PerfectStrikeMKII"],"picked":"Singing Bowl","floor":33.0},{"not_picked":["Shrug It Off","AT_CaressingTears","Body Slam","Spot Weakness+1","AT_DrawKnifeCut+1"],"picked":"Singing Bowl","floor":35.0},{"not_picked":["AT_BodySlamDance+1","Perfected Strike","Wild Strike+1","Warcry","Sword Boomerang"],"picked":"Singing Bowl","floor":36.0},{"not_picked":["Whirlwind","MostiFishMod:BrandingRite","Iron Wave","Second Wind","Twin Strike+1"],"picked":"Singing Bowl","floor":39.0},{"not_picked":["AT_DrawKnifeCut","Rage","Berserk","REME_Cut+1"],"picked":"Entrench","floor":41.0},{"not_picked":["Uppercut+1","Clothesline+1","Perfected Strike+1","Heavy Blade","Sword Boomerang+1","Rampage"],"picked":"Singing Bowl","floor":44.0},{"not_picked":["AT_IchimonjiDouble+1","Headbutt","Clash","Clothesline","Iron Wave","Shrug It Off+1"],"picked":"Singing Bowl","floor":45},{"not_picked":["Iron Wave+1","Armaments+1","Shrug It Off+1","Perfected Strike+1","Clash+1","Headbutt+1"],"picked":"Singing Bowl","floor":46},{"not_picked":["Blood for Blood","REME_Scribble+1","Rampage+1","Disarm+1","Bloodletting+1"],"picked":"Feel No Pain+1","floor":47},{"not_picked":["Feed","Clash+1","Blood for Blood","Metallicize","Combust+1","Twin Strike+1"],"picked":"Singing Bowl","floor":54}],"player_experience":79590,"relics_obtained":[{"floor":1.0,"key":"SynthV:TestCard"},{"floor":6.0,"key":"Centennial Puzzle"},{"floor":9.0,"key":"Singing Bowl"},{"floor":12.0,"key":"AT_EbonyIvory"},{"floor":23.0,"key":"AT_ImmortalShieldbow"},{"floor":31.0,"key":"AT_GuinsooRageblade"},{"floor":38.0,"key":"REME_ArchaeologicalTools"},{"floor":41.0,"key":"PreservedInsect"},{"floor":41.0,"key":"Question Card"},{"floor":43.0,"key":"Eternal Feather"},{"floor":44.0,"key":"Toxic Egg 2"},{"floor":44.0,"key":"AT_RedTearstoneRing"},{"floor":46,"key":"Boot"},{"floor":46,"key":"Omamori"},{"floor":54,"key":"AT_ForceNature"},{"floor":54,"key":"Pantograph"}],"event_choices":[{"damage_healed":0.0,"max_hp_gain":0.0,"max_hp_loss":0.0,"gold_gain":0.0,"event_name":"Golden Idol","player_choice":"Take Damage","floor":2.0,"gold_loss":0.0,"damage_taken":20.0,"relics_obtained":["Golden Idol"]},{"damage_healed":0.0,"max_hp_gain":0.0,"max_hp_loss":0.0,"gold_gain":75.0,"event_name":"World of Goop","player_choice":"Gather Gold","floor":3.0,"gold_loss":0.0,"damage_taken":11.0},{"damage_healed":0.0,"max_hp_gain":0.0,"max_hp_loss":0.0,"gold_gain":0.0,"event_name":"Scrap Ooze","player_choice":"Success","floor":4.0,"gold_loss":0.0,"damage_taken":3.0,"relics_obtained":["Art of War"]},{"cards_removed":["Strike_R"],"damage_healed":0.0,"max_hp_gain":0.0,"max_hp_loss":0.0,"gold_gain":0.0,"event_name":"Purifier","player_choice":"Purged","floor":11.0,"gold_loss":0.0,"damage_taken":0.0},{"damage_healed":0.0,"max_hp_gain":0.0,"max_hp_loss":0.0,"gold_gain":0.0,"event_name":"Forgotten Altar","player_choice":"Gave Idol","floor":25.0,"relics_lost":["Golden Idol"],"gold_loss":0.0,"damage_taken":0.0,"relics_obtained":["Bloody Idol"]},{"damage_healed":0.0,"max_hp_gain":0.0,"max_hp_loss":0.0,"gold_gain":0.0,"event_name":"Ghosts","player_choice":"Ignored","floor":27.0,"gold_loss":0.0,"damage_taken":0.0},{"cards_removed":["Bash"],"damage_healed":0.0,"max_hp_gain":0.0,"max_hp_loss":0.0,"gold_gain":0.0,"event_name":"Falling","player_choice":"Removed Attack","floor":37.0,"gold_loss":0.0,"damage_taken":0.0},{"damage_healed":0.0,"max_hp_gain":0.0,"max_hp_loss":0.0,"gold_gain":0.0,"event_name":"Wheel of Change","player_choice":"Relic","floor":38.0,"gold_loss":0.0,"damage_taken":0.0},{"damage_healed":0,"gold_gain":0,"player_choice":"Forge","damage_taken":0,"max_hp_gain":0,"max_hp_loss":0,"event_name":"Accursed Blacksmith","floor":48,"gold_loss":0,"cards_upgraded":["Defend_R"]}],"is_beta":true,"boss_relics":[{"not_picked":["Empty Cage","Runic Cube"],"picked":"energizedSpire:OgreHead"},{"not_picked":["AT_MortalBlade","Calling Bell"],"picked":"Black Star"}],"items_purged_floors":[8,20,53],"is_endless":false,"potions_floor_spawned":[5,6,14,18,29,30,31,33,44,47],"ascension_level":5}}