{"host":"gvmmh8a4dbuurnvz","time":1613741742,"event":{"mods":["100% Spire Juice","AchievementEnabler","Aspiration","BaseMod","Better Vampires","BetterRewards","Colored Powertips","Highlight Path","Marisa£®ÏF”Í°°ƒß¿Ì…≥£©","Minty Spire (QoL Compilation)","MostiFishMod","Remilia£®¿Ÿ√◊¿Ú—«£©","Spicy Shops","StSLib","The Cursed","The Runesmith","The Servant 0.9.4","Youmu£®ªÍ∆«—˝√Œ£©","°æ“≈ŒÔø®≈∆°øREMEMod"],"gold_per_floor":[-1291,-1291,-1291,-1277,-1260,-1233,-1233,-1233,-1233,-1223,-1210,-1210,-1195,-1165,-1165,-1061,-1061,20,30,30,48,48,81,1,1,56,56,90,90,123,23,23,121,121,132,144,24,246,265,292,88,88,88,98,114,84,135,135,135,135,135,135,17,49,49],"floor_reached":56,"language":"ZHS","playtime":2852,"items_purged":["Runesmith:Strike_RS","Shame","Envy_TH","Runesmith:Defend_RS","Bite"],"score":1873,"play_id":"7068d976-5317-49c7-be03-f7e8c3ffa44a","local_time":"20210219213542","is_ascension_mode":false,"campfire_choices":[{"floor":8.0,"key":"RECALL"},{"data":"Runesmith:Grindstone","floor":15.0,"key":"SMITH"},{"data":"Runesmith:HammerThrow","floor":25.0,"key":"SMITH"},{"data":"Bite","floor":32,"key":"PURGE"},{"data":"Runesmith:Reinforce","floor":42,"key":"SMITH"},{"data":"Runesmith:ArcReactor+1","floor":49,"key":"PURGE"},{"data":"Runesmith:Defend_RS","floor":52,"key":"PURGE"}],"circlet_count":0,"master_deck":["Runesmith:Defend_RS","Runesmith:CraftFirestone","Runesmith:Fortify","Runesmith:CraftReservo","Runesmith:HammerThrow+1","Runesmith:Defend_RS","Runesmith:CraftObretio","Runesmith:WhiteBalance+1","Runesmith:CraftProtectio","Runesmith:Grindstone+1","Runesmith:MetallurgicalResearch+1","Runesmith:Supernova+1","Runesmith:HammerThrow+1","Runesmith:UnlimitedPower+1","Runesmith:CraftVitae+1","Runesmith:HammerTime+1","Runesmith:CraftMagma+1","Runesmith:Reinforce+1","Runesmith:FissionHammer+1","Runesmith:HammerThrow+1","Runesmith:LithiumIon"],"relics":["Runesmith:BrokenRuby","DaveBox","REME_ComplimentaryCards","SynthV:MejaisSoulstealer","BrkXgEgg","Civilization","Pen Nib","Shuriken","Nunchaku","SynthV:TestCard","Peace Pipe","Bag of Marbles","RhineSuit","The Courier","Red Mask","Singing Bowl","FeatherPendant","Bag of Preparation","Membership Card","Eternal Feather","Runesmith:EmergencyProvisions","CatCart","Whetstone","Runesmith:Nanobots"],"acts_visited":["Exordium","TheCity","TheBeyond","TheEnding"],"potions_floor_usage":[50,50,50,55,55],"damage_taken":[{"damage":0.0,"enemies":"Cultist","floor":1.0,"turns":4.0},{"damage":0.0,"enemies":"Jaw Worm","floor":4.0,"turns":2.0},{"damage":0.0,"enemies":"Small Slimes","floor":5.0,"turns":1.0},{"damage":0.0,"enemies":"3 Sentries","floor":6.0,"turns":6.0},{"damage":0.0,"enemies":"Looter","floor":10.0,"turns":1.0},{"damage":0.0,"enemies":"Large Slime","floor":11.0,"turns":1.0},{"damage":0.0,"enemies":"2 Fungi Beasts","floor":13.0,"turns":1.0},{"damage":0.0,"enemies":"Lagavulin","floor":14.0,"turns":2.0},{"damage":0.0,"enemies":"Slime Boss","floor":16.0,"turns":3.0},{"damage":0.0,"enemies":"2 Thieves","floor":18.0,"turns":2.0},{"damage":0.0,"enemies":"Chosen","floor":19.0,"turns":2.0},{"damage":0.0,"enemies":"Shelled Parasite and Fungi","floor":21.0,"turns":3.0},{"damage":0.0,"enemies":"Masked Bandits","floor":23.0,"turns":3.0},{"damage":0,"enemies":"Gremlin Leader","floor":28,"turns":5},{"damage":0,"enemies":"Book of Stabbing","floor":30,"turns":5},{"damage":0,"enemies":"Automaton","floor":33,"turns":4},{"damage":0,"enemies":"3 Shapes","floor":35,"turns":3},{"damage":1,"enemies":"Orb Walker","floor":36,"turns":1},{"damage":0,"enemies":"Maw","floor":39,"turns":1},{"damage":0,"enemies":"Nemesis","floor":40,"turns":3},{"damage":0,"enemies":"3 Darklings","floor":44,"turns":2},{"damage":1,"enemies":"Writhing Mass","floor":45,"turns":1},{"damage":2,"enemies":"Orin","floor":47,"turns":2},{"damage":0,"enemies":"Donu and Deca","floor":50,"turns":2},{"damage":3,"enemies":"Shield and Spear","floor":54,"turns":1},{"damage":34,"enemies":"The Heart","floor":55,"turns":5}],"seed_played":"8832836875599056026","potions_obtained":[{"floor":1.0,"key":"Energy Potion"},{"floor":5.0,"key":"GamblersBrew"},{"floor":6.0,"key":"CultistPotion"},{"floor":19.0,"key":"Strength Potion"},{"floor":33,"key":"Strength Potion"},{"floor":36,"key":"EssenceOfSteel"},{"floor":44,"key":"Weak Potion"},{"floor":54,"key":"ColorlessPotion"}],"is_trial":false,"path_per_floor":["M","?","$","M","M","E","?","R","T","M","M","$","M","E","R","B",null,"M","M","?","M","?","?","$","R","T","?","E","?","E","$","R","B",null,"M","M","$","?","M","E","$","R","T","M","M","$","?","?","R","B",null,"R","$","E","B",null],"character_chosen":"RUNESMITH_CLASS","items_purchased":["BrkXgEgg","Civilization","Pen Nib","Shuriken","Nunchaku","Runesmith:CraftReservo","Membership Card","Runesmith:EmergencyProvisions","Whetstone","Energy Potion","Runesmith:LithiumIon"],"campfire_rested":0,"item_purchase_floors":[0,0,0,0,0,0,41,46,53,53,53],"current_hp_per_floor":[71,71,71,73,77,82,82,82,82,87,92,92,97,102,102,107,107,112,117,95,100,100,105,105,105,105,105,110,99,107,107,107,117,120,125,131,131,131,138,145,145,145,145,150,156,156,159,155,155,160,160,160,160,164,135],"gold":49,"neow_bonus":"","is_daily":false,"chose_seed":false,"campfire_upgraded":3,"win_rate":0.0,"timestamp":1613741742,"path_taken":["M","?","$","?","M","E","?","R","T","M","M","?","M","E","R","BOSS","M","M","?","M","?","?","?","R","T","?","E","?","E","$","R","BOSS","M","M","$","?","M","E","$","R","T","M","M","$","?","?","R","BOSS","R","$","E","BOSS"],"items_purchased_type":["Relic","Relic","Relic","Relic","Relic","Card","Relic","Relic","Relic","Potion","Card"],"build_version":"2020-12-22","purchased_purges":5,"victory":true,"max_hp_per_floor":[71,71,71,73,77,82,82,82,82,87,92,92,97,102,102,107,107,112,117,95,100,100,105,105,105,105,105,110,110,115,115,115,120,120,125,132,132,132,139,146,146,146,146,151,158,158,163,155,155,160,160,160,160,167,172],"card_choices":[{"not_picked":["Runesmith:Overpower","Runesmith:HammerAndChisel"],"picked":"Runesmith:HammerThrow","floor":1.0},{"not_picked":["Runesmith:Repurpose","Runesmith:UnstableHammer","Runesmith:Superposition","Runesmith:CraftVitae","Runesmith:Malloc"],"picked":"SKIP","floor":4.0},{"not_picked":["Runesmith:RunicBlueprint","Runesmith:Repurpose","Runesmith:RuneHurl","Runesmith:Overpower"],"picked":"Runesmith:CraftObretio","floor":5.0},{"not_picked":["Runesmith:Attraction","Runesmith:Firestorm","Runesmith:Repurpose","Runesmith:Superposition"],"picked":"Runesmith:WhiteBalance","floor":6.0},{"not_picked":["Runesmith:Superposition","Runesmith:CraftIncendium","Runesmith:UnstableHammer","Runesmith:ShiftingStrike"],"picked":"Runesmith:CraftProtectio","floor":10.0},{"not_picked":["Runesmith:HammerTime","Runesmith:CraftSpiculum","Runesmith:RunicBlueprint","Runesmith:CraftMagma"],"picked":"Runesmith:Grindstone","floor":11.0},{"not_picked":["Runesmith:Augment","Runesmith:StaticCage","Runesmith:CraftSpiculum","Runesmith:ChiselStab","Runesmith:ChargedHammer"],"picked":"SKIP","floor":13.0},{"not_picked":["Runesmith:ShiftingStrike","Runesmith:Superposition","Runesmith:MakeshiftArmor","Runesmith:ChiselStab"],"picked":"Runesmith:MetallurgicalResearch+1","floor":14.0},{"not_picked":["Runesmith:GrandSlam+1","Runesmith:LightningRod+1","Runesmith:DuctTape+1","Runesmith:CraftPrismatica+1"],"picked":"Runesmith:Supernova+1","floor":16.0},{"not_picked":["Runesmith:Overpower","Runesmith:UnstableHammer+1","Runesmith:HeatExchange","Runesmith:EarthShield"],"picked":"Runesmith:HammerThrow","floor":18.0},{"not_picked":["Runesmith:FrozenChisel+1","Runesmith:Overpower","Runesmith:CraftProtectio+1","Runesmith:EarthShield"],"picked":"Runesmith:UnlimitedPower+1","floor":19.0},{"not_picked":["Runesmith:UnstableHammer","Runesmith:ShiftingStrike","Runesmith:Prism+1","aspiration:UnbridledHammer"],"picked":"Runesmith:CraftVitae+1","floor":21.0},{"not_picked":["Runesmith:HammerAndChisel","Runesmith:Empowerment","Runesmith:Grindstone","Runesmith:UnlimitedPower+1"],"picked":"Runesmith:HammerTime+1","floor":28},{"not_picked":["Runesmith:CraftReservo","Runesmith:CraftVitae","Runesmith:ChiselStab","Runesmith:CraftMedicinae+1"],"picked":"Runesmith:CraftMagma+1","floor":30},{"not_picked":["Runesmith:FissionHammer+1","Runesmith:MetallurgicalResearch+1","Runesmith:UnlimitedPower+1","Runesmith:CraftIndustria+1"],"picked":"Runesmith:ArcReactor+1","floor":33},{"not_picked":["Runesmith:Repurpose","Runesmith:HeatExchange","Runesmith:ChargedHammer","Runesmith:EnergizedChisel+1"],"picked":"Runesmith:Reinforce","floor":35},{"not_picked":["Runesmith:Electrocute","Runesmith:RuneHurl+1","Runesmith:CraftProtectio+1","Runesmith:EnergizedChisel","Runesmith:Empowerment"],"picked":"Singing Bowl","floor":36},{"not_picked":["Runesmith:HammerThrow","Runesmith:Empowerment+1","Runesmith:ChiselStab+1","Runesmith:RuneHurl+1","Runesmith:Repurpose"],"picked":"Singing Bowl","floor":39},{"not_picked":["Runesmith:ChargedHammer","Runesmith:WhiteBalance+1","Runesmith:HeatedChisel+1","Runesmith:Prism+1","Runesmith:OneForEveryone"],"picked":"Singing Bowl","floor":40},{"not_picked":["Runesmith:Discharge+1","Runesmith:EnergizedChisel+1","Runesmith:ShiftingStrike+1","Runesmith:EarthShield"],"picked":"Runesmith:FissionHammer+1","floor":44},{"not_picked":["Runesmith:HeatExchange+1","Runesmith:EarthShield","Runesmith:ChiselStab+1","Runesmith:HammerTime","Runesmith:CraftProtectio"],"picked":"Singing Bowl","floor":45},{"not_picked":["Runesmith:WhiteBalance+1","Runesmith:EnergizedChisel+1","Runesmith:EarthShield+1","Runesmith:ChiselStab+1"],"picked":"Runesmith:HammerThrow+1","floor":47},{"not_picked":["Runesmith:LithiumIon","Runesmith:UnlimitedPower+1","Runesmith:Terraform","Runesmith:StaticCage+1","Runesmith:CraftMagma+1"],"picked":"Singing Bowl","floor":54}],"player_experience":355279,"relics_obtained":[{"floor":1.0,"key":"SynthV:TestCard"},{"floor":6.0,"key":"Peace Pipe"},{"floor":14.0,"key":"Bag of Marbles"},{"floor":23.0,"key":"Red Mask"},{"floor":28,"key":"Singing Bowl"},{"floor":40,"key":"Bag of Preparation"},{"floor":43,"key":"Eternal Feather"},{"floor":47,"key":"CatCart"},{"floor":54,"key":"Runesmith:Nanobots"}],"event_choices":[{"damage_healed":0.0,"max_hp_gain":0.0,"max_hp_loss":0.0,"gold_gain":0.0,"event_name":"Accursed Blacksmith","player_choice":"Forge","floor":7.0,"gold_loss":0.0,"damage_taken":0.0,"cards_upgraded":["Runesmith:HammerThrow"]},{"damage_healed":0.0,"max_hp_gain":0.0,"max_hp_loss":22.0,"gold_gain":0.0,"event_name":"Vampires","player_choice":"Became a vampire","floor":20.0,"gold_loss":0.0,"damage_taken":0.0,"cards_obtained":["Bite","Bite","Bite"]},{"damage_healed":0.0,"max_hp_gain":0.0,"max_hp_loss":0.0,"gold_gain":0.0,"event_name":"Addict","player_choice":"Stole Relic","floor":22.0,"gold_loss":0.0,"damage_taken":0.0,"relics_obtained":["The Courier"],"cards_obtained":["Shame"]},{"damage_healed":0.0,"max_hp_gain":0.0,"max_hp_loss":0.0,"gold_gain":0.0,"event_name":"Masked Bandits","player_choice":"Fought Bandits","floor":23.0,"gold_loss":0.0,"damage_taken":0.0},{"damage_healed":0,"gold_gain":0,"player_choice":"Damaged","damage_taken":11,"max_hp_gain":0,"max_hp_loss":0,"event_name":"Wheel of Change","floor":29,"gold_loss":0},{"damage_healed":0,"gold_gain":222,"player_choice":"Wore Mask","damage_taken":0,"max_hp_gain":0,"max_hp_loss":0,"event_name":"Tomb of Lord Red Mask","floor":38,"gold_loss":0},{"damage_healed":0,"gold_gain":0,"player_choice":"Fight","damage_taken":0,"max_hp_gain":0,"max_hp_loss":0,"event_name":"OrinTheCat","floor":47,"gold_loss":0},{"damage_healed":0,"gold_gain":0,"player_choice":"Max HP","damage_taken":0,"max_hp_gain":0,"max_hp_loss":8,"event_name":"Winding Halls","floor":48,"gold_loss":0}],"is_beta":false,"boss_relics":[{"not_picked":["HereWithMe","aspiration:RunicSpoon"],"picked":"RhineSuit"},{"not_picked":["aspiration:SecretTechniqueScroll","JellyFishMachine"],"picked":"FeatherPendant"}],"items_purged_floors":[0,24,31,37,41],"is_endless":false,"potions_floor_spawned":[1,5,6,19,33,36,44,45,47,54],"ascension_level":0}}