{"host":"jh7kh5nqtgzr3auj","time":1613727284,"event":{"mods":["AchievementEnabler","Act Like it!","BaseMod","Lobotomy","LobotomyExtend","Minty Spire (QoL Compilation)","Quick Restart","Relic Stats","StSLib","TestMod","¡¾ÒÅÎï¿¨ÅÆ¡¿REMEMod"],"gold_per_floor":[114,84,103,121,71,99,116,116,116,119,119],"floor_reached":10,"language":"ZHS","playtime":544,"items_purged":[],"score":71,"play_id":"719428c0-bdc0-4cfa-8c5b-44958351433e","local_time":"20210219173444","is_ascension_mode":true,"campfire_choices":[],"circlet_count":0,"master_deck":["SpecialBullet","SpecialBullet","SpecialBullet","SpecialBullet","SpecialBullet","SpecialBullet","SpecialBullet","ExtractionCode","RecordCode","InformationCode","MasterReality+1","Twilight+1","Noise","Wingbeat","BlackSwan","Soda","OldLady","Gaze","ScreamingWedge","ShedSkin","Penitence","Loneliness","OSAHOGD"],"relics":["CogitoBucket","testmod-TestBox","REME_ComplimentaryCards","testmod-BloodSacrificeSpiritualization","LetterFromLob","Kunai","testmod-TheFather"],"acts_visited":["Exordium"],"potions_floor_usage":[6,10],"damage_taken":[{"damage":8,"enemies":"Small Slimes","floor":1,"turns":2},{"damage":7,"enemies":"Cultist","floor":3,"turns":2},{"damage":7,"enemies":"2 Louse","floor":4,"turns":3},{"damage":43,"enemies":"Lagavulin","floor":6,"turns":5},{"damage":7,"enemies":"Blue Slaver","floor":7,"turns":3},{"damage":7,"enemies":"3 Sentries","floor":10,"turns":2}],"seed_played":"-5059119239186801008","potions_obtained":[{"floor":1,"key":"AttackPotion"},{"floor":2,"key":"SmokeBomb"},{"floor":2,"key":"Strength Potion"},{"floor":7,"key":"SkillPotion"}],"is_trial":false,"path_per_floor":["M","?","M","M","?","E","M","R","T","E"],"character_chosen":"Angela","items_purchased":[],"campfire_rested":0,"item_purchase_floors":[],"current_hp_per_floor":[62,62,55,49,49,10,3,3,3,0,0],"gold":119,"neow_bonus":"ONE_RANDOM_RARE_CARD","is_daily":false,"chose_seed":false,"campfire_upgraded":0,"win_rate":0.0,"timestamp":1613727284,"path_taken":["M","?","?","M","?","E","M","R","T","E"],"items_purchased_type":[],"build_version":"2020-12-22","purchased_purges":0,"victory":false,"max_hp_per_floor":[70,70,70,70,70,70,70,70,70,70,70],"relic_stats":{"counters":[6,17],"Kunai":[1],"obtain_stats":[{"CogitoBucket":0,"testmod-TestBox":0,"testmod-TheFather":9,"LetterFromLob":1,"testmod-BloodSacrificeSpiritualization":0,"Kunai":6,"REME_ComplimentaryCards":0},{"CogitoBucket":0,"testmod-TestBox":0,"testmod-TheFather":5,"LetterFromLob":1,"testmod-BloodSacrificeSpiritualization":0,"Kunai":4,"REME_ComplimentaryCards":0},{"CogitoBucket":0,"testmod-TestBox":0,"testmod-TheFather":15,"LetterFromLob":2,"testmod-BloodSacrificeSpiritualization":0,"Kunai":12,"REME_ComplimentaryCards":0}]},"card_choices":[{"not_picked":["Logging"],"picked":"Noise","floor":1},{"not_picked":["Noise"],"picked":"Wingbeat","floor":1},{"not_picked":["ShyLook","HeroicMonk"],"picked":"BlackSwan","floor":1},{"not_picked":["SomewhereSpear"],"picked":"Soda","floor":3},{"not_picked":["BodiesMountain","PunishingBird"],"picked":"OldLady","floor":3},{"not_picked":["RedEyes","WristCuter"],"picked":"SKIP","floor":3},{"not_picked":["WristCuter"],"picked":"Gaze","floor":4},{"not_picked":["LifeForTheDareDevil","Lantern"],"picked":"SKIP","floor":4},{"not_picked":["LifeForTheDareDevil","Lantern"],"picked":"SKIP","floor":4},{"not_picked":["CUTE"],"picked":"ScreamingWedge","floor":6},{"not_picked":["Christmas"],"picked":"ShedSkin","floor":6},{"not_picked":["FourthMatchFlame"],"picked":"Penitence","floor":7},{"not_picked":["CherryBlossom"],"picked":"Loneliness","floor":7},{"not_picked":["LittleHelper","CherryBlossoms"],"picked":"OSAHOGD","floor":7}],"player_experience":316193,"relics_obtained":[{"floor":1,"key":"LetterFromLob"},{"floor":6,"key":"Kunai"},{"floor":9,"key":"testmod-TheFather"}],"event_choices":[{"damage_healed":0,"gold_gain":0,"player_choice":"Bought 2 Potions","damage_taken":0,"max_hp_gain":0,"max_hp_loss":0,"event_name":"The Woman in Blue","floor":2,"gold_loss":0},{"cards_removed":["SpecialBullet"],"damage_healed":0,"gold_gain":0,"player_choice":"Card Removal","damage_taken":0,"max_hp_gain":0,"max_hp_loss":0,"event_name":"The Cleric","floor":5,"gold_loss":50}],"is_beta":false,"boss_relics":[],"items_purged_floors":[],"is_endless":false,"potions_floor_spawned":[1,7],"killed_by":"3 Sentries","ascension_level":1}}