{"host":"i0m6ffz3lpe3z1ky","time":1613755393,"event":{"mods":["Aspiration","BaseMod","Bestiary","BetterRewards","Colored Map","Conspire","Energized Spire","Highlight Path","Hubris","Ironclad Rager","Minty Spire (QoL Compilation)","Quick Restart","Reliquary","Shop Mod","Spicy Shops","StSLib","Thieving Mod"],"gold_per_floor":[110,110,110,122,12,12,39,39,62,62,74,84,84,119,119,216,216,231,231,116,191,68,94,94,126,126,126,126,153,253,268,268,372,372,387,88,88,104,117,148,148,180,180,180,108,108,140,140,140,140,140,140,3,31,31,31],"floor_reached":55,"language":"KOR","playtime":2247,"items_purged":["conspire:Purge+1"],"score":1410,"play_id":"25ef9c47-feda-4870-8d3f-b27e18b4b072","local_time":"20210220022313","is_ascension_mode":true,"campfire_choices":[{"data":"Spot Weakness","floor":6.0,"key":"SMITH"},{"data":"Heavy Blade","floor":13.0,"key":"SMITH"},{"data":"Fire Breathing","floor":15.0,"key":"SMITH"},{"data":"conspire:Purge","floor":24,"key":"SMITH"},{"data":"Seeing Red","floor":27,"key":"SMITH"},{"floor":32,"key":"RECALL"},{"data":"Double Tap","floor":41,"key":"SMITH"},{"data":"Shrug It Off","floor":44,"key":"SMITH"},{"data":"Bash","floor":46,"key":"SMITH"},{"data":"Defend_R","floor":49,"key":"SMITH"},{"floor":52,"key":"REST"}],"circlet_count":0,"master_deck":["Strike_R+1","Defend_R+1","Bash+1","Spot Weakness+1","Fire Breathing+1","Heavy Blade+1","Heavy Blade+1","Seeing Red+1","Double Tap+1","Shrug It Off+1","Feel No Pain"],"relics":["Burning Blood","reliquary:Spinner","aspiration:Nostalgia","Ring of the Snake","hubris:ChampionShield","Membership Card","Bird Faced Urn","reliquary:TridentHead","Blue Candle","Medical Kit","hubris:Potato","Pen Nib","reliquary:CitrusReamer","hubris:Metronome","PreservedInsect","Juzu Bracelet","reliquary:PartyBalloon","reliquary:ThirdArm","reliquary:GummyVitamins","Whetstone","reliquary:Knoch","hubris:EmptyBottle","Thread and Needle","reliquary:HotPoker","Red Skull","Magic Flower","conspire:BottledYoYo","reliquary:RedPaperclip","Bag of Marbles","reliquary:Stiletto","hubris:TenFootPole","Sling","conspire:TopHat","StoneCalendar","Bottled Flame","OrangePellets","Smiling Mask","Vajra","reliquary:RoseTintedGlasses"],"acts_visited":["Exordium","TheCity","TheBeyond","TheEnding"],"potions_floor_usage":[22,22,23,23,47,47,50,50],"damage_taken":[{"damage":0.0,"enemies":"Cultist","floor":1.0,"turns":3.0},{"damage":0.0,"enemies":"2 Louse","floor":4.0,"turns":2.0},{"damage":14.0,"enemies":"3 Sentries","floor":7.0,"turns":4.0},{"damage":6.0,"enemies":"Jaw Worm","floor":11.0,"turns":3.0},{"damage":0.0,"enemies":"Lots of Slimes","floor":12.0,"turns":2.0},{"damage":0.0,"enemies":"Gremlin Nob","floor":14.0,"turns":2.0},{"damage":39.0,"enemies":"The Guardian","floor":16.0,"turns":8.0},{"damage":13.0,"enemies":"Chosen","floor":18.0,"turns":4.0},{"damage":0,"enemies":"conspire:Head Lice","floor":23,"turns":4},{"damage":33,"enemies":"Book of Stabbing","floor":25,"turns":4},{"damage":19,"enemies":"Gremlin Leader","floor":29,"turns":4},{"damage":0,"enemies":"Colosseum Slavers","floor":30,"turns":1},{"damage":0,"enemies":"Colosseum Nobs","floor":30,"turns":1},{"damage":1,"enemies":"Spheric Guardian","floor":31,"turns":3},{"damage":35,"enemies":"Champ","floor":33,"turns":8},{"damage":0,"enemies":"3 Shapes","floor":35,"turns":1},{"damage":0,"enemies":"3 Darklings","floor":38,"turns":1},{"damage":0,"enemies":"Sphere and 2 Shapes","floor":39,"turns":1},{"damage":1,"enemies":"Giant Head","floor":40,"turns":5},{"damage":23,"enemies":"Reptomancer","floor":42,"turns":3},{"damage":0,"enemies":"Nemesis","floor":47,"turns":1},{"damage":28,"enemies":"Awakened One","floor":50,"turns":4},{"damage":0,"enemies":"Shield and Spear","floor":54,"turns":3},{"damage":107,"enemies":"The Heart","floor":55,"turns":5}],"seed_played":"-302622350900632843","potions_obtained":[{"floor":4.0,"key":"Fire Potion"},{"floor":14.0,"key":"Strength Potion"},{"floor":16.0,"key":"Swift Potion"},{"floor":18.0,"key":"Dexterity Potion"},{"floor":25,"key":"DistilledChaos"},{"floor":29,"key":"FearPotion"},{"floor":33,"key":"Fire Potion"},{"floor":39,"key":"LiquidMemories"}],"is_trial":false,"path_per_floor":["M","?","?","M","$","R","E","T","T","?","M","M","R","E","R","B",null,"M","?","$","?","$","E","R","E","T","R","?","E","?","M","R","B",null,"M","$","?","M","M","E","R","E","T","R","$","R","E","?","R","B",null,"R","$","E","B"],"character_chosen":"IRONCLAD","items_purchased":["reliquary:Spinner","aspiration:Nostalgia","hubris:ChampionShield","Membership Card","Bird Faced Urn","aspiration:SeaSaltIceCream","Twin Strike","Blue Candle","Medical Kit","hubris:Potato","Fire Potion","LiquidMemories","reliquary:CitrusReamer","Spot Weakness","reliquary:Knoch","reliquary:WeakTea","hubris:EmptyBottle","Fruit Juice","Bag of Marbles","reliquary:Stiletto","hubris:TenFootPole","Sling","OrangePellets","Vajra","SteroidPotion","FearPotion"],"campfire_rested":1,"item_purchase_floors":[0,0,0,0,0,0,0,0,0,0,0,0,5,5,20,20,22,22,36,36,36,36,45,53,53,53],"current_hp_per_floor":[38,38,38,44,44,44,36,36,36,36,36,42,42,48,48,17,64,61,61,61,53,63,73,73,48,48,48,48,39,51,65,65,45,79,88,88,88,90,90,90,90,76,76,76,76,76,85,85,85,72,86,90,90,90,0,0],"gold":31,"neow_bonus":"","is_daily":false,"chose_seed":false,"campfire_upgraded":9,"win_rate":0.0,"timestamp":1613755393,"path_taken":["M","?","?","?","$","R","E","?","T","?","M","M","R","E","R","BOSS","M","?","$","?","?","E","R","E","T","R","?","E","?","M","R","BOSS","M","$","?","M","M","E","R","E","T","R","$","R","E","?","R","BOSS","R","$","E","BOSS"],"items_purchased_type":["Relic","Relic","Relic","Relic","Relic","Relic","Card","Relic","Relic","Relic","Potion","Potion","Relic","Card","Relic","Relic","Relic","Potion","Relic","Relic","Relic","Relic","Relic","Relic","Potion","Potion"],"build_version":"2020-12-22","purchased_purges":1,"victory":false,"max_hp_per_floor":[80,80,80,80,80,80,80,80,80,80,80,80,80,80,80,80,80,80,80,80,80,90,90,90,90,90,90,90,90,90,90,90,90,90,90,90,90,90,90,90,90,90,90,90,90,90,90,90,90,90,90,90,90,90,90,90],"card_choices":[{"not_picked":["Twin Strike","Anger","Perfected Strike"],"picked":"SKIP","floor":1.0},{"not_picked":["Havoc","Rupture","Anger"],"picked":"SKIP","floor":4.0},{"not_picked":["Warcry","Power Through","Havoc"],"picked":"SKIP","floor":7.0},{"not_picked":["hubris:ReadiedAction","True Grit"],"picked":"Fire Breathing","floor":11.0},{"not_picked":["Rage","Anger"],"picked":"Heavy Blade","floor":12.0},{"not_picked":["Intimidate","Bloodletting","Thunderclap"],"picked":"SKIP","floor":14.0},{"not_picked":["Offering","Demon Form"],"picked":"conspire:Purge","floor":16.0},{"not_picked":["Body Slam","hubris:ReadiedAction","Sever Soul"],"picked":"SKIP","floor":18.0},{"not_picked":["Pommel Strike","Warcry+1","Perfected Strike"],"picked":"SKIP","floor":23},{"not_picked":["Havoc","Blood for Blood+1"],"picked":"Seeing Red","floor":25},{"not_picked":["hubris:ReadiedAction+1","Bloodletting","Anger"],"picked":"SKIP","floor":29},{"not_picked":["Heavy Blade","True Grit","Ghostly Armor"],"picked":"SKIP","floor":31},{"not_picked":["Fiend Fire","Offering"],"picked":"Double Tap","floor":33},{"not_picked":["Shockwave+1","Headbutt","Clash"],"picked":"SKIP","floor":35},{"not_picked":["True Grit","Evolve+1","hubris:ReadiedAction+1"],"picked":"SKIP","floor":38},{"not_picked":["Perfected Strike","Armaments+1","Pommel Strike"],"picked":"SKIP","floor":39},{"not_picked":["Brutality","Disarm+1","Havoc+1"],"picked":"SKIP","floor":40},{"not_picked":["Brutality","Disarm+1","Havoc+1"],"picked":"SKIP","floor":40},{"not_picked":["Havoc+1","Cleave+1"],"picked":"Shrug It Off","floor":42},{"not_picked":["Clothesline","Pommel Strike","conspire:ExplosiveBarrier+1"],"picked":"SKIP","floor":47},{"not_picked":["Immolate","Clash+1"],"picked":"Feel No Pain","floor":54}],"player_experience":426568,"relics_obtained":[{"floor":7.0,"key":"hubris:Metronome"},{"floor":8.0,"key":"PreservedInsect"},{"floor":9.0,"key":"Juzu Bracelet"},{"floor":14.0,"key":"reliquary:PartyBalloon"},{"floor":23,"key":"Thread and Needle"},{"floor":25,"key":"reliquary:HotPoker"},{"floor":29,"key":"Red Skull"},{"floor":30,"key":"Magic Flower"},{"floor":30,"key":"conspire:BottledYoYo"},{"floor":40,"key":"conspire:TopHat"},{"floor":42,"key":"StoneCalendar"},{"floor":43,"key":"Bottled Flame"},{"floor":47,"key":"Smiling Mask"},{"floor":54,"key":"reliquary:RoseTintedGlasses"}],"event_choices":[{"damage_healed":0.0,"max_hp_gain":0.0,"max_hp_loss":0.0,"gold_gain":0.0,"event_name":"conspire:Investor","player_choice":"Leave","floor":2.0,"gold_loss":0.0,"damage_taken":0.0},{"cards_removed":["Twin Strike"],"damage_healed":0.0,"max_hp_gain":0.0,"max_hp_loss":0.0,"gold_gain":0.0,"event_name":"WeMeetAgain","player_choice":"Gave Card","floor":3.0,"gold_loss":0.0,"damage_taken":0.0,"relics_obtained":["Pen Nib"]},{"damage_healed":0.0,"max_hp_gain":0.0,"max_hp_loss":0.0,"gold_gain":0.0,"event_name":"Shining Light","player_choice":"Ignored","floor":10.0,"gold_loss":0.0,"damage_taken":0.0},{"damage_healed":0.0,"max_hp_gain":0.0,"max_hp_loss":0.0,"gold_gain":0.0,"event_name":"Duplicator","player_choice":"Copied","floor":19.0,"gold_loss":0.0,"damage_taken":0.0,"cards_obtained":["Heavy Blade"]},{"damage_healed":0,"gold_gain":75,"player_choice":"Touch","damage_taken":8,"max_hp_gain":0,"max_hp_loss":0,"event_name":"FaceTrader","floor":21,"gold_loss":0},{"damage_healed":0,"gold_gain":0,"player_choice":"Ignored","damage_taken":0,"max_hp_gain":0,"max_hp_loss":0,"event_name":"Vampires","floor":28,"gold_loss":0},{"damage_healed":0,"gold_gain":0,"player_choice":"Fight","damage_taken":0,"max_hp_gain":0,"max_hp_loss":0,"event_name":"Colosseum","floor":30,"gold_loss":0},{"damage_healed":0,"gold_gain":0,"player_choice":"Fought Nobs","damage_taken":0,"max_hp_gain":0,"max_hp_loss":0,"event_name":"Colosseum","floor":30,"gold_loss":0},{"damage_healed":0,"gold_gain":0,"player_choice":"Memory 1","damage_taken":0,"max_hp_gain":0,"max_hp_loss":0,"event_name":"SensoryStone","floor":37,"gold_loss":0}],"is_beta":false,"boss_relics":[{"not_picked":["Pandora\u0027s Box","conspire:RunicOctahedron"],"picked":"reliquary:ThirdArm"},{"not_picked":["aspiration:DefectSkillbook","hubris:HollowSoul"],"picked":"reliquary:RedPaperclip"}],"items_purged_floors":[53],"is_endless":false,"potions_floor_spawned":[4,14,16,18,25,29,33,39,47,54],"killed_by":"The Heart","ascension_level":5}}