{"host":"9tzam4717zt8ei1o","time":1613740974,"event":{"mods":["BaseMod","Colored Map","Keyboard Shortcuts","Minty Spire (QoL Compilation)","Quick Restart","StSLib","SuperFastMode"],"gold_per_floor":[119,129,148,163,88,88,88,88,88,102,130,150,166,191,191,191,191],"floor_reached":16,"language":"KOR","playtime":294,"items_purged":["Strike_G"],"score":205,"play_id":"b882bef7-3b85-4edb-94af-e74b33f2411c","local_time":"20210219222254","is_ascension_mode":true,"campfire_choices":[{"data":"Calculated Gamble","floor":6.0,"key":"SMITH"},{"floor":15.0,"key":"REST"}],"circlet_count":0,"master_deck":["AscendersBane","Strike_G","Strike_G","Strike_G","Strike_G","Defend_G","Defend_G","Defend_G","Defend_G","Defend_G","Survivor","Neutralize","Eviscerate","Calculated Gamble+1","Acrobatics","Prepared"],"relics":["Ring of the Snake","NeowsBlessing","Kunai","PreservedInsect","Vajra","Ornamental Fan","Boot"],"acts_visited":["Exordium"],"potions_floor_usage":[16],"damage_taken":[{"damage":0.0,"enemies":"Jaw Worm","floor":1.0,"turns":1.0},{"damage":0.0,"enemies":"Cultist","floor":2.0,"turns":1.0},{"damage":0.0,"enemies":"2 Louse","floor":3.0,"turns":1.0},{"damage":3.0,"enemies":"Looter","floor":4.0,"turns":3.0},{"damage":8.0,"enemies":"Exordium Thugs","floor":10.0,"turns":5.0},{"damage":29.0,"enemies":"3 Sentries","floor":11.0,"turns":14.0},{"damage":0.0,"enemies":"3 Louse","floor":12.0,"turns":2.0},{"damage":1.0,"enemies":"Exordium Wildlife","floor":13.0,"turns":2.0},{"damage":3.0,"enemies":"Lagavulin","floor":14.0,"turns":6.0},{"damage":36,"enemies":"Slime Boss","floor":16,"turns":6}],"seed_played":"-9011362587290942855","potions_obtained":[{"floor":4.0,"key":"PowerPotion"},{"floor":10.0,"key":"Explosive Potion"},{"floor":14.0,"key":"Poison Potion"}],"is_trial":false,"path_per_floor":["M","M","M","M","$","R","?","?","T","M","E","M","M","E","R","B"],"character_chosen":"THE_SILENT","items_purchased":[],"campfire_rested":1,"item_purchase_floors":[],"current_hp_per_floor":[59,59,59,56,56,56,45,45,45,37,8,8,7,4,23,0,0],"gold":191,"neow_bonus":"THREE_ENEMY_KILL","is_daily":false,"chose_seed":false,"campfire_upgraded":1,"win_rate":0.0,"timestamp":1613740974,"path_taken":["M","M","M","M","$","R","?","?","T","?","E","M","?","E","R","BOSS"],"items_purchased_type":[],"build_version":"2020-12-22","purchased_purges":1,"victory":false,"max_hp_per_floor":[66,66,66,66,66,66,66,66,66,66,66,66,66,66,66,66,66],"card_choices":[{"not_picked":["Underhanded Strike","Prepared"],"picked":"Eviscerate","floor":1.0},{"not_picked":["Prepared","Outmaneuver"],"picked":"Calculated Gamble","floor":2.0},{"not_picked":["Blade Dance","Crippling Poison","Deflect"],"picked":"SKIP","floor":3.0},{"not_picked":["PiercingWail","Deflect","Deadly Poison"],"picked":"SKIP","floor":4.0},{"not_picked":["Dash","Flying Knee","Underhanded Strike"],"picked":"SKIP","floor":10.0},{"not_picked":["Catalyst","Terror"],"picked":"Acrobatics","floor":11.0},{"not_picked":["Dodge and Roll","Backflip","Skewer"],"picked":"SKIP","floor":12.0},{"not_picked":["Sucker Punch","Outmaneuver","PiercingWail"],"picked":"SKIP","floor":13.0},{"not_picked":["Venomology","Poisoned Stab"],"picked":"Prepared","floor":14.0}],"player_experience":124671,"relics_obtained":[{"floor":9.0,"key":"Vajra"},{"floor":11.0,"key":"Ornamental Fan"},{"floor":14.0,"key":"Boot"}],"event_choices":[{"damage_healed":0.0,"max_hp_gain":0.0,"max_hp_loss":0.0,"gold_gain":0.0,"event_name":"Scrap Ooze","player_choice":"Success","floor":7.0,"gold_loss":0.0,"damage_taken":11.0,"relics_obtained":["Kunai"]},{"damage_healed":0.0,"max_hp_gain":0.0,"max_hp_loss":0.0,"gold_gain":0.0,"event_name":"WeMeetAgain","player_choice":"Gave Potion","floor":8.0,"gold_loss":0.0,"damage_taken":0.0,"relics_obtained":["PreservedInsect"]}],"is_beta":false,"boss_relics":[],"items_purged_floors":[5],"is_endless":false,"potions_floor_spawned":[4,10,14],"killed_by":"Slime Boss","ascension_level":16}}