{"host":"wshey5htrz8rni6u","time":1613744095,"event":{"mods":["2.2 Compatiblity","BaseMod","Block Reminder","Colored Map","Colored Powertips","Current Relic Mod","Curses Come First","Dark Map","Key Reminder","Keyboard Shortcuts","Minty Spire (QoL Compilation)","Potion Indicator Mod","Quick Restart","Random Character Button","Relic Sorter","Relic Stats","StSLib","SuperFastMode","Unceasing Turn Reminder","UnlockEverythingMod","Weighted Paths"],"gold_per_floor":[110,35,210,210,228,260,276,276,299,333,63,104,104,147,147,251,251,275,725,751,44,65,108,108,145,170,170,192,213,281,304,304,418,418,439,460,488,547,91,126,144,144,192,204,231,269,269,269,269,269,269,269,18,56,56],"floor_reached":56,"language":"ENG","playtime":3559,"items_purged":["Strike_R","Strike_R","Strike_R"],"score":1523,"play_id":"fa232bfd-7214-42ac-a8b3-7c960a5e62ea","local_time":"20210219061455","is_ascension_mode":true,"campfire_choices":[{"data":"Bash","floor":8.0,"key":"SMITH"},{"data":"Anger","floor":13.0,"key":"SMITH"},{"data":"Burning Pact","floor":15.0,"key":"SMITH"},{"floor":24.0,"key":"REST"},{"data":"Battle Trance","floor":27.0,"key":"SMITH"},{"data":"True Grit","floor":32.0,"key":"SMITH"},{"data":"Armaments","floor":42,"key":"SMITH"},{"floor":47,"key":"RECALL"},{"floor":49,"key":"REST"},{"data":"Rage","floor":52,"key":"SMITH"}],"circlet_count":0,"master_deck":["Defend_R","Defend_R","Defend_R","Defend_R","Bash+1","Power Through","Rage+1","Thunderclap","Burning Pact+1","Anger+1","Rampage","Dropkick","Offering","Carnage","Shrug It Off+1","Flash of Steel","Shrug It Off","Sword Boomerang","Battle Trance+1","Impervious","Spot Weakness+1","Anger+1","True Grit+1","Feed+1","Dual Wield","Armaments+1","Battle Trance+1","Sword Boomerang+1","Dropkick+1","Trip","Madness","Madness","Panache","Violence","Bandage Up","True Grit+1","Limit Break","Shrug It Off","Madness","Iron Wave+1"],"relics":["Burning Blood","NeowsBlessing","Spirit Poop","Potion Belt","Dream Catcher","Anchor","Sling","CeramicFish","InkBottle","Empty Cage","Mango","Brimstone","Bronze Scales","Gremlin Horn","Molten Egg 2","SlaversCollar","Charon\u0027s Ashes","Champion Belt","Question Card","Toy Ornithopter","Darkstone Periapt","Incense Burner"],"acts_visited":["Exordium","TheCity","TheBeyond","TheEnding"],"potions_floor_usage":[44,46,54,54,54,55,55,55,55,55,55],"damage_taken":[{"damage":0.0,"enemies":"Small Slimes","floor":1.0,"turns":1.0},{"damage":0.0,"enemies":"Cultist","floor":5.0,"turns":1.0},{"damage":0.0,"enemies":"Gremlin Nob","floor":6.0,"turns":1.0},{"damage":0.0,"enemies":"Jaw Worm","floor":7.0,"turns":3.0},{"damage":30.0,"enemies":"3 Sentries","floor":10.0,"turns":11.0},{"damage":16.0,"enemies":"Gremlin Nob","floor":12.0,"turns":3.0},{"damage":22.0,"enemies":"Lagavulin","floor":14.0,"turns":5.0},{"damage":18.0,"enemies":"Slime Boss","floor":16.0,"turns":11.0},{"damage":7.0,"enemies":"2 Thieves","floor":18.0,"turns":3.0},{"damage":14.0,"enemies":"Spheric Guardian","floor":20.0,"turns":4.0},{"damage":6.0,"enemies":"Centurion and Healer","floor":22.0,"turns":3.0},{"damage":7.0,"enemies":"Slavers","floor":23.0,"turns":3.0},{"damage":6.0,"enemies":"Gremlin Leader","floor":25.0,"turns":5.0},{"damage":6.0,"enemies":"Snecko","floor":28.0,"turns":4.0},{"damage":6.0,"enemies":"3 Cultists","floor":29.0,"turns":4.0},{"damage":6.0,"enemies":"Chosen and Byrds","floor":31.0,"turns":2.0},{"damage":64.0,"enemies":"Automaton","floor":33.0,"turns":8.0},{"damage":6.0,"enemies":"3 Darklings","floor":35.0,"turns":5.0},{"damage":7.0,"enemies":"Orb Walker","floor":36.0,"turns":3.0},{"damage":14.0,"enemies":"Writhing Mass","floor":37.0,"turns":5.0},{"damage":6.0,"enemies":"Mind Bloom Boss Battle","floor":38.0,"turns":3.0},{"damage":6,"enemies":"Reptomancer","floor":40,"turns":3},{"damage":22,"enemies":"Sphere and 2 Shapes","floor":44,"turns":6},{"damage":27,"enemies":"Nemesis","floor":46,"turns":5},{"damage":48,"enemies":"Awakened One","floor":50,"turns":6},{"damage":23,"enemies":"Shield and Spear","floor":54,"turns":4},{"damage":122,"enemies":"The Heart","floor":55,"turns":8}],"seed_played":"1140873240059310008","potions_obtained":[{"floor":1.0,"key":"Fire Potion"},{"floor":5.0,"key":"EntropicBrew"},{"floor":7.0,"key":"GamblersBrew"},{"floor":14.0,"key":"BlessingOfTheForge"},{"floor":22.0,"key":"SpeedPotion"},{"floor":28.0,"key":"PowerPotion"},{"floor":29.0,"key":"LiquidMemories"},{"floor":33.0,"key":"EntropicBrew"},{"floor":35.0,"key":"Weak Potion"},{"floor":38.0,"key":"Swift Potion"},{"floor":44,"key":"GamblersBrew"},{"floor":46,"key":"SteroidPotion"}],"is_trial":false,"path_per_floor":["M","$","?","?","M","E","M","R","T","E","$","E","R","E","R","B",null,"M","?","M","$","M","E","R","E","T","R","M","M","T","M","R","B",null,"M","M","M","?","$","E","?","R","T","M","?","E","R","?","R","B",null,"R","$","E","B",null],"character_chosen":"IRONCLAD","items_purchased":["Sling","Anger","Flash of Steel","Shrug It Off","Mango","Brimstone","Dropkick+1","Trip","Champion Belt","Limit Break","Shrug It Off","Madness"],"campfire_rested":2,"item_purchase_floors":[11,11,21,21,21,21,39,39,39,53,53,53],"current_hp_per_floor":[80,80,80,80,80,80,80,80,80,56,56,46,46,42,42,30,80,79,33,25,39,39,38,66,66,66,66,66,66,66,66,66,8,94,98,101,93,93,93,93,80,80,80,73,63,51,51,51,82,44,106,106,106,89,9],"gold":56,"neow_bonus":"THREE_ENEMY_KILL","is_daily":false,"chose_seed":false,"campfire_upgraded":7,"win_rate":0.0,"timestamp":1613744095,"path_taken":["M","$","?","?","M","E","?","R","T","E","$","E","R","E","R","BOSS","M","?","M","$","M","E","R","E","T","R","?","M","?","?","R","BOSS","M","M","?","?","$","E","?","R","T","M","?","E","R","?","R","BOSS","R","$","E","BOSS"],"items_purchased_type":["Relic","Card","Card","Card","Relic","Relic","Card","Card","Relic","Card","Card","Card"],"build_version":"2020-12-13","purchased_purges":3,"victory":true,"max_hp_per_floor":[80,80,80,80,80,80,80,80,80,80,80,80,80,80,80,80,80,80,80,80,94,94,94,94,94,94,94,94,94,94,94,94,94,94,98,102,102,102,102,102,102,102,102,106,106,106,106,106,106,106,106,106,106,106,106],"relic_stats":{"Darkstone Periapt":0,"Gremlin Horn":[13,18],"counters":[27,120],"CeramicFish":270,"Charon\u0027s Ashes":[141],"Question Card":7,"Burning Blood":138,"Dream Catcher":2,"Bronze Scales":[229],"Champion Belt":[16],"obtain_stats":[{"Potion Belt":6,"Darkstone Periapt":46,"NeowsBlessing":0,"Gremlin Horn":25,"CeramicFish":12,"Spirit Poop":4,"Mango":21,"Charon\u0027s Ashes":38,"Incense Burner":54,"Sling":11,"Empty Cage":17,"Question Card":40,"Burning Blood":0,"keyreminder:keyreminder":6,"SlaversCollar":34,"Dream Catcher":9,"Anchor":10,"Brimstone":21,"Bronze Scales":23,"Molten Egg 2":30,"Champion Belt":39,"InkBottle":14,"Toy Ornithopter":43},{"Potion Belt":3,"Darkstone Periapt":24,"NeowsBlessing":0,"Gremlin Horn":13,"CeramicFish":6,"Spirit Poop":1,"Mango":10,"Charon\u0027s Ashes":21,"Incense Burner":26,"Sling":5,"Empty Cage":8,"Question Card":22,"Burning Blood":0,"keyreminder:keyreminder":3,"SlaversCollar":17,"Dream Catcher":4,"Anchor":5,"Brimstone":10,"Bronze Scales":12,"Molten Egg 2":15,"Champion Belt":21,"InkBottle":7,"Toy Ornithopter":22},{"Potion Belt":3,"Darkstone Periapt":102,"NeowsBlessing":0,"Gremlin Horn":54,"CeramicFish":20,"Spirit Poop":1,"Mango":43,"Charon\u0027s Ashes":88,"Incense Burner":112,"Sling":17,"Empty Cage":36,"Question Card":91,"Burning Blood":0,"keyreminder:keyreminder":3,"SlaversCollar":72,"Dream Catcher":6,"Anchor":17,"Brimstone":43,"Bronze Scales":49,"Molten Egg 2":62,"Champion Belt":88,"InkBottle":25,"Toy Ornithopter":91}],"InkBottle":[31],"Toy Ornithopter":40},"card_choices":[{"not_picked":["Seeing Red","True Grit"],"picked":"Power Through","floor":1.0},{"not_picked":["Dropkick","Iron Wave"],"picked":"Rage","floor":5.0},{"not_picked":["Warcry","Dual Wield","Clash"],"picked":"SKIP","floor":6.0},{"not_picked":["Clash","Headbutt"],"picked":"Thunderclap","floor":7.0},{"not_picked":["Seeing Red","Rage"],"picked":"Burning Pact","floor":10.0},{"not_picked":["Intimidate","Havoc"],"picked":"Rampage","floor":12.0},{"not_picked":["Carnage","Second Wind"],"picked":"Dropkick","floor":14.0},{"not_picked":["Corruption","Double Tap"],"picked":"Offering","floor":16.0},{"not_picked":["Bloodletting","Entrench"],"picked":"Carnage","floor":18.0},{"not_picked":["Headbutt","Ghostly Armor"],"picked":"Shrug It Off+1","floor":20.0},{"not_picked":["Flex","Carnage+1"],"picked":"Sword Boomerang","floor":22.0},{"not_picked":["Havoc","Body Slam"],"picked":"Battle Trance","floor":23.0},{"not_picked":["Perfected Strike","Shrug It Off"],"picked":"Impervious","floor":25.0},{"not_picked":["Shockwave","Anger"],"picked":"Spot Weakness+1","floor":28.0},{"not_picked":["Clothesline","Body Slam"],"picked":"Anger+1","floor":29.0},{"not_picked":["Headbutt+1","Anger+1"],"picked":"True Grit","floor":31.0},{"not_picked":["Exhume","Berserk"],"picked":"Feed+1","floor":33.0},{"not_picked":["Heavy Blade+1","Flex+1"],"picked":"Dual Wield","floor":35.0},{"not_picked":["Havoc","Shrug It Off"],"picked":"Armaments","floor":36.0},{"not_picked":["Metallicize","Flex"],"picked":"Battle Trance+1","floor":37.0},{"not_picked":["Armaments+1","Cleave+1"],"picked":"Sword Boomerang+1","floor":38.0},{"not_picked":["Twin Strike+1","Bludgeon+1","Combust"],"picked":"SKIP","floor":40},{"not_picked":["Carnage+1","Second Wind","Clothesline+1","Clash+1"],"picked":"SKIP","floor":44},{"not_picked":["Sadistic Nature","Deep Breath","Bandage Up"],"picked":"Panache","floor":45},{"not_picked":["Swift Strike+1","PanicButton","Jack Of All Trades"],"picked":"Violence","floor":45},{"not_picked":["Deep Breath","Jack Of All Trades","Blind"],"picked":"Bandage Up","floor":45},{"not_picked":["Sword Boomerang+1","Perfected Strike+1","Carnage+1"],"picked":"True Grit+1","floor":46},{"not_picked":["Exhume","Body Slam+1","Cleave+1"],"picked":"Iron Wave+1","floor":54}],"player_experience":137494,"relics_obtained":[{"floor":6.0,"key":"Potion Belt"},{"floor":9.0,"key":"Dream Catcher"},{"floor":10.0,"key":"Anchor"},{"floor":12.0,"key":"CeramicFish"},{"floor":14.0,"key":"InkBottle"},{"floor":23.0,"key":"Bronze Scales"},{"floor":25.0,"key":"Gremlin Horn"},{"floor":30.0,"key":"Molten Egg 2"},{"floor":38.0,"key":"Charon\u0027s Ashes"},{"floor":40,"key":"Question Card"},{"floor":43,"key":"Toy Ornithopter"},{"floor":46,"key":"Darkstone Periapt"},{"floor":54,"key":"Incense Burner"}],"event_choices":[{"damage_healed":0.0,"max_hp_gain":0.0,"max_hp_loss":0.0,"gold_gain":175.0,"event_name":"Liars Game","player_choice":"AGREE","floor":3.0,"gold_loss":0.0,"damage_taken":0.0,"cards_obtained":["Doubt"]},{"cards_removed":["Doubt"],"damage_healed":0.0,"max_hp_gain":0.0,"max_hp_loss":0.0,"gold_gain":0.0,"event_name":"Bonfire Elementals","player_choice":"Offered Curse","floor":4.0,"gold_loss":0.0,"damage_taken":0.0,"relics_obtained":["Spirit Poop"]},{"damage_healed":0.0,"max_hp_gain":0.0,"max_hp_loss":0.0,"gold_gain":450.0,"event_name":"Knowing Skull","player_choice":"GOLD GOLD GOLD GOLD GOLD ","floor":19.0,"potions_obtained":[],"gold_loss":0.0,"damage_taken":46.0,"cards_obtained":[]},{"damage_healed":0.0,"max_hp_gain":0.0,"max_hp_loss":0.0,"gold_gain":0.0,"event_name":"MindBloom","player_choice":"Fight","floor":38.0,"gold_loss":0.0,"damage_taken":0.0},{"damage_healed":0,"gold_gain":0,"player_choice":"Embrace Madness","damage_taken":13,"max_hp_gain":0,"max_hp_loss":0,"event_name":"Winding Halls","floor":41,"gold_loss":0,"cards_obtained":["Madness","Madness"]},{"damage_healed":0,"gold_gain":0,"player_choice":"Memory 3","damage_taken":10,"max_hp_gain":0,"max_hp_loss":0,"event_name":"SensoryStone","floor":45,"gold_loss":0},{"damage_healed":0,"gold_gain":0,"player_choice":"Ignored","damage_taken":0,"max_hp_gain":0,"max_hp_loss":0,"event_name":"Tomb of Lord Red Mask","floor":48,"gold_loss":0}],"is_beta":false,"boss_relics":[{"not_picked":["Runic Dome","Tiny House"],"picked":"Empty Cage"},{"not_picked":["Coffee Dripper","Pandora\u0027s Box"],"picked":"SlaversCollar"}],"items_purged_floors":[2,11,21],"is_endless":false,"potions_floor_spawned":[1,5,7,14,18,22,28,29,33,35,38,44,46],"ascension_level":3}}