{"host":"ffqn1azj9urswy62","time":1613745519,"event":{"mods":["BaseMod","Better Third Choice","Conspire","Googly Eyes","Hubris","Minty Spire (QoL Compilation)","Replay The Spire","StSLib","Wandering Minibosses","slay the spire mod where everything is the same but ironclad has a cowboy hat"],"gold_per_floor":[109,9,9,9,29,59,59,85,85,85,139,139,169,183,183,214,214,314,314,334,4,4,23,23,57,57,83,83,83,116,116,136,136,136,236,236,246,52,71,101,101,135,135,185,185,197,232,251,251,283,283,283,283,283,37,71,71],"floor_reached":58,"language":"ENG","playtime":2413,"items_purged":["Strike_B","Defend_B"],"score":1305,"play_id":"e13fdfd2-a300-40e4-8775-ae787e1476da","local_time":"20210219093839","is_ascension_mode":true,"campfire_choices":[{"data":"Crystallizer","floor":7.0,"key":"SMITH"},{"data":"Static Discharge","floor":12.0,"key":"SMITH"},{"data":"BasicCrystalCard","floor":15.0,"key":"SMITH"},{"data":"hubris:Ukulele","floor":17.0,"key":"SMITH"},{"data":"Coolheaded","floor":26.0,"key":"SMITH"},{"data":"Zap","floor":29.0,"key":"SMITH"},{"data":"Electrodynamics","floor":34.0,"key":"SMITH"},{"data":"Thunder Strike","floor":43.0,"key":"SMITH"},{"floor":49.0,"key":"RECALL"},{"data":"Crystallizer","floor":51.0,"key":"SMITH"},{"data":"Barrage","floor":54.0,"key":"SMITH"}],"circlet_count":0,"master_deck":["Defend_B","Defend_B","Zap+1","Dualcast","Barrage+1","Crystallizer+1","Crystallizer+1","BasicCrystalCard+1","Static Discharge+1","Thunder Strike+1","Ball Lightning","Coolheaded+1","hubris:Ukulele+1","Electrodynamics+1","Core Surge","Auto Shields+1","Bandage Up","Defragment+1","ReplayTheSpireMod:Calculation Training+1","Hyperbeam","Turbo+1"],"relics":["Cracked Core","NeowsBlessing","hubris:Icosahedron","hubris:BallOfYels","Replay:WaspNest","Durian","Lizard Tail","Empty Cage","Solar Panel","hubris:ToyBattleship","hubris:SoftwareUpdate","hubris:BottledRain","Red Mask","MutagenicStrength","Black Star","Juzu Bracelet","TungstenRod","Gremlin Horn","CaptainsWheel","StrikeDummy","Bag of Preparation","The Courier","Replay:Kaleidoscope","conspire:DeflatedDodgeball","hubris:FunFungus","ReplayFunnel","Letter Opener"],"acts_visited":["Exordium","TheCity","TheBeyond","TheEnding"],"potions_floor_usage":[57,57],"damage_taken":[{"damage":0.0,"enemies":"Jaw Worm","floor":1.0,"turns":1.0},{"damage":0.0,"enemies":"Small Slimes","floor":5.0,"turns":1.0},{"damage":0.0,"enemies":"Replay:BlueRogue","floor":6.0,"turns":1.0},{"damage":35.0,"enemies":"3 Sentries","floor":8.0,"turns":5.0},{"damage":28.0,"enemies":"Gremlin Nob","floor":13.0,"turns":3.0},{"damage":1.0,"enemies":"Cultist","floor":14.0,"turns":2.0},{"damage":23.0,"enemies":"3 Sentries","floor":16.0,"turns":4.0},{"damage":18.0,"enemies":"Slime Boss","floor":18.0,"turns":6.0},{"damage":2.0,"enemies":"3 Byrds","floor":20.0,"turns":2.0},{"damage":0.0,"enemies":"Spheric Guardian","floor":23.0,"turns":2.0},{"damage":14.0,"enemies":"Replay:Snechameleon","floor":25.0,"turns":4.0},{"damage":16.0,"enemies":"Book of Stabbing","floor":27.0,"turns":2.0},{"damage":0.0,"enemies":"Masked Bandits","floor":30.0,"turns":2.0},{"damage":9.0,"enemies":"Snake Plant","floor":32.0,"turns":2.0},{"damage":26.0,"enemies":"Champ","floor":35.0,"turns":5.0},{"damage":0.0,"enemies":"3 Shapes","floor":37.0,"turns":2.0},{"damage":23.0,"enemies":"3 Darklings","floor":39.0,"turns":2.0},{"damage":17.0,"enemies":"conspire:MimicChest","floor":40.0,"turns":3.0},{"damage":49.0,"enemies":"Reptomancer","floor":42.0,"turns":4.0},{"damage":4.0,"enemies":"Mind Bloom Boss Battle","floor":44.0,"turns":3.0},{"damage":6.0,"enemies":"Jaw Worm Horde","floor":46.0,"turns":2.0},{"damage":53.0,"enemies":"R_Hoarder","floor":47.0,"turns":8.0},{"damage":9.0,"enemies":"Maw","floor":48.0,"turns":5.0},{"damage":0.0,"enemies":"Reptomancer","floor":50.0,"turns":3.0},{"damage":21.0,"enemies":"Replay:Hell Engine","floor":52.0,"turns":8.0},{"damage":42.0,"enemies":"Shield and Spear","floor":56.0,"turns":4.0},{"damage":28,"enemies":"The Heart","floor":57,"turns":5}],"seed_played":"884143422762029087","potions_obtained":[{"floor":5.0,"key":"FocusPotion"},{"floor":6.0,"key":"AttackPotion"},{"floor":13.0,"key":"Reflective Coating"},{"floor":20.0,"key":"Languid Potion"},{"floor":25.0,"key":"SkillPotion"},{"floor":35.0,"key":"BlessingOfTheForge"},{"floor":42.0,"key":"SpeedPotion"},{"floor":47.0,"key":"Energy Potion"},{"floor":50.0,"key":"Weak Potion"}],"is_trial":false,"path_per_floor":["M","$","?","$","M","E","R","E","PTL","PTL","T","R","E","M","R","E","R","B",null,"M","$","?","M","$","E","R","E","T","R","?","?","M","?","R","B",null,"M","$","M","?","?","E","R","?","T","M","E","M","R","E","R","B",null,"R","$","E","B",null],"character_chosen":"DEFECT","items_purchased":["Crystallizer","BasicCrystalCard","Solar Panel","Bandage Up","hubris:FunFungus"],"campfire_rested":0,"item_purchase_floors":[2,2,21,38,55],"current_hp_per_floor":[75,75,75,75,75,75,75,40,40,40,40,40,17,79,79,56,56,38,80,78,78,78,80,80,66,66,54,54,54,60,60,55,55,55,33,80,80,80,65,58,58,23,23,33,33,37,36,39,39,47,47,42,80,80,80,42,30],"gold":71,"neow_bonus":"THREE_ENEMY_KILL","is_daily":false,"chose_seed":false,"campfire_upgraded":10,"win_rate":0.0,"timestamp":1613745519,"path_taken":["M","$","?","$","M","E","R","E","PTL","PTL","T","R","E","M","R","E","R","BOSS","M","$","?","?","$","E","R","E","T","R","?","?","M","?","R","BOSS","M","$","M","?","?","E","R","?","T","M","E","M","R","E","R","BOSS","R","$","E","BOSS"],"items_purchased_type":["Card","Card","Relic","Card","Relic"],"build_version":"2020-12-22","purchased_purges":2,"victory":true,"max_hp_per_floor":[75,75,75,75,75,75,75,75,75,75,75,75,80,80,80,80,80,80,80,80,80,80,80,80,80,80,80,80,80,80,80,80,80,80,80,80,80,80,80,80,80,80,80,80,80,80,80,80,80,80,80,80,80,80,80,80,80],"card_choices":[{"not_picked":["Streamline","ReplayTheSpireMod:GoodbyeWorld"],"picked":"Barrage","floor":1.0},{"not_picked":["Beam Cell","Doom and Gloom","Genetic Algorithm"],"picked":"SKIP","floor":5.0},{"not_picked":["Capacitor","Turbo"],"picked":"Static Discharge","floor":6.0},{"not_picked":["Cold Snap","Tempest"],"picked":"Thunder Strike","floor":8.0},{"not_picked":["Conserve Battery","Hologram"],"picked":"Ball Lightning","floor":13.0},{"not_picked":["Ball Lightning","Static Discharge"],"picked":"Coolheaded","floor":14.0},{"not_picked":["Rebound","ReplayTheSpireMod:Calculation Training"],"picked":"hubris:Ukulele","floor":16.0},{"not_picked":["Amplify","Core Surge"],"picked":"Electrodynamics","floor":18.0},{"not_picked":["Sweeping Beam","Compile Driver+1","Streamline"],"picked":"SKIP","floor":20.0},{"not_picked":["Hello World","ReplayTheSpireMod:GoodbyeWorld","Coolheaded"],"picked":"SKIP","floor":23.0},{"not_picked":["ReplayTheSpireMod:Repulse","Steam","Coolheaded+1"],"picked":"SKIP","floor":25.0},{"not_picked":["Heatsinks","Steam","Gash"],"picked":"SKIP","floor":27.0},{"not_picked":["Conserve Battery","Stack","Time Bomb"],"picked":"SKIP","floor":32.0},{"not_picked":["Biased Cognition","ReplayTheSpireMod:Fabricate Wheel"],"picked":"Core Surge","floor":35.0},{"not_picked":["Turbo+1","ReplaySort+1"],"picked":"Auto Shields+1","floor":37.0},{"not_picked":["Chill","BasicCrystalCard"],"picked":"Defragment+1","floor":39.0},{"not_picked":["Cold Snap+1","Coolheaded"],"picked":"ReplayTheSpireMod:Calculation Training+1","floor":40.0},{"not_picked":["Beam Cell","Go for the Eyes","Chaos+1"],"picked":"SKIP","floor":42.0},{"not_picked":["Steam+1","Compile Driver+1","Gash"],"picked":"SKIP","floor":46.0},{"not_picked":["Rebound","Aggregate","Turbo"],"picked":"SKIP","floor":47.0},{"not_picked":["Beam Cell+1","Force Field+1","Core Surge"],"picked":"SKIP","floor":48.0},{"not_picked":["hubris:SpecializedCircuitry","Streamline+1","Steam"],"picked":"SKIP","floor":50.0},{"not_picked":["ReplayRNGCard","Streamline+1"],"picked":"Turbo+1","floor":56.0}],"player_experience":695793,"relics_obtained":[{"floor":6.0,"key":"hubris:BallOfYels"},{"floor":8.0,"key":"Replay:WaspNest"},{"floor":13.0,"key":"Durian"},{"floor":16.0,"key":"Lizard Tail"},{"floor":25.0,"key":"hubris:ToyBattleship"},{"floor":27.0,"key":"hubris:SoftwareUpdate"},{"floor":28.0,"key":"hubris:BottledRain"},{"floor":30.0,"key":"Red Mask"},{"floor":40.0,"key":"Juzu Bracelet"},{"floor":42.0,"key":"TungstenRod"},{"floor":42.0,"key":"Gremlin Horn"},{"floor":44.0,"key":"CaptainsWheel"},{"floor":45.0,"key":"StrikeDummy"},{"floor":47.0,"key":"Bag of Preparation"},{"floor":47.0,"key":"The Courier"},{"floor":50.0,"key":"Replay:Kaleidoscope"},{"floor":50.0,"key":"conspire:DeflatedDodgeball"},{"floor":56.0,"key":"ReplayFunnel"},{"floor":56.0,"key":"Letter Opener"}],"event_choices":[{"cards_removed":["Strike_B"],"damage_healed":0.0,"max_hp_gain":0.0,"max_hp_loss":0.0,"gold_gain":0.0,"event_name":"Purifier","player_choice":"Purged","floor":22.0,"gold_loss":0.0,"damage_taken":0.0},{"damage_healed":0.0,"max_hp_gain":0.0,"max_hp_loss":0.0,"gold_gain":0.0,"event_name":"Masked Bandits","player_choice":"Fought Bandits","floor":30.0,"gold_loss":0.0,"damage_taken":0.0},{"damage_healed":0.0,"max_hp_gain":0.0,"max_hp_loss":0.0,"gold_gain":0.0,"event_name":"Drug Dealer","player_choice":"Inject Mutagens","floor":31.0,"gold_loss":0.0,"damage_taken":0.0,"relics_obtained":["MutagenicStrength"]},{"damage_healed":0.0,"max_hp_gain":0.0,"max_hp_loss":0.0,"gold_gain":0.0,"event_name":"Ghosts","player_choice":"Ignored","floor":33.0,"gold_loss":0.0,"damage_taken":0.0},{"damage_healed":0.0,"max_hp_gain":0.0,"max_hp_loss":0.0,"gold_gain":0.0,"cards_transformed":["Defend_B"],"event_name":"Transmorgrifier","player_choice":"Transformed","floor":41.0,"gold_loss":0.0,"damage_taken":0.0,"cards_obtained":["Hyperbeam"]},{"damage_healed":0.0,"max_hp_gain":0.0,"max_hp_loss":0.0,"gold_gain":0.0,"event_name":"MindBloom","player_choice":"Fight","floor":44.0,"gold_loss":0.0,"damage_taken":0.0}],"is_beta":false,"boss_relics":[{"not_picked":["Cursed Key","Fusion Hammer"],"picked":"Empty Cage"},{"not_picked":["SlaversCollar","Sozu"],"picked":"Black Star"}],"items_purged_floors":[21,38],"is_endless":false,"potions_floor_spawned":[5,6,13,20,25,32,35,39,42,44,47,50],"ascension_level":3}}