{"host":"j46h1ep9toft11pa","time":1613709690,"event":{"mods":["AchievementEnabler","BaseMod","Colored Powertips","HololiveMod","Minty Spire (QoL Compilation)","Replay The Spire","StSLib"],"gold_per_floor":[111,127,127,140,155,155,155,189,189,12,28,38,38,65,65,167,167,181,194,194,206,55,55,90,109,109,123,123,149,149,165,165,265,265,276,176,193,211,230,264,264,234,260,278,278,278,297,25,25,25],"floor_reached":51,"language":"ENG","playtime":4337,"items_purged":["Decay","Voices","Doubt"],"score":637,"play_id":"97066b08-7d5b-4268-b52d-6bb3fdbed949","local_time":"20210218234130","is_ascension_mode":true,"campfire_choices":[{"data":"Eruption","floor":6.0,"key":"SMITH"},{"floor":15.0,"key":"REST"},{"data":"Perseverance","floor":23.0,"key":"SMITH"},{"data":"SpiritShield","floor":30.0,"key":"SMITH"},{"data":"Evaluate","floor":32.0,"key":"SMITH"},{"data":"DevaForm","floor":41,"key":"SMITH"},{"data":"Devotion","floor":49,"key":"SMITH"}],"circlet_count":0,"master_deck":["Strike_P","Strike_P","Strike_P","Defend_P","Defend_P","Defend_P","Defend_P","Eruption+1","Vigilance","JustLucky","FlurryOfBlows+1","Prostrate","FlyingSleeves","CutThroughFate","FollowUp+1","SashWhip+1","CutThroughFate+1","WheelKick+1","SpiritShield+1","Evaluate+1","SandsOfTime+1","JustLucky+1","Perseverance+1","EmptyBody","FearNoEvil+1","Doubt","BowlingBash+1","EmptyFist+1","Brilliance+1","DevaForm+1","AbeCurse","Prostrate","CutThroughFate+1","Parasite","Study","Crescendo+1","Injury","Devotion+1","CarveReality+1"],"relics":["PureWater","Iron Hammer","Ring of Peace","ReplayTheSpireMod:Ring of Exchange","Replay:Wax Seal","Molten Egg 2","Pen Nib","ReplayTheSpireMod:Shallot","Cursed Key","Orichalcum","CaptainsWheel","Ancient Tea Set","Abe\u0027s Treasure","Peace Pipe","Potion Belt"],"acts_visited":[],"potions_floor_usage":[44,47,50,50],"damage_taken":[{"damage":7.0,"enemies":"Jaw Worm","floor":1.0,"turns":4.0},{"damage":4.0,"enemies":"Cultist","floor":2.0,"turns":5.0},{"damage":0.0,"enemies":"2 Louse","floor":4.0,"turns":2.0},{"damage":2.0,"enemies":"Red Slaver","floor":5.0,"turns":3.0},{"damage":26.0,"enemies":"Lagavulin","floor":8.0,"turns":5.0},{"damage":19.0,"enemies":"Gremlin Gang","floor":11.0,"turns":5.0},{"damage":0.0,"enemies":"2 Fungi Beasts","floor":12.0,"turns":2.0},{"damage":5.0,"enemies":"Replay:BlueRogue","floor":14.0,"turns":4.0},{"damage":27.0,"enemies":"The Guardian","floor":16.0,"turns":12.0},{"damage":0.0,"enemies":"Shell Parasite","floor":18.0,"turns":5.0},{"damage":0.0,"enemies":"Chosen","floor":19.0,"turns":4.0},{"damage":11.0,"enemies":"Sentry and Sphere","floor":21.0,"turns":6.0},{"damage":13.0,"enemies":"Replay:Snechameleon","floor":24.0,"turns":9.0},{"damage":0.0,"enemies":"Centurion and Healer","floor":25.0,"turns":5.0},{"damage":0.0,"enemies":"Snake Plant","floor":27.0,"turns":4.0},{"damage":8.0,"enemies":"Slavers","floor":29.0,"turns":7.0},{"damage":0.0,"enemies":"Snecko","floor":31.0,"turns":5.0},{"damage":28.0,"enemies":"Automaton","floor":33.0,"turns":10.0},{"damage":11.0,"enemies":"Orb Walker","floor":35.0,"turns":5.0},{"damage":7,"enemies":"3 Darklings","floor":37,"turns":8},{"damage":16,"enemies":"Transient","floor":38,"turns":5},{"damage":28,"enemies":"Writhing Mass","floor":39,"turns":9},{"damage":56,"enemies":"Giant Head","floor":40,"turns":10},{"damage":0,"enemies":"4 Shapes","floor":44,"turns":4},{"damage":15,"enemies":"Jaw Worm Horde","floor":47,"turns":4},{"damage":27,"enemies":"Replay:Hell Engine","floor":50,"turns":10}],"seed_played":"-2126597831565887018","potions_obtained":[{"floor":2.0,"key":"Doom Potion"},{"floor":4.0,"key":"FairyPotion"},{"floor":12.0,"key":"LifebloodPotion"},{"floor":14.0,"key":"Explosive Potion"},{"floor":18.0,"key":"SpeedPotion"},{"floor":27.0,"key":"SkillPotion"},{"floor":29.0,"key":"Block Potion"},{"floor":31.0,"key":"Reflective Coating"},{"floor":37,"key":"BlessingOfTheForge"},{"floor":39,"key":"FairyPotion"},{"floor":42,"key":"SkillPotion"},{"floor":42,"key":"Regen Potion"},{"floor":47,"key":"ColorlessPotion"}],"is_trial":false,"path_per_floor":["M","M","?","M","M","R","?","E","T","$","M","M","?","E","R","B",null,"M","M","?","M","$","R","E","M","T","M","?","E","R","M","R","B",null,"M","$","M","M","M","E","R","?","T","M","?","?","M","$","R","B",null],"character_chosen":"WATCHER","items_purchased":["Pen Nib","FollowUp+1","Perseverance","CarveReality+1","Milkshake"],"campfire_rested":1,"item_purchase_floors":[10,10,22,48,48],"current_hp_per_floor":[70,66,66,66,64,64,64,38,38,38,19,19,19,14,37,10,77,77,77,77,66,66,66,53,53,53,53,53,45,45,45,45,17,77,66,66,59,43,15,16,16,16,16,28,77,77,62,62,62,35],"gold":25,"neow_bonus":"RANDOM_EVENT","is_daily":false,"chose_seed":false,"campfire_upgraded":6,"win_rate":0.0,"timestamp":1613709690,"path_taken":["M","M","?","?","?","R","?","E","T","?","M","M","?","E","R","BOSS","M","M","?","?","$","R","E","M","T","M","?","E","R","M","R","BOSS","M","$","M","M","M","E","R","?","T","?","?","?","M","$","R","BOSS"],"items_purchased_type":["Relic","Card","Card","Card","Potion"],"build_version":"2020-12-22","purchased_purges":3,"victory":true,"max_hp_per_floor":[77,77,77,77,77,77,77,77,77,77,77,77,77,77,77,77,77,77,77,77,77,77,77,77,77,77,77,77,77,77,77,77,77,77,77,77,77,77,77,77,77,77,77,77,77,77,77,77,77,77],"card_choices":[{"not_picked":["BowlingBash","ForeignInfluence"],"picked":"JustLucky","floor":1.0},{"not_picked":["EmptyFist","CarveReality"],"picked":"FlurryOfBlows","floor":2.0},{"not_picked":["FlurryOfBlows","BowlingBash"],"picked":"Prostrate","floor":4.0},{"not_picked":["Replay:Cycle","SignatureMove"],"picked":"FlyingSleeves","floor":5.0},{"not_picked":["Indignation","Nirvana"],"picked":"CutThroughFate","floor":8.0},{"not_picked":["Protect","EmptyBody"],"picked":"SashWhip+1","floor":11.0},{"not_picked":["PathToVictory","Protect"],"picked":"CutThroughFate+1","floor":12.0},{"not_picked":["Adaptation","Sanctity"],"picked":"WheelKick+1","floor":14.0},{"not_picked":["Blasphemy","Ragnarok+1"],"picked":"SpiritShield","floor":16.0},{"not_picked":["Swivel","FlyingSleeves+1"],"picked":"Evaluate","floor":18.0},{"not_picked":["Protect","FlyingSleeves+1"],"picked":"SandsOfTime+1","floor":19.0},{"not_picked":["SignatureMove+1","EmptyBody"],"picked":"JustLucky+1","floor":21.0},{"not_picked":["SandsOfTime+1","Protect+1"],"picked":"EmptyBody","floor":24.0},{"not_picked":["JustLucky+1","EmptyFist+1"],"picked":"FearNoEvil+1","floor":25.0},{"not_picked":["Halt","Sanctity+1"],"picked":"BowlingBash+1","floor":27.0},{"not_picked":["SashWhip+1","Collect+1"],"picked":"EmptyFist+1","floor":29.0},{"not_picked":["Protect","FollowUp+1"],"picked":"Brilliance+1","floor":31.0},{"not_picked":["Blasphemy","Wish"],"picked":"DevaForm","floor":33.0},{"not_picked":["InnerPeace","Vengeance","Conclude+1"],"picked":"SKIP","floor":35.0},{"not_picked":["Crescendo","Halt"],"picked":"Prostrate","floor":37},{"not_picked":["FlurryOfBlows+1","Alpha"],"picked":"CutThroughFate+1","floor":38},{"not_picked":["Halt+1","EmptyFist+1"],"picked":"Study","floor":39},{"not_picked":["Prostrate","Replay:Cycle"],"picked":"Crescendo+1","floor":40},{"not_picked":["Pray","SashWhip+1"],"picked":"Devotion","floor":44},{"not_picked":["PathToVictory+1","EmptyBody","ClearTheMind+1"],"picked":"SKIP","floor":47}],"player_experience":179273,"relics_obtained":[{"floor":7.0,"key":"Ring of Peace"},{"floor":7.0,"key":"ReplayTheSpireMod:Ring of Exchange"},{"floor":8.0,"key":"Replay:Wax Seal"},{"floor":9.0,"key":"Molten Egg 2"},{"floor":14.0,"key":"ReplayTheSpireMod:Shallot"},{"floor":24.0,"key":"Orichalcum"},{"floor":26.0,"key":"CaptainsWheel"},{"floor":29.0,"key":"Ancient Tea Set"},{"floor":40,"key":"Peace Pipe"},{"floor":43,"key":"Potion Belt"}],"event_choices":[{"damage_healed":0.0,"max_hp_gain":5.0,"max_hp_loss":0.0,"gold_gain":0.0,"event_name":"Big Fish","player_choice":"Donut","floor":0.0,"gold_loss":0.0,"damage_taken":0.0},{"damage_healed":0.0,"max_hp_gain":0.0,"max_hp_loss":0.0,"gold_gain":0.0,"event_name":"WeMeetAgain","player_choice":"Gave Potion","floor":3.0,"gold_loss":0.0,"damage_taken":0.0,"relics_obtained":["Iron Hammer"]},{"damage_healed":0.0,"max_hp_gain":0.0,"max_hp_loss":0.0,"gold_gain":0.0,"event_name":"Accursed Blacksmith","player_choice":"Forge","floor":13.0,"gold_loss":0.0,"damage_taken":0.0,"cards_upgraded":["FlurryOfBlows"]},{"damage_healed":0.0,"max_hp_gain":0.0,"max_hp_loss":0.0,"gold_gain":0.0,"event_name":"Wheel of Change","player_choice":"Cursed","floor":20.0,"gold_loss":0.0,"damage_taken":0.0,"cards_obtained":["Decay"]},{"damage_healed":0.0,"max_hp_gain":0.0,"max_hp_loss":0.0,"gold_gain":0.0,"event_name":"Vampires","player_choice":"Ignored","floor":28.0,"gold_loss":0.0,"damage_taken":0.0},{"damage_healed":0,"gold_gain":0,"player_choice":"Bought 2 Potions","damage_taken":0,"max_hp_gain":0,"max_hp_loss":0,"event_name":"The Woman in Blue","floor":42,"gold_loss":0},{"damage_healed":49,"gold_gain":0,"player_choice":"Heal","damage_taken":0,"max_hp_gain":0,"max_hp_loss":0,"event_name":"MindBloom","floor":45,"gold_loss":0,"cards_obtained":["Doubt"]},{"cards_removed":["Strike_P"],"damage_healed":0,"gold_gain":0,"player_choice":"Removed Attack","damage_taken":0,"max_hp_gain":0,"max_hp_loss":0,"event_name":"Falling","floor":46,"gold_loss":0}],"is_beta":false,"boss_relics":[{"not_picked":["ReplayTheSpireMod:ShopPack","Replay:Drink Me"],"picked":"Cursed Key"},{"not_picked":["HandDrill","Strange Spoon"],"picked":"Abe\u0027s Treasure"}],"items_purged_floors":[22,36,48],"is_endless":false,"potions_floor_spawned":[2,4,12,14,18,27,29,31,37,39,47],"ascension_level":2}}