{"host":"l57y98fnbdudgsvd","time":1613697398,"event":{"mods":["Aspiration","BaseMod","Better Note","Better Third Choice","BetterRewards","Friendly Minions","Hubris","Infinite Spire","Minty Spire (QoL Compilation)","Relic Sorter","Replay The Spire","Spicy Shops","StSLib","The Jungle"],"gold_per_floor":[110,110,35,60,25,25,64,64,88,88,88],"floor_reached":10,"language":"ENG","playtime":383,"items_purged":[],"score":118,"play_id":"56b1c786-ecac-4a25-94e8-a7c8ac28ddf5","local_time":"20210218201638","is_ascension_mode":true,"campfire_choices":[{"data":"Zap","floor":6,"key":"SMITH"},{"floor":8,"key":"REST"}],"circlet_count":0,"master_deck":["AscendersBane","Strike_B","Strike_B","Strike_B","Strike_B","Defend_B","Defend_B","Defend_B","Defend_B","Zap+1","Dualcast","Hologram+1","BasicCrystalCard+1","Redo+1","ReplayRNGCard+1","Double Energy+1","Self Repair"],"relics":["Cracked Core","Oddly Smooth Stone","Toxic Egg 2","Golden Idol","Kunai","Gremlin Food"],"acts_visited":["Exordium"],"potions_floor_usage":[],"damage_taken":[{"damage":1,"enemies":"2 Louse","floor":1,"turns":2},{"damage":2,"enemies":"Small Slimes","floor":4,"turns":3},{"damage":28,"enemies":"Lagavulin","floor":7,"turns":6},{"damage":50,"enemies":"Gremlin Nob","floor":10,"turns":4}],"seed_played":"6958867893828586915","potions_obtained":[],"is_trial":false,"path_per_floor":["M","?","$","M","?","R","E","R","T","E"],"character_chosen":"DEFECT","items_purchased":["Oddly Smooth Stone","Toxic Egg 2","Hologram+1","BasicCrystalCard+1","ReplayRNGCard+1"],"campfire_rested":1,"item_purchase_floors":[0,0,0,0,3],"current_hp_per_floor":[63,39,39,37,54,54,26,47,47,0,0],"gold":88,"neow_bonus":"","is_daily":false,"chose_seed":false,"campfire_upgraded":1,"win_rate":0.0,"timestamp":1613697398,"path_taken":["M","?","$","M","?","R","E","R","T","E"],"items_purchased_type":["Relic","Relic","Card","Card","Card"],"build_version":"2020-12-22","purchased_purges":0,"victory":false,"max_hp_per_floor":[71,71,71,71,71,71,71,71,71,71,71],"card_choices":[{"not_picked":["ReplayTheSpireMod:System Scan+1","Skim+1"],"picked":"Redo+1","floor":1},{"not_picked":["Compile Driver","Rebound"],"picked":"Double Energy+1","floor":4},{"not_picked":["Stack+1","Compile Driver"],"picked":"Self Repair","floor":7}],"player_experience":1358648,"relics_obtained":[{"floor":7,"key":"Kunai"},{"floor":9,"key":"Gremlin Food"}],"event_choices":[{"damage_healed":0,"gold_gain":0,"player_choice":"Take Damage","damage_taken":24,"relics_obtained":["Golden Idol"],"max_hp_gain":0,"max_hp_loss":0,"event_name":"Golden Idol","floor":2,"gold_loss":0},{"damage_healed":17,"gold_gain":0,"player_choice":"Healed","damage_taken":0,"max_hp_gain":0,"max_hp_loss":0,"event_name":"The Cleric","floor":5,"gold_loss":35}],"is_beta":false,"boss_relics":[],"items_purged_floors":[],"is_endless":false,"potions_floor_spawned":[],"killed_by":"Gremlin Nob","ascension_level":17}}