{"host":"Berg","time":1613767451,"event":{"mods":["AchievementEnabler","BaseMod","Better Third Choice","Colored Map","Downfall","Gremlin Skip","Highlight Path","Minty Spire (QoL Compilation)","Relic Stats","StSLib"],"gold_per_floor":[99,113,124,139,139,149,149,149,163,163,193,213,213,213,229,325,325,325,345,345,345,365,395,395,395,410,410,410,437,437,451,471,575,575,575,586,606,606,623,290,313,413,140,140,155,155,155,43,61,61],"floor_reached":51,"language":"ENG","playtime":3471,"items_purged":[],"score":814,"play_id":"6a998de6-fe4e-46d6-a300-2abab19c2464","local_time":"20210219154411","is_ascension_mode":false,"campfire_choices":[{"data":"champ:Execute","floor":1,"key":"SMITH"},{"data":"champ:CrownThrow","floor":10,"key":"SMITH"},{"data":"champ:Improvising","floor":13,"key":"SMITH"},{"data":"champ:Strike","floor":18,"key":"PURGE"},{"floor":28,"key":"REST"},{"data":"downfall:Bewildered","floor":35,"key":"PURGE"},{"data":"Regret","floor":44,"key":"PURGE"},{"floor":47,"key":"REST"}],"circlet_count":0,"master_deck":["champ:Defend","champ:Defend","champ:Defend","champ:Defend","champ:Execute+1","champ:BladeFlurry","champ:BringItOn","champ:Backstep+1","champ:FanOfKnives","champ:CrownThrow+1","champ:Lariat","champ:Improvising+1","Slimebound:Tackle+1","champ:FlashCut","champ:UltimateStance","champ:StanceDance","champ:TornadoPunch+1","champ:VampiricStrike","champ:CalledShot","RitualDagger","champ:Haymaker+1","champ:GutPunch","champ:AdrenalArmor+1","champ:SteelEdge","champ:FocusedDefense+1","expansioncontent:InvincibleStrength","expansioncontent:Chronoboost","expansioncontent:Chronoboost","champ:GladiatorStyle+1","champ:FancyFootwork+1","expansioncontent:DashGenerateEvil","champ:GladiatorStyle","champ:Duel+1","champ:Backstep","expansioncontent:QuickStudy","champ:BringItOn"],"relics":["champ:ChampionCrown","Bag of Preparation","Peace Pipe","FossilizedHelix","Sozu","sneckomod:BabySnecko","Lantern","StrikeDummy","Nilry\u0027s Codex","Darkstone Periapt","Empty Cage","PreservedInsect","downfall:ExtraCursedKey","champ:BerserkersGuideToSlaughter"],"acts_visited":["Exordium","TheCity","TheBeyond"],"potions_floor_usage":[50,50],"damage_taken":[{"damage":15,"enemies":"Jaw Worm","floor":2,"turns":6},{"damage":1,"enemies":"Small Slimes","floor":3,"turns":3},{"damage":10,"enemies":"Cultist","floor":4,"turns":3},{"damage":15,"enemies":"downfall:LooterAlt","floor":6,"turns":3},{"damage":18,"enemies":"Exordium Thugs","floor":9,"turns":4},{"damage":30,"enemies":"Gremlin Nob","floor":11,"turns":4},{"damage":0,"enemies":"3 Louse","floor":12,"turns":2},{"damage":32,"enemies":"Large Slime","floor":15,"turns":4},{"damage":6,"enemies":"IC_STATUS_ARCHETYPE","floor":16,"turns":6},{"damage":41,"enemies":"downfall:LooterAlt2","floor":19,"turns":4},{"damage":0,"enemies":"Spheric Guardian","floor":22,"turns":3},{"damage":46,"enemies":"Slavers","floor":23,"turns":4},{"damage":0,"enemies":"Snecko","floor":26,"turns":3},{"damage":42,"enemies":"Book of Stabbing","floor":29,"turns":4},{"damage":10,"enemies":"Shelled Parasite and Fungi","floor":31,"turns":4},{"damage":0,"enemies":"3 Cultists","floor":32,"turns":4},{"damage":40,"enemies":"WA_ARCHETYPE_CALM","floor":33,"turns":7},{"damage":0,"enemies":"3 Darklings","floor":36,"turns":5},{"damage":20,"enemies":"Orb Walker","floor":37,"turns":3},{"damage":18,"enemies":"3 Darklings","floor":39,"turns":5},{"damage":13,"enemies":"downfall:FleeingMerchant","floor":43,"turns":4},{"damage":37,"enemies":"Maw","floor":45,"turns":8},{"damage":10,"enemies":"downfall:FleeingMerchant","floor":48,"turns":4},{"damage":0,"enemies":"Transient","floor":49,"turns":5},{"damage":0,"enemies":"SI_POISON_ARCHETYPE","floor":50,"turns":15}],"seed_played":"1912476567368455626","potions_obtained":[{"floor":12,"key":"EssenceOfSteel"},{"floor":15,"key":"Swift Potion"},{"floor":16,"key":"Ancient Potion"}],"is_trial":false,"path_per_floor":["R","M","M","M","?","M","T","?","M","R","E","M","R","?","M","B",null,"R","M","?","?","M","E","T","?","M","?","R","E","?","M","M","B",null,"R","M","M","?","M","?","T","?","$","R","M","T","R","$","M","B",null],"character_chosen":"THE_CHAMP","items_purchased":["expansioncontent:DashGenerateEvil","champ:GladiatorStyle","champ:BerserkersGuideToSlaughter","champ:Backstep","expansioncontent:QuickStudy","champ:BringItOn"],"campfire_rested":2,"item_purchase_floors":[43,43,48,48,48,48],"current_hp_per_floor":[90,85,84,84,84,79,79,79,71,71,51,61,61,61,49,53,90,90,84,84,84,84,58,58,42,42,36,63,51,51,51,51,41,90,90,90,80,70,62,101,101,107,94,94,62,62,94,99,104,104],"gold":61,"neow_bonus":"RANDOM_COMMON_RELIC","is_daily":false,"chose_seed":false,"campfire_upgraded":3,"win_rate":0.0,"timestamp":1613767451,"path_taken":["R","M","M","M","?","M","T","?","M","R","E","?","R","?","M","BOSS","R","M","?","?","M","E","T","?","M","?","R","E","?","?","M","BOSS","R","M","M","?","M","?","T","?","?","R","M","?","R","$","M","BOSS"],"items_purchased_type":["Card","Card","Relic","Card","Card","Card"],"build_version":"2020-12-18","purchased_purges":0,"victory":true,"max_hp_per_floor":[90,90,90,90,90,90,90,90,90,90,90,90,90,90,90,90,90,90,90,90,90,90,90,90,90,90,90,90,90,90,90,90,90,90,90,90,90,90,90,101,101,107,107,107,107,107,107,107,107,107],"relic_stats":{"Peace Pipe":3,"Sozu":5,"Darkstone Periapt":6,"counters":[25,117],"PreservedInsect":100,"Bag of Preparation":[50],"obtain_stats":[{"Darkstone Periapt":29,"Lantern":23,"Nilry\u0027s Codex":25,"champ:ChampionCrown":0,"PreservedInsect":41,"Bag of Preparation":0,"Empty Cage":34,"Peace Pipe":7,"Sozu":17,"sneckomod:BabySnecko":21,"downfall:ExtraCursedKey":42,"champ:BerserkersGuideToSlaughter":48,"StrikeDummy":24,"FossilizedHelix":11},{"Darkstone Periapt":14,"Lantern":12,"Nilry\u0027s Codex":12,"champ:ChampionCrown":0,"PreservedInsect":20,"Bag of Preparation":0,"Empty Cage":17,"Peace Pipe":4,"Sozu":9,"sneckomod:BabySnecko":10,"downfall:ExtraCursedKey":20,"champ:BerserkersGuideToSlaughter":23,"StrikeDummy":12,"FossilizedHelix":6},{"Darkstone Periapt":53,"Lantern":46,"Nilry\u0027s Codex":46,"champ:ChampionCrown":0,"PreservedInsect":81,"Bag of Preparation":0,"Empty Cage":68,"Peace Pipe":15,"Sozu":35,"sneckomod:BabySnecko":39,"downfall:ExtraCursedKey":81,"champ:BerserkersGuideToSlaughter":97,"StrikeDummy":46,"FossilizedHelix":23}]},"card_choices":[{"not_picked":["champ:BerserkersShout","champ:EnragedBash"],"picked":"champ:BladeFlurry","floor":2},{"not_picked":["champ:EndlessRage","champ:FocusedDefense"],"picked":"champ:BringItOn","floor":3},{"not_picked":["champ:FocusedDefense","champ:Lariat"],"picked":"champ:Backstep","floor":4},{"not_picked":["champ:FlashCut","champ:DefensiveShout"],"picked":"champ:FanOfKnives","floor":6},{"not_picked":["champ:SetATrap","champ:FlashCut"],"picked":"champ:CrownThrow","floor":9},{"not_picked":["champ:FanOfKnives","champ:BringItOn"],"picked":"champ:Lariat","floor":11},{"not_picked":["champ:CrownThrow","champ:BladeFlurry"],"picked":"champ:Improvising","floor":12},{"not_picked":["champ:ShieldSlam","champ:Backstep"],"picked":"champ:FlashCut","floor":15},{"not_picked":["champ:HeavySlash","champ:IgnorePain"],"picked":"champ:UltimateStance","floor":16},{"not_picked":["champ:BringItOn","champ:BerserkersShout"],"picked":"champ:StanceDance","floor":19},{"not_picked":["champ:Haymaker","champ:DefensiveShout"],"picked":"champ:TornadoPunch+1","floor":22},{"not_picked":["champ:Circumvent","champ:BladeFlurry"],"picked":"champ:VampiricStrike","floor":23},{"not_picked":["champ:BerserkersShout","champ:Backstep"],"picked":"champ:CalledShot","floor":26},{"not_picked":["champ:BerserkersShout","champ:PreciseThrust+1"],"picked":"champ:Haymaker+1","floor":29},{"not_picked":["champ:RecklessLeap+1","champ:Haymaker"],"picked":"champ:GutPunch","floor":31},{"not_picked":["champ:Lariat","champ:BringItOn"],"picked":"champ:AdrenalArmor+1","floor":32},{"not_picked":["champ:TripleStrike","champ:SwordThrow"],"picked":"champ:SteelEdge","floor":33},{"not_picked":["champ:PreemptiveStrike","champ:AdrenalArmor","champ:TornadoPunch+1"],"picked":"SKIP","floor":36},{"not_picked":["champ:CrownThrow+1","champ:RapidStrikes"],"picked":"champ:FocusedDefense+1","floor":37},{"not_picked":["expansioncontent:YouAreMine","expansioncontent:PrepareCrush"],"picked":"expansioncontent:InvincibleStrength","floor":38},{"not_picked":["expansioncontent:HyperBeam","expansioncontent:GuardianWhirl"],"picked":"expansioncontent:Chronoboost","floor":38},{"not_picked":["expansioncontent:PolyBeam","expansioncontent:Hexaburn"],"picked":"expansioncontent:Chronoboost","floor":38},{"not_picked":["champ:CrookedStrike+1","champ:Encircle+1"],"picked":"champ:GladiatorStyle+1","floor":39},{"not_picked":["champ:BladeFlurry","champ:ShieldThrow"],"picked":"champ:FancyFootwork+1","floor":43},{"not_picked":["champ:BladeFlurry+1","champ:SetATrap","champ:EndlessRage+1"],"picked":"SKIP","floor":45},{"not_picked":["champ:BladeFlurry","champ:FalseCounter+1"],"picked":"champ:Duel+1","floor":48},{"not_picked":["champ:FlashCut","champ:BerserkersShout+1","champ:PreemptiveStrike+1"],"picked":"SKIP","floor":49}],"player_experience":1424488,"relics_obtained":[{"floor":7,"key":"Peace Pipe"},{"floor":11,"key":"FossilizedHelix"},{"floor":23,"key":"Lantern"},{"floor":24,"key":"StrikeDummy"},{"floor":25,"key":"Nilry\u0027s Codex"},{"floor":29,"key":"Darkstone Periapt"},{"floor":41,"key":"PreservedInsect"}],"event_choices":[{"cards_removed":["champ:Taunt"],"damage_healed":0,"gold_gain":0,"player_choice":"Took Card","damage_taken":0,"max_hp_gain":0,"max_hp_loss":0,"event_name":"NoteForYourself","floor":14,"gold_loss":0,"cards_obtained":["Slimebound:Tackle"]}],"is_beta":true,"boss_relics":[{"not_picked":["Runic Pyramid","Coffee Dripper"],"picked":"Sozu"},{"not_picked":["Runic Dome","Black Star"],"picked":"Empty Cage"}],"items_purged_floors":[],"is_endless":false,"potions_floor_spawned":[12,15,16,19,22,26,36,37,39],"ascension_level":0}}