{"host":"6ulps5ednfgqn0to","time":1613694198,"event":{"mods":["AchievementEnabler","BaseMod","Colored Map","Highlight Path","Minty Spire (QoL Compilation)","Relic Sorter","Relic Stats","StSLib"],"gold_per_floor":[112,130,130,33,33,66,81,112,112,112,136,175,175,12,12,135,135,148,148,171,171,96,96,132,52,76,76,76],"floor_reached":27,"language":"ENG","playtime":859,"items_purged":["Strike_B"],"score":313,"play_id":"4fa4d341-63e5-487f-bab7-82d9cded2c66","local_time":"20210219022318","is_ascension_mode":true,"campfire_choices":[{"floor":10,"key":"REST"},{"data":"Streamline","floor":15,"key":"SMITH"},{"data":"Coolheaded","floor":23,"key":"SMITH"}],"circlet_count":0,"master_deck":["Strike_B","Strike_B+1","Defend_B","Defend_B","Defend_B","Defend_B","Zap","Dualcast","Go for the Eyes+1","Gash","Streamline+1","Leap","Conserve Battery","Rebound","Cold Snap","Barrage","Panache","All For One+1","Coolheaded+1","RitualDagger","Sweeping Beam+1","Beam Cell","Undo"],"relics":["Cracked Core","NeowsBlessing","Golden Idol","Ancient Tea Set","Gremlin Horn","Centennial Puzzle","Potion Belt","Black Star","Turnip","Vajra","Whetstone"],"acts_visited":["Exordium","TheCity"],"potions_floor_usage":[16,16,16],"damage_taken":[{"damage":0,"enemies":"Cultist","floor":1,"turns":1},{"damage":0,"enemies":"Small Slimes","floor":2,"turns":1},{"damage":0,"enemies":"Gremlin Nob","floor":6,"turns":1},{"damage":11,"enemies":"Jaw Worm","floor":7,"turns":4},{"damage":33,"enemies":"3 Sentries","floor":8,"turns":10},{"damage":5,"enemies":"Exordium Thugs","floor":11,"turns":3},{"damage":17,"enemies":"Gremlin Nob","floor":12,"turns":4},{"damage":34,"enemies":"Slime Boss","floor":16,"turns":7},{"damage":16,"enemies":"Shell Parasite","floor":18,"turns":5},{"damage":3,"enemies":"Chosen","floor":20,"turns":4},{"damage":29,"enemies":"Book of Stabbing","floor":24,"turns":6},{"damage":21,"enemies":"Slavers","floor":27,"turns":1}],"seed_played":"1498332707075176213","potions_obtained":[{"floor":2,"key":"DuplicationPotion"},{"floor":7,"key":"SpeedPotion"},{"floor":8,"key":"SpeedPotion"},{"floor":18,"key":"Swift Potion"},{"floor":20,"key":"Weak Potion"}],"is_trial":false,"path_per_floor":["M","M","?","$","?","E","M","E","T","R","M","E","?","$","R","B",null,"M","?","M","?","?","R","E","$","T","E"],"character_chosen":"DEFECT","items_purchased":["Streamline","Panache","Undo"],"campfire_rested":1,"item_purchase_floors":[4,14,25],"current_hp_per_floor":[75,75,75,75,57,57,46,13,13,35,30,13,38,38,38,4,75,59,53,50,50,50,50,21,21,21,0,0],"gold":76,"neow_bonus":"THREE_ENEMY_KILL","is_daily":false,"chose_seed":false,"campfire_upgraded":2,"win_rate":0.0,"timestamp":1613694198,"path_taken":["M","?","?","$","?","E","M","E","T","R","M","E","?","?","R","BOSS","M","?","M","?","?","R","E","$","T","E"],"items_purchased_type":["Card","Card","Card"],"build_version":"2020-12-22","purchased_purges":1,"victory":false,"max_hp_per_floor":[75,75,75,75,75,75,75,75,75,75,75,75,75,75,75,75,75,75,75,75,75,75,75,75,75,75,75,75],"relic_stats":{"Centennial Puzzle":[21],"Gremlin Horn":[3,3],"counters":[12,47],"Golden Idol":69,"Turnip":[0],"Black Star":1,"Whetstone":["Strike_B","All For One"],"obtain_stats":[{"Potion Belt":12,"Centennial Puzzle":9,"NeowsBlessing":0,"Gremlin Horn":8,"Golden Idol":5,"Vajra":24,"Turnip":24,"Black Star":17,"Whetstone":26,"Cracked Core":0,"Ancient Tea Set":6},{"Potion Belt":7,"Centennial Puzzle":5,"NeowsBlessing":0,"Gremlin Horn":5,"Golden Idol":2,"Vajra":11,"Turnip":11,"Black Star":8,"Whetstone":11,"Cracked Core":0,"Ancient Tea Set":3},{"Potion Belt":24,"Centennial Puzzle":17,"NeowsBlessing":0,"Gremlin Horn":17,"Golden Idol":2,"Vajra":46,"Turnip":46,"Black Star":31,"Whetstone":46,"Cracked Core":0,"Ancient Tea Set":3}]},"card_choices":[{"not_picked":["Steam","Stack"],"picked":"Go for the Eyes","floor":1},{"not_picked":["Scrape","Steam"],"picked":"Gash","floor":2},{"not_picked":["Coolheaded","Streamline"],"picked":"Leap","floor":6},{"not_picked":["Storm","Compile Driver"],"picked":"Conserve Battery","floor":7},{"not_picked":["Static Discharge","Turbo"],"picked":"Rebound","floor":8},{"not_picked":["Leap","Heatsinks"],"picked":"Cold Snap","floor":11},{"not_picked":["Undo","Compile Driver"],"picked":"Barrage","floor":12},{"not_picked":["Electrodynamics","Hyperbeam"],"picked":"All For One","floor":16},{"not_picked":["Leap","Ball Lightning"],"picked":"Coolheaded","floor":18},{"not_picked":["Doom and Gloom","Blizzard"],"picked":"Sweeping Beam+1","floor":20},{"not_picked":["Heatsinks","Redo"],"picked":"Beam Cell","floor":24}],"player_experience":54152,"relics_obtained":[{"floor":6,"key":"Ancient Tea Set"},{"floor":8,"key":"Gremlin Horn"},{"floor":9,"key":"Centennial Puzzle"},{"floor":12,"key":"Potion Belt"},{"floor":24,"key":"Turnip"},{"floor":24,"key":"Vajra"},{"floor":26,"key":"Whetstone"}],"event_choices":[{"damage_healed":0,"gold_gain":0,"player_choice":"Grow","damage_taken":0,"max_hp_gain":0,"max_hp_loss":0,"event_name":"Living Wall","floor":3,"gold_loss":0,"cards_upgraded":["Go for the Eyes"]},{"damage_healed":0,"gold_gain":0,"player_choice":"Take Damage","damage_taken":18,"relics_obtained":["Golden Idol"],"max_hp_gain":0,"max_hp_loss":0,"event_name":"Golden Idol","floor":5,"gold_loss":0},{"damage_healed":25,"gold_gain":0,"player_choice":"Banana","damage_taken":0,"max_hp_gain":0,"max_hp_loss":0,"event_name":"Big Fish","floor":13,"gold_loss":0},{"damage_healed":0,"gold_gain":0,"player_choice":"Joined the Cult","damage_taken":6,"max_hp_gain":0,"max_hp_loss":0,"event_name":"Nest","floor":19,"gold_loss":0,"cards_obtained":["RitualDagger"]},{"damage_healed":0,"gold_gain":0,"player_choice":"Ignored","damage_taken":0,"max_hp_gain":0,"max_hp_loss":0,"event_name":"Ghosts","floor":21,"gold_loss":0},{"cards_removed":["Strike_B"],"damage_healed":0,"gold_gain":0,"player_choice":"Gave Gold","damage_taken":0,"max_hp_gain":0,"max_hp_loss":0,"event_name":"Beggar","floor":22,"gold_loss":75}],"is_beta":false,"boss_relics":[{"not_picked":["Snecko Eye","Nuclear Battery"],"picked":"Black Star"}],"items_purged_floors":[4],"is_endless":false,"potions_floor_spawned":[2,7,8,18,20],"killed_by":"Slavers","ascension_level":3}}