{"host":"oluf6aumjll4vfac","time":1613712397,"event":{"mods":["BaseMod","Colored Map","Colored Powertips","Conspire","Downfall","Minty Spire (QoL Compilation)","Quick Restart","Replay The Spire","Shop Mod","StSLib","SuperFastMode","¡¾ÒÅÎï¿¨ÅÆ¡¿REMEMod"],"gold_per_floor":[365,365,365,382,382,382,443,443,525,626,676,43,60,73,73,176,176,196,246,258,308,358,358,371,371,450,450,469,534,544,272,272,272,272],"floor_reached":33,"language":"ZHS","playtime":2440,"items_purged":[],"score":312,"play_id":"58f55cf2-77cd-42d0-8af8-fd083dd693b0","local_time":"20210219132637","is_ascension_mode":false,"campfire_choices":[{"data":"Thunderclap","floor":6,"key":"SMITH"},{"data":"Whirlwind","floor":8,"key":"SMITH"},{"floor":15,"key":"DIG"},{"floor":23,"key":"REST"},{"floor":25,"key":"REST"},{"floor":27,"key":"REST"},{"floor":32,"key":"REST"}],"circlet_count":0,"master_deck":["Strike_R","Strike_R+1","Strike_R","Strike_R","Strike_R","Defend_R","Defend_R","Defend_R+1","Defend_R","Bash","hexamod:Strike","Slimebound:CorrosiveSpit+1","Spot Weakness","Thunderclap+1","Whirlwind+1","Cleave","Clothesline","Spot Weakness+1","Spot Weakness+1","ReplayReversal+1","Anger","Armaments+1","Barricade","CurseOfTheBell","Pot Of Greed+1","Pot Of Greed+1","Pot Of Greed+1","ReplayTheSpireMod:Strike From Hell+1","ReplayTheSpireMod:Strike From Hell+1","Wild Strike+1","Run Through+1","Twin Strike+1","ReplayTheSpireMod:Corrosion Curse+1","Combust"],"relics":["Burning Blood","REME_ComplimentaryCards","SsserpentHead","Toxic Egg 2","Mirror","conspire:Flyswatter","MerchantsRug","Bronze Scales","Replay:WaspNest","Gremlin Food","Calling Bell","Grinning Jar","Gremlin Horn","Replay:Arrowhead","Ring of Fury","ReplayTheSpireMod:Ring of Exchange","White Beast Statue","Matryoshka","Lantern"],"acts_visited":["Exordium","TheCity"],"potions_floor_usage":[16,16,29,29,29,30,33],"damage_taken":[{"damage":10,"enemies":"conspire:RoseBush","floor":1,"turns":2},{"damage":14,"enemies":"2 Louse","floor":4,"turns":2},{"damage":6,"enemies":"Cultist","floor":7,"turns":3},{"damage":10,"enemies":"Looter","floor":13,"turns":2},{"damage":9,"enemies":"2 Fungi Beasts","floor":14,"turns":1},{"damage":0,"enemies":"Slime Boss","floor":16,"turns":5},{"damage":33,"enemies":"Shell Parasite","floor":18,"turns":6},{"damage":30,"enemies":"Spheric Guardian","floor":20,"turns":4},{"damage":36,"enemies":"Snecko","floor":24,"turns":4},{"damage":17,"enemies":"Snake Plant","floor":28,"turns":3},{"damage":19,"enemies":"conspire:HollyBat","floor":29,"turns":7},{"damage":0,"enemies":"3 Cultists","floor":30,"turns":2},{"damage":79,"enemies":"Champ","floor":33,"turns":6}],"seed_played":"3605732937515539563","potions_obtained":[{"floor":4,"key":"SteroidPotion"},{"floor":13,"key":"BlessingOfTheForge"},{"floor":20,"key":"EssenceOfSteel"},{"floor":24,"key":"Venom Potion"},{"floor":28,"key":"AttackPotion"},{"floor":29,"key":"PowerPotion"},{"floor":30,"key":"DistilledChaos"}],"is_trial":false,"path_per_floor":["M","?","?","M","?","R","M","R","T","?","?","$","M","M","R_BF","B",null,"M","?","M","T","?","R","M","R","T","R","M","M","M","$","R","B"],"character_chosen":"IRONCLAD","items_purchased":["MerchantsRug","Bronze Scales","Replay:WaspNest","Spot Weakness+1","ReplayReversal+1","Lantern","Explosive Potion","Combust"],"campfire_rested":4,"item_purchase_floors":[12,12,12,12,12,31,31,31],"current_hp_per_floor":[76,76,76,68,68,68,68,68,68,36,33,33,29,26,26,32,80,53,53,29,29,29,53,23,47,47,71,60,47,53,53,77,0,0],"gold":272,"neow_bonus":"TWO_FIFTY_GOLD","is_daily":false,"chose_seed":false,"campfire_upgraded":2,"win_rate":0.0,"timestamp":1613712397,"path_taken":["M","?","?","M","?","R","?","R","T","?","?","?","M","M","R_BF","BOSS","M","?","M","?","?","R","M","R","T","R","M","?","M","$","R","BOSS"],"items_purchased_type":["Relic","Relic","Relic","Card","Card","Relic","Potion","Card"],"build_version":"2020-12-22","purchased_purges":0,"victory":false,"max_hp_per_floor":[80,80,80,80,80,80,80,80,80,80,80,80,80,80,80,80,80,80,80,80,80,80,80,80,80,80,80,80,80,80,80,80,80,80],"card_choices":[{"not_picked":["Shrug It Off","Flex"],"picked":"Spot Weakness","floor":1},{"not_picked":["ReplayTheSpireMod:Stacked","Offering"],"picked":"Thunderclap","floor":4},{"not_picked":["Havoc","Iron Wave"],"picked":"Whirlwind","floor":7},{"not_picked":["Intimidate+1","Pommel Strike"],"picked":"Cleave","floor":10},{"not_picked":["Perfected Strike","Pommel Strike"],"picked":"Clothesline","floor":10},{"not_picked":["Clash","Juggernaut"],"picked":"Anger","floor":13},{"not_picked":["Run Through","Dropkick"],"picked":"Armaments+1","floor":14},{"not_picked":["Replay:Many Hands+1","REME_ACTH+1"],"picked":"Barricade","floor":16},{"not_picked":["Body Slam","Dual Wield+1"],"picked":"ReplayTheSpireMod:Strike From Hell+1","floor":18},{"not_picked":["Disarm+1","Entrench+1"],"picked":"ReplayTheSpireMod:Strike From Hell+1","floor":20},{"not_picked":["Disarm+1","Intimidate+1"],"picked":"Wild Strike","floor":24},{"not_picked":["Ghostly Armor+1","Sword Boomerang+1"],"picked":"Run Through","floor":28},{"not_picked":["Body Slam","Heavy Blade"],"picked":"Twin Strike+1","floor":29},{"not_picked":["Shrug It Off+1","Pommel Strike"],"picked":"ReplayTheSpireMod:Corrosion Curse+1","floor":30}],"player_experience":65899,"relics_obtained":[{"floor":9,"key":"Toxic Egg 2"},{"floor":10,"key":"Mirror"},{"floor":15,"key":"Gremlin Food"},{"floor":17,"key":"Grinning Jar"},{"floor":17,"key":"Gremlin Horn"},{"floor":17,"key":"Replay:Arrowhead"},{"floor":19,"key":"Ring of Fury"},{"floor":19,"key":"ReplayTheSpireMod:Ring of Exchange"},{"floor":21,"key":"White Beast Statue"},{"floor":26,"key":"Matryoshka"}],"event_choices":[{"damage_healed":0,"gold_gain":0,"player_choice":"Ignored","damage_taken":0,"max_hp_gain":0,"max_hp_loss":0,"event_name":"Golden Wing","floor":3,"gold_loss":0},{"damage_healed":0,"gold_gain":0,"player_choice":"Trade","damage_taken":0,"relics_obtained":["SsserpentHead"],"max_hp_gain":0,"max_hp_loss":0,"event_name":"FaceTrader","floor":5,"gold_loss":0},{"damage_healed":0,"gold_gain":0,"player_choice":"Success","damage_taken":3,"relics_obtained":["conspire:Flyswatter"],"max_hp_gain":0,"max_hp_loss":0,"event_name":"Scrap Ooze","floor":11,"gold_loss":0},{"cards_removed":["Spreading Infection"],"damage_healed":0,"gold_gain":0,"player_choice":"Purged","damage_taken":0,"max_hp_gain":0,"max_hp_loss":0,"event_name":"Purifier","floor":22,"gold_loss":0}],"is_beta":false,"boss_relics":[{"not_picked":["Runic Dome","Ectoplasm"],"picked":"Calling Bell"}],"items_purged_floors":[],"is_endless":false,"potions_floor_spawned":[4,13,20,24,28,29,30],"killed_by":"Champ","ascension_level":0}}