{"host":"xub9x5qyeglziwrr","time":1613707148,"event":{"mods":["Act Like it!","BaseMod","Colored Map","Duelist Mod","GifTheSpireLib","Minty Spire (QoL Compilation)","Pale of the Ancients","Permanent Neow","Rare Cards Sparkle","Relic Filter","StSLib","SuperFastMode"],"gold_per_floor":[239,389,400,412,2,2,30,30,30,30,49,49,82,100,100,174,174,190,201,201,216,23,23,48,48,74,101,101,101,113,113,113,190,190,202,222,222,0,18,33,33,46,46,58,58,58,90,124,124,124,124,124,124,19,19,19],"floor_reached":55,"language":"ENG","playtime":8511,"items_purged":["Doubt","theDuelist:Sparks","theDuelist:Sparks"],"score":2000,"play_id":"8506f8d8-3680-4ee0-adb1-763a0f5395c7","local_time":"20210218195908","is_ascension_mode":true,"campfire_choices":[{"data":"theDuelist:Biofalcon","floor":6.0,"key":"SMITH"},{"data":"theDuelist:CatapultTurtle","floor":8.0,"key":"SMITH"},{"data":"theDuelist:Oilman","floor":12.0,"key":"SMITH"},{"data":"theDuelist:Flashbang","floor":15.0,"key":"SMITH"},{"floor":23.0,"key":"REST"},{"floor":25.0,"key":"REST"},{"data":"theDuelist:ImperialOrder","floor":28.0,"key":"SMITH"},{"data":"theDuelist:GravityLash","floor":32.0,"key":"SMITH"},{"data":"theDuelist:JunkKuriboh","floor":41.0,"key":"SMITH"},{"floor":46.0,"key":"RECALL"},{"data":"Enlightenment","floor":49.0,"key":"SMITH"},{"data":"theDuelist:AncientGearBox","floor":53,"key":"SMITH"}],"circlet_count":0,"master_deck":["theDuelist:AncientGearChimera","theDuelist:BlastingFuse+1","theDuelist:Flashbang","Enlightenment+1","theDuelist:PortableBatteryPack","theDuelist:CyberneticFusion+1","theDuelist:AncientGearBox+1","theDuelist:JunkSpeeder","theDuelist:GravityLash+1","theDuelist:CatapultTurtle+1","theDuelist:Mixeroid","AscendersBane","theDuelist:SwordsConcealing","theDuelist:PortableBatteryPack","theDuelist:IronhammerGiant","theDuelist:IronhammerGiant","Doubt","theDuelist:Sangan+1","theDuelist:ImperialOrder+1","theDuelist:PineappleBlast","theDuelist:GreenGadget","theDuelist:JunkKuriboh+1","theDuelist:Deskbot004","theDuelist:Deskbot004","theDuelist:Deskbot005","theDuelist:IronCall+1","theDuelist:Shekhinaga","theDuelist:Deskbot005","theDuelist:Biofalcon+1","theDuelist:GravityBlaster","theDuelist:Flashbang+1","theDuelist:GreenGadget+1","theDuelist:Oilman+1"],"relics":["theDuelist:MillenniumPuzzle","theDuelist:ChallengePuzzle","theDuelist:CardPoolRelic","theDuelist:CardPoolBasicRelic","theDuelist:BoosterPackPoolRelic","theDuelist:CardPoolAddRelic","theDuelist:CardPoolMinusRelic","theDuelist:CardPoolSaveRelic","theDuelist:CardPoolOptionsRelic","theDuelist:TrapVortex","WingedGreaves","Self Forming Clay","Runic Pyramid","Bag of Preparation","theDuelist:MillenniumArmor","Lantern","theDuelist:TokenfestPendant","Philosopher\u0027s Stone","theDuelist:DuelistLetterOpener","theDuelist:SummonAnchor","Smiling Mask"],"acts_visited":["Exordium","TheCity","TheBeyond","TheEnding"],"potions_floor_usage":[],"damage_taken":[{"damage":0.0,"enemies":"2 Louse","floor":1.0,"turns":2.0},{"damage":0.0,"enemies":"Small Slimes","floor":3.0,"turns":4.0},{"damage":5.0,"enemies":"Jaw Worm","floor":4.0,"turns":6.0},{"damage":28.0,"enemies":"Lagavulin","floor":7.0,"turns":9.0},{"damage":0.0,"enemies":"2 Fungi Beasts","floor":11.0,"turns":3.0},{"damage":0.0,"enemies":"Gremlin Nob","floor":13.0,"turns":3.0},{"damage":2.0,"enemies":"Blue Slaver","floor":14.0,"turns":3.0},{"damage":24.0,"enemies":"Hexaghost","floor":16.0,"turns":7.0},{"damage":5.0,"enemies":"Shell Parasite","floor":18.0,"turns":5.0},{"damage":14.0,"enemies":"Spheric Guardian","floor":19.0,"turns":5.0},{"damage":22.0,"enemies":"Snake Plant","floor":21.0,"turns":4.0},{"damage":11.0,"enemies":"Gremlin Leader","floor":24.0,"turns":3.0},{"damage":2.0,"enemies":"Book of Stabbing","floor":27.0,"turns":4.0},{"damage":2.0,"enemies":"Shelled Parasite and Fungi","floor":30.0,"turns":7.0},{"damage":16.0,"enemies":"Champ","floor":33.0,"turns":11.0},{"damage":0.0,"enemies":"Orb Walker","floor":35.0,"turns":3.0},{"damage":0.0,"enemies":"3 Shapes","floor":36.0,"turns":4.0},{"damage":0.0,"enemies":"Maw","floor":39.0,"turns":5.0},{"damage":6.0,"enemies":"Jaw Worm Horde","floor":40.0,"turns":2.0},{"damage":0.0,"enemies":"3 Darklings","floor":42.0,"turns":3.0},{"damage":33.0,"enemies":"Maw","floor":44.0,"turns":6.0},{"damage":1.0,"enemies":"Nemesis","floor":47.0,"turns":3.0},{"damage":0.0,"enemies":"Giant Head","floor":48.0,"turns":5.0},{"damage":29.0,"enemies":"Donu and Deca","floor":50.0,"turns":6.0},{"damage":23,"enemies":"Time Eater","floor":51,"turns":7},{"damage":72,"enemies":"Shield and Spear","floor":55,"turns":4}],"seed_played":"8294069944789975779","potions_obtained":[{"floor":1.0,"key":"FearPotion"},{"floor":4.0,"key":"Weak Potion"},{"floor":11.0,"key":"FearPotion"},{"floor":16.0,"key":"theDuelist:BombBottle"},{"floor":18.0,"key":"Fruit Juice"},{"floor":21.0,"key":"theDuelist:FreezingPotion"},{"floor":30.0,"key":"theDuelist:SealedPackB"},{"floor":33.0,"key":"theDuelist:DebuffFuryPotion"},{"floor":35.0,"key":"CultistPotion"},{"floor":48.0,"key":"theDuelist:SealedPack"}],"is_trial":false,"path_per_floor":["M","?","M","M","$","R","E","R","T","?","M","R","E","M","R","B",null,"M","M","?","M","$","R","E","R","T","E","R","?","M","T","R","B",null,"M","M","?","$","M","M","R","M","T","M","?","R","E","E","R","B","B",null,"R","$","E"],"character_chosen":"THE_DUELIST","items_purchased":["theDuelist:TrapVortex","DuplicationPotion","theDuelist:Oilman","theDuelist:Mixeroid","theDuelist:AncientGearChimera","Enlightenment","theDuelist:ElectricPotion"],"campfire_rested":2,"item_purchase_floors":[5,5,5,22,22,38,54],"current_hp_per_floor":[63,63,63,58,58,58,30,30,30,35,35,35,35,33,33,9,59,54,40,40,23,23,47,36,60,60,58,58,58,56,56,56,40,70,70,70,70,70,70,64,64,64,64,31,80,80,79,79,79,50,27,67,67,67,0,0],"gold":19,"neow_bonus":"HUNDRED_GOLD","is_daily":false,"chose_seed":false,"campfire_upgraded":9,"win_rate":0.0,"timestamp":1613707148,"path_taken":["M","?","M","M","$","R","E","R","T","?","M","R","E","M","R","BOSS","M","M","?","M","$","R","E","R","T","E","R","?","M","?","R","BOSS","M","M","?","$","M","M","R","M","T","?","?","R","E","E","R","BOSS","BOSS","R","$","E"],"items_purchased_type":["Relic","Potion","Card","Card","Card","Card","Potion"],"build_version":"2020-12-22","purchased_purges":3,"victory":false,"max_hp_per_floor":[70,70,70,70,70,70,70,70,70,75,75,75,75,75,75,75,75,75,75,75,80,80,80,80,80,80,80,80,80,80,80,80,80,80,80,80,80,80,80,80,80,80,80,80,80,80,80,80,80,80,80,80,80,80,80,80],"card_choices":[{"not_picked":["theDuelist:PotDuality","theDuelist:ShortCircuit","theDuelist:MachineFactory","theDuelist:BreakDraw"],"picked":"theDuelist:GravityBlaster","floor":1.0},{"not_picked":["theDuelist:SteamTrainKing","theDuelist:Overworked","theDuelist:OrcustCrescendo","theDuelist:MachineKing"],"picked":"theDuelist:IronhammerGiant","floor":3.0},{"not_picked":["theDuelist:Deskbot004","theDuelist:BlastJuggler","theDuelist:Deskbot003","theDuelist:BlackSalvo"],"picked":"theDuelist:AncientGearBox","floor":4.0},{"not_picked":["theDuelist:ShortCircuit","theDuelist:OutriggerExtension","theDuelist:Jinzo"],"picked":"theDuelist:CatapultTurtle","floor":7.0},{"not_picked":["theDuelist:TokenVacuum","theDuelist:Factory100Machines","theDuelist:GearGigant","theDuelist:CyberArchfiend"],"picked":"theDuelist:PortableBatteryPack","floor":11.0},{"not_picked":["theDuelist:BlastingFuse","theDuelist:SolemnWarning","theDuelist:PineappleBlast","theDuelist:OrcustCrescendo"],"picked":"theDuelist:Flashbang","floor":13.0},{"not_picked":["theDuelist:Hinotama","theDuelist:LightningDarts","theDuelist:LightningVortex","theDuelist:Sangan"],"picked":"theDuelist:JunkSpeeder","floor":14.0},{"not_picked":["theDuelist:SwordsConcealing","theDuelist:SevenCompleted","theDuelist:PlatinumGadget","theDuelist:Overworked"],"picked":"theDuelist:PineappleBlast","floor":16.0},{"not_picked":["theDuelist:CoreBlaster","theDuelist:BlastJuggler","theDuelist:GearGigant","theDuelist:OutriggerExtension"],"picked":"theDuelist:GreenGadget+1","floor":18.0},{"not_picked":["theDuelist:SteamTrainKing","theDuelist:SolemnStrike","theDuelist:MachineKing","theDuelist:GoldGadget"],"picked":"theDuelist:GravityLash","floor":19.0},{"not_picked":["theDuelist:GadgetSoldier","theDuelist:AncientGearChimera","theDuelist:DigitalBug","theDuelist:JumboDrill"],"picked":"theDuelist:JunkKuriboh","floor":21.0},{"not_picked":["theDuelist:LimiterRemoval","theDuelist:BreakDraw","theDuelist:AncientGearExplosive","theDuelist:MachineDuplication"],"picked":"theDuelist:CyberneticFusion+1","floor":24.0},{"not_picked":["theDuelist:RevolvingSwitchyard","theDuelist:MachineFactory","theDuelist:Jinzo"],"picked":"theDuelist:ImperialOrder","floor":27.0},{"not_picked":["theDuelist:CastleWalls","theDuelist:MetalDetector","theDuelist:PortableBatteryPack","theDuelist:CyberneticFusion"],"picked":"theDuelist:Flashbang","floor":30.0},{"not_picked":["theDuelist:OrcustCrescendo","theDuelist:JinzoLord","theDuelist:GravityLash","theDuelist:Deskbot007"],"picked":"theDuelist:Shekhinaga","floor":33.0},{"not_picked":["theDuelist:JunkSpeeder","theDuelist:JunkKuriboh","theDuelist:Mixeroid","theDuelist:AncientGearChimera+1"],"picked":"theDuelist:IronhammerGiant","floor":35.0},{"not_picked":["theDuelist:StimPack+1","theDuelist:SolarWindJammer","theDuelist:MetalDetector","theDuelist:AncientGearGolem","theDuelist:DigitalBug+1"],"picked":"SKIP","floor":36.0},{"not_picked":["theDuelist:BigFire","theDuelist:Sangan","theDuelist:GracefulCharity","theDuelist:QuickCharger"],"picked":"theDuelist:IronCall+1","floor":39.0},{"not_picked":["theDuelist:CastleWalls+1","theDuelist:ImperialOrder+1","theDuelist:GravityLash+1","theDuelist:Flashbang+1"],"picked":"theDuelist:PortableBatteryPack","floor":40.0},{"not_picked":["theDuelist:OutriggerExtension","theDuelist:UnionHangar","theDuelist:ZONE"],"picked":"theDuelist:BlastingFuse+1","floor":42.0},{"not_picked":["theDuelist:JunkSpeeder","theDuelist:PowerGiant","theDuelist:WormWarlord+1","theDuelist:PerfectMachineKing+1"],"picked":"theDuelist:Sangan+1","floor":44.0},{"not_picked":["theDuelist:Deskbot009","theDuelist:JinzoLord","theDuelist:PlatinumGadget","theDuelist:SolemnStrike"],"picked":"theDuelist:SwordsConcealing","floor":47.0},{"not_picked":["theDuelist:JunkWarrior","theDuelist:JunkKuriboh","theDuelist:CyberRaider","theDuelist:AncientGearBox","theDuelist:CyberneticOverflow+1"],"picked":"SKIP","floor":48.0}],"player_experience":2421115,"relics_obtained":[{"floor":7.0,"key":"WingedGreaves"},{"floor":13.0,"key":"Self Forming Clay"},{"floor":24.0,"key":"Bag of Preparation"},{"floor":26.0,"key":"theDuelist:MillenniumArmor"},{"floor":27.0,"key":"Lantern"},{"floor":31.0,"key":"theDuelist:TokenfestPendant"},{"floor":43.0,"key":"theDuelist:DuelistLetterOpener"},{"floor":47.0,"key":"theDuelist:SummonAnchor"},{"floor":48.0,"key":"Smiling Mask"}],"event_choices":[{"damage_healed":0.0,"max_hp_gain":0.0,"max_hp_loss":0.0,"gold_gain":150.0,"event_name":"Liars Game","player_choice":"AGREE","floor":2.0,"gold_loss":0.0,"damage_taken":0.0,"cards_obtained":["Doubt"]},{"damage_healed":0.0,"max_hp_gain":5.0,"max_hp_loss":0.0,"gold_gain":0.0,"event_name":"Big Fish","player_choice":"Donut","floor":10.0,"gold_loss":0.0,"damage_taken":0.0},{"damage_healed":0.0,"max_hp_gain":0.0,"max_hp_loss":0.0,"gold_gain":0.0,"event_name":"The Mausoleum","player_choice":"Ignored","floor":20.0,"gold_loss":0.0,"damage_taken":0.0},{"damage_healed":0.0,"max_hp_gain":0.0,"max_hp_loss":0.0,"gold_gain":0.0,"event_name":"Vampires","player_choice":"Ignored","floor":29.0,"gold_loss":0.0,"damage_taken":0.0},{"damage_healed":0.0,"max_hp_gain":0.0,"max_hp_loss":0.0,"gold_gain":0.0,"event_name":"Lab","player_choice":"Got Potions","floor":37.0,"gold_loss":0.0,"damage_taken":0.0},{"damage_healed":49.0,"max_hp_gain":0.0,"max_hp_loss":0.0,"gold_gain":0.0,"event_name":"MindBloom","player_choice":"Heal","floor":45.0,"gold_loss":0.0,"damage_taken":0.0,"cards_obtained":["Doubt"]}],"is_beta":false,"boss_relics":[{"not_picked":["Runic Dome","Tiny House"],"picked":"Runic Pyramid"},{"not_picked":["Snecko Eye","Mark of Pain"],"picked":"Philosopher\u0027s Stone"}],"items_purged_floors":[5,22,38],"is_endless":false,"potions_floor_spawned":[1,4,11,16,18,21,30,33,35,36,44,48],"killed_by":"Shield and Spear","ascension_level":20}}