{"host":"pszcj3piwl6eu8b1","time":1613762772,"event":{"mods":["2.2 Compatiblity","Act Like it!","Aspiration","BaseMod","Better Altar","Better Match","Better Note","Better Sensory Stone","Better Skull","Better Third Choice","Better Vampires","CCEM2","Downfall","Elementarium","Energized Spire","Gensokyo","GifTheSpireLib","Hallownest","Hubris","Marisa????????","Menagerie","Minty Spire (QoL Compilation)","Permanent Neow","Quarter Circle Forward PUNCH!","Quick Restart","Replay The Spire","Ruina","Shop Mod","StSLib","Stuff the Spire","The Animator","The Blue Laboratory"],"gold_per_floor":[114,127,127,138,150,150,150,150,150,40,66,78,78,94,94,165,165,175,189,13,13,13,13,13,13],"floor_reached":24,"language":"ENG","playtime":1590,"items_purged":[],"score":368,"play_id":"ec30547e-f8b6-4d79-bc5e-5f70aeb8a08a","local_time":"20210219112612","is_ascension_mode":true,"campfire_choices":[{"data":"animator:Benimaru","floor":6.0,"key":"SMITH"},{"floor":8.0,"key":"RECALL"},{"data":"animator:Souei","floor":13.0,"key":"SMITH"},{"data":"animator:Strike_TenSura","floor":15.0,"key":"SMITH"},{"data":"animator:Defend_TenSura","floor":23,"key":"SMITH"}],"circlet_count":0,"master_deck":["AscendersBane","animator:Strike_TenSura+1","animator:Defend_TenSura+1","animator:Strike","animator:Strike","animator:Defend","animator:Defend","animator:Benimaru+1","animator:Shuna","animator:Hakurou+1","animator:Boros+1","animator:Souei+1","animator:SwordMaiden","Gensokyo:DepletedGenerator","Gensokyo:BlemishedSteel","Gensokyo:Shovel"],"relics":["animator:LivingPicture","animator:TheMissingPiece","StuffTheSpire:OccultApparatus","Gensokyo:CelestialsFlawlessClothing","Garlic","Philosopher\u0027s Stone","Gensokyo:DayTheSeaSplit","qcfpunch:Broken_Tusk"],"acts_visited":["Gensokyo:Gensokyo","Gensokyo:Gensokyoer"],"potions_floor_usage":[19,24],"damage_taken":[{"damage":5.0,"enemies":"Gensokyo:2_Kodama","floor":1.0,"turns":3.0},{"damage":9.0,"enemies":"Gensokyo:Gryphon","floor":2.0,"turns":4.0},{"damage":2.0,"enemies":"Gensokyo:Python","floor":4.0,"turns":3.0},{"damage":16.0,"enemies":"Gensokyo:Gryphon_and_Rabbit","floor":12.0,"turns":6.0},{"damage":0.0,"enemies":"Gensokyo:LivingMonolith","floor":14.0,"turns":3.0},{"damage":5.0,"enemies":"Gensokyo:Reimu","floor":16.0,"turns":8.0},{"damage":19.0,"enemies":"Gensokyo:3_Dogs","floor":18.0,"turns":5.0},{"damage":14,"enemies":"Gensokyo:AngelMirror","floor":19,"turns":3},{"damage":126,"enemies":"Gensokyo:3_Gloops","floor":24,"turns":8}],"seed_played":"7156865519730848892","potions_obtained":[{"floor":1.0,"key":"sneckomod:MuddlingPotion"},{"floor":4.0,"key":"blueLaboratory:BottleOfVodka"},{"floor":14.0,"key":"Reflective Coating"},{"floor":16.0,"key":"Strength Potion"},{"floor":18.0,"key":"Adrenaline Potion"},{"floor":19,"key":"Regen Potion"}],"is_trial":false,"path_per_floor":["M","M","?","M","?","R","?","R","T","?","T","M","R","M","R","B",null,"M","M","COS","?","?","R","M"],"character_chosen":"THE_ANIMATOR","items_purchased":[],"campfire_rested":0,"item_purchase_floors":[],"current_hp_per_floor":[34,25,25,23,23,23,5,5,5,60,60,50,50,50,50,51,59,46,32,32,32,32,32,0,0],"gold":13,"neow_bonus":"REMOVE_TWO","is_daily":false,"chose_seed":false,"campfire_upgraded":4,"win_rate":0.0,"timestamp":1613762772,"path_taken":["M","M","?","M","?","R","?","R","T","?","?","M","R","?","R","BOSS","BOSS","M","M","COS","?","?","R","M"],"items_purchased_type":[],"build_version":"2020-12-22","purchased_purges":0,"victory":false,"max_hp_per_floor":[60,60,60,60,60,60,60,60,60,60,60,61,61,61,61,61,61,61,61,61,61,55,55,55,55],"card_choices":[{"not_picked":["animator:DolaStephanie","animator:Sloth","animator:Jibril"],"picked":"SKIP","floor":1.0},{"not_picked":["animator:DwarfShaman","animator:Laby","animator:Shalltear"],"picked":"SKIP","floor":2.0},{"not_picked":["animator:Evileye","animator:Tatsumaki","animator:OrikoMikuni"],"picked":"SKIP","floor":4.0},{"not_picked":["animator:Azekura+1","animator:Tatsumaki+1"],"picked":"animator:Hakurou+1","floor":5.0},{"not_picked":["animator:Sora+1","animator:GoblinSlayer+1"],"picked":"animator:Boros+1","floor":5.0},{"not_picked":["animator:Shion","animator:Hakurou"],"picked":"animator:Souei","floor":12.0},{"not_picked":["animator:Ara","animator:Sloth","animator:Shichika"],"picked":"SKIP","floor":14.0},{"not_picked":["animator:Saitama","animator:Wiz"],"picked":"animator:SwordMaiden","floor":16.0},{"not_picked":["animator:DwarfShaman","animator:Mitsurugi","animator:Sloth"],"picked":"SKIP","floor":18.0},{"not_picked":["animator:Mikaela","animator:Kuribayashi","animator:Hitei"],"picked":"SKIP","floor":19}],"player_experience":1432950,"relics_obtained":[{"floor":9.0,"key":"Garlic"}],"event_choices":[{"damage_healed":0.0,"max_hp_gain":0.0,"max_hp_loss":0.0,"gold_gain":0.0,"event_name":"betterMatch:BetterMatch","player_choice":"2","floor":5.0,"gold_loss":0.0,"damage_taken":0.0,"cards_obtained":["betterMatch:UncommonCard","betterMatch:RareCard","betterMatch:CommonCard"]}],"is_beta":false,"boss_relics":[{"not_picked":["ChewingGum","energizedSpire:NeverEndingSparkler"],"picked":"Philosopher\u0027s Stone"}],"items_purged_floors":[],"is_endless":false,"potions_floor_spawned":[1,4,14,16,18,19],"killed_by":"Gensokyo:3_Gloops","ascension_level":20}}