{"host":"en4narc5947t7k9n","time":1613735944,"event":{"mods":["AchievementEnabler","BaseMod","Colored Map","Minty Spire (QoL Compilation)","SuperFastMode"],"gold_per_floor":[113,113,124,142,142,174,189,39,39,364,364,378,395,413,413,513,513,524,524,524,449,464,464,464,464],"floor_reached":24,"language":"KOR","playtime":1498,"items_purged":["Strike_R"],"score":210,"play_id":"e010c6b5-8b2e-4b95-a222-ec83e63222a3","local_time":"20210219205904","is_ascension_mode":false,"campfire_choices":[{"floor":11,"key":"RECALL"},{"data":"Shockwave","floor":15,"key":"SMITH"},{"data":"Double Tap","floor":23,"key":"SMITH"}],"circlet_count":0,"master_deck":["Strike_R","Strike_R","Strike_R","Defend_R","Defend_R","Defend_R","Defend_R","Bash","Pommel Strike","Evolve","Shockwave+1","Havoc","Iron Wave","Anger","Rampage","Reckless Charge","Wild Strike","Ghostly Armor","Double Tap+1","Shrug It Off+1","Warcry+1"],"relics":["Burning Blood","NeowsBlessing","Singing Bowl","Happy Flower","Old Coin","Black Star"],"acts_visited":["Exordium","TheCity"],"potions_floor_usage":[6,12,16,16,16,20],"damage_taken":[{"damage":0,"enemies":"2 Louse","floor":1,"turns":1},{"damage":0,"enemies":"Cultist","floor":3,"turns":1},{"damage":0,"enemies":"Small Slimes","floor":4,"turns":1},{"damage":22,"enemies":"Gremlin Nob","floor":6,"turns":4},{"damage":6,"enemies":"Blue Slaver","floor":7,"turns":5},{"damage":31,"enemies":"Lagavulin","floor":10,"turns":7},{"damage":0,"enemies":"Looter","floor":12,"turns":3},{"damage":7,"enemies":"3 Louse","floor":13,"turns":4},{"damage":20,"enemies":"Gremlin Gang","floor":14,"turns":4},{"damage":58,"enemies":"The Guardian","floor":16,"turns":11},{"damage":32,"enemies":"2 Thieves","floor":18,"turns":5},{"damage":5,"enemies":"Spheric Guardian","floor":20,"turns":3},{"damage":28,"enemies":"Snake Plant","floor":22,"turns":7},{"damage":35,"enemies":"Slavers","floor":24,"turns":5}],"seed_played":"-5682751372899651302","potions_obtained":[{"floor":1,"key":"BlessingOfTheForge"},{"floor":6,"key":"LiquidMemories"},{"floor":7,"key":"EntropicBrew"},{"floor":10,"key":"Dexterity Potion"},{"floor":13,"key":"SmokeBomb"},{"floor":14,"key":"BloodPotion"},{"floor":22,"key":"Ancient Potion"}],"is_trial":false,"path_per_floor":["M","?","M","M","$","E","M","$","T","E","R","M","M","M","R","B",null,"M","?","M","$","M","R","E"],"character_chosen":"IRONCLAD","items_purchased":["Happy Flower"],"campfire_rested":0,"item_purchase_floors":[8],"current_hp_per_floor":[80,80,80,80,80,64,64,64,64,39,39,45,44,30,30,18,80,54,54,55,55,33,33,0,0],"gold":464,"neow_bonus":"THREE_ENEMY_KILL","is_daily":false,"chose_seed":false,"campfire_upgraded":2,"win_rate":0.0,"timestamp":1613735944,"path_taken":["M","?","M","?","$","E","M","$","T","E","R","M","M","M","R","BOSS","M","?","M","$","M","R","E"],"items_purchased_type":["Relic"],"build_version":"2020-12-22","purchased_purges":1,"victory":false,"max_hp_per_floor":[80,80,80,80,80,80,80,80,80,80,80,80,80,80,80,80,80,80,80,80,80,80,80,80,80],"card_choices":[{"not_picked":["Havoc","Heavy Blade"],"picked":"Pommel Strike","floor":1},{"not_picked":["Intimidate","Bloodletting"],"picked":"Shockwave","floor":3},{"not_picked":["Wild Strike","Clothesline"],"picked":"Havoc","floor":4},{"not_picked":["True Grit","Wild Strike"],"picked":"Iron Wave","floor":6},{"not_picked":["Clothesline","Berserk"],"picked":"Anger","floor":7},{"not_picked":["Thunderclap","Body Slam"],"picked":"Rampage","floor":10},{"not_picked":["True Grit","Twin Strike"],"picked":"Reckless Charge","floor":12},{"not_picked":["Clash","Heavy Blade"],"picked":"Wild Strike","floor":13},{"not_picked":["Clothesline","Headbutt"],"picked":"Ghostly Armor","floor":14},{"not_picked":["Fiend Fire","Juggernaut"],"picked":"Double Tap","floor":16},{"not_picked":["Havoc","Wild Strike"],"picked":"Shrug It Off+1","floor":18},{"not_picked":["Cleave","Rage"],"picked":"Warcry+1","floor":22}],"player_experience":85221,"relics_obtained":[{"floor":6,"key":"Singing Bowl"},{"floor":10,"key":"Old Coin"}],"event_choices":[{"damage_healed":0,"gold_gain":0,"cards_transformed":["Strike_R"],"player_choice":"Transformed","damage_taken":0,"max_hp_gain":0,"max_hp_loss":0,"event_name":"Transmorgrifier","floor":2,"gold_loss":0,"cards_obtained":["Evolve"]},{"damage_healed":0,"gold_gain":0,"player_choice":"Ignored","damage_taken":0,"max_hp_gain":0,"max_hp_loss":0,"event_name":"Ghosts","floor":19,"gold_loss":0}],"is_beta":false,"boss_relics":[{"not_picked":["Astrolabe","Cursed Key"],"picked":"Black Star"}],"items_purged_floors":[21],"is_endless":false,"potions_floor_spawned":[1,6,7,10,13,14,20,22],"killed_by":"Slavers","ascension_level":0}}