{"host":"en4narc5947t7k9n","time":1613731603,"event":{"mods":["AchievementEnabler","BaseMod","Colored Map","Minty Spire (QoL Compilation)","SuperFastMode"],"gold_per_floor":[118,138,153,166,185,185,213,213,260,260,260,260,279,44,44,44,44],"floor_reached":16,"language":"KOR","playtime":801,"items_purged":[],"score":102,"play_id":"777f30d8-5d78-47ac-94ac-123b0b2baf08","local_time":"20210219194643","is_ascension_mode":false,"campfire_choices":[{"data":"Seeing Red","floor":6,"key":"SMITH"},{"floor":8,"key":"RECALL"},{"data":"Flame Barrier","floor":10,"key":"SMITH"},{"data":"Carnage","floor":15,"key":"SMITH"}],"circlet_count":0,"master_deck":["Strike_R","Strike_R","Strike_R","Strike_R","Defend_R","Defend_R","Defend_R","Defend_R","Bash","Shrug It Off","Flame Barrier+1","Uppercut","Seeing Red+1","Intimidate","Carnage+1","Havoc","Bandage Up"],"relics":["Burning Blood","Vajra","Lantern","Golden Idol","Potion Belt"],"acts_visited":["Exordium"],"potions_floor_usage":[7,16,16],"damage_taken":[{"damage":1,"enemies":"Cultist","floor":1,"turns":4},{"damage":5,"enemies":"Jaw Worm","floor":2,"turns":3},{"damage":0,"enemies":"2 Louse","floor":3,"turns":3},{"damage":4,"enemies":"Looter","floor":4,"turns":4},{"damage":8,"enemies":"Red Slaver","floor":5,"turns":3},{"damage":38,"enemies":"3 Sentries","floor":7,"turns":14},{"damage":0,"enemies":"Blue Slaver","floor":13,"turns":4},{"damage":49,"enemies":"The Guardian","floor":16,"turns":13}],"seed_played":"8097164365924471609","potions_obtained":[{"floor":4,"key":"DistilledChaos"},{"floor":7,"key":"ElixirPotion"},{"floor":13,"key":"Swift Potion"}],"is_trial":false,"path_per_floor":["M","M","M","M","M","R","E","R","T","R","?","?","M","$","R","B"],"character_chosen":"IRONCLAD","items_purchased":["Bandage Up","Potion Belt"],"campfire_rested":0,"item_purchase_floors":[14,14],"current_hp_per_floor":[80,80,80,80,78,78,46,46,46,46,26,19,25,25,25,0,0],"gold":44,"neow_bonus":"RANDOM_COMMON_RELIC","is_daily":false,"chose_seed":false,"campfire_upgraded":3,"win_rate":0.0,"timestamp":1613731603,"path_taken":["M","?","M","M","M","R","E","R","T","R","?","?","M","$","R","BOSS"],"items_purchased_type":["Card","Relic"],"build_version":"2020-12-22","purchased_purges":0,"victory":false,"max_hp_per_floor":[80,80,80,80,80,80,80,80,80,80,80,80,80,80,80,80,80],"card_choices":[{"not_picked":["Cleave","Twin Strike"],"picked":"Shrug It Off","floor":1},{"not_picked":["Rupture","Flex"],"picked":"Flame Barrier","floor":2},{"not_picked":["Rupture","Iron Wave"],"picked":"Uppercut","floor":3},{"not_picked":["True Grit","Headbutt"],"picked":"Seeing Red","floor":4},{"not_picked":["Combust","Reckless Charge"],"picked":"Intimidate","floor":5},{"not_picked":["True Grit","Wild Strike"],"picked":"Carnage","floor":7},{"not_picked":["Clothesline","Wild Strike"],"picked":"Havoc","floor":13}],"player_experience":81657,"relics_obtained":[{"floor":7,"key":"Lantern"}],"event_choices":[{"damage_healed":0,"gold_gain":0,"player_choice":"Take Damage","damage_taken":20,"relics_obtained":["Golden Idol"],"max_hp_gain":0,"max_hp_loss":0,"event_name":"Golden Idol","floor":11,"gold_loss":0},{"cards_removed":["Strike_R"],"damage_healed":0,"gold_gain":0,"player_choice":"Card Removal","damage_taken":7,"max_hp_gain":0,"max_hp_loss":0,"event_name":"Golden Wing","floor":12,"gold_loss":0}],"is_beta":false,"boss_relics":[],"items_purged_floors":[],"is_endless":false,"potions_floor_spawned":[4,7,13],"killed_by":"The Guardian","ascension_level":0}}