{"host":"42xf941fomyavgzy","time":1613734923,"event":{"mods":["Act Like it!","Astrologer","BaseMod","Colored Map","Koishi","Minty Spire (QoL Compilation)","Shop Mod","StSLib","SuperFastMode","The Cursed"],"gold_per_floor":[119,119,69,89,103,103,130,146,173,186,202,83,158,158,158,256,256,276,286,187,213,263,263,279,292,343,371,371,398,411,427,427,427,427],"floor_reached":33,"language":"JPN","playtime":2237,"items_purged":["Defend_G","Strike_G"],"score":376,"play_id":"e0cd1c4d-4c51-4df5-a22c-a92239d135a1","local_time":"20210219204203","is_ascension_mode":true,"campfire_choices":[{"data":"Dash","floor":6,"key":"SMITH"},{"data":"Footwork","floor":15,"key":"SMITH"},{"data":"Wraith Form v2","floor":23,"key":"SMITH"},{"data":"Night Terror","floor":28,"key":"SMITH"},{"data":"PiercingWail","floor":32,"key":"SMITH"}],"circlet_count":0,"master_deck":["Strike_G","Strike_G","Strike_G","Defend_G","Defend_G","Defend_G","Defend_G","Survivor","Neutralize","Prepared","Underhanded Strike","Dash+1","Terror","Poisoned Stab","Poisoned Stab","PiercingWail+1","Footwork+1","Wraith Form v2+1","Cloak And Dagger","Sucker Punch+1","Acrobatics","Footwork+1","Night Terror+1","Caltrops","Bane+1"],"relics":["Runic Pyramid","Smiling Mask","Orichalcum","Coffee Dripper","Red Mask","Happy Flower","MealTicket","Ornamental Fan"],"acts_visited":["Exordium","TheCity"],"potions_floor_usage":[10,16,16,21,25,29],"damage_taken":[{"damage":0,"enemies":"Cultist","floor":1,"turns":3},{"damage":6,"enemies":"Jaw Worm","floor":4,"turns":5},{"damage":0,"enemies":"2 Louse","floor":5,"turns":2},{"damage":10,"enemies":"Gremlin Nob","floor":7,"turns":5},{"damage":2,"enemies":"Large Slime","floor":8,"turns":5},{"damage":5,"enemies":"2 Fungi Beasts","floor":10,"turns":3},{"damage":0,"enemies":"3 Louse","floor":11,"turns":2},{"damage":15,"enemies":"Slime Boss","floor":16,"turns":15},{"damage":4,"enemies":"Spheric Guardian","floor":18,"turns":6},{"damage":7,"enemies":"Shell Parasite","floor":19,"turns":5},{"damage":3,"enemies":"Masked Bandits","floor":21,"turns":5},{"damage":0,"enemies":"Sentry and Sphere","floor":24,"turns":6},{"damage":0,"enemies":"3 Cultists","floor":25,"turns":6},{"damage":19,"enemies":"Gremlin Leader","floor":27,"turns":7},{"damage":22,"enemies":"Slavers","floor":29,"turns":11},{"damage":14,"enemies":"Snake Plant","floor":30,"turns":6},{"damage":5,"enemies":"Shelled Parasite and Fungi","floor":31,"turns":7},{"damage":7,"enemies":"Champ","floor":33,"turns":3}],"seed_played":"3045976720145812459","potions_obtained":[{"floor":5,"key":"Dexterity Potion"},{"floor":10,"key":"Poison Potion"},{"floor":11,"key":"GhostInAJar"},{"floor":19,"key":"AttackPotion"},{"floor":24,"key":"Strength Potion"},{"floor":27,"key":"Regen Potion"},{"floor":31,"key":"Explosive Potion"}],"is_trial":false,"path_per_floor":["M","?","?","M","M","R","E","M","T","M","M","$","?","?","R","B",null,"M","M","$","?","?","R","M","M","T","E","R","E","M","M","R","B"],"character_chosen":"THE_SILENT","items_purchased":["Footwork","Acrobatics"],"campfire_rested":0,"item_purchase_floors":[12,20],"current_hp_per_floor":[63,63,63,57,57,57,47,45,45,40,40,40,29,52,52,37,62,58,51,51,48,48,48,48,48,48,29,29,22,8,3,3,0,0],"gold":427,"neow_bonus":"BOSS_RELIC","is_daily":false,"chose_seed":false,"campfire_upgraded":5,"win_rate":0.0,"timestamp":1613734923,"path_taken":["M","?","?","M","M","R","E","?","T","?","M","?","?","?","R","BOSS","M","M","$","?","?","R","M","M","T","E","R","E","?","M","R","BOSS"],"items_purchased_type":["Card","Card"],"build_version":"2020-12-22","purchased_purges":2,"victory":false,"max_hp_per_floor":[70,70,70,70,70,70,70,70,70,70,70,70,70,70,70,70,70,70,70,70,70,70,70,70,70,70,70,70,70,70,70,70,70,70],"card_choices":[{"not_picked":["Finisher","Outmaneuver"],"picked":"Prepared","floor":1},{"not_picked":["Masterful Stab","Quick Slash"],"picked":"Underhanded Strike","floor":4},{"not_picked":["Blade Dance","Flying Knee"],"picked":"Dash","floor":5},{"not_picked":["Distraction","Skewer"],"picked":"Terror","floor":7},{"not_picked":["Eviscerate","Cloak And Dagger"],"picked":"Poisoned Stab","floor":8},{"not_picked":["Doppelganger","Prepared"],"picked":"Poisoned Stab","floor":10},{"not_picked":["Quick Slash","Dagger Spray"],"picked":"PiercingWail","floor":11},{"not_picked":["Die Die Die","Venomology"],"picked":"Wraith Form v2","floor":16},{"not_picked":["Infinite Blades+1","Heel Hook"],"picked":"Cloak And Dagger","floor":18},{"not_picked":["Dagger Throw","Bane"],"picked":"Sucker Punch+1","floor":19},{"not_picked":["Crippling Poison","Dagger Spray"],"picked":"Footwork+1","floor":24},{"not_picked":["Backstab","Footwork","Underhanded Strike"],"picked":"SKIP","floor":25},{"not_picked":["Terror","Noxious Fumes+1"],"picked":"Night Terror","floor":27},{"not_picked":["Slice+1","Predator"],"picked":"Caltrops","floor":29},{"not_picked":["Cloak And Dagger","Quick Slash"],"picked":"Bane+1","floor":30},{"not_picked":["Setup","Deflect","Sucker Punch+1"],"picked":"SKIP","floor":31}],"player_experience":497739,"relics_obtained":[{"floor":7,"key":"Smiling Mask"},{"floor":9,"key":"Orichalcum"},{"floor":21,"key":"Red Mask"},{"floor":26,"key":"Happy Flower"},{"floor":27,"key":"MealTicket"},{"floor":29,"key":"Ornamental Fan"}],"event_choices":[{"damage_healed":0,"gold_gain":0,"player_choice":"Ignored","damage_taken":0,"max_hp_gain":0,"max_hp_loss":0,"event_name":"Liars Game","floor":2,"gold_loss":0},{"cards_removed":["Strike_G"],"damage_healed":0,"gold_gain":0,"player_choice":"Card Removal","damage_taken":0,"max_hp_gain":0,"max_hp_loss":0,"event_name":"The Cleric","floor":3,"gold_loss":50},{"damage_healed":0,"gold_gain":75,"player_choice":"Gather Gold","damage_taken":11,"max_hp_gain":0,"max_hp_loss":0,"event_name":"World of Goop","floor":13,"gold_loss":0},{"damage_healed":23,"gold_gain":0,"player_choice":"Banana","damage_taken":0,"max_hp_gain":0,"max_hp_loss":0,"event_name":"Big Fish","floor":14,"gold_loss":0},{"damage_healed":0,"gold_gain":0,"player_choice":"Fought Bandits","damage_taken":0,"max_hp_gain":0,"max_hp_loss":0,"event_name":"Masked Bandits","floor":21,"gold_loss":0},{"damage_healed":0,"gold_gain":100,"player_choice":"Bet on Murderer","damage_taken":0,"max_hp_gain":0,"max_hp_loss":0,"event_name":"The Joust","floor":22,"gold_loss":50}],"is_beta":false,"boss_relics":[{"not_picked":["Black Star","Empty Cage"],"picked":"Coffee Dripper"}],"items_purged_floors":[12,20],"is_endless":false,"potions_floor_spawned":[5,10,11,19,24,27,31],"killed_by":"Champ","ascension_level":6}}