{"host":"onfdonezo2qmaex3","time":1613728729,"event":{"mods":["2.2 Compatiblity","AchievementEnabler","Act Like it!","Aspiration","BaseMod","Colored Powertips","Downfall","Friendly Minions","Gensokyo","Hallownest","Hermit","Highlight Path","Jorbs\u0027s Wanderer Trilogy","Marisa????????","Marked Mod","Minty Spire (QoL Compilation)","Quick Restart","Reliquary","Shop Mod","StSLib","The Disciple","The Hayseed","The Hierophant","The Marked","The Runesmith"],"gold_per_floor":[113,131,141,11,111,111,111,111],"floor_reached":7,"language":"ENG","playtime":296,"items_purged":[],"score":141,"play_id":"b2b62de6-c368-49db-ad4e-1b617b5a8c83","local_time":"20210219105849","is_ascension_mode":false,"campfire_choices":[{"data":"hermit:FlashPowder","floor":6,"key":"SMITH"}],"circlet_count":0,"master_deck":["hermit:Strike_Hermit","hermit:Strike_Hermit","hermit:Strike_Hermit","hermit:Strike_Hermit","hermit:Defend_Hermit","hermit:Defend_Hermit","hermit:Defend_Hermit","hermit:Defend_Hermit","hermit:Snapshot","hermit:Covet","hermit:Horror","hermit:Enervate","hermit:FlashPowder+1","Gensokyo:ExoticEgg","Gensokyo:TarnishedGold","CurseOfTheBell","CurseOfTheBell","TheSimpletonMod:Gnats","Pain","downfall:Malfunctioning","hermit:Gambit"],"relics":["hermit:Momento","downfall:ExtraCursedBell","Akabeko","Question Card","aspiration:AnachronicSnailShell"],"acts_visited":["Gensokyo:Gensokyo"],"potions_floor_usage":[],"damage_taken":[{"damage":6,"enemies":"Gensokyo:Python","floor":1,"turns":4},{"damage":7,"enemies":"Gensokyo:2_Kodama","floor":2,"turns":3},{"damage":0,"enemies":"Gensokyo:3_Fairies","floor":3,"turns":3},{"damage":6,"enemies":"Gensokyo:Cirno","floor":7,"turns":3}],"seed_played":"-6077685523768562336","potions_obtained":[{"floor":3,"key":"DuplicationPotion"}],"is_trial":false,"path_per_floor":["M","M","M","COS","?","R","E"],"character_chosen":"HERMIT","items_purchased":[],"campfire_rested":0,"item_purchase_floors":[],"current_hp_per_floor":[76,69,69,69,74,74,68,68],"gold":111,"neow_bonus":"TEN_PERCENT_HP_BONUS","is_daily":false,"chose_seed":false,"campfire_upgraded":1,"win_rate":0.0,"timestamp":1613728729,"path_taken":["M","M","M","COS","?","R","E"],"items_purchased_type":[],"build_version":"2020-12-22","purchased_purges":0,"victory":false,"max_hp_per_floor":[82,82,82,82,87,87,87,87],"card_choices":[{"not_picked":["hermit:Headshot","hermit:Feint"],"picked":"hermit:Horror","floor":1},{"not_picked":["hermit:LoneWolf","hermit:Malice"],"picked":"hermit:Enervate","floor":2},{"not_picked":["hermit:Desperado","hermit:Feint"],"picked":"hermit:FlashPowder","floor":3}],"player_experience":206840,"relics_obtained":[{"floor":5,"key":"Akabeko"},{"floor":5,"key":"Question Card"},{"floor":5,"key":"aspiration:AnachronicSnailShell"}],"event_choices":[],"is_beta":false,"boss_relics":[],"items_purged_floors":[],"is_endless":false,"potions_floor_spawned":[3],"killed_by":"Gensokyo:Cirno","ascension_level":0}}