{"host":"xsuxkwaivmtd234a","time":1613746436,"event":{"mods":["BaseMod","Bestiary","Colored Map","Filter the Spire","Minty Spire (QoL Compilation)","Relic Stats","StSLib"],"gold_per_floor":[11,22,40,50,50,84,84,116,140,140,174,2,17,43,43,148,148,158,158,158,173,173,173,173,173],"floor_reached":24,"language":"ENG","playtime":1403,"items_purged":[],"score":311,"play_id":"ec0a322e-4179-4e48-80ba-0ffa5853ea4e","local_time":"20210219095356","is_ascension_mode":true,"campfire_choices":[{"floor":7,"key":"REST"},{"floor":10,"key":"REST"},{"data":"Aggregate","floor":15,"key":"SMITH"},{"floor":23,"key":"REST"}],"circlet_count":0,"master_deck":["Strike_B","Strike_B","Defend_B","Defend_B","Defend_B","Defend_B","Zap","Dualcast","Sweeping Beam","Sunder","Aggregate+1","Machine Learning","Leap","Go for the Eyes","Compile Driver","Coolheaded","Creative AI","Fission","Ball Lightning","RitualDagger","Chaos"],"relics":["Cracked Core","Du-Vu Doll","Orichalcum","Oddly Smooth Stone","Akabeko","DataDisk","Medical Kit","Bottled Lightning","Snecko Eye"],"acts_visited":["Exordium","TheCity"],"potions_floor_usage":[8,11,14,16,24,24],"damage_taken":[{"damage":1,"enemies":"2 Louse","floor":1,"turns":3},{"damage":1,"enemies":"Cultist","floor":2,"turns":3},{"damage":2,"enemies":"Jaw Worm","floor":3,"turns":3},{"damage":6,"enemies":"3 Louse","floor":4,"turns":2},{"damage":45,"enemies":"3 Sentries","floor":6,"turns":7},{"damage":25,"enemies":"Lagavulin","floor":8,"turns":7},{"damage":10,"enemies":"Gremlin Nob","floor":11,"turns":3},{"damage":0,"enemies":"Lots of Slimes","floor":13,"turns":3},{"damage":0,"enemies":"3 Sentries","floor":14,"turns":6},{"damage":20,"enemies":"Hexaghost","floor":16,"turns":12},{"damage":11,"enemies":"Spheric Guardian","floor":18,"turns":4},{"damage":26,"enemies":"3 Byrds","floor":21,"turns":8},{"damage":45,"enemies":"Slavers","floor":24,"turns":4}],"seed_played":"-6225451919442434083","potions_obtained":[{"floor":2,"key":"FearPotion"},{"floor":4,"key":"FearPotion"},{"floor":11,"key":"FocusPotion"},{"floor":14,"key":"PotionOfCapacity"},{"floor":16,"key":"FocusPotion"},{"floor":18,"key":"EssenceOfSteel"}],"is_trial":false,"path_per_floor":["M","M","M","M","?","E","R","E","T","R","E","$","M","E","R","B",null,"M","?","?","M","$","R","E"],"character_chosen":"DEFECT","items_purchased":["Medical Kit","Compile Driver"],"campfire_rested":3,"item_purchase_floors":[12,12],"current_hp_per_floor":[74,73,71,65,65,20,42,17,17,39,29,29,29,29,29,9,59,48,42,42,16,16,38,0,0],"gold":173,"neow_bonus":"ONE_RARE_RELIC","is_daily":false,"chose_seed":false,"campfire_upgraded":1,"win_rate":0.0,"timestamp":1613746436,"path_taken":["M","M","M","M","?","E","R","E","T","R","E","$","?","E","R","BOSS","M","?","?","?","?","R","E"],"items_purchased_type":["Relic","Card"],"build_version":"2020-12-22","purchased_purges":0,"victory":false,"max_hp_per_floor":[75,75,75,75,75,75,75,75,75,75,75,75,75,75,75,75,75,75,75,75,75,75,75,75,75],"relic_stats":{"counters":[13,65],"Snecko Eye":[26,35,41,31],"Orichalcum":[84],"Medical Kit":[4],"obtain_stats":[{"Du-Vu Doll":0,"DataDisk":11,"Oddly Smooth Stone":8,"Snecko Eye":17,"Bottled Lightning":14,"Orichalcum":6,"Cracked Core":0,"Medical Kit":12,"Akabeko":9},{"Du-Vu Doll":0,"DataDisk":7,"Oddly Smooth Stone":6,"Snecko Eye":10,"Bottled Lightning":9,"Orichalcum":5,"Cracked Core":0,"Medical Kit":7,"Akabeko":6},{"Du-Vu Doll":0,"DataDisk":28,"Oddly Smooth Stone":25,"Snecko Eye":49,"Bottled Lightning":37,"Orichalcum":18,"Cracked Core":0,"Medical Kit":28,"Akabeko":25}]},"card_choices":[{"not_picked":["Gash","Compile Driver"],"picked":"Sweeping Beam","floor":1},{"not_picked":["Barrage","Double Energy"],"picked":"Sunder","floor":2},{"not_picked":["Redo","Loop"],"picked":"Aggregate","floor":3},{"not_picked":["Steam","Rebound","Lockon"],"picked":"SKIP","floor":4},{"not_picked":["Conserve Battery","Turbo"],"picked":"Machine Learning","floor":6},{"not_picked":["Thunder Strike","Streamline"],"picked":"Leap","floor":8},{"not_picked":["Compile Driver","Sweeping Beam"],"picked":"Go for the Eyes","floor":11},{"not_picked":["Go for the Eyes","Steam"],"picked":"Coolheaded","floor":13},{"not_picked":["Redo","Turbo"],"picked":"Creative AI","floor":14},{"not_picked":["Buffer","Reboot"],"picked":"Fission","floor":16},{"not_picked":["Compile Driver","Coolheaded"],"picked":"Ball Lightning","floor":18},{"not_picked":["Leap","Beam Cell"],"picked":"Chaos","floor":21}],"player_experience":1304125,"relics_obtained":[{"floor":6,"key":"Orichalcum"},{"floor":8,"key":"Oddly Smooth Stone"},{"floor":9,"key":"Akabeko"},{"floor":11,"key":"DataDisk"},{"floor":14,"key":"Bottled Lightning"}],"event_choices":[{"cards_removed":["Strike_B"],"damage_healed":0,"gold_gain":0,"player_choice":"Card Removal","damage_taken":0,"max_hp_gain":0,"max_hp_loss":0,"event_name":"Wheel of Change","floor":5,"gold_loss":0},{"damage_healed":0,"gold_gain":0,"player_choice":"Joined the Cult","damage_taken":6,"max_hp_gain":0,"max_hp_loss":0,"event_name":"Nest","floor":19,"gold_loss":0,"cards_obtained":["RitualDagger"]},{"cards_removed":["Strike_B"],"damage_healed":0,"gold_gain":0,"player_choice":"Purged","damage_taken":0,"max_hp_gain":0,"max_hp_loss":0,"event_name":"Purifier","floor":20,"gold_loss":0}],"is_beta":false,"boss_relics":[{"not_picked":["Philosopher\u0027s Stone","Nuclear Battery"],"picked":"Snecko Eye"}],"items_purged_floors":[],"is_endless":false,"potions_floor_spawned":[2,4,11,14,16,18],"killed_by":"Slavers","ascension_level":5}}