{"host":"8kd0mw0b4mjhs7vl","time":1613778485,"event":{"mods":["Act Like it!","BaseMod","Bestiary","Colored Map","Friendly Minions","Minty Spire (QoL Compilation)","Morshu Shopkeeper - ENHANCED","Ruina","StSLib","SuperFastMode"],"gold_per_floor":[110,35,53,53,1,31,51,78,78,78,78,78,51,51,51,130,130,149,166,181,181,191,191,191],"floor_reached":23,"language":"ENG","playtime":926,"items_purged":["Decay"],"score":345,"play_id":"1c7a5395-e4ec-405c-b4e0-08369eee0c4d","local_time":"20210219234805","is_ascension_mode":true,"campfire_choices":[{"data":"Neutralize","floor":10,"key":"SMITH"},{"data":"Footwork","floor":12,"key":"SMITH"},{"data":"Sucker Punch","floor":15,"key":"SMITH"}],"circlet_count":0,"master_deck":["AscendersBane","Strike_G","Strike_G","Strike_G","Defend_G","Defend_G","Defend_G","Defend_G+1","Defend_G","Survivor","Neutralize+1","Heel Hook","Concentrate","Sucker Punch+1","Flying Knee","Footwork+1","Backflip","Backstab","Acrobatics","Swift Strike","Deadly Poison","Adrenaline+1","CurseOfTheBell","Footwork","Predator","ruina:Thirst","Slice"],"relics":["Ring of the Snake","Pear","StrikeDummy","WingedGreaves","Bottled Flame","Paper Crane","Calling Bell","War Paint","Shuriken","Tingsha"],"acts_visited":["Exordium","Exordium"],"potions_floor_usage":[6,11,19,23],"damage_taken":[{"damage":2,"enemies":"2 Louse","floor":1,"turns":5},{"damage":2,"enemies":"Jaw Worm","floor":3,"turns":6},{"damage":20,"enemies":"3 Sentries","floor":6,"turns":10},{"damage":3,"enemies":"Cultist","floor":7,"turns":4},{"damage":19,"enemies":"Gremlin Nob","floor":8,"turns":5},{"damage":0,"enemies":"3 Sentries","floor":11,"turns":1},{"damage":20,"enemies":"Hexaghost","floor":16,"turns":13},{"damage":4,"enemies":"ruina:BadWolf","floor":18,"turns":4},{"damage":12,"enemies":"ruina:3_Bats","floor":19,"turns":4},{"damage":16,"enemies":"ruina:KingOfGreed","floor":20,"turns":7},{"damage":22,"enemies":"ruina:Nos_and_Bat","floor":22,"turns":6},{"damage":8,"enemies":"ruina:Mountain","floor":23,"turns":2}],"seed_played":"8543454695497611223","potions_obtained":[{"floor":3,"key":"Explosive Potion"},{"floor":7,"key":"SmokeBomb"},{"floor":18,"key":"EssenceOfSteel"},{"floor":19,"key":"Poison Potion"}],"is_trial":false,"path_per_floor":["M","$","M","?","?","E","M","E","T","R","E","R","$","?","R","B",null,"M","M","M","?","M","E"],"character_chosen":"THE_SILENT","items_purchased":["Acrobatics"],"campfire_rested":0,"item_purchase_floors":[13],"current_hp_per_floor":[61,61,59,66,66,46,43,24,24,24,24,24,24,24,24,4,61,57,45,29,29,7,0,0],"gold":191,"neow_bonus":"TRANSFORM_TWO_CARDS","is_daily":false,"chose_seed":false,"campfire_upgraded":3,"win_rate":0.0,"timestamp":1613778485,"path_taken":["M","$","M","?","?","E","?","E","T","R","E","R","?","?","R","BOSS","M","M","?","?","M","E"],"items_purchased_type":["Card"],"build_version":"2020-12-22","purchased_purges":1,"victory":false,"max_hp_per_floor":[70,70,70,80,80,80,80,80,80,80,80,80,80,80,80,80,80,80,80,80,80,80,80,80],"card_choices":[{"not_picked":["Leg Sweep","Blade Dance"],"picked":"Sucker Punch","floor":1},{"not_picked":["PiercingWail","Calculated Gamble"],"picked":"Flying Knee","floor":3},{"not_picked":["Sucker Punch","Prepared"],"picked":"Footwork","floor":6},{"not_picked":["PiercingWail","Quick Slash"],"picked":"Backflip","floor":7},{"not_picked":["Bane","Corpse Explosion"],"picked":"Backstab","floor":8},{"not_picked":["Tools of the Trade","Envenom"],"picked":"Adrenaline","floor":16},{"not_picked":["Distraction+1","Acrobatics"],"picked":"Footwork","floor":18},{"not_picked":["Bouncing Flask","Well Laid Plans","Caltrops+1"],"picked":"SKIP","floor":19},{"not_picked":["Endless Agony","Dodge and Roll"],"picked":"Predator","floor":20},{"not_picked":["Dagger Spray","Bouncing Flask"],"picked":"Slice","floor":22}],"player_experience":281683,"relics_obtained":[{"floor":6,"key":"WingedGreaves"},{"floor":8,"key":"Bottled Flame"},{"floor":9,"key":"Paper Crane"},{"floor":17,"key":"War Paint"},{"floor":17,"key":"Shuriken"},{"floor":17,"key":"Tingsha"}],"event_choices":[{"damage_healed":0,"gold_gain":0,"player_choice":"Success","damage_taken":3,"relics_obtained":["Pear"],"max_hp_gain":0,"max_hp_loss":0,"event_name":"Scrap Ooze","floor":4,"gold_loss":0},{"damage_healed":0,"gold_gain":0,"player_choice":"Paid Gold","damage_taken":0,"relics_obtained":["StrikeDummy"],"max_hp_gain":0,"max_hp_loss":0,"event_name":"WeMeetAgain","floor":5,"gold_loss":52},{"damage_healed":0,"gold_gain":0,"player_choice":"2 cards matched","damage_taken":0,"max_hp_gain":0,"max_hp_loss":0,"event_name":"Match and Keep!","floor":14,"gold_loss":0,"cards_obtained":["Swift Strike","Deadly Poison"]}],"is_beta":false,"boss_relics":[{"not_picked":["Fusion Hammer","Cursed Key"],"picked":"Calling Bell"}],"items_purged_floors":[2],"is_endless":false,"potions_floor_spawned":[3,7,18,19],"killed_by":"ruina:Mountain","ascension_level":13}}