{"host":"fauqrvll5t0ss0vm","time":1613767591,"event":{"mods":["2.2 Compatiblity","Act Like it!","Aspiration","Bard","BaseMod","Beaked The Cultist","Better Altar","Better Match","Better Note","Better Sensory Stone","Better Skull","Better Third Choice","Better Vampires","Card Filter","Clockwork Mod","Colored Map","Conspire","Displayed Cursed Tome","Downfall","Emptier Cage","Energized Spire","Friendly Minions","GifTheSpireLib","Glutton Mod","Gremlin Mod","Gremlin Skip","Halation","Hermit","Highlight Path","Hubris","Jorbs\u0027s Wanderer Trilogy","Mad Scientist","Marked Mod","Minty Spire (QoL Compilation)","Permanent Neow","Random Character Button","Relic Filter","Reorder Act Four","Replay The Spire","Shop Mod","Somnambulant","Spikes Relics","StSLib","Stuff the Spire","SuperFastMode","The Construct","The Cursed","The Disciple","The Elementalist","The Judge","The Juggle","The Mystic","The Runesmith","The Sage","The Servant 0.9.4","The Valiant","Trackpad","Uncapped"],"gold_per_floor":[114,114,132,147,166,166,3,3,52,68,123,123,259,259,259,388,388,497,497,518,518,513,438,461,607,295,295,374,374,500,179,204,234,234,346,346,377,96,122,141,141,141,164,164,189,189,208,340,340,358,358,358,358,40,40,180,180],"floor_reached":58,"language":"ENG","playtime":3206,"items_purged":["Strike_R","Strike_R","hubris:Greed","conspire:Purge"],"score":1539,"play_id":"a677cd66-5db1-46d2-9385-ce310e9dd4e3","local_time":"20210219214631","is_ascension_mode":true,"campfire_choices":[{"data":"Havoc","floor":6,"key":"SMITH"},{"data":"StuffTheSpire:RockThrow","floor":8,"key":"SMITH"},{"data":"Bash","floor":12,"key":"SMITH"},{"data":"Pommel Strike","floor":17,"key":"SMITH"},{"data":"conspire:Banana","floor":27,"key":"SMITH"},{"data":"Havoc","floor":29,"key":"SMITH"},{"floor":34,"key":"RECALL"},{"data":"ReplayUltimateDefense","floor":42,"key":"SMITH"},{"data":"Havoc","floor":44,"key":"SMITH"},{"data":"Havoc","floor":49,"key":"SMITH"},{"data":"Combust","floor":51,"key":"PURGE"},{"data":"Invigoration","floor":55,"key":"SMITH"}],"circlet_count":0,"master_deck":["Bash+1","Havoc+1","Dropkick","StuffTheSpire:RockThrow+1","Infernal Blade","Sentinel","Dropkick","Cleave","Infernal Blade","Pommel Strike+1","Fire Breathing","Bludgeon","StuffTheSpire:Resist","Thinking Ahead+1","Havoc+1","Anger","Havoc+1","conspire:Banana+1","Pommel Strike+1","ReplayUltimateDefense+1","Havoc+1","Power Through+1","Dropkick","Battle Trance","Inflame","Havoc+1","ReplayTheSpireMod:LeadingStrike","Replay:Undeath\u0027s Touch+1","Headbutt+1","StuffTheSpire:BrainWave","Sentinel+1","Sentinel+1","Invigoration+1","Jack Of All Trades","Sever Soul+1"],"relics":["Burning Blood","halation:LettersToHer","StuffTheSpire:TintedRock","ReplayTheSpireMod:Shallot","Incense Burner","StuffTheSpire:RunicHypercube","SnailShell","Boot","DollysMirror","StuffTheSpire:Tea","hubris:Metronome","Pandora\u0027s Box","ReplayTheSpireMod:TigerMarble","Ancient Tea Set","Unceasing Top","GolemAmulet"],"acts_visited":["Exordium","TheCity","TheBeyond","TheEnding"],"potions_floor_usage":[11,11,16,16,18,30,33,39,51,52,57,57],"damage_taken":[{"damage":4,"enemies":"Jaw Worm","floor":1,"turns":5},{"damage":6,"enemies":"Cultist","floor":3,"turns":3},{"damage":3,"enemies":"Small Slimes","floor":4,"turns":3},{"damage":6,"enemies":"3 Louse","floor":5,"turns":4},{"damage":7,"enemies":"Blue Slaver","floor":10,"turns":2},{"damage":9,"enemies":"3 Sentries","floor":11,"turns":2},{"damage":9,"enemies":"3 Sentries","floor":13,"turns":3},{"damage":0,"enemies":"Lagavulin","floor":16,"turns":3},{"damage":55,"enemies":"Hexaghost","floor":18,"turns":8},{"damage":3,"enemies":"3 Byrds","floor":20,"turns":5},{"damage":11,"enemies":"2 Thieves","floor":22,"turns":4},{"damage":7,"enemies":"Shelled Parasite and Fungi","floor":24,"turns":4},{"damage":0,"enemies":"conspire:SneckoGhost","floor":25,"turns":5},{"damage":0,"enemies":"Book of Stabbing","floor":30,"turns":3},{"damage":1,"enemies":"Chosen and Byrds","floor":32,"turns":4},{"damage":5,"enemies":"Snake Plant","floor":33,"turns":3},{"damage":19,"enemies":"Automaton","floor":35,"turns":10},{"damage":7,"enemies":"Orb Walker","floor":37,"turns":2},{"damage":14,"enemies":"3 Shapes","floor":39,"turns":2},{"damage":3,"enemies":"3 Darklings","floor":40,"turns":3},{"damage":3,"enemies":"Writhing Mass","floor":47,"turns":3},{"damage":1,"enemies":"Giant Head","floor":48,"turns":3},{"damage":0,"enemies":"Jaw Worm Horde","floor":50,"turns":2},{"damage":5,"enemies":"hubris:GrandSnecko","floor":52,"turns":4},{"damage":1,"enemies":"Shield and Spear","floor":56,"turns":4},{"damage":61,"enemies":"The Heart","floor":57,"turns":4}],"seed_played":"-5317991636185025667","potions_obtained":[{"floor":1,"key":"BlessingOfTheForge"},{"floor":4,"key":"FearPotion"},{"floor":10,"key":"DuplicationPotion"},{"floor":13,"key":"Cursed Concoction"},{"floor":16,"key":"FearPotion"},{"floor":24,"key":"ColorlessPotion"},{"floor":25,"key":"Venom Potion"},{"floor":32,"key":"Adrenaline Potion"},{"floor":33,"key":"LifebloodPotion"},{"floor":37,"key":"Ancient Potion"},{"floor":40,"key":"Explosive Potion"},{"floor":48,"key":"Fruit Juice"},{"floor":56,"key":"Regen Potion"}],"is_trial":false,"path_per_floor":["M","?","M","M","M","R","$","R","T","M","?","R","E","PTL","PTL","E","R","B",null,"M","?","M","?","M","E","$","R","T","R","E","$","M","M","R_BF","B",null,"M","$","M","M","?","R","T","R","T","$","M","E","R","M","R_BF","B",null,"$","R","E","B",null],"character_chosen":"IRONCLAD","items_purchased":["Sentinel","Dropkick","Iron Wave","DollysMirror","conspire:Banana","ReplayUltimateDefense","Havoc","ReplayTheSpireMod:TigerMarble","Invigoration","Jack Of All Trades"],"campfire_rested":0,"item_purchase_floors":[7,7,7,26,26,31,31,38,54,54],"current_hp_per_floor":[96,96,96,96,96,96,96,96,96,95,92,92,89,89,89,95,95,46,96,96,96,91,91,90,96,96,96,96,96,98,98,100,102,102,91,104,105,105,97,102,98,98,98,98,98,98,100,102,102,102,107,109,109,109,109,111,70],"gold":180,"neow_bonus":"TWENTY_PERCENT_HP_BONUS","is_daily":false,"chose_seed":false,"campfire_upgraded":10,"win_rate":0.0,"timestamp":1613767591,"path_taken":["M","?","M","?","M","R","$","R","T","M","?","R","E","PTL","PTL","E","R","BOSS","M","?","M","?","?","E","$","R","T","R","E","?","M","M","R_BF","BOSS","M","$","M","M","?","R","?","R","T","$","M","E","R","?","R_BF","BOSS","$","R","E","BOSS"],"items_purchased_type":["Card","Card","Card","Relic","Card","Card","Card","Relic","Card","Card"],"build_version":"2020-12-22","purchased_purges":4,"victory":true,"max_hp_per_floor":[96,96,96,96,96,96,96,96,96,96,96,96,96,96,96,96,96,96,96,96,96,96,96,96,96,96,96,96,96,98,98,100,102,102,104,104,106,106,106,108,98,98,98,98,98,98,100,102,102,102,107,109,109,109,109,111,113],"card_choices":[{"not_picked":["Flex","Entrench"],"picked":"Havoc","floor":1},{"not_picked":["Heavy Blade","Havoc"],"picked":"Dropkick","floor":3},{"not_picked":["Armaments","StuffTheSpire:RagingBull"],"picked":"StuffTheSpire:RockThrow","floor":4},{"not_picked":["Clash","Metallicize"],"picked":"Infernal Blade","floor":5},{"not_picked":["Warcry","Wild Strike"],"picked":"Cleave","floor":10},{"not_picked":["Body Slam","Clothesline"],"picked":"Infernal Blade","floor":11},{"not_picked":["Seeing Red","Uppercut"],"picked":"Pommel Strike","floor":13},{"not_picked":["Berserk","Heavy Blade"],"picked":"Fire Breathing","floor":16},{"not_picked":["Double Tap","Demonic Infusion"],"picked":"Bludgeon","floor":18},{"not_picked":["True Grit","Power Through"],"picked":"StuffTheSpire:Resist","floor":20},{"not_picked":["Sword Boomerang","Twin Strike","Run Through"],"picked":"SKIP","floor":22},{"not_picked":["Transmutation+1","Feint+1"],"picked":"Thinking Ahead+1","floor":23},{"not_picked":["Wild Strike","Bludgeon"],"picked":"Havoc","floor":24},{"not_picked":["Cleave+1","StuffTheSpire:Pyroclast+1"],"picked":"Anger","floor":25},{"not_picked":["Iron Wave+1","Power Through"],"picked":"Pommel Strike+1","floor":30},{"not_picked":["Ghostly Armor","Cleave"],"picked":"Power Through+1","floor":32},{"not_picked":["Clothesline","conspire:ExplosiveBarrier","Rampage"],"picked":"SKIP","floor":33},{"not_picked":["Replay:Many Hands","Impervious"],"picked":"conspire:Purge","floor":35},{"not_picked":["Twin Strike","ReplayTheSpireMod:LeadingStrike"],"picked":"Replay:Undeath\u0027s Touch+1","floor":37},{"not_picked":["Spot Weakness+1","Twin Strike","Dropkick"],"picked":"SKIP","floor":39},{"not_picked":["Infernal Blade","Massacre"],"picked":"Headbutt+1","floor":40},{"not_picked":["Carnage","Intimidate+1"],"picked":"Sentinel+1","floor":47},{"not_picked":["Defy Death","Rampage"],"picked":"Sentinel+1","floor":48},{"not_picked":["Thunderclap","Body Slam+1","Defy Death"],"picked":"SKIP","floor":50},{"not_picked":["Dual Wield","ReplayTheSpireMod:Strike From Hell+1"],"picked":"Sever Soul+1","floor":56}],"player_experience":7555485,"relics_obtained":[{"floor":9,"key":"halation:LettersToHer"},{"floor":11,"key":"StuffTheSpire:TintedRock"},{"floor":13,"key":"ReplayTheSpireMod:Shallot"},{"floor":16,"key":"Incense Burner"},{"floor":21,"key":"SnailShell"},{"floor":25,"key":"Boot"},{"floor":28,"key":"halation:LettersToHer"},{"floor":28,"key":"StuffTheSpire:Tea"},{"floor":30,"key":"hubris:Metronome"},{"floor":43,"key":"halation:LettersToHer"},{"floor":45,"key":"halation:LettersToHer"},{"floor":45,"key":"Ancient Tea Set"},{"floor":48,"key":"Unceasing Top"},{"floor":56,"key":"GolemAmulet"}],"event_choices":[{"cards_removed":["Decay"],"damage_healed":0,"gold_gain":0,"player_choice":"Purged","damage_taken":0,"max_hp_gain":0,"max_hp_loss":0,"event_name":"Purifier","floor":2,"gold_loss":0},{"damage_healed":0,"gold_gain":30,"player_choice":"Searched \u00272\u0027 times","damage_taken":0,"max_hp_gain":0,"max_hp_loss":0,"event_name":"Dead Adventurer","floor":11,"gold_loss":0},{"damage_healed":0,"gold_gain":0,"player_choice":"Relic","damage_taken":0,"max_hp_gain":0,"max_hp_loss":0,"event_name":"Wheel of Change","floor":21,"gold_loss":0},{"damage_healed":0,"gold_gain":0,"player_choice":"2","damage_taken":0,"max_hp_gain":0,"max_hp_loss":0,"event_name":"betterMatch:BetterMatch","floor":23,"gold_loss":0,"cards_obtained":["betterMatch:ColorlessRareCard"]}],"is_beta":false,"boss_relics":[{"not_picked":["energizedSpire:SpiderWeb","Busted Crown"],"picked":"StuffTheSpire:RunicHypercube"},{"not_picked":["Replay:Drink Me","hubris:GrandSneckoEye"],"picked":"Pandora\u0027s Box"}],"items_purged_floors":[26,31,38,54],"is_endless":false,"potions_floor_spawned":[1,4,10,13,16,24,25,32,33,37,40,47,48,56],"ascension_level":1}}