{"host":"5vt7i1s0igmi3yzq","time":1613777103,"event":{"mods":["AchievementEnabler","Act Like it!","Aspiration","BaseMod","Better Altar","Better Match","Better Note","Better Sensory Stone","Better Skull","Better Third Choice","Better Vampires","BetterRewards","Colored Powertips","Fox Events","GifTheSpireLib","Hermit","Highlight Path","Minty Spire (QoL Compilation)","Morshu Shopkeeper","Pale of the Ancients","Permanent Neow","Rare Cards Sparkle","Replay The Spire","Reworked Bosses","Shop Mod","StSLib","Stuff the Spire","Unceasing Turn Reminder","Wandering Minibosses","everything is the same but u backflip on backflip"],"gold_per_floor":[109,69,69,87,99,99,134,134,134,150,201,235,235,267,267,366,366,380,390,22,35,35,35,59,262,316,341,341,372,384,384,384,482,482,646,646,606,606,616,650,650,679,679,696,727,727,727,761,761,761,849,849,849,325,325,341,341,25,25,25],"floor_reached":61,"language":"ENG","playtime":6195,"items_purged":[],"score":1625,"play_id":"fb43117d-c600-4e54-8550-7c509fba7dc0","local_time":"20210219172503","is_ascension_mode":true,"campfire_choices":[{"data":"hermit:Combo","floor":6,"key":"SMITH"},{"data":"hermit:CalledShot","floor":8,"key":"SMITH"},{"data":"hermit:Reprieve","floor":13,"key":"SMITH"},{"data":"hermit:FullyLoaded","floor":15,"key":"SMITH"},{"data":"Capacitor","floor":23,"key":"SMITH"},{"data":"hermit:FullyLoaded","floor":28,"key":"SMITH"},{"floor":32,"key":"REST"},{"data":"hermit:FatalDesire","floor":41,"key":"SMITH"},{"floor":47,"key":"RECALL"},{"data":"hermit:Covet","floor":49,"key":"SMITH"},{"data":"Self Repair","floor":55,"key":"SMITH"},{"data":"hermit:Vantage","floor":57,"key":"SMITH"}],"circlet_count":0,"master_deck":["hermit:Strike_Hermit","hermit:Strike_Hermit+1","hermit:Strike_Hermit","hermit:Strike_Hermit","hermit:Defend_Hermit","hermit:Defend_Hermit+1","hermit:Defend_Hermit+1","hermit:Snapshot+1","hermit:Covet+1","Overencumbered","hermit:Combo+1","hermit:Vantage+1","hermit:CalledShot+1","hermit:Spite","hermit:Manifest","ReplayTheSpireMod:Splinters","hermit:Deadeye","hermit:Reprieve+1","hermit:Headshot","hermit:FullyLoaded+1","hermit:RoundhouseKick","aspiration:Polymerization+1","ReplayTheSpireMod:Reroute Power+1","Capacitor+1","hermit:Glare+1","hermit:Misfire","hermit:FullyLoaded+1","hermit:FatalDesire+1","Redo+1","ReplayTheSpireMod:Calculation Training+1","Buffer+1","Turbo+1","StuffTheSpire:CuriosityCurse","hermit:Glare+1","hermit:Roughhouse","Panic Button+1","Reprogram+1","Aggregate+1","hermit:Deadeye+1","hermit:CalledShot+1","Amnesia","Capacitor+1","Self Repair+1","Meteor Strike","Blizzard"],"relics":["hermit:Momento","StuffTheSpire:Experiment12","Iron Hammer","hermit:Spyglass","Pantograph","Mango","aspiration:DefectSkillbook","Ginger","Whetstone","Juzu Bracelet","Toxic Egg 2","StuffTheSpire:NeowsTribute","Coffee Dripper","Art of War","Blue Candle","aspiration:HatOfInfinitePower","aspiration:FrozenJewel","Mirror","Divine Protection","paleoftheancients:Timepiece","paleoftheancients:KeyRelic","Letter Opener","CultistMask","wanderingMiniBosses:LockLocket","Ring of Searing","Ring of Fury","DollysMirror","War Paint","Bronze Scales","paleoftheancients:SoulOfTheDefect","aspiration:SeaSaltIceCream","PrismaticShard"],"acts_visited":["Exordium","TheCity","TheBeyond","TheBeyond"],"potions_floor_usage":[4,7,14,21,21,27,27,33,45,50,51,60,60],"damage_taken":[{"damage":5,"enemies":"Small Slimes","floor":1,"turns":3},{"damage":5,"enemies":"Cultist","floor":4,"turns":4},{"damage":2,"enemies":"2 Louse","floor":5,"turns":2},{"damage":57,"enemies":"3 Sentries","floor":7,"turns":11},{"damage":0,"enemies":"Looter","floor":10,"turns":3},{"damage":16,"enemies":"Gremlin Nob","floor":12,"turns":4},{"damage":1,"enemies":"3 Sentries","floor":14,"turns":5},{"damage":5,"enemies":"The Guardian","floor":16,"turns":9},{"damage":6,"enemies":"Shell Parasite","floor":18,"turns":5},{"damage":16,"enemies":"2 Thieves","floor":19,"turns":3},{"damage":16,"enemies":"Centurion and Healer","floor":21,"turns":6},{"damage":18,"enemies":"Snecko","floor":24,"turns":6},{"damage":16,"enemies":"Snake Plant","floor":25,"turns":7},{"damage":23,"enemies":"Book of Stabbing","floor":27,"turns":5},{"damage":4,"enemies":"Gremlin Leader","floor":29,"turns":5},{"damage":20,"enemies":"Shelled Parasite and Fungi","floor":30,"turns":5},{"damage":33,"enemies":"bossMod:newCollector","floor":33,"turns":8},{"damage":0,"enemies":"Orb Walker","floor":35,"turns":5},{"damage":3,"enemies":"3 Shapes","floor":39,"turns":4},{"damage":25,"enemies":"Giant Head","floor":40,"turns":8},{"damage":29,"enemies":"Nemesis","floor":42,"turns":8},{"damage":2,"enemies":"Spire Growth","floor":44,"turns":4},{"damage":0,"enemies":"Reptomancer","floor":45,"turns":5},{"damage":21,"enemies":"Nemesis","floor":48,"turns":7},{"damage":14,"enemies":"bossMod:newShapes","floor":50,"turns":6},{"damage":30,"enemies":"bossMod:newShapes","floor":51,"turns":11},{"damage":120,"enemies":"bossMod:newShapes","floor":52,"turns":3},{"damage":49,"enemies":"bossMod:newShapes","floor":56,"turns":6},{"damage":55,"enemies":"paleoftheancients:N","floor":60,"turns":10}],"seed_played":"-4532629349951183208","potions_obtained":[{"floor":2,"key":"Fruit Juice"},{"floor":2,"key":"Reflective Coating"},{"floor":2,"key":"DuplicationPotion"},{"floor":5,"key":"Venom Potion"},{"floor":7,"key":"Fire Potion"},{"floor":16,"key":"DistilledChaos"},{"floor":21,"key":"Fruit Juice"},{"floor":29,"key":"PowerPotion"},{"floor":35,"key":"hermit:Eclipse"},{"floor":42,"key":"PowerPotion"},{"floor":44,"key":"Death Potion"},{"floor":51,"key":"SneckoOil"},{"floor":56,"key":"Explosive Potion"}],"is_trial":false,"path_per_floor":["M","?","$","M","M","R","E","R","T","M","?","E","R","E","R","B",null,"M","M","$","M","T","R","M","M","T","E","R","E","M","?","R","B",null,"M","?","?","?","M","E","R","E","T","M","E","?","R","E","R","B","M","M","?","$","R","M","R","$","?","B",null],"character_chosen":"HERMIT","items_purchased":["Ginger","Capacitor","DollysMirror","War Paint","Bronze Scales","Self Repair","aspiration:SeaSaltIceCream","Blizzard"],"campfire_rested":1,"item_purchase_floors":[20,20,54,54,54,54,58,58],"current_hp_per_floor":[84,84,84,84,82,82,25,25,25,25,25,9,9,34,34,66,108,102,86,86,75,75,75,57,45,45,22,22,22,18,18,51,51,113,113,113,113,113,110,92,92,75,75,85,89,89,89,72,72,113,98,113,113,113,113,99,99,99,99,98],"gold":25,"neow_bonus":"TWENTY_PERCENT_HP_BONUS","is_daily":false,"chose_seed":false,"campfire_upgraded":10,"win_rate":0.0,"timestamp":1613777103,"path_taken":["M","?","?","M","M","R","E","R","T","M","?","E","R","E","R","BOSS","M","M","$","M","?","R","M","M","T","E","R","E","M","?","R","BOSS","M","?","?","?","M","E","R","E","T","M","E","?","R","E","R","BOSS","M","M","?","$","R","M","R","$","?","BOSS"],"items_purchased_type":["Relic","Card","Relic","Relic","Relic","Card","Relic","Card"],"build_version":"2020-12-22","purchased_purges":0,"victory":true,"max_hp_per_floor":[89,89,89,94,94,94,94,94,94,94,94,94,94,108,108,108,108,108,108,108,113,113,113,113,113,113,113,113,113,113,113,113,113,113,113,113,113,113,113,113,113,113,113,113,113,113,113,113,113,113,113,113,113,113,113,113,113,113,113,113],"card_choices":[{"not_picked":["hermit:HighCaliber","hermit:HoleUp"],"picked":"hermit:Combo","floor":1},{"not_picked":["hermit:Misfire","hermit:Dive"],"picked":"hermit:Vantage","floor":4},{"not_picked":["hermit:Coalescence","hermit:Midnight"],"picked":"hermit:CalledShot","floor":5},{"not_picked":["hermit:Feint","hermit:LoneWolf"],"picked":"hermit:Spite","floor":7},{"not_picked":["hermit:Headshot","hermit:Roulette"],"picked":"hermit:Manifest","floor":10},{"not_picked":["hermit:HighCaliber","hermit:Cheat"],"picked":"hermit:Deadeye","floor":11},{"not_picked":["hermit:Roulette","hermit:Vantage"],"picked":"hermit:Reprieve","floor":11},{"not_picked":["hermit:Roulette","hermit:Vantage"],"picked":"hermit:Headshot","floor":12},{"not_picked":["hermit:Vantage","hermit:HoleUp"],"picked":"hermit:FullyLoaded","floor":14},{"not_picked":["hermit:BlackWind","hermit:Adapt"],"picked":"hermit:RoundhouseKick","floor":16},{"not_picked":["hermit:ItchyTrigger+1","Leap","Barrage"],"picked":"aspiration:Polymerization+1","floor":18},{"not_picked":["hermit:Malice","BasicCrystalCard","hermit:HighCaliber"],"picked":"ReplayTheSpireMod:Reroute Power","floor":19},{"not_picked":["hermit:Snipe+1","Redo","Rip and Tear"],"picked":"hermit:Glare+1","floor":21},{"not_picked":["hermit:LowProfile","Hologram+1","Barrage+1"],"picked":"hermit:Misfire","floor":24},{"not_picked":["hermit:Feint+1","aspiration:Polymerization","ReplayTheSpireMod:Repulse"],"picked":"hermit:FullyLoaded","floor":25},{"not_picked":["StuffTheSpire:NuclearReactor","Rebound","Machine Learning"],"picked":"hermit:FatalDesire","floor":27},{"not_picked":["FTL","Cold Snap","StuffTheSpire:SnapShoot+1"],"picked":"Redo+1","floor":29},{"not_picked":["hermit:BodyArmor+1","Hologram+1","hermit:TakeAim"],"picked":"ReplayTheSpireMod:Calculation Training+1","floor":30},{"not_picked":["Mirror Shield+1","Echo Form","Machine Learning"],"picked":"Buffer","floor":33},{"not_picked":["hermit:HighCaliber","hermit:Manifest+1","Coolheaded+1"],"picked":"Turbo+1","floor":35},{"not_picked":["hermit:Midnight+1","Redo+1","hermit:Feint+1"],"picked":"hermit:Glare+1","floor":39},{"not_picked":["hermit:Misfire+1","hermit:Manifest+1","Streamline"],"picked":"hermit:Roughhouse","floor":40},{"not_picked":["Ball Lightning","Barrage+1","Conserve Battery+1"],"picked":"Panic Button+1","floor":42},{"not_picked":["Cold Snap+1","Force Field+1","hermit:Deadeye+1"],"picked":"Reprogram+1","floor":44},{"not_picked":["Sweeping Beam+1","ReplayTheSpireMod:Repulse+1","hermit:Ricochet"],"picked":"Aggregate+1","floor":45},{"not_picked":["hermit:BodyArmor+1","Conserve Battery+1","hermit:Manifest+1"],"picked":"hermit:Deadeye+1","floor":48},{"not_picked":["Leap+1","hermit:HoleUp+1","Chill+1"],"picked":"hermit:CalledShot+1","floor":51},{"not_picked":["hermit:BigShot+1","hermit:CalledShot","Stack+1"],"picked":"Meteor Strike","floor":56}],"player_experience":418523,"relics_obtained":[{"floor":7,"key":"StuffTheSpire:Experiment12"},{"floor":9,"key":"Iron Hammer"},{"floor":11,"key":"hermit:Spyglass"},{"floor":12,"key":"Pantograph"},{"floor":14,"key":"Mango"},{"floor":26,"key":"Whetstone"},{"floor":27,"key":"Juzu Bracelet"},{"floor":29,"key":"Toxic Egg 2"},{"floor":40,"key":"Blue Candle"},{"floor":42,"key":"aspiration:HatOfInfinitePower"},{"floor":43,"key":"aspiration:FrozenJewel"},{"floor":45,"key":"Mirror"},{"floor":48,"key":"Divine Protection"},{"floor":51,"key":"wanderingMiniBosses:LockLocket"},{"floor":53,"key":"Ring of Searing"},{"floor":53,"key":"Ring of Fury"},{"floor":56,"key":"paleoftheancients:SoulOfTheDefect"}],"event_choices":[{"damage_healed":0,"gold_gain":0,"player_choice":"Bought 3 Potions","damage_taken":0,"max_hp_gain":0,"max_hp_loss":0,"event_name":"The Woman in Blue","floor":2,"gold_loss":0},{"damage_healed":0,"gold_gain":0,"player_choice":"Opened","damage_taken":0,"relics_obtained":["StuffTheSpire:NeowsTribute"],"max_hp_gain":0,"max_hp_loss":0,"event_name":"The Mausoleum","floor":31,"gold_loss":0,"cards_obtained":["Writhe"]},{"damage_healed":0,"gold_gain":0,"player_choice":"Upgraded Two","damage_taken":0,"max_hp_gain":0,"max_hp_loss":0,"event_name":"Designer","floor":37,"gold_loss":40,"cards_upgraded":["Buffer","hermit:Defend_Hermit"]},{"cards_removed":["hermit:Defend_Hermit"],"damage_healed":0,"gold_gain":0,"player_choice":"Removed Skill","damage_taken":0,"max_hp_gain":0,"max_hp_loss":0,"event_name":"Falling","floor":38,"gold_loss":0},{"cards_removed":["Writhe"],"damage_healed":0,"gold_gain":0,"player_choice":"Purged","damage_taken":0,"max_hp_gain":0,"max_hp_loss":0,"event_name":"Purifier","floor":46,"gold_loss":0}],"is_beta":false,"boss_relics":[{"not_picked":["Replay:Drink Me","Runic Dome"],"picked":"aspiration:DefectSkillbook"},{"not_picked":["aspiration:RitualDagger","Black Star"],"picked":"Coffee Dripper"}],"items_purged_floors":[],"is_endless":false,"potions_floor_spawned":[5,7,16,21,29,35,42,44,51,56],"ascension_level":1}}