{"host":"hg2vyukq38ky973l","time":1613770852,"event":{"mods":["AchievementEnabler","BaseMod","Minty Spire (QoL Compilation)"],"gold_per_floor":[109,121,139,64,64,14,14,39,87,87,120,137,154,173,173,275,275,290,290,9,0,0,0,25,25,25,25,25,25,25,25,25,125,125,142,195,195,206,206,206,218,218,218,228,77,77,77,77,77,77,77],"floor_reached":50,"language":"ENG","playtime":2192,"items_purged":["Strike_P"],"score":562,"play_id":"73e894c9-cfb9-4b3a-8aac-c20ee0af4f26","local_time":"20210220074052","is_ascension_mode":false,"campfire_choices":[{"data":"BowlingBash","floor":7,"key":"SMITH"},{"data":"Alpha","floor":15,"key":"SMITH"},{"floor":23,"key":"REST"},{"floor":25,"key":"REST"},{"data":"Vault","floor":27,"key":"SMITH"},{"data":"Ragnarok","floor":30,"key":"SMITH"},{"floor":32,"key":"REST"},{"floor":40,"key":"REST"},{"floor":47,"key":"REST"},{"data":"Collect","floor":49,"key":"SMITH"}],"circlet_count":0,"master_deck":["Defend_P","Defend_P","Defend_P","Defend_P","Vigilance","BowlingBash+1","Consecrate","Consecrate","PathToVictory","TalkToTheHand","Ragnarok+1","Conclude","SashWhip","Alpha+1","CutThroughFate","Vault+1","CurseOfTheBell","Prostrate+1","JustLucky","Collect+1","Devotion","ThirdEye+1","JustLucky+1","Worship","InnerPeace"],"relics":["PureWater","Orichalcum","MealTicket","StoneCalendar","Calling Bell","Ancient Tea Set","The Courier","WingedGreaves","Juzu Bracelet","ClockworkSouvenir","FossilizedHelix","Bottled Lightning","MutagenicStrength","SlaversCollar","Turnip","Mercury Hourglass","Sundial"],"acts_visited":["Exordium","TheCity","TheBeyond"],"potions_floor_usage":[35,36,44],"damage_taken":[{"damage":6,"enemies":"Jaw Worm","floor":1,"turns":4},{"damage":1,"enemies":"2 Louse","floor":2,"turns":3},{"damage":0,"enemies":"Cultist","floor":3,"turns":2},{"damage":5,"enemies":"3 Sentries","floor":8,"turns":6},{"damage":2,"enemies":"Gremlin Nob","floor":11,"turns":3},{"damage":1,"enemies":"Blue Slaver","floor":12,"turns":4},{"damage":0,"enemies":"2 Fungi Beasts","floor":13,"turns":2},{"damage":15,"enemies":"Exordium Wildlife","floor":14,"turns":4},{"damage":0,"enemies":"Slime Boss","floor":16,"turns":3},{"damage":40,"enemies":"Spheric Guardian","floor":18,"turns":7},{"damage":35,"enemies":"Slavers","floor":24,"turns":6},{"damage":26,"enemies":"Collector","floor":33,"turns":7},{"damage":0,"enemies":"Orb Walker","floor":35,"turns":4},{"damage":75,"enemies":"2 Orb Walkers","floor":36,"turns":6},{"damage":17,"enemies":"3 Darklings","floor":38,"turns":5},{"damage":34,"enemies":"Maw","floor":41,"turns":9},{"damage":0,"enemies":"Transient","floor":44,"turns":6},{"damage":69,"enemies":"Donu and Deca","floor":50,"turns":6}],"seed_played":"-766862715786353909","potions_obtained":[{"floor":1,"key":"FearPotion"},{"floor":3,"key":"FairyPotion"},{"floor":13,"key":"AttackPotion"},{"floor":36,"key":"Fruit Juice"},{"floor":38,"key":"StancePotion"},{"floor":44,"key":"SteroidPotion"}],"is_trial":false,"path_per_floor":["M","M","M","$","?","?","R","E","T","?","E","M","M","M","R","B",null,"M","?","$","?","?","R","E","R","T","R","?","?","R","?","R","B",null,"M","?","?","M","?","R","M","?","T","M","$","?","R","?","R","B"],"character_chosen":"WATCHER","items_purchased":["TalkToTheHand","Juzu Bracelet","JustLucky","ClockworkSouvenir","Worship","InnerPeace"],"campfire_rested":5,"item_purchase_floors":[4,20,20,20,45,45],"current_hp_per_floor":[66,65,65,65,70,70,70,65,65,65,63,62,62,47,47,47,77,37,37,52,52,38,62,27,51,51,51,51,51,51,45,69,43,82,82,12,12,26,26,52,18,23,23,23,38,38,64,64,64,0,0],"gold":77,"neow_bonus":"THREE_CARDS","is_daily":false,"chose_seed":false,"campfire_upgraded":5,"win_rate":0.0,"timestamp":1613770852,"path_taken":["M","M","M","$","?","?","R","E","T","?","E","M","M","M","R","BOSS","M","?","$","?","?","R","E","R","T","R","?","?","R","?","R","BOSS","M","?","?","M","?","R","M","?","T","M","$","?","R","?","R","BOSS"],"items_purchased_type":["Card","Relic","Card","Relic","Card","Card"],"build_version":"2020-12-22","purchased_purges":1,"victory":false,"max_hp_per_floor":[72,72,72,72,77,77,77,77,77,77,77,77,77,77,77,77,77,77,77,77,77,82,82,82,82,82,82,82,82,82,82,82,82,82,82,87,87,87,87,87,87,87,87,87,87,87,87,87,87,87,87],"card_choices":[{"not_picked":["Consecrate","ClearTheMind"],"picked":"BowlingBash","floor":0.0},{"not_picked":["Conclude","CutThroughFate"],"picked":"Consecrate","floor":1},{"not_picked":["Halt","FlurryOfBlows"],"picked":"Consecrate","floor":2},{"not_picked":["BattleHymn","Study"],"picked":"PathToVictory","floor":3},{"not_picked":["FlyingSleeves","FlurryOfBlows"],"picked":"Ragnarok","floor":8},{"not_picked":["CrushJoints","ReachHeaven","FearNoEvil"],"picked":"SKIP","floor":11},{"not_picked":["Conclude","WheelKick"],"picked":"SashWhip","floor":12},{"not_picked":["SashWhip","EmptyBody"],"picked":"Alpha","floor":13},{"not_picked":["Collect","EmptyBody"],"picked":"CutThroughFate","floor":14},{"not_picked":["Ragnarok","ConjureBlade"],"picked":"Vault","floor":16},{"not_picked":["DeceiveReality","LikeWater"],"picked":"Prostrate+1","floor":18},{"not_picked":["EmptyFist","FlyingSleeves","SashWhip"],"picked":"SKIP","floor":24},{"not_picked":["Scrawl","Ragnarok"],"picked":"Devotion","floor":33},{"not_picked":["Meditate+1","WreathOfFlame+1","Crescendo"],"picked":"SKIP","floor":35},{"not_picked":["Perseverance+1","Meditate"],"picked":"ThirdEye+1","floor":36},{"not_picked":["WaveOfTheHand","InnerPeace"],"picked":"JustLucky+1","floor":38},{"not_picked":["EmptyFist+1","PathToVictory","Blasphemy"],"picked":"SKIP","floor":41},{"not_picked":["FearNoEvil","FlyingSleeves","SignatureMove"],"picked":"SKIP","floor":44}],"player_experience":318280,"relics_obtained":[{"floor":8,"key":"Orichalcum"},{"floor":9,"key":"MealTicket"},{"floor":11,"key":"StoneCalendar"},{"floor":17,"key":"Ancient Tea Set"},{"floor":17,"key":"The Courier"},{"floor":17,"key":"WingedGreaves"},{"floor":24,"key":"FossilizedHelix"},{"floor":26,"key":"Bottled Lightning"},{"floor":36,"key":"Turnip"},{"floor":37,"key":"Mercury Hourglass"},{"floor":43,"key":"Sundial"}],"event_choices":[{"damage_healed":0,"gold_gain":0,"player_choice":"Donut","damage_taken":0,"max_hp_gain":5,"max_hp_loss":0,"event_name":"Big Fish","floor":5,"gold_loss":0},{"cards_removed":["Strike_P"],"damage_healed":0,"gold_gain":0,"player_choice":"Card Removal","damage_taken":0,"max_hp_gain":0,"max_hp_loss":0,"event_name":"The Cleric","floor":6,"gold_loss":50},{"damage_healed":0,"gold_gain":0,"player_choice":"1 cards matched","damage_taken":0,"max_hp_gain":0,"max_hp_loss":0,"event_name":"Match and Keep!","floor":10,"gold_loss":0,"cards_obtained":["Conclude"]},{"cards_removed":["Strike_P"],"damage_healed":0,"gold_gain":0,"player_choice":"Elegance","damage_taken":0,"max_hp_gain":0,"max_hp_loss":0,"event_name":"Back to Basics","floor":19,"gold_loss":0},{"damage_healed":0,"gold_gain":0,"player_choice":"Paid Fearfully","damage_taken":0,"max_hp_gain":0,"max_hp_loss":0,"event_name":"Masked Bandits","floor":21,"gold_loss":9},{"damage_healed":0,"gold_gain":0,"player_choice":"Shed Blood","damage_taken":19,"max_hp_gain":5,"max_hp_loss":0,"event_name":"Forgotten Altar","floor":22,"gold_loss":0},{"damage_healed":0,"gold_gain":0,"player_choice":"Inject Mutagens","damage_taken":0,"relics_obtained":["MutagenicStrength"],"max_hp_gain":0,"max_hp_loss":0,"event_name":"Drug Dealer","floor":28,"gold_loss":0},{"damage_healed":0,"gold_gain":0,"cards_transformed":["Eruption"],"player_choice":"Transformed","damage_taken":0,"max_hp_gain":0,"max_hp_loss":0,"event_name":"Transmorgrifier","floor":29,"gold_loss":0,"cards_obtained":["Collect"]},{"damage_healed":0,"gold_gain":0,"player_choice":"Joined the Cult","damage_taken":6,"max_hp_gain":0,"max_hp_loss":0,"event_name":"Nest","floor":31,"gold_loss":0,"cards_obtained":["RitualDagger"]},{"damage_healed":0,"gold_gain":0,"player_choice":"Fight","damage_taken":0,"max_hp_gain":0,"max_hp_loss":0,"event_name":"Mysterious Sphere","floor":36,"gold_loss":0},{"damage_healed":0,"gold_gain":0,"player_choice":"Relic","damage_taken":0,"max_hp_gain":0,"max_hp_loss":0,"event_name":"Wheel of Change","floor":37,"gold_loss":0},{"damage_healed":0,"gold_gain":0,"player_choice":"Ignored","damage_taken":0,"max_hp_gain":0,"max_hp_loss":0,"event_name":"Tomb of Lord Red Mask","floor":39,"gold_loss":0},{"cards_removed":["RitualDagger"],"damage_healed":5,"gold_gain":0,"player_choice":"Offered Special","damage_taken":0,"max_hp_gain":0,"max_hp_loss":0,"event_name":"Bonfire Elementals","floor":42,"gold_loss":0},{"damage_healed":0,"gold_gain":0,"player_choice":"Ignored","damage_taken":0,"max_hp_gain":0,"max_hp_loss":0,"event_name":"SecretPortal","floor":46,"gold_loss":0},{"cards_removed":["Strike_P"],"damage_healed":0,"gold_gain":0,"player_choice":"Removed Attack","damage_taken":0,"max_hp_gain":0,"max_hp_loss":0,"event_name":"Falling","floor":48,"gold_loss":0}],"is_beta":false,"boss_relics":[{"not_picked":["Astrolabe","Pandora\u0027s Box"],"picked":"Calling Bell"},{"not_picked":["Fusion Hammer","Philosopher\u0027s Stone"],"picked":"SlaversCollar"}],"items_purged_floors":[45],"is_endless":false,"potions_floor_spawned":[1,3,13,14,33,36,38,44],"killed_by":"Donu and Deca","ascension_level":0}}