{"host":"1v3mnj67s3trvm6y","time":1613708269,"event":{"mods":["BaseMod","Challenge The Spire","Minty Spire (QoL Compilation)","Replay The Spire","StSLib"],"gold_per_floor":[215,140,156,176,189,189,209,209,209,225,235,235,245,279,279,382,382,400,400,60,75,85,85,85,113,113,113,163,163,178,195,195,300,300,313,313,329,20,20,49,49,49,96,96,110,125,125,144,144,144,144,144,4,34,34,34],"floor_reached":55,"language":"ENG","playtime":3411,"items_purged":["Strike_G","Strike_G","Defend_G"],"score":896,"play_id":"c2b2d63f-bd28-48f6-a90e-8d5b5a71e796","local_time":"20210219131749","is_ascension_mode":false,"campfire_choices":[{"data":"Noxious Fumes","floor":6,"key":"SMITH"},{"data":"Malaise","floor":12,"key":"SMITH"},{"data":"Neutralize","floor":15,"key":"SMITH"},{"data":"Bullet Time","floor":23,"key":"SMITH"},{"floor":27,"key":"REST"},{"data":"ReplayTheSpireMod:The Works","floor":29,"key":"SMITH"},{"floor":32,"key":"RECALL"},{"floor":41,"key":"REST"},{"floor":44,"key":"REST"},{"floor":47,"key":"REST"},{"floor":49,"key":"REST"},{"data":"Apotheosis","floor":52,"key":"SMITH"}],"circlet_count":0,"master_deck":["Strike_G","Strike_G","Strike_G","Defend_G","Defend_G","Defend_G","Defend_G","Survivor","Neutralize+1","Noxious Fumes+1","Crippling Poison","Deadly Poison","Dagger Spray","Malaise+1","Backflip","Flying Knee","Bullet Time+1","Outmaneuver+1","Setup+1","ReplayTheSpireMod:The Works+1","Backflip","Replay:Bag of Tricks","Noxious Fumes","PiercingWail+1","Sadistic Nature","Madness","Madness","Acrobatics+1","Purity","Apotheosis+1","Sadistic Nature","ReplayTheSpireMod:Restless Dread","Acrobatics+1","PiercingWail","Noxious Fumes","Expertise","Malaise"],"relics":["Ring of the Serpent","Bronze Scales","Potion Belt","Ring of Chaos","Divine Protection","Paper Crane","Unceasing Top","Replay:Grab Bag","Replay:Bronze Core","Cursed Key","Snack Pack","Mirror"],"acts_visited":["Exordium","TheCity","TheBeyond","TheEnding"],"potions_floor_usage":[10,18,25,25,40,40,50,55,55,55],"damage_taken":[{"damage":0,"enemies":"Cultist","floor":1,"turns":5},{"damage":0,"enemies":"2 Louse","floor":3,"turns":3},{"damage":0,"enemies":"Small Slimes","floor":4,"turns":4},{"damage":7,"enemies":"3 Louse","floor":5,"turns":4},{"damage":5,"enemies":"Large Slime","floor":7,"turns":6},{"damage":0,"enemies":"Gremlin Gang","floor":10,"turns":1},{"damage":1,"enemies":"2 Fungi Beasts","floor":11,"turns":4},{"damage":0,"enemies":"Looter","floor":13,"turns":4},{"damage":4,"enemies":"Replay:BlueRogue","floor":14,"turns":6},{"damage":20,"enemies":"The Guardian","floor":16,"turns":9},{"damage":0,"enemies":"Spheric Guardian","floor":18,"turns":4},{"damage":0,"enemies":"3 Byrds","floor":21,"turns":3},{"damage":0,"enemies":"Snake Plant","floor":22,"turns":4},{"damage":11,"enemies":"Slavers","floor":25,"turns":4},{"damage":5,"enemies":"Centurion and Healer","floor":30,"turns":10},{"damage":0,"enemies":"Shelled Parasite and Fungi","floor":31,"turns":7},{"damage":40,"enemies":"Pondfish","floor":33,"turns":11},{"damage":3,"enemies":"3 Shapes","floor":35,"turns":6},{"damage":0,"enemies":"3 Darklings","floor":37,"turns":5},{"damage":32,"enemies":"Reptomancer","floor":40,"turns":7},{"damage":28,"enemies":"Jaw Worm Horde","floor":45,"turns":4},{"damage":0,"enemies":"4 Shapes","floor":46,"turns":6},{"damage":13,"enemies":"3 Darklings","floor":48,"turns":4},{"damage":60,"enemies":"Time Eater","floor":50,"turns":13},{"damage":45,"enemies":"Shield and Spear","floor":54,"turns":5},{"damage":34,"enemies":"The Heart","floor":55,"turns":7}],"seed_played":"-5726037023219775617","potions_obtained":[{"floor":3,"key":"Languid Potion"},{"floor":5,"key":"SteroidPotion"},{"floor":8,"key":"GhostInAJar"},{"floor":8,"key":"Milkshake"},{"floor":13,"key":"Explosive Potion"},{"floor":16,"key":"Weak Potion"},{"floor":18,"key":"Adrenaline Potion"},{"floor":22,"key":"Venom Potion"},{"floor":30,"key":"Fire Potion"},{"floor":33,"key":"CultistPotion"},{"floor":37,"key":"Adrenaline Potion"},{"floor":48,"key":"Strength Potion"}],"is_trial":false,"path_per_floor":["M","$","M","M","M","R","M","?","T","M","M","R","M","E","R","B",null,"M","?","$","M","M","R","?","E","T","R","?","R","M","M","R","B",null,"M","?","M","$","?","E","R","?","T","R","M","M","R","M","R","B",null,"R","$","E","B"],"character_chosen":"THE_SILENT","items_purchased":["Divine Protection","Sadistic Nature","Noxious Fumes","Expertise"],"campfire_rested":5,"item_purchase_floors":[20,38,53,53],"current_hp_per_floor":[70,70,70,70,63,63,58,58,58,58,57,57,57,53,53,33,70,70,57,57,57,57,57,57,46,46,68,68,68,63,63,63,23,75,72,72,72,72,63,31,53,43,43,65,39,41,63,52,74,18,75,75,75,32,0,0],"gold":34,"neow_bonus":"HUNDRED_GOLD","is_daily":false,"chose_seed":false,"campfire_upgraded":6,"win_rate":0.0,"timestamp":1613708269,"path_taken":["M","?","M","M","?","R","M","?","T","?","M","R","M","E","R","BOSS","M","?","$","M","M","R","?","E","T","R","?","R","?","M","R","BOSS","M","?","M","$","?","E","R","?","T","R","M","M","R","M","R","BOSS","R","$","E","BOSS"],"items_purchased_type":["Relic","Card","Card","Card"],"build_version":"2020-12-22","purchased_purges":3,"victory":false,"max_hp_per_floor":[70,70,70,70,70,70,70,70,70,70,70,70,70,70,70,70,70,70,75,75,75,75,75,75,75,75,75,75,75,75,75,75,75,75,75,75,75,75,75,75,75,75,75,75,75,75,75,75,75,75,75,75,75,75,75,75],"card_choices":[{"not_picked":["Backflip","Hidden Blade"],"picked":"Noxious Fumes","floor":1},{"not_picked":["Riddle With Holes","Slice"],"picked":"Crippling Poison","floor":3},{"not_picked":["Acrobatics","Flying Knee"],"picked":"Deadly Poison","floor":4},{"not_picked":["Replay:Poison Smokescreen","Sucker Punch"],"picked":"Dagger Spray","floor":5},{"not_picked":["Hidden Blade","Cloak And Dagger"],"picked":"Malaise","floor":7},{"not_picked":["ReplayTheSpireMod:Shiv Toss","Setup"],"picked":"Backflip","floor":10},{"not_picked":["Predator","Dagger Throw"],"picked":"Flying Knee","floor":11},{"not_picked":["Terror","Expertise","Acrobatics"],"picked":"SKIP","floor":13},{"not_picked":["Dodge and Roll","Slice","Wraith Form v2"],"picked":"SKIP","floor":14},{"not_picked":["ReplayTheSpireMod:From All Sides","Venomology"],"picked":"Bullet Time","floor":16},{"not_picked":["Backflip","Acrobatics"],"picked":"Outmaneuver+1","floor":18},{"not_picked":["Outmaneuver","PiercingWail"],"picked":"Setup+1","floor":21},{"not_picked":["Dagger Spray","Outmaneuver+1"],"picked":"ReplayTheSpireMod:The Works","floor":22},{"not_picked":["Grand Finale","Dagger Spray","Quick Slash"],"picked":"SKIP","floor":25},{"not_picked":["Outmaneuver","Poisoned Stab","Eviscerate"],"picked":"SKIP","floor":30},{"not_picked":["Underhanded Strike","Blade Dance"],"picked":"Backflip","floor":31},{"not_picked":["Venomology","Wraith Form v2"],"picked":"Replay:Bag of Tricks","floor":33},{"not_picked":["Toxin Wave+1","Backstab+1"],"picked":"Noxious Fumes","floor":35},{"not_picked":["Tactician","Bane+1"],"picked":"PiercingWail+1","floor":37},{"not_picked":["Bouncing Flask","Predator+1"],"picked":"Acrobatics+1","floor":40},{"not_picked":["Enlightenment","ReplayTheSpireMod:Uncanny Aura"],"picked":"Purity","floor":42},{"not_picked":["ReplayTheSpireMod:Necrogeddon","Madness"],"picked":"Apotheosis","floor":42},{"not_picked":["Secret Technique","Mind Blast"],"picked":"Sadistic Nature","floor":42},{"not_picked":["Choke+1","Blade Dance","Prepared"],"picked":"SKIP","floor":45},{"not_picked":["Flying Knee+1","Hidden Blade"],"picked":"Acrobatics+1","floor":46},{"not_picked":["Dash","Dagger Spray"],"picked":"PiercingWail","floor":48},{"not_picked":["Poisoned Stab","Flying Knee+1"],"picked":"Malaise","floor":54}],"player_experience":1525659,"relics_obtained":[{"floor":9,"key":"Bronze Scales"},{"floor":14,"key":"Potion Belt"},{"floor":25,"key":"Paper Crane"},{"floor":26,"key":"Unceasing Top"},{"floor":40,"key":"Snack Pack"},{"floor":54,"key":"Mirror"}],"event_choices":[{"damage_healed":0,"gold_gain":0,"player_choice":"Got Potions","damage_taken":0,"max_hp_gain":0,"max_hp_loss":0,"event_name":"Lab","floor":8,"gold_loss":0},{"damage_healed":0,"gold_gain":0,"player_choice":"Shed Blood","damage_taken":18,"max_hp_gain":5,"max_hp_loss":0,"event_name":"Forgotten Altar","floor":19,"gold_loss":0},{"damage_healed":0,"gold_gain":0,"player_choice":"Ignored","damage_taken":0,"max_hp_gain":0,"max_hp_loss":0,"event_name":"Ghosts","floor":24,"gold_loss":0},{"damage_healed":0,"gold_gain":100,"player_choice":"Bet on Murderer","damage_taken":0,"max_hp_gain":0,"max_hp_loss":0,"event_name":"The Joust","floor":28,"gold_loss":50},{"damage_healed":0,"gold_gain":0,"player_choice":"Ignored","damage_taken":0,"max_hp_gain":0,"max_hp_loss":0,"event_name":"Mysterious Sphere","floor":36,"gold_loss":0},{"damage_healed":0,"gold_gain":0,"player_choice":"Embrace Madness","damage_taken":9,"max_hp_gain":0,"max_hp_loss":0,"event_name":"Winding Halls","floor":39,"gold_loss":0,"cards_obtained":["Madness","Madness"]},{"damage_healed":0,"gold_gain":0,"player_choice":"Memory 3","damage_taken":10,"max_hp_gain":0,"max_hp_loss":0,"event_name":"SensoryStone","floor":42,"gold_loss":0}],"is_beta":false,"boss_relics":[{"not_picked":["Snecko Eye","Snecko Scales"],"picked":"Ring of Chaos"},{"not_picked":["ReplayTheSpireMod:DimensionalGlitch","Sozu"],"picked":"Replay:Grab Bag"},{"not_picked":["Abe\u0027s Treasure","Philosopher\u0027s Stone"],"picked":"Replay:Bronze Core"},{"not_picked":["Runic Dome","Replay:Wanted Poster"],"picked":"Cursed Key"},{"not_picked":["Empty Cage","WristBlade"],"picked":"Ring of the Serpent"}],"items_purged_floors":[2,20,38],"is_endless":false,"potions_floor_spawned":[3,5,13,16,18,22,30,33,37,48],"killed_by":"The Heart","ascension_level":0}}