{"host":"chn8bespmczdmrqe","time":1613772557,"event":{"mods":["AchievementEnabler","Act Like it!","BaseMod","Better Match","Better Sensory Stone","Better Third Choice","BetterRewards","Booster Modes","Card Forge","Colored Map","Colored Powertips","DeckTracker","Gold Saver","Ironclad Rager","Luminous","Minty Spire (QoL Compilation)","Permanent Neow","Quick Restart","Spicy Shops","StSLib","SuperFastMode","??????REMEMod"],"gold_per_floor":[115,115,115,130,148,148,148,148,148,148,162,185,185,199,199,330,330,348,364,382,400,400,400,433,433,433,454,454,454,470,10,10,141,141,159,159,159,183,198,229,229,247,247,272,120,120,183,183,183,183],"floor_reached":51,"language":"ENG","playtime":1336,"items_purged":[],"score":1314,"play_id":"84e823f7-9af5-4150-8c97-d92087d66724","local_time":"20210219170917","is_ascension_mode":true,"campfire_choices":[{"floor":6,"key":"REST"},{"floor":13,"key":"REST"},{"floor":15,"key":"REST"},{"floor":23,"key":"REST"},{"floor":25,"key":"REST"},{"floor":32,"key":"REST"},{"floor":41,"key":"REST"},{"floor":49,"key":"REST"}],"circlet_count":0,"master_deck":["Barricade+1","Body Slam+1","Entrench+1","Shrug It Off+1"],"relics":["Burning Blood","Hammer of Thor","Seething Fire","Anvil of the Gods","REME_ComplimentaryCards","Golden Idol","Thread and Needle","Eternal Feather","Philosopher\u0027s Stone","Tiny Chest","Bottled Lightning","Cracked Core","PrismaticShard","Sling","Blood Vial","Fusion Hammer","Mummified Hand","Strawberry","REME_ArchaeologicalTools","ClockworkSouvenir","Molten Egg 2","Bag of Preparation"],"acts_visited":["Exordium","TheCity","TheBeyond"],"potions_floor_usage":[18,34,50,50],"damage_taken":[{"damage":1,"enemies":"Jaw Worm","floor":1,"turns":3},{"damage":0,"enemies":"Small Slimes","floor":4,"turns":3},{"damage":0,"enemies":"2 Louse","floor":5,"turns":2},{"damage":0,"enemies":"Large Slime","floor":11,"turns":4},{"damage":0,"enemies":"Red Slaver","floor":12,"turns":3},{"damage":0,"enemies":"3 Louse","floor":14,"turns":3},{"damage":0,"enemies":"The Guardian","floor":16,"turns":4},{"damage":0,"enemies":"2 Thieves","floor":18,"turns":3},{"damage":10,"enemies":"3 Byrds","floor":19,"turns":6},{"damage":0,"enemies":"3 Cultists","floor":20,"turns":4},{"damage":0,"enemies":"Centurion and Healer","floor":21,"turns":3},{"damage":0,"enemies":"REME_1_Revenger","floor":24,"turns":3},{"damage":0,"enemies":"Sentry and Sphere","floor":27,"turns":3},{"damage":0,"enemies":"3 Cultists","floor":30,"turns":4},{"damage":0,"enemies":"Champ","floor":33,"turns":6},{"damage":0,"enemies":"Orb Walker","floor":35,"turns":3},{"damage":0,"enemies":"3 Shapes","floor":38,"turns":5},{"damage":0,"enemies":"Jaw Worm Horde","floor":39,"turns":4},{"damage":0,"enemies":"Giant Head","floor":40,"turns":4},{"damage":0,"enemies":"Writhing Mass","floor":42,"turns":4},{"damage":0,"enemies":"Transient","floor":44,"turns":5},{"damage":0,"enemies":"Reptomancer","floor":47,"turns":5},{"damage":0,"enemies":"Awakened One","floor":50,"turns":6}],"seed_played":"7899469471089566272","potions_obtained":[{"floor":1,"key":"PowerPotion"},{"floor":19,"key":"Strength Potion"},{"floor":33,"key":"REME_GoldPotion"},{"floor":47,"key":"Block Potion"}],"is_trial":false,"path_per_floor":["M","?","?","M","M","R","?","?","T","T","M","M","R","M","R","B",null,"M","M","M","M","?","R","E","R","T","M","?","?","M","$","R","B",null,"M","T","?","M","M","E","R","M","T","M","$","T","E","?","R","B",null],"character_chosen":"IRONCLAD","items_purchased":["PrismaticShard","Sling","Blood Vial","ClockworkSouvenir"],"campfire_rested":8,"item_purchase_floors":[31,31,31,45],"current_hp_per_floor":[88,88,66,72,78,88,88,93,93,93,93,93,93,93,93,93,93,93,89,93,93,93,93,93,93,93,93,93,93,93,93,93,93,93,93,93,93,93,93,100,100,100,100,100,100,100,100,100,100,100],"gold":183,"neow_bonus":"TEN_PERCENT_HP_BONUS","is_daily":false,"chose_seed":false,"campfire_upgraded":0,"win_rate":0.0,"timestamp":1613772557,"path_taken":["M","?","?","M","M","R","?","?","T","?","?","M","R","M","R","BOSS","M","M","M","M","?","R","E","R","T","?","?","?","M","$","R","BOSS","M","?","?","M","?","E","R","M","T","M","?","?","E","?","R","BOSS"],"items_purchased_type":["Relic","Relic","Relic","Relic"],"build_version":"2020-12-22","purchased_purges":0,"victory":true,"max_hp_per_floor":[88,88,88,88,88,88,88,93,93,93,93,93,93,93,93,93,93,93,93,93,93,93,93,93,93,93,93,93,93,93,93,93,93,93,93,93,93,93,93,100,100,100,100,100,100,100,100,100,100,100],"card_choices":[{"not_picked":["Infernal Blade","Carnage","Havoc"],"picked":"SKIP","floor":1},{"not_picked":["Headbutt","Evolve","Metallicize"],"picked":"SKIP","floor":4},{"not_picked":["Thunderclap","Iron Wave","Twin Strike"],"picked":"SKIP","floor":5},{"not_picked":["Clothesline","Iron Wave","Havoc"],"picked":"SKIP","floor":11},{"not_picked":["Whirlwind","Headbutt","Clothesline"],"picked":"SKIP","floor":12},{"not_picked":["Twin Strike","REME_Scribble","Iron Wave"],"picked":"SKIP","floor":14},{"not_picked":["Heavy Blade","Combust","Shockwave+1"],"picked":"SKIP","floor":18},{"not_picked":["Body Slam+1","Sword Boomerang","Armaments+1"],"picked":"SKIP","floor":19},{"not_picked":["Iron Wave","Spot Weakness","Warcry"],"picked":"SKIP","floor":20},{"not_picked":["Iron Wave","Cleave","Feel No Pain"],"picked":"SKIP","floor":21},{"not_picked":["Sever Soul","Cleave","Bludgeon"],"picked":"SKIP","floor":24},{"not_picked":["Sword Boomerang","Thunderclap","Cleave"],"picked":"SKIP","floor":27},{"not_picked":["Wild Strike","Armaments","True Grit"],"picked":"SKIP","floor":30},{"not_picked":["Ball Lightning+1","Deflect","Luminous:Hero_Will_Luminous+1"],"picked":"SKIP","floor":35},{"not_picked":["Infernal Blade","Sentinel+1","Fasting2"],"picked":"SKIP","floor":38},{"not_picked":["Impatience","True Grit+1","Armaments"],"picked":"SKIP","floor":39},{"not_picked":["Rage+1","REME_FearOfPain","Twin Strike"],"picked":"SKIP","floor":40},{"not_picked":["Evaluate+1","Indignation+1","Headbutt"],"picked":"SKIP","floor":42},{"not_picked":["Ball Lightning+1","Endless Agony+1","Luminous:Lights_Protection_Luminous+1"],"picked":"SKIP","floor":44},{"not_picked":["JustLucky+1","Adrenaline","Luminous:Concentrate_Luminous+1"],"picked":"SKIP","floor":47}],"player_experience":99370,"relics_obtained":[{"floor":9,"key":"Thread and Needle"},{"floor":10,"key":"Eternal Feather"},{"floor":24,"key":"Tiny Chest"},{"floor":26,"key":"Bottled Lightning"},{"floor":36,"key":"Mummified Hand"},{"floor":40,"key":"Strawberry"},{"floor":43,"key":"REME_ArchaeologicalTools"},{"floor":46,"key":"Molten Egg 2"},{"floor":47,"key":"Bag of Preparation"}],"event_choices":[{"damage_healed":0,"gold_gain":0,"player_choice":"Leave","damage_taken":0,"max_hp_gain":0,"max_hp_loss":0,"event_name":"The Cleric","floor":2,"gold_loss":0},{"damage_healed":0,"gold_gain":0,"player_choice":"Take Damage","damage_taken":22,"relics_obtained":["Golden Idol"],"max_hp_gain":0,"max_hp_loss":0,"event_name":"Golden Idol","floor":3,"gold_loss":0},{"damage_healed":88,"gold_gain":0,"player_choice":"Leave","damage_taken":0,"max_hp_gain":0,"max_hp_loss":88,"event_name":"betterThird:BetterShining","floor":7,"gold_loss":0},{"damage_healed":0,"gold_gain":0,"player_choice":"Donut","damage_taken":0,"max_hp_gain":5,"max_hp_loss":0,"event_name":"Big Fish","floor":8,"gold_loss":0},{"damage_healed":0,"gold_gain":0,"player_choice":"Ignored","damage_taken":0,"max_hp_gain":0,"max_hp_loss":0,"event_name":"Transmorgrifier","floor":22,"gold_loss":0},{"damage_healed":0,"gold_gain":2,"player_choice":"1","damage_taken":0,"max_hp_gain":0,"max_hp_loss":0,"event_name":"betterStone:BetterStone","floor":29,"gold_loss":0},{"damage_healed":0,"gold_gain":0,"player_choice":"Ignored","damage_taken":0,"max_hp_gain":0,"max_hp_loss":0,"event_name":"Purifier","floor":37,"gold_loss":0},{"damage_healed":0,"gold_gain":0,"player_choice":"Ignored","damage_taken":0,"max_hp_gain":0,"max_hp_loss":0,"event_name":"Tomb of Lord Red Mask","floor":48,"gold_loss":0}],"is_beta":false,"boss_relics":[{"not_picked":["Empty Cage","SacredBark"],"picked":"Philosopher\u0027s Stone"},{"not_picked":["Calling Bell","Velvet Choker"],"picked":"Fusion Hammer"}],"items_purged_floors":[],"is_endless":false,"potions_floor_spawned":[1,11,14,19,33,35,38,44,47],"ascension_level":3}}