{"host":"2hlhnd4tei6r1t0s","time":1613737166,"event":{"mods":["100% Spire Juice","ATMod(阿瑾Mod)","Act Like it!","Arknights","Aspiration","Astrologer","Bard","BaseMod","Bossed Relics","Chen","Conspire","Downfall","Energized Spire","Evolution","Gensokyo","Gremlin Mod","GungeonMod","Hallownest","Hermit","HololiveMod","HumanHunterMod(怪物杀人mod)","Jedi Mod","Jorbs\u0027s Wanderer Trilogy","KinomotoSakuraMod(木之本樱)","Koishi","Luminous","Mari Mod (Legacy)","Mari\u0027s V1 Patch","Marisa（F雨　魔理沙）","Minty Spire (QoL Compilation)","MostiFishMod","Pale of the Ancients","Potionbrewer","Prisma Mod","Quick Restart","Reimu（博丽灵梦）","Reliquary","Replay The Spire","Robot Space Explorer","RumiaBox-露米娅的神秘盒子","StSLib","TestMod","The Administrix","The Alterego","The Animator","The Blackbeard","The Construct","The Cursed","The Forsaken","The Gatherer","The Hayseed","The Jungle","The Marked","The Mystic","The Runesmith","The Saiyan","The Senshi","The Servant 0.9.4","The Showman","TheHeartMod","TheWitcher","Uncapped","WarShipGirlsR/战舰少女R mod","Yakumo Yukari mod","Yuyuko","[GremlinLeader]The Maniac","[IsaacMod]以撒尖塔","noobMod","【功能Mod】混沌之环修复补丁","【功能Mod】聪明的最终Boss","【遗物卡牌】REMEMod","残留之物","篝火指南"],"gold_per_floor":[9996781,1000000,999000,998960,998960,998977,998073,998089,998121,998121,998152,997401,997900,997900,997628,997222,997407,997407,997485,997530,997588,997131,997178,997237,997566,997018,997018,995282,995330,995425,995502,995015,994707,994901,994901,995118,994754,994754,994293,994358,993485,993578,993687,993687,993237,993517,993529,993101,993298,992759,992891],"floor_reached":51,"language":"ZHS","playtime":3568,"items_purged":["theForsaken:Penitence","theForsaken:HorrifyingStrike","theForsaken:TheForsaken_Defend","theForsaken:ChargeAttack","theForsaken:TheForsaken_Defend","theForsaken:TheForsaken_Defend","theForsaken:TheForsaken_Defend","theForsaken:ShieldBash","testmod-Collector","blackbeard:Parrot","theForsaken:FuryStrikes","Ricochet","theForsaken:FuryStrikes","theForsaken:PlagueCurse","REME_WheelOfFate","testmod-PainDetonator"],"score":1135,"play_id":"078b1e91-ef7c-4392-aa6e-910eb58a5fbe","local_time":"20210219201926","is_ascension_mode":true,"campfire_choices":[],"circlet_count":0,"master_deck":["theForsaken:Thunderbolt+1","theForsaken:Smite+1","AT_EssenceShift+1","BloodyBrimstone+1","Panache","theForsaken:HymnOfPatience+1","theForsaken:RainingSunlight","theForsaken:FuryStrikes+1","theForsaken:BlessedWeapon+1","theForsaken:WordsOfPestilence+1","BloodyBrimstone+1","theForsaken:FuryStrikes","theForsaken:SpinAttack","theForsaken:WordsOfPestilence","theForsaken:WordsOfPestilence","PendulumOfEternity+1","theForsaken:CowardsBrand+1","theForsaken:FuryStrikes","testmod-PerfectCombo"],"relics":["theForsaken:JudgementScales","EVO:Axolotl","ice","testmod-TestBox","DaveBox","REME_ComplimentaryCards","HushsDoor","AT_ATBox","BFFS","PatriotShield","testmod-RandomTest","SynthV:TestCard","DemoMod:GnawedKey","aspiration:Lifesprig","theForsaken:Kindling","testmod-IWantAll","aspiration:HatOfInfinitePower","ReplayTheSpireMod:Ninjato","testmod-BalancedPeriapt","reliquary:BrokenClock","BloodDonationMachine","construct:RocketBooster","Replay:Bandana","testmod-CyclicPeriapt","reliquary:Sideboard","Membership Card","conspire:Dentures","Guide Book","theForsaken:Lifeblossom","jedi:Pinwheel","DollysMirror","testmod-HarvestTotem","CrazyTorch:ReiMu","OrangePellets","DemoMod:PoisonVial","GodSword7","reliquary:Spinner","reliquary:FingerTrap","conspire:GiftBox","reliquary:IridiumChain","SynthV:MejaisSoulstealer","conspire:DeflatedDodgeball","Juzu Bracelet","Ccalipers","Oddly Smooth Stone","AT_DeathDance","PlanX","RuthlessExorcism:ReiMu","DemoMod:MeatBun","Gremlin Food","conspire:TopHat","DemoMod:GlassGuonStoneRelic","aspiration:ServantSkillbook","GuppysTail","DemoMod:JetPack","Bronze Scales","theForsaken:PlagueMask","MagicDraw4","Toolbox","Happy Flower","LastBattle","BirthdayGift-Tetrahedron","Pantograph","MawBank","Pen Nib","Chemical X","DemoMod:Relodestone","ChaoDraw","Bag of Marbles","conspire:InfiniteJournal","Centennial Puzzle","Sling","Bottled Lightning"],"acts_visited":["Exordium","Exordium","TheBeyond"],"potions_floor_usage":[16],"damage_taken":[{"damage":0,"enemies":"Small Slimes","floor":1,"turns":4},{"damage":0,"enemies":"Cultist","floor":5,"turns":6},{"damage":21,"enemies":"Jaw Worm","floor":7,"turns":7},{"damage":19,"enemies":"Gremlin Nob","floor":8,"turns":5},{"damage":20,"enemies":"3 Sentries","floor":10,"turns":5},{"damage":13,"enemies":"Large Slime","floor":12,"turns":11},{"damage":19,"enemies":"The Guardian","floor":16,"turns":1},{"damage":25,"enemies":"theJungle:GiantWrat","floor":18,"turns":1},{"damage":12,"enemies":"theJungle:Flameango_and_Byrd","floor":19,"turns":2},{"damage":12,"enemies":"theJungle:2_Snecko_Cultists","floor":22,"turns":1},{"damage":14,"enemies":"theJungle:Cassacara","floor":23,"turns":1},{"damage":40,"enemies":"theJungle:Snecko_Cultist_And_Trap","floor":24,"turns":2},{"damage":0,"enemies":"theJungle:2_Phrogs","floor":28,"turns":1},{"damage":0,"enemies":"Snake Plant","floor":29,"turns":1},{"damage":0,"enemies":"theJungle:MamaSnecko","floor":30,"turns":1},{"damage":0,"enemies":"theJungle:FunGuy","floor":33,"turns":2},{"damage":0,"enemies":"3 Shapes","floor":35,"turns":1},{"damage":0,"enemies":"conspire:MimicChest","floor":39,"turns":1},{"damage":0,"enemies":"Reptomancer","floor":41,"turns":1},{"damage":0,"enemies":"Orb Walker","floor":42,"turns":3},{"damage":0,"enemies":"3 Darklings","floor":45,"turns":2},{"damage":0,"enemies":"2 Orb Walkers","floor":48,"turns":4},{"damage":0,"enemies":"Donu and Deca","floor":50,"turns":1}],"seed_played":"3557396146868493574","potions_obtained":[{"floor":12,"key":"Dexterity Potion"},{"floor":16,"key":"Languid Potion"},{"floor":19,"key":"Swift Potion"},{"floor":22,"key":"potionbrewer:NoxiousPotion"}],"is_trial":false,"path_per_floor":["M","$","?","?","M","R","M","E","T","E","R","M","?","$","R","B",null,"M","M","?","$","M","E","M","R","T","R","E","M","E","$","R","B",null,"M","$","?","$","?","R","E","M","T","R","M","T","R","?","R","B",null],"character_chosen":"THE_FORSAKEN","items_purchased":["DemoMod:GnawedKey","aspiration:Lifesprig","theForsaken:Kindling","testmod-IWantAll","Panache","theForsaken:HymnOfPatience+1","ReplayTheSpireMod:Ninjato","testmod-BalancedPeriapt","reliquary:BrokenClock","theForsaken:FuryStrikes","theForsaken:ChargeAttack","testmod-CyclicPeriapt","reliquary:Sideboard","Membership Card","conspire:Dentures","Guide Book","theForsaken:Lifeblossom","jedi:Pinwheel","theForsaken:WordsOfPestilence","DollysMirror","CrazyTorch:ReiMu","OrangePellets","DemoMod:PoisonVial","theForsaken:FuryStrikes","testmod-Collector","reliquary:Spinner","reliquary:FingerTrap","theForsaken:SpinAttack","conspire:GiftBox","REME_WheelOfFate","SynthV:MejaisSoulstealer","conspire:DeflatedDodgeball","Juzu Bracelet","theForsaken:FuryStrikes","PlanX","RuthlessExorcism:ReiMu","DemoMod:MeatBun","theForsaken:FuryStrikes","theForsaken:WordsOfPestilence","Gremlin Food","conspire:TopHat","GuppysTail","testmod-PainDetonator","DemoMod:JetPack","Bronze Scales","MagicDraw4","Toolbox","Ricochet","PendulumOfEternity+1","LastBattle","BirthdayGift-Tetrahedron","theForsaken:CowardsBrand+1","MawBank","Pen Nib","Chemical X","theForsaken:FuryStrikes","ChaoDraw","Bag of Marbles","Centennial Puzzle","Sling","testmod-PerfectCombo","Bottled Lightning"],"campfire_rested":0,"item_purchase_floors":[2,2,2,2,2,2,6,6,6,6,6,11,11,11,14,14,15,15,15,15,21,21,21,21,21,25,25,25,25,25,27,27,27,27,31,31,31,31,31,32,32,34,34,36,36,38,38,38,38,40,40,40,44,44,44,44,47,47,49,49,49,49],"current_hp_per_floor":[3,59,59,59,56,53,53,32,20,20,48,48,57,51,51,51,32,59,34,28,13,13,1,34,43,43,43,43,43,40,40,40,40,40,38,1202,1202,1202,1202,1202,1202,1198,1388,1388,1388,1385,1385,1385,1947,1947,2033],"gold":992903,"neow_bonus":"RANDOM_EVENT","is_daily":false,"chose_seed":false,"campfire_upgraded":0,"win_rate":0.0,"timestamp":1613737166,"path_taken":["M","$","?","?","M","R","?","E","T","E","R","M","?","$","R","BOSS","M","M","?","$","?","E","?","R","T","R","E","M","E","$","R","BOSS","M","$","?","$","?","R","E","M","T","R","M","?","R","?","R","BOSS"],"items_purchased_type":["Relic","Relic","Relic","Relic","Card","Card","Relic","Relic","Relic","Card","Card","Relic","Relic","Relic","Relic","Relic","Relic","Relic","Card","Relic","Relic","Relic","Relic","Card","Card","Relic","Relic","Card","Relic","Card","Relic","Relic","Relic","Card","Relic","Relic","Relic","Card","Card","Relic","Relic","Relic","Card","Relic","Relic","Relic","Relic","Card","Card","Relic","Relic","Card","Relic","Relic","Relic","Card","Relic","Relic","Relic","Relic","Card","Relic"],"build_version":"2020-12-22","purchased_purges":16,"victory":true,"max_hp_per_floor":[89,59,59,59,59,53,53,51,49,49,49,49,62,62,62,62,59,59,56,52,52,52,48,46,43,43,43,43,43,40,40,40,40,40,38,1202,1202,1202,1202,1202,1202,1198,1388,1388,1388,1385,1385,1385,2037,2037,2033],"card_choices":[{"not_picked":[],"picked":"BloodyBrimstone","floor":0},{"not_picked":["theForsaken:RainingSunlight","theForsaken:BindingThorns"],"picked":"Bomb","floor":1},{"not_picked":[],"picked":"theForsaken:RainingSunlight","floor":3},{"not_picked":["theForsaken:CorruptedForm","theForsaken:PanicDive","theForsaken:Tranquility","theForsaken:CowardsBrand","theForsaken:ShieldBash"],"picked":"SKIP","floor":5},{"not_picked":["theForsaken:Bolster","theForsaken:PowerUp","theForsaken:HymnOfRest","theForsaken:CreepingInfection"],"picked":"theForsaken:BlessedWeapon","floor":7},{"not_picked":["theForsaken:DarkBargain","theForsaken:Tranquility","theForsaken:Parry","theForsaken:DefensiveStance","theForsaken:PreciseStrike"],"picked":"SKIP","floor":8},{"not_picked":["theForsaken:ScorchingSunlight","theForsaken:AncientWords","theForsaken:ShieldBash","theForsaken:NobleSacrifice"],"picked":"Bomb","floor":10},{"not_picked":["theForsaken:HorrifyingStrike","theForsaken:Backlash","theForsaken:CowardsBrand","theForsaken:ShieldBash"],"picked":"theForsaken:FuryStrikes","floor":12},{"not_picked":["theForsaken:DivineGuidance","theForsaken:Horror","theForsaken:Prudence","theForsaken:Confusion"],"picked":"theForsaken:DesperatePlea","floor":16},{"not_picked":["theForsaken:WrathOfGod","theForsaken:HymnOfPatience","theForsaken:QuickAttack","theForsaken:Eulogy"],"picked":"theForsaken:SpinAttack","floor":18},{"not_picked":["theForsaken:StoreUp","theForsaken:ShieldBash","theForsaken:HymnOfPatience","theForsaken:DarkBargain","theForsaken:Eulogy+1"],"picked":"SKIP","floor":19},{"not_picked":["theForsaken:ChargeAttack","theForsaken:CleansingLight","theForsaken:RainingSunlight+1","theForsaken:DarkBarrier"],"picked":"theForsaken:Thunderbolt","floor":22},{"not_picked":["theForsaken:Devotion","theForsaken:FountainOfLife","theForsaken:Riposte+1","theForsaken:CorruptDeck","theForsaken:CowardsBrand"],"picked":"SKIP","floor":23},{"not_picked":["theForsaken:ChargeAttack","theForsaken:WordsOfPestilence","theForsaken:ShieldCharge","theForsaken:FatRoll+1"],"picked":"theForsaken:Enfeeble","floor":24},{"not_picked":["theForsaken:SacrificeSoul","theForsaken:SpreadingPlague"],"picked":"theForsaken:Mantra","floor":25},{"not_picked":["theForsaken:HymnOfPatience","theForsaken:Eulogy","theForsaken:PowerUp","theForsaken:Terrorize+1"],"picked":"theForsaken:Enfeeble","floor":28},{"not_picked":["theForsaken:NobleSacrifice","theForsaken:ScorchingSunlight","theForsaken:CreepingInfection","theForsaken:PowerUp"],"picked":"theForsaken:Enfeeble+1","floor":29},{"not_picked":["theForsaken:BlightOfFamine","theForsaken:Eulogy","theForsaken:WardingHymn+1","theForsaken:AncientWords"],"picked":"theForsaken:SpinAttack","floor":30},{"not_picked":["theForsaken:DesperatePlea","theForsaken:CorruptedForm","theForsaken:Temperance","theForsaken:Confusion"],"picked":"theForsaken:Purification","floor":33},{"not_picked":["theForsaken:BottledPlague+1","theForsaken:Eulogy+1","Replace+1","theForsaken:QuickAttack+1","Alleviate+1","Rearm"],"picked":"SKIP","floor":35},{"not_picked":["theForsaken:HealingLight+1","theForsaken:PanicDive","theForsaken:BlessedWeapon","Rearm","FanOfKnives"],"picked":"theForsaken:RainingSunlight","floor":39},{"not_picked":["Moonlight+1","ShatteredReality","WasteNot","FanOfKnives","ForgedInTime"],"picked":"theForsaken:RainingSunlight+1","floor":41},{"not_picked":["theForsaken:HorrifyingStrike","Shuttle+1","Read+1","Unruled+1","theForsaken:Backlash"],"picked":"ReturningBlade","floor":42},{"not_picked":["theForsaken:CreepingInfection+1","Defy+1","theForsaken:Parry+1","Foresight","BottledTime"],"picked":"theForsaken:RainingSunlight+1","floor":45}],"player_experience":210285,"relics_obtained":[{"floor":1,"key":"SynthV:TestCard"},{"floor":8,"key":"BloodDonationMachine"},{"floor":9,"key":"construct:RocketBooster"},{"floor":10,"key":"Replay:Bandana"},{"floor":23,"key":"GodSword7"},{"floor":26,"key":"reliquary:IridiumChain"},{"floor":28,"key":"Ccalipers"},{"floor":30,"key":"AT_DeathDance"},{"floor":39,"key":"Happy Flower"},{"floor":41,"key":"Pantograph"},{"floor":46,"key":"DemoMod:Relodestone"},{"floor":48,"key":"conspire:InfiniteJournal"}],"event_choices":[{"damage_healed":0,"gold_gain":0,"player_choice":"Success","damage_taken":3,"relics_obtained":["aspiration:HatOfInfinitePower"],"max_hp_gain":0,"max_hp_loss":0,"event_name":"Scrap Ooze","floor":4,"gold_loss":0},{"damage_healed":0,"gold_gain":0,"player_choice":"Ignored","damage_taken":6,"max_hp_gain":0,"max_hp_loss":0,"event_name":"恩洛斯的盘子","floor":13,"gold_loss":0},{"damage_healed":0,"gold_gain":0,"player_choice":"Obtain Plague Curse","damage_taken":0,"max_hp_gain":0,"max_hp_loss":0,"event_name":"Plague Doctor","floor":37,"gold_loss":0,"cards_obtained":["theForsaken:PlagueCurse"]},{"damage_healed":0,"gold_gain":0,"player_choice":"Fight","damage_taken":0,"max_hp_gain":0,"max_hp_loss":0,"event_name":"Mysterious Sphere","floor":48,"gold_loss":0}],"is_beta":false,"boss_relics":[{"not_picked":["BloodWine","conspire:SeveredTorchhead"],"picked":"testmod-HarvestTotem"},{"not_picked":[]},{"not_picked":["testmod-GoldenSoul","Calling Bell"],"picked":"aspiration:ServantSkillbook"},{"not_picked":[]}],"items_purged_floors":[2,6,11,14,15,21,25,27,31,32,36,38,40,44,47,49],"is_endless":false,"potions_floor_spawned":[7,12,16,19,22,28,35,41],"ascension_level":1}}