{"host":"3z9xbwjeimmg738z","time":1613767669,"event":{"mods":["100% Spire Juice","2.2 Compatiblity","Act Like it!","AlwaysNeverKeys","Aspiration","Bard","BaseMod","Beaked The Cultist","Better Altar","Better Match","Better Note","Better Sensory Stone","Better Skull","Better Synergies","Better Third Choice","Bossed Relics","CapriCore","Colored Powertips","Defuse TimeMaze Blight","Dio Mod","Displayed Cursed Tome","Faster Ascension Climbing","GifTheSpireLib","Hubris","Luminous","Marisa????????","Minty Spire (QoL Compilation)","Pale of the Ancients","Permanent Neow","Replay The Spire","Ruina","Shapeshifter Mod","Smile Girya","StSLib","The Fake Hero","The Juggle","The Showman","TheBandit","Uncapped","Yakumo Yukari mod"],"gold_per_floor":[11,21,121,39,53,53,85,85,140,140,168,168,168,168,1,18,18,123,123,133,133,149,149,149,149,149],"floor_reached":25,"language":"ENG","playtime":1394,"items_purged":["jugglermod: Strike"],"score":217,"play_id":"3cd543c1-b4c9-4661-a474-bef3238e9aa1","local_time":"20210219124749","is_ascension_mode":true,"campfire_choices":[{"data":"jugglermod: PractisedThrows","floor":6,"key":"SMITH"},{"floor":8,"key":"REST"},{"floor":17,"key":"REST"}],"circlet_count":0,"master_deck":["jugglermod: Strike+1","jugglermod: Strike","jugglermod: Defend","jugglermod: Defend","jugglermod: Defend","jugglermod: Defend","jugglermod: HighThrow","jugglermod: RightHook","jugglermod: TripletFlow","jugglermod: PractisedThrows+1","jugglermod: ShuffleRhythm","jugglermod: InsideOut","jugglermod: Backcross","jugglermod: ShowOff","jugglermod: ShowOff","jugglermod: BlanketThem","jugglermod: ZoneOut+1","jugglermod: FindBalance"],"relics":["jugglermod: WetwareUpgrade","Happy Flower","Blue Doll","Replay:Accelerometer","StrikeDummy","aspiration:IroncladSkillbook","Pet Ghost"],"acts_visited":["Exordium","ruina:Briah"],"potions_floor_usage":[5,16,25],"damage_taken":[{"damage":10,"enemies":"Small Slimes","floor":1,"turns":4},{"damage":5,"enemies":"Cultist","floor":2,"turns":4},{"damage":0,"enemies":"2 Louse","floor":5,"turns":2},{"damage":48,"enemies":"Gremlin Nob","floor":7,"turns":6},{"damage":10,"enemies":"Replay:BlueRogue","floor":11,"turns":9},{"damage":6,"enemies":"2 Fungi Beasts","floor":16,"turns":4},{"damage":8,"enemies":"Hexaghost","floor":18,"turns":9},{"damage":5,"enemies":"ruina:2_Scarecrows","floor":20,"turns":3},{"damage":16,"enemies":"ruina:3_Bats","floor":22,"turns":3},{"damage":27,"enemies":"ruina:RoadHome","floor":25,"turns":4}],"seed_played":"8921743106118734617","potions_obtained":[{"floor":2,"key":"ColorlessPotion"},{"floor":7,"key":"SpeedPotion"},{"floor":22,"key":"BlessingOfTheForge"}],"is_trial":false,"path_per_floor":["M","M","?","$","M","R","E","R","T","?","E","PTL","PTL","?","$","M","R","B",null,"M","?","M","$","?","E"],"character_chosen":"THE_JUGGLER","items_purchased":["jugglermod: PractisedThrows","jugglermod: Backcross","jugglermod: ShowOff"],"campfire_rested":2,"item_purchase_floors":[4,15,15],"current_hp_per_floor":[65,60,60,60,60,60,12,34,34,34,24,24,24,24,24,18,40,32,75,74,70,58,58,30,3,3],"gold":149,"neow_bonus":"THREE_RARE_CARDS","is_daily":false,"chose_seed":false,"campfire_upgraded":1,"win_rate":0.0,"timestamp":1613767669,"path_taken":["M","M","?","?","M","R","E","R","T","?","E","PTL","PTL","?","$","M","R","BOSS","M","?","M","$","?","E"],"items_purchased_type":["Card","Card","Card"],"build_version":"2020-12-22","purchased_purges":1,"victory":false,"max_hp_per_floor":[75,75,75,75,75,75,75,75,75,75,75,75,75,75,75,75,75,75,75,75,77,77,77,77,77,77],"card_choices":[{"not_picked":["jugglermod: PumpIron","jugglermod: SolarForm"],"picked":"jugglermod: TripletFlow","floor":0},{"not_picked":["jugglermod: SwitchFeet","jugglermod: QuantumEraser","jugglermod: SandBlast"],"picked":"SKIP","floor":1},{"not_picked":["jugglermod: Collision","jugglermod: Spike","jugglermod: Suspend"],"picked":"SKIP","floor":2},{"not_picked":["jugglermod: GadgetArm","jugglermod: Box"],"picked":"jugglermod: ShuffleRhythm","floor":5},{"not_picked":["jugglermod: ImpactWeight","jugglermod: Butterfly","jugglermod: CircleSight"],"picked":"SKIP","floor":7},{"not_picked":["jugglermod: Box","jugglermod: PractisedThrows"],"picked":"jugglermod: InsideOut","floor":11},{"not_picked":["jugglermod: DreadfulPerformance","jugglermod: ShieldPattern","jugglermod: RushJob"],"picked":"SKIP","floor":16},{"not_picked":["jugglermod: ApexLegend","jugglermod: MomentumPump"],"picked":"jugglermod: BlanketThem","floor":18},{"not_picked":["jugglermod: RushJob","jugglermod: PalmLift","jugglermod: Faceball+1"],"picked":"jugglermod: ZoneOut+1","floor":20},{"not_picked":["jugglermod: SpiralWhip","jugglermod: TheCrush+1","jugglermod: GlassCannon"],"picked":"jugglermod: FindBalance","floor":22}],"player_experience":234649,"relics_obtained":[{"floor":7,"key":"Happy Flower"},{"floor":9,"key":"Blue Doll"},{"floor":11,"key":"Replay:Accelerometer"}],"event_choices":[{"damage_healed":0,"gold_gain":100,"player_choice":"Gold","damage_taken":0,"max_hp_gain":0,"max_hp_loss":0,"event_name":"Wheel of Change","floor":3,"gold_loss":0},{"damage_healed":0,"gold_gain":0,"player_choice":"Searched \u00271\u0027 times","damage_taken":0,"relics_obtained":["StrikeDummy"],"max_hp_gain":0,"max_hp_loss":0,"event_name":"Dead Adventurer","floor":14,"gold_loss":0},{"damage_healed":0,"gold_gain":0,"player_choice":"UP RE ","damage_taken":32,"relics_obtained":["Pet Ghost"],"max_hp_gain":0,"max_hp_loss":0,"event_name":"betterSkull:BetterSkull","floor":24,"gold_loss":0,"cards_upgraded":["jugglermod: Strike"]}],"is_beta":false,"boss_relics":[{"not_picked":["Sozu","Abe\u0027s Treasure"],"picked":"aspiration:IroncladSkillbook"}],"items_purged_floors":[15],"is_endless":false,"potions_floor_spawned":[2,7,22],"killed_by":"ruina:RoadHome","ascension_level":1}}