{"host":"bg0cyinkrjnqf173","time":1613702202,"event":{"mods":["2.2 Compatiblity","Aspiration","BaseMod","Beaked The Cultist","Better Third Choice","BetterRewards","Colored Map","Conspire","Curses Come First","Defuse TimeMaze Blight","Displayed Cursed Tome","Googly Eyes","Halation","Hubris","Infinite Spire","Jedi Mod","Minty Spire (QoL Compilation)","Permanent Neow","Quick Restart","Rare Cards Sparkle","Relic Sorter","Reliquary","Replay The Spire","Shop Mod","Spicy Shops","Spikes Relics","StSLib","The Bladedancer","The Construct","The Valiant","Uncapped"],"gold_per_floor":[114,134,154,9,25,50,50,67,90,90,90,107,107,142,142,246,246,263,263,263],"floor_reached":19,"language":"ENG","playtime":617,"items_purged":[],"score":267,"play_id":"89e28037-bc6f-493f-bfd4-0220c28e0471","local_time":"20210218213642","is_ascension_mode":true,"campfire_choices":[{"floor":7.0,"key":"REST"},{"data":"Prostrate","floor":10.0,"key":"SMITH"},{"floor":15.0,"key":"REST"}],"circlet_count":0,"master_deck":["Strike_P","Strike_P","Strike_P","Defend_P","Defend_P","Defend_P","Defend_P","Eruption","Vigilance","ConjureBlade","FlyingSleeves","EmptyFist","Protect","Crescendo","Prostrate+1","Adaptation","Replay:BluntJabs","Blasphemy","EmptyBody"],"relics":["PureWater","Vajra","Tiny Chest","infinitespire:PuzzleCube","halation:EternalFortune","StrikeDummy","Replay:Bronze Core"],"acts_visited":["Exordium","TheCity"],"potions_floor_usage":[],"damage_taken":[{"damage":6.0,"enemies":"conspire:RoseBush","floor":1.0,"turns":2.0},{"damage":0.0,"enemies":"Cultist","floor":2.0,"turns":3.0},{"damage":8.0,"enemies":"Jaw Worm","floor":3.0,"turns":3.0},{"damage":3.0,"enemies":"Red Slaver","floor":5.0,"turns":2.0},{"damage":26.0,"enemies":"3 Sentries","floor":6.0,"turns":8.0},{"damage":12.0,"enemies":"Exordium Thugs","floor":8.0,"turns":5.0},{"damage":12.0,"enemies":"2 Fungi Beasts","floor":12.0,"turns":4.0},{"damage":14.0,"enemies":"Replay:BlueRogue","floor":14.0,"turns":4.0},{"damage":0.0,"enemies":"Slime Boss","floor":16.0,"turns":8.0},{"damage":0.0,"enemies":"3 Byrds","floor":18.0,"turns":1.0},{"damage":7,"enemies":"conspire:FuzzyDice","floor":19,"turns":4}],"seed_played":"-9057655462381546777","potions_obtained":[{"floor":1.0,"key":"PowerPotion"},{"floor":2.0,"key":"Weak Potion"},{"floor":5.0,"key":"PowerPotion"},{"floor":18.0,"key":"DuplicationPotion"}],"is_trial":false,"path_per_floor":["M","M","M","$","M","E","R","M","T","R","?","M","?","E","R","B",null,"M","M"],"character_chosen":"WATCHER","items_purchased":["Vajra"],"campfire_rested":2,"item_purchase_floors":[4],"current_hp_per_floor":[66,66,58,58,55,29,50,38,38,38,38,26,29,15,37,37,75,75,68,68],"gold":263,"neow_bonus":"ONE_RANDOM_RARE_CARD","is_daily":false,"chose_seed":false,"campfire_upgraded":1,"win_rate":0.0,"timestamp":1613702202,"path_taken":["M","M","M","$","M","E","R","M","T","R","?","?","?","E","R","BOSS","M","M"],"items_purchased_type":["Relic"],"build_version":"2020-12-22","purchased_purges":0,"victory":false,"max_hp_per_floor":[72,72,72,72,72,72,72,72,72,72,72,72,75,75,75,75,75,75,75,75],"card_choices":[{"not_picked":["Replay:ManipulateFuture","Sanctity"],"picked":"FlyingSleeves","floor":1.0},{"not_picked":["ClearTheMind","PathToVictory"],"picked":"EmptyFist","floor":2.0},{"not_picked":["PathToVictory","Vengeance","SashWhip"],"picked":"SKIP","floor":3.0},{"not_picked":["Replay:Anticipation","SashWhip"],"picked":"Protect","floor":5.0},{"not_picked":["ForeignInfluence","Consecrate"],"picked":"Crescendo","floor":6.0},{"not_picked":["WaveOfTheHand","EmptyBody"],"picked":"Prostrate","floor":8.0},{"not_picked":["ThirdEye","SashWhip","Vengeance"],"picked":"SKIP","floor":12.0},{"not_picked":["Scrawl","FollowUp"],"picked":"Replay:BluntJabs","floor":14.0},{"not_picked":["jedi:nirvanicrebirth","MasterReality"],"picked":"Blasphemy","floor":16.0},{"not_picked":["CrushJoints","FlyingSleeves"],"picked":"EmptyBody","floor":18.0}],"player_experience":900625,"relics_obtained":[{"floor":6.0,"key":"Tiny Chest"},{"floor":9.0,"key":"infinitespire:PuzzleCube"},{"floor":14.0,"key":"StrikeDummy"}],"event_choices":[{"damage_healed":0.0,"max_hp_gain":0.0,"max_hp_loss":0.0,"gold_gain":0.0,"cards_transformed":["Strike_P"],"event_name":"Transmorgrifier","player_choice":"Transformed","floor":11.0,"gold_loss":0.0,"damage_taken":0.0,"cards_obtained":["Adaptation"]}],"is_beta":false,"boss_relics":[{"not_picked":["halation:ForbiddenBikini","aspiration:DefectSkillbook"],"picked":"Replay:Bronze Core"}],"items_purged_floors":[],"is_endless":false,"potions_floor_spawned":[1,2,5,18],"killed_by":"conspire:FuzzyDice","ascension_level":1}}