{"host":"9v3x998ddbx8o276","time":1613734669,"event":{"mods":["AchievementEnabler","BaseMod","Colored Map","Colored Powertips","Highlight Path","Minty Spire (QoL Compilation)","Quick Restart","Rare Cards Sparkle"],"gold_per_floor":[113,113,113,123,43,43,72,92,115,142,142,142,155,166,166,240,290,305,305,52,102,114,114,146,157,204,204,224,224,237,237,237],"floor_reached":31,"language":"ENG","playtime":1072,"items_purged":["Writhe"],"score":580,"play_id":"de5c399b-b0f9-4e95-890e-3fe402060757","local_time":"20210219220749","is_ascension_mode":true,"campfire_choices":[{"data":"Static Discharge","floor":6,"key":"SMITH"},{"data":"Consume","floor":12,"key":"SMITH"},{"floor":15,"key":"REST"},{"floor":23,"key":"REST"},{"floor":27,"key":"REST"},{"floor":29,"key":"REST"}],"circlet_count":0,"master_deck":["AscendersBane","Strike_B","Strike_B","Strike_B","Strike_B","Defend_B","Defend_B+1","Defend_B","Defend_B","Zap","Dualcast+1","Coolheaded+1","Cold Snap","Static Discharge+1","Streamline","Consume+1","Capacitor+1","Melter","Turbo","Creative AI","Blizzard","Genetic Algorithm","Ball Lightning","Beam Cell","Sweeping Beam","Static Discharge","Go for the Eyes","Loop"],"relics":["Cracked Core","NeowsBlessing","Smiling Mask","Thread and Needle","Bag of Marbles","Orichalcum","Tiny House","MawBank","Bag of Preparation","Vajra","War Paint"],"acts_visited":["Exordium","TheCity"],"potions_floor_usage":[13,24],"damage_taken":[{"damage":0,"enemies":"Small Slimes","floor":1,"turns":1},{"damage":0,"enemies":"Jaw Worm","floor":4,"turns":1},{"damage":0,"enemies":"Gremlin Nob","floor":7,"turns":1},{"damage":0,"enemies":"Cultist","floor":8,"turns":4},{"damage":12,"enemies":"Lagavulin","floor":10,"turns":7},{"damage":29,"enemies":"Gremlin Gang","floor":13,"turns":5},{"damage":6,"enemies":"Large Slime","floor":14,"turns":5},{"damage":29,"enemies":"The Guardian","floor":16,"turns":10},{"damage":2,"enemies":"Spheric Guardian","floor":18,"turns":4},{"damage":15,"enemies":"2 Thieves","floor":22,"turns":5},{"damage":68,"enemies":"Slavers","floor":24,"turns":7},{"damage":0,"enemies":"Sentry and Sphere","floor":25,"turns":4},{"damage":18,"enemies":"Snecko","floor":28,"turns":5},{"damage":24,"enemies":"Centurion and Healer","floor":30,"turns":5},{"damage":18,"enemies":"Cultist and Chosen","floor":31,"turns":3}],"seed_played":"-1423587679336239304","potions_obtained":[{"floor":4,"key":"FocusPotion"},{"floor":8,"key":"SpeedPotion"},{"floor":10,"key":"LiquidBronze"},{"floor":17,"key":"SneckoOil"},{"floor":22,"key":"Regen Potion"},{"floor":25,"key":"DuplicationPotion"}],"is_trial":false,"path_per_floor":["M","?","T","M","$","R","E","M","T","E","?","R","M","M","R","B",null,"M","?","$","?","M","R","E","M","T","R","M","R","M","M"],"character_chosen":"DEFECT","items_purchased":["Static Discharge","Bag of Preparation","Ball Lightning"],"campfire_rested":4,"item_purchase_floors":[5,20,20],"current_hp_per_floor":[64,64,64,64,64,64,64,64,64,52,52,52,23,17,38,9,61,59,59,59,59,44,66,13,13,13,35,17,39,15,0,0],"gold":237,"neow_bonus":"THREE_ENEMY_KILL","is_daily":false,"chose_seed":false,"campfire_upgraded":2,"win_rate":0.0,"timestamp":1613734669,"path_taken":["M","?","?","M","$","R","E","M","T","E","?","R","M","M","R","BOSS","M","?","$","?","M","R","E","M","T","R","?","R","M","M"],"items_purchased_type":["Card","Relic","Card"],"build_version":"2020-12-22","purchased_purges":1,"victory":false,"max_hp_per_floor":[71,71,71,71,71,71,71,71,71,71,71,71,71,71,71,71,76,76,76,76,76,76,76,76,76,76,76,76,76,76,76,76],"card_choices":[{"not_picked":["Conserve Battery","Chaos"],"picked":"Coolheaded","floor":1},{"not_picked":["Conserve Battery","Hologram"],"picked":"Cold Snap","floor":4},{"not_picked":["Undo","Rebound"],"picked":"Streamline","floor":7},{"not_picked":["Stack","Darkness"],"picked":"Consume","floor":8},{"not_picked":["Chaos","Fission"],"picked":"Capacitor","floor":10},{"not_picked":["Genetic Algorithm","Coolheaded"],"picked":"Melter","floor":13},{"not_picked":["Sweeping Beam","Stack"],"picked":"Turbo","floor":14},{"not_picked":["Reboot","Hyperbeam"],"picked":"Creative AI","floor":16},{"not_picked":["Rebound","Sweeping Beam"],"picked":"Blizzard","floor":17},{"not_picked":["Chaos","Force Field"],"picked":"Genetic Algorithm","floor":18},{"not_picked":["Compile Driver","Redo"],"picked":"Beam Cell","floor":22},{"not_picked":["Beam Cell","Storm+1"],"picked":"Sweeping Beam","floor":24},{"not_picked":["Leap","Stack"],"picked":"Static Discharge","floor":25},{"not_picked":["Conserve Battery","Fusion"],"picked":"Go for the Eyes","floor":28},{"not_picked":["Compile Driver","Stack"],"picked":"Loop","floor":30}],"player_experience":2247952,"relics_obtained":[{"floor":3,"key":"Smiling Mask"},{"floor":7,"key":"Thread and Needle"},{"floor":9,"key":"Bag of Marbles"},{"floor":10,"key":"Orichalcum"},{"floor":24,"key":"Vajra"},{"floor":26,"key":"War Paint"}],"event_choices":[{"damage_healed":0,"gold_gain":0,"player_choice":"Ignored","damage_taken":0,"max_hp_gain":0,"max_hp_loss":0,"event_name":"Golden Wing","floor":2,"gold_loss":0},{"damage_healed":0,"gold_gain":0,"player_choice":"Grow","damage_taken":0,"max_hp_gain":0,"max_hp_loss":0,"event_name":"Living Wall","floor":11,"gold_loss":0,"cards_upgraded":["Capacitor"]},{"damage_healed":0,"gold_gain":0,"player_choice":"Opened","damage_taken":0,"relics_obtained":["MawBank"],"max_hp_gain":0,"max_hp_loss":0,"event_name":"The Mausoleum","floor":19,"gold_loss":0,"cards_obtained":["Writhe"]},{"damage_healed":0,"gold_gain":100,"player_choice":"Bet on Murderer","damage_taken":0,"max_hp_gain":0,"max_hp_loss":0,"event_name":"The Joust","floor":21,"gold_loss":50}],"is_beta":false,"boss_relics":[{"not_picked":["Runic Pyramid","Velvet Choker"],"picked":"Tiny House"}],"items_purged_floors":[20],"is_endless":false,"potions_floor_spawned":[4,8,10,22,25],"killed_by":"Cultist and Chosen","ascension_level":20}}