{"host":"6pietnjer90du4bs","time":1613731364,"event":{"mods":["Aspiration","BaseMod","Bossed Relics","Colored Map","Infinite Spire","Minty Spire (QoL Compilation)","Replay The Spire","StSLib"],"gold_per_floor":[118,43,43,193,193,229,229,72,72,88,131,154,154,170,170,170,170],"floor_reached":16,"language":"ENG","playtime":367,"items_purged":["Defend_R"],"score":259,"play_id":"c43f4052-bb67-42a8-82ad-1d93d2f53108","local_time":"20210219114244","is_ascension_mode":true,"campfire_choices":[{"floor":7,"key":"REST"},{"floor":13,"key":"REST"}],"circlet_count":0,"master_deck":["AscendersBane","Strike_R","Strike_R","Strike_R","Strike_R","Strike_R","Defend_R","Defend_R","Defend_R","Bash","Rupture","Doubt","Inflame+1"],"relics":["Burning Blood","NeowsBlessing","Golden Idol","White Beast Statue","infinitespire:EmpoweringShard","King of Hearts","Mercury Hourglass","TungstenRod"],"acts_visited":["Exordium"],"potions_floor_usage":[11,14,16],"damage_taken":[{"damage":0,"enemies":"Jaw Worm","floor":1,"turns":1},{"damage":0,"enemies":"3 Sentries","floor":6,"turns":1},{"damage":0,"enemies":"Small Slimes","floor":10,"turns":1},{"damage":55,"enemies":"Gremlin Nob","floor":11,"turns":5},{"damage":0,"enemies":"Cultist","floor":12,"turns":3},{"damage":1,"enemies":"Exordium Wildlife","floor":14,"turns":3},{"damage":100,"enemies":"Fading Forest","floor":16,"turns":11}],"seed_played":"3985069536233802594","potions_obtained":[{"floor":6,"key":"Elixir"},{"floor":10,"key":"Milkshake"},{"floor":11,"key":"Cursed Concoction"},{"floor":12,"key":"Energy Potion"},{"floor":14,"key":"SpeedPotion"}],"is_trial":false,"path_per_floor":["M","$","?","?","?","E","R","$","T","M","E","M","R","M","R_BF","B"],"character_chosen":"IRONCLAD","items_purchased":["King of Hearts"],"campfire_rested":2,"item_purchase_floors":[8],"current_hp_per_floor":[74,74,48,48,30,36,58,58,58,64,15,21,43,48,70,0,0],"gold":170,"neow_bonus":"THREE_ENEMY_KILL","is_daily":false,"chose_seed":false,"campfire_upgraded":0,"win_rate":0.0,"timestamp":1613731364,"path_taken":["M","$","?","?","?","E","R","?","T","?","E","M","R","M","R_BF","BOSS"],"items_purchased_type":["Relic"],"build_version":"2020-12-22","purchased_purges":1,"victory":false,"max_hp_per_floor":[75,75,75,75,75,75,75,75,75,75,75,75,75,75,75,75,75],"card_choices":[{"not_picked":["Abandon","Hemokinesis"],"picked":"Rupture","floor":1},{"not_picked":["Life Link","Twin Strike","ReplayTheSpireMod:Stacked"],"picked":"SKIP","floor":6},{"not_picked":["Cleave","Replay:Undeath\u0027s Touch"],"picked":"Inflame","floor":10},{"not_picked":["Perfected Strike","Feel No Pain","Cleave"],"picked":"SKIP","floor":11},{"not_picked":["Pommel Strike","ReplayTheSpireMod:Stacked","Iron Wave"],"picked":"SKIP","floor":12},{"not_picked":["Pummel","Armaments","Feel No Pain"],"picked":"SKIP","floor":14}],"player_experience":748296,"relics_obtained":[{"floor":6,"key":"infinitespire:EmpoweringShard"},{"floor":9,"key":"Mercury Hourglass"},{"floor":11,"key":"TungstenRod"}],"event_choices":[{"damage_healed":0,"gold_gain":0,"player_choice":"Take Damage","damage_taken":26,"relics_obtained":["Golden Idol"],"max_hp_gain":0,"max_hp_loss":0,"event_name":"Golden Idol","floor":3,"gold_loss":0},{"damage_healed":0,"gold_gain":150,"player_choice":"AGREE","damage_taken":0,"max_hp_gain":0,"max_hp_loss":0,"event_name":"Liars Game","floor":4,"gold_loss":0,"cards_obtained":["Doubt"]},{"damage_healed":0,"gold_gain":0,"player_choice":"Success","damage_taken":18,"relics_obtained":["White Beast Statue"],"max_hp_gain":0,"max_hp_loss":0,"event_name":"Scrap Ooze","floor":5,"gold_loss":0}],"is_beta":false,"boss_relics":[],"items_purged_floors":[2],"is_endless":false,"potions_floor_spawned":[6,10,11,12,14],"killed_by":"Fading Forest","ascension_level":19}}