{"host":"lxu17chzujqn8whl","time":1613767587,"event":{"mods":["BaseMod","Minty Spire (QoL Compilation)","Relic Stats","StSLib"],"gold_per_floor":[109,121,121,136,136,136,167,167,190,202,222,222,233,252,252,350,350,370,370,370],"floor_reached":19,"language":"ENG","playtime":415,"items_purged":[],"score":171,"play_id":"af2bff3f-dec7-4e51-ace1-6f067520759d","local_time":"20210219124627","is_ascension_mode":false,"campfire_choices":[{"data":"Self Repair","floor":6,"key":"SMITH"},{"data":"Streamline","floor":12,"key":"SMITH"},{"data":"Defragment","floor":15,"key":"SMITH"}],"circlet_count":0,"master_deck":["Strike_B","Strike_B","Strike_B","Defend_B","Defend_B","Defend_B","Defend_B","Zap","Dualcast","Defragment+1","Self Repair+1","Sweeping Beam","Chill","Aggregate","Streamline+1","Aggregate","Defragment+1","Buffer","Hologram"],"relics":["Cracked Core","Happy Flower","PreservedInsect","Lantern","Black Star"],"acts_visited":["Exordium","TheCity"],"potions_floor_usage":[7,13,16,16,16,18,19],"damage_taken":[{"damage":3.0,"enemies":"Small Slimes","floor":1.0,"turns":3.0},{"damage":2,"enemies":"2 Louse","floor":2,"turns":2},{"damage":8,"enemies":"Jaw Worm","floor":4,"turns":3},{"damage":20,"enemies":"Gremlin Nob","floor":7,"turns":4},{"damage":9,"enemies":"Blue Slaver","floor":10,"turns":4},{"damage":0,"enemies":"2 Fungi Beasts","floor":11,"turns":3},{"damage":0,"enemies":"Red Slaver","floor":13,"turns":2},{"damage":9,"enemies":"3 Louse","floor":14,"turns":5},{"damage":22,"enemies":"Slime Boss","floor":16,"turns":8},{"damage":10,"enemies":"Chosen","floor":18,"turns":5},{"damage":41,"enemies":"Masked Bandits","floor":19,"turns":5}],"seed_played":"8144858350032560711","potions_obtained":[{"floor":2,"key":"SpeedPotion"},{"floor":4,"key":"SkillPotion"},{"floor":10,"key":"EntropicBrew"},{"floor":13,"key":"FearPotion"},{"floor":16,"key":"EssenceOfSteel"},{"floor":18,"key":"FairyPotion"}],"is_trial":false,"path_per_floor":["M","M","?","M","?","R","E","?","T","M","M","R","M","M","R","B",null,"M","?"],"character_chosen":"DEFECT","items_purchased":[],"campfire_rested":0,"item_purchase_floors":[],"current_hp_per_floor":[79,77,77,76,69,69,59,41,41,42,52,52,62,63,63,51,82,82,41,41],"gold":370,"neow_bonus":"TEN_PERCENT_HP_BONUS","is_daily":false,"chose_seed":false,"campfire_upgraded":3,"win_rate":0.0,"timestamp":1613767587,"path_taken":["M","M","?","M","?","R","E","?","T","?","M","R","M","M","R","BOSS","M","?"],"items_purchased_type":[],"build_version":"2020-12-22","purchased_purges":0,"victory":false,"max_hp_per_floor":[82,82,82,82,82,82,82,82,82,82,82,82,82,82,82,82,82,82,82,82],"relic_stats":{"Happy Flower":[10],"counters":[11,44],"PreservedInsect":0,"Black Star":0,"obtain_stats":[{"Lantern":9,"Happy Flower":7,"PreservedInsect":8,"Black Star":17,"Cracked Core":0},{"Lantern":4,"Happy Flower":4,"PreservedInsect":4,"Black Star":9,"Cracked Core":0},{"Lantern":12,"Happy Flower":12,"PreservedInsect":12,"Black Star":34,"Cracked Core":0}]},"card_choices":[{"not_picked":["Cold Snap","Barrage"],"picked":"Defragment","floor":1.0},{"not_picked":["Stack","Leap"],"picked":"Self Repair","floor":2},{"not_picked":["Go for the Eyes","Barrage"],"picked":"Sweeping Beam","floor":4},{"not_picked":["Machine Learning","FTL"],"picked":"Chill","floor":7},{"not_picked":["Doom and Gloom","Gash"],"picked":"Aggregate","floor":10},{"not_picked":["Go for the Eyes","Compile Driver"],"picked":"Streamline","floor":11},{"not_picked":["Blizzard","Ball Lightning"],"picked":"Aggregate","floor":13},{"not_picked":["Stack","Skim"],"picked":"Defragment","floor":14},{"not_picked":["Meteor Strike","Core Surge"],"picked":"Buffer","floor":16},{"not_picked":["Heatsinks","Streamline"],"picked":"Hologram","floor":18}],"player_experience":715992,"relics_obtained":[{"floor":7,"key":"Happy Flower"},{"floor":9,"key":"Lantern"}],"event_choices":[{"damage_healed":0,"gold_gain":0,"player_choice":"Grow","damage_taken":0,"max_hp_gain":0,"max_hp_loss":0,"event_name":"Living Wall","floor":3,"gold_loss":0,"cards_upgraded":["Defragment"]},{"cards_removed":["Strike_B"],"damage_healed":0,"gold_gain":0,"player_choice":"Card Removal","damage_taken":7,"max_hp_gain":0,"max_hp_loss":0,"event_name":"Golden Wing","floor":5,"gold_loss":0},{"damage_healed":0,"gold_gain":0,"player_choice":"Success","damage_taken":18,"relics_obtained":["PreservedInsect"],"max_hp_gain":0,"max_hp_loss":0,"event_name":"Scrap Ooze","floor":8,"gold_loss":0},{"damage_healed":0,"gold_gain":0,"player_choice":"Fought Bandits","damage_taken":0,"max_hp_gain":0,"max_hp_loss":0,"event_name":"Masked Bandits","floor":19,"gold_loss":0}],"is_beta":false,"boss_relics":[{"not_picked":["FrozenCore","Cursed Key"],"picked":"Black Star"}],"items_purged_floors":[],"is_endless":false,"potions_floor_spawned":[2,4,10,13,16,18],"killed_by":"Masked Bandits","ascension_level":0}}