{"host":"alk2ftu785mujiir","time":1613762939,"event":{"mods":["BaseMod","Bossed Relics","Colored Map","Downfall","Minty Spire (QoL Compilation)","StSLib"],"gold_per_floor":[99,111,111,122,3,3,3,3,23,35,47,88,88,106,133,230,230,230,242,262,283,29,29,29,49,49,82,109,109,135,147,161,256,256,256,275,292,292,315,315,395,295,127,127,161,61,71,56,73,73],"floor_reached":51,"language":"ENG","playtime":3036,"items_purged":["hexamod:Strike"],"score":764,"play_id":"a5989f2a-3781-4f75-8493-dba4f8c64e84","local_time":"20210219142859","is_ascension_mode":true,"campfire_choices":[{"data":"hexamod:Float","floor":1.0,"key":"SMITH"},{"data":"hexamod:FastForward","floor":8.0,"key":"SMITH"},{"floor":13.0,"key":"REST"},{"data":"hexamod:ForkedFlame","floor":18.0,"key":"SMITH"},{"data":"hexamod:EmpoweredFlame","floor":23.0,"key":"SMITH"},{"data":"hexamod:WildfireWeapon","floor":29.0,"key":"SMITH"},{"data":"hexamod:GhostOfSpireFuture","floor":35.0,"key":"SMITH"},{"data":"hexamod:PhantomFireball","floor":42,"key":"SMITH"},{"data":"hexamod:HauntingEcho","floor":46,"key":"SMITH"}],"circlet_count":0,"master_deck":["hexamod:Strike","hexamod:Strike+1","hexamod:Defend","hexamod:Defend+1","hexamod:Defend","hexamod:Sear","hexamod:Float+1","hexamod:HauntingEcho+1","hexamod:FastForward+1","hexamod:SoulSteal","hexamod:WildfireWeapon+1","hexamod:Hexaguard+1","hexamod:ShieldOfDarkness+1","hexamod:EmpoweredFlame+1","hexamod:Hexaguard+1","hexamod:ForkedFlame+1","hexamod:PowerFromBeyond+1","hexamod:GhostOfSpireFuture+1","hexamod:SpectralSpark+1","hexamod:BurningTouch+1","expansioncontent:YouAreMine+1","hexamod:CatchUp+1","hexamod:PhantomFireball+1","hexamod:NightmareGuise+1","hexamod:TurnItUp+1","hexamod:GhostflameBarrier+1","Enlightenment+1","hexamod:GhostflameInferno+1","hexamod:FastForward+1"],"relics":["hexamod:UnbrokenSoul","CultistMask","Toxic Egg 2","hexamod:MatchstickCase","Astrolabe","Vajra","Shuriken","Oddly Smooth Stone","downfall:HeartBlessingBlue","hexamod:TheBrokenSeal","Regal Pillow","downfall:HeartBlessingGreen"],"acts_visited":["Exordium","TheCity","TheBeyond"],"potions_floor_usage":[43,50,50,50],"damage_taken":[{"damage":0.0,"enemies":"Cultist","floor":2.0,"turns":3.0},{"damage":6.0,"enemies":"Jaw Worm","floor":4.0,"turns":3.0},{"damage":0.0,"enemies":"downfall:FleeingMerchant","floor":5.0,"turns":4.0},{"damage":5.0,"enemies":"2 Louse","floor":9.0,"turns":3.0},{"damage":31.0,"enemies":"Exordium Thugs","floor":10.0,"turns":6.0},{"damage":13.0,"enemies":"Lots of Slimes","floor":11.0,"turns":5.0},{"damage":8.0,"enemies":"Gremlin Nob","floor":12.0,"turns":5.0},{"damage":12.0,"enemies":"Gremlin Gang","floor":14.0,"turns":3.0},{"damage":6.0,"enemies":"Large Slime","floor":15.0,"turns":5.0},{"damage":35.0,"enemies":"IC_STATUS_ARCHETYPE","floor":16.0,"turns":10.0},{"damage":7.0,"enemies":"3 Byrds","floor":19.0,"turns":3.0},{"damage":0.0,"enemies":"downfall:LooterAlt2","floor":20.0,"turns":4.0},{"damage":11.0,"enemies":"Snake Plant","floor":21.0,"turns":3.0},{"damage":0.0,"enemies":"downfall:FleeingMerchant","floor":22.0,"turns":4.0},{"damage":5.0,"enemies":"Centurion and Healer","floor":25.0,"turns":5.0},{"damage":15.0,"enemies":"Slavers","floor":27.0,"turns":5.0},{"damage":2.0,"enemies":"Shelled Parasite and Fungi","floor":28.0,"turns":6.0},{"damage":0.0,"enemies":"Sentry and Sphere","floor":30.0,"turns":4.0},{"damage":2.0,"enemies":"Snake Plant","floor":31.0,"turns":3.0},{"damage":5.0,"enemies":"Cultist and Chosen","floor":32.0,"turns":4.0},{"damage":48.0,"enemies":"DF_ARCHETYPE_CLAW","floor":33.0,"turns":8.0},{"damage":10.0,"enemies":"3 Shapes","floor":36.0,"turns":3.0},{"damage":40.0,"enemies":"3 Darklings","floor":37.0,"turns":6.0},{"damage":27.0,"enemies":"Transient","floor":39.0,"turns":5.0},{"damage":15,"enemies":"downfall:FleeingMerchant","floor":43,"turns":4},{"damage":36,"enemies":"Reptomancer","floor":45,"turns":8},{"damage":15,"enemies":"Writhing Mass","floor":47,"turns":4},{"damage":0,"enemies":"downfall:FleeingMerchant","floor":48,"turns":4},{"damage":0,"enemies":"Maw","floor":49,"turns":6},{"damage":29,"enemies":"WA_ARCHETYPE_DIVINITY","floor":50,"turns":9}],"seed_played":"3264329767072970324","potions_obtained":[{"floor":9.0,"key":"Ancient Potion"},{"floor":10.0,"key":"hexamod:DoubleChargePotion"},{"floor":21.0,"key":"Block Potion"},{"floor":30.0,"key":"EntropicBrew"},{"floor":43,"key":"Fruit Juice"},{"floor":45,"key":"Block Potion"}],"is_trial":false,"path_per_floor":["R","M","?","M","$","?","T","R","M","M","M","E","R","M","M","B",null,"R","M","M","M","$","R","T","M","?","E","M","R","M","M","M","B",null,"R","M","M","?","M","?","T","R","$","?","E","R","M","$","M","B",null],"character_chosen":"THE_SPIRIT","items_purchased":["FairyPotion","Vajra","expansioncontent:YouAreMine","Enlightenment+1"],"campfire_rested":1,"item_purchase_floors":[5,22,22,43],"current_hp_per_floor":[49,49,42,43,50,50,50,50,52,28,22,21,42,37,38,3,70,70,63,70,66,70,70,70,70,70,62,67,67,70,70,70,22,70,70,67,34,34,7,61,61,71,68,68,86,86,71,71,71,42],"gold":73,"neow_bonus":"REMOVE_TWO","is_daily":false,"chose_seed":false,"campfire_upgraded":8,"win_rate":0.0,"timestamp":1613762939,"path_taken":["R","?","?","M","$","?","T","R","M","M","M","E","R","M","M","BOSS","R","M","M","M","$","R","T","M","?","E","M","R","M","?","M","BOSS","R","M","M","?","?","?","T","R","$","?","E","R","M","$","M","BOSS"],"items_purchased_type":["Potion","Relic","Card","Card"],"build_version":"2020-12-22","purchased_purges":1,"victory":true,"max_hp_per_floor":[70,70,70,70,70,70,70,70,70,70,70,70,70,70,70,70,70,70,70,70,70,70,70,70,70,70,70,70,70,70,70,70,70,70,70,70,70,70,70,61,61,71,76,76,86,86,86,86,86,86],"card_choices":[{"not_picked":["hexamod:SuperheatedStrike","hexamod:Hexaguard"],"picked":"hexamod:HauntingEcho","floor":2.0},{"not_picked":["hexamod:NightmareGuise","hexamod:SuperheatedStrike"],"picked":"hexamod:FastForward","floor":4.0},{"not_picked":["hexamod:GhostLash","hexamod:HeatMetal"],"picked":"hexamod:SoulSteal","floor":5.0},{"not_picked":["hexamod:BacktrackSmack","hexamod:FastForward+1"],"picked":"hexamod:SecondSeal","floor":9.0},{"not_picked":["hexamod:NecessarySacrifice+1","hexamod:GhostShield+1"],"picked":"hexamod:WildfireWeapon","floor":10.0},{"not_picked":["hexamod:EmpoweredFlame","hexamod:EtherealExpedition+1"],"picked":"hexamod:Hexaguard+1","floor":11.0},{"not_picked":["hexamod:ChargedBarrage+1","hexamod:PhantomCloak"],"picked":"hexamod:ShieldOfDarkness+1","floor":12.0},{"not_picked":["hexamod:FlamesFromBeyond+1","hexamod:SpectralAdrenaline+1"],"picked":"hexamod:EmpoweredFlame","floor":14.0},{"not_picked":["hexamod:SpectersWail","hexamod:StepThrough"],"picked":"hexamod:Hexaguard+1","floor":15.0},{"not_picked":["hexamod:SixthSeal","hexamod:TimeOfNeed+1"],"picked":"hexamod:ForkedFlame","floor":16.0},{"not_picked":["hexamod:Firestarter+1","hexamod:ThermalTransfer+1"],"picked":"hexamod:PowerFromBeyond+1","floor":19.0},{"not_picked":["hexamod:PowerFromBeyond+1","hexamod:StepThrough"],"picked":"hexamod:GhostOfSpireFuture","floor":20.0},{"not_picked":["hexamod:Hexaguard+1","hexamod:Firestarter"],"picked":"hexamod:SpectralSpark+1","floor":21.0},{"not_picked":["hexamod:RecurringNightmare+1","hexamod:GhostShield+1"],"picked":"hexamod:BurningTouch+1","floor":22.0},{"not_picked":["hexamod:ChargedBarrage+1","hexamod:ThirdSeal"],"picked":"hexamod:CatchUp+1","floor":25.0},{"not_picked":["hexamod:BurningTouch+1","hexamod:GhostOfSpirePast","hexamod:Firestarter"],"picked":"SKIP","floor":27.0},{"not_picked":["hexamod:DynamicBlow+1","hexamod:GhostLash","hexamod:HeatMetal"],"picked":"SKIP","floor":28.0},{"not_picked":["hexamod:PhantomFireball","hexamod:BacktrackSmack"],"picked":"hexamod:FourthSeal","floor":30.0},{"not_picked":["hexamod:GhostShield+1","hexamod:HauntingEcho","hexamod:Hexaguard+1"],"picked":"SKIP","floor":31.0},{"not_picked":["hexamod:GiftsFromTheDead","hexamod:GhostLash"],"picked":"hexamod:PhantomFireball","floor":32.0},{"not_picked":["hexamod:WildfireWeapon","hexamod:VolcanoVisage"],"picked":"hexamod:FifthSeal","floor":33.0},{"not_picked":["hexamod:FastForward+1","hexamod:GhostLash+1"],"picked":"hexamod:NightmareGuise+1","floor":36.0},{"not_picked":["hexamod:FourthSeal","hexamod:FirstSeal"],"picked":"hexamod:SixthSeal","floor":37.0},{"not_picked":["hexamod:Hexaguard+1","hexamod:Incineration+1","hexamod:ParanormalForm"],"picked":"SKIP","floor":37.0},{"not_picked":["hexamod:SpectersWail+1","hexamod:GhostOfSpireFuture","hexamod:RecurringNightmare+1"],"picked":"SKIP","floor":39.0},{"not_picked":["hexamod:SecondSeal","hexamod:SixthSeal"],"picked":"hexamod:ThirdSeal","floor":43},{"not_picked":["hexamod:FastForward+1","hexamod:HauntingEcho"],"picked":"hexamod:GhostflameBarrier+1","floor":43},{"not_picked":["hexamod:PhantomCloak","hexamod:NightmareStrike+1","hexamod:GhostflameBarrier+1"],"picked":"SKIP","floor":45},{"not_picked":["hexamod:BurningTouch+1","hexamod:DynamicBlow","hexamod:InspiringFlames+1"],"picked":"SKIP","floor":47},{"not_picked":["hexamod:GhostShield+1","hexamod:DynamicBlow+1"],"picked":"hexamod:GhostflameInferno+1","floor":48},{"not_picked":["hexamod:FlamesFromBeyond+1","hexamod:NightmareGuise+1"],"picked":"hexamod:FastForward+1","floor":49}],"player_experience":1844826,"relics_obtained":[{"floor":7.0,"key":"Toxic Egg 2"},{"floor":12.0,"key":"hexamod:MatchstickCase"},{"floor":24.0,"key":"Shuriken"},{"floor":27.0,"key":"Oddly Smooth Stone"},{"floor":45,"key":"Regal Pillow"}],"event_choices":[{"damage_healed":0.0,"max_hp_gain":0.0,"max_hp_loss":0.0,"gold_gain":0.0,"event_name":"FaceTrader","player_choice":"Trade","floor":6.0,"gold_loss":0.0,"damage_taken":0.0,"relics_obtained":["CultistMask"]},{"damage_healed":0,"gold_gain":0,"player_choice":"Ignored","damage_taken":0,"max_hp_gain":0,"max_hp_loss":0,"event_name":"Mysterious Sphere","floor":44,"gold_loss":0}],"is_beta":false,"boss_relics":[{"not_picked":["Black Star","Velvet Choker"],"picked":"Astrolabe"},{"not_picked":["Cursed Key","Coffee Dripper"],"picked":"hexamod:UnbrokenSoul"}],"items_purged_floors":[43],"is_endless":false,"potions_floor_spawned":[9,10,14,21,25,30,31,45,47,49],"ascension_level":1}}