{"host":"2j7k79oxv8es4yqd","time":1613721138,"event":{"mods":["BaseMod","Emptier Cage","Minty Spire (QoL Compilation)","Permanent Neow","Ryuuou¡˙Õı","StSLib"],"gold_per_floor":[109,109,109,121,133,165,165,181,259,334,388,401,576,601,601,699,699,713,713,663,679,679,708,708,248,299,374,374,374,294,294,294,294,294],"floor_reached":33,"language":"ZHT","playtime":1251,"items_purged":["Defend_G","Defend_G"],"score":348,"play_id":"31c6f127-bd3e-48a1-9bdf-17f5deda5cb8","local_time":"20210219155218","is_ascension_mode":true,"campfire_choices":[{"data":"Tools of the Trade","floor":15,"key":"SMITH"},{"data":"A Thousand Cuts","floor":32,"key":"SMITH"}],"circlet_count":0,"master_deck":["Strike_G","Strike_G","Defend_G+1","Defend_G+1","Survivor","Neutralize","CurseOfTheBell","Dagger Spray","Slice","Tools of the Trade+1","Backflip+1","Doubt","Expertise+1","Burst+1","Acrobatics+1","Necronomicurse","Choke","Burst+1","A Thousand Cuts+1"],"relics":["Calling Bell","Pen Nib","Ninja Scroll","Du-Vu Doll","Thread and Needle","Juzu Bracelet","Toxic Egg 2","War Paint","Matryoshka","Cursed Key","Necronomicon","The Courier","Eternal Feather","Question Card","Anchor","Omamori","Gremlin Horn"],"acts_visited":["Exordium","TheCity"],"potions_floor_usage":[6,14,23,23],"damage_taken":[{"damage":0,"enemies":"Jaw Worm","floor":1,"turns":3},{"damage":0,"enemies":"Small Slimes","floor":4,"turns":2},{"damage":0,"enemies":"2 Louse","floor":5,"turns":1},{"damage":6,"enemies":"Lagavulin","floor":6,"turns":5},{"damage":0,"enemies":"Blue Slaver","floor":8,"turns":2},{"damage":0,"enemies":"3 Louse","floor":12,"turns":1},{"damage":1,"enemies":"Gremlin Nob","floor":14,"turns":4},{"damage":18,"enemies":"The Guardian","floor":16,"turns":14},{"damage":0,"enemies":"Shell Parasite","floor":18,"turns":5},{"damage":0,"enemies":"Spheric Guardian","floor":21,"turns":1},{"damage":26,"enemies":"Book of Stabbing","floor":23,"turns":7},{"damage":44,"enemies":"Champ","floor":33,"turns":7}],"seed_played":"649025271456304203","potions_obtained":[{"floor":1,"key":"DistilledChaos"},{"floor":8,"key":"DistilledChaos"},{"floor":12,"key":"ColorlessPotion"},{"floor":16,"key":"DistilledChaos"}],"is_trial":false,"path_per_floor":["M","?","?","M","M","E","?","M","T","?","T","M","?","E","R","B",null,"M","?","?","M","?","E","?","$","T","?","?","?","$","?","R","B"],"character_chosen":"THE_SILENT","items_purchased":["Eternal Feather","Question Card"],"campfire_rested":0,"item_purchase_floors":[25,25],"current_hp_per_floor":[70,67,60,60,60,54,54,54,54,43,43,43,43,42,42,24,70,70,54,54,54,54,28,28,28,28,21,21,8,8,8,17,0,0],"gold":294,"neow_bonus":"BOSS_RELIC","is_daily":false,"chose_seed":false,"campfire_upgraded":2,"win_rate":0.0,"timestamp":1613721138,"path_taken":["M","?","?","M","M","E","?","M","T","?","?","M","?","E","R","BOSS","M","?","?","M","?","E","?","$","T","?","?","?","?","?","R","BOSS"],"items_purchased_type":["Relic","Relic"],"build_version":"2020-12-22","purchased_purges":2,"victory":false,"max_hp_per_floor":[70,70,70,70,70,70,70,70,70,70,70,70,70,70,70,70,70,70,70,70,70,70,70,70,70,70,70,70,75,75,75,75,75,75],"card_choices":[{"not_picked":["Eviscerate","Deflect"],"picked":"Dagger Spray","floor":1},{"not_picked":["Flying Knee","Dagger Throw","Underhanded Strike"],"picked":"SKIP","floor":4},{"not_picked":["Flying Knee","Underhanded Strike"],"picked":"Slice","floor":5},{"not_picked":["Bane","Flechettes"],"picked":"Tools of the Trade","floor":6},{"not_picked":["PiercingWail","Underhanded Strike","Acrobatics"],"picked":"SKIP","floor":8},{"not_picked":["Dodge and Roll+1","Slice"],"picked":"Backflip+1","floor":12},{"not_picked":["Blade Dance+1","Bane"],"picked":"Expertise+1","floor":14},{"not_picked":["Glass Knife","Unload"],"picked":"Burst+1","floor":16},{"not_picked":["Quick Slash","Accuracy"],"picked":"Acrobatics+1","floor":18},{"not_picked":["PiercingWail+1","Prepared+1","Dodge and Roll+1"],"picked":"SKIP","floor":21},{"not_picked":["Acrobatics+1","After Image"],"picked":"Choke","floor":23}],"player_experience":576861,"relics_obtained":[{"floor":0,"key":"Pen Nib"},{"floor":0,"key":"Ninja Scroll"},{"floor":0,"key":"Du-Vu Doll"},{"floor":6,"key":"Juzu Bracelet"},{"floor":9,"key":"Toxic Egg 2"},{"floor":11,"key":"War Paint"},{"floor":14,"key":"Matryoshka"},{"floor":19,"key":"Necronomicon"},{"floor":23,"key":"The Courier"},{"floor":26,"key":"Anchor"},{"floor":26,"key":"Omamori"}],"event_choices":[{"damage_healed":0,"gold_gain":0,"player_choice":"Success","damage_taken":3,"relics_obtained":["Thread and Needle"],"max_hp_gain":0,"max_hp_loss":0,"event_name":"Scrap Ooze","floor":2,"gold_loss":0},{"cards_removed":["Strike_G"],"damage_healed":0,"gold_gain":0,"player_choice":"Card Removal","damage_taken":7,"max_hp_gain":0,"max_hp_loss":0,"event_name":"Golden Wing","floor":3,"gold_loss":0},{"cards_removed":["Strike_G"],"damage_healed":0,"gold_gain":0,"player_choice":"Forget","damage_taken":0,"max_hp_gain":0,"max_hp_loss":0,"event_name":"Living Wall","floor":7,"gold_loss":0},{"damage_healed":0,"gold_gain":75,"player_choice":"Gather Gold","damage_taken":11,"max_hp_gain":0,"max_hp_loss":0,"event_name":"World of Goop","floor":10,"gold_loss":0},{"damage_healed":0,"gold_gain":175,"player_choice":"AGREE","damage_taken":0,"max_hp_gain":0,"max_hp_loss":0,"event_name":"Liars Game","floor":13,"gold_loss":0,"cards_obtained":["Doubt"]},{"damage_healed":0,"gold_gain":0,"player_choice":"Obtained Book","damage_taken":16,"max_hp_gain":0,"max_hp_loss":0,"event_name":"Cursed Tome","floor":19,"gold_loss":0},{"damage_healed":0,"gold_gain":0,"player_choice":"Bet on Murderer","damage_taken":0,"max_hp_gain":0,"max_hp_loss":0,"event_name":"The Joust","floor":20,"gold_loss":50},{"damage_healed":0,"gold_gain":0,"player_choice":"Ignored","damage_taken":0,"max_hp_gain":0,"max_hp_loss":0,"event_name":"Vampires","floor":22,"gold_loss":0},{"damage_healed":0,"gold_gain":0,"cards_transformed":["Defend_G","Strike_G"],"player_choice":"Became Test Subject","damage_taken":0,"max_hp_gain":0,"max_hp_loss":0,"event_name":"Drug Dealer","floor":24,"gold_loss":0,"cards_obtained":["Burst","A Thousand Cuts"]},{"damage_healed":0,"gold_gain":75,"player_choice":"Touch","damage_taken":7,"max_hp_gain":0,"max_hp_loss":0,"event_name":"FaceTrader","floor":27,"gold_loss":0},{"damage_healed":0,"gold_gain":0,"player_choice":"Opened","damage_taken":0,"relics_obtained":["Gremlin Horn"],"max_hp_gain":0,"max_hp_loss":0,"event_name":"The Mausoleum","floor":28,"gold_loss":0},{"damage_healed":0,"gold_gain":0,"player_choice":"Shed Blood","damage_taken":18,"max_hp_gain":5,"max_hp_loss":0,"event_name":"Forgotten Altar","floor":29,"gold_loss":0},{"cards_removed":["Writhe"],"damage_healed":0,"gold_gain":0,"player_choice":"Purged","damage_taken":0,"max_hp_gain":0,"max_hp_loss":0,"event_name":"Purifier","floor":31,"gold_loss":0}],"is_beta":false,"boss_relics":[{"not_picked":["WristBlade","Coffee Dripper"],"picked":"Cursed Key"}],"items_purged_floors":[25,30],"is_endless":false,"potions_floor_spawned":[1,8,12,16],"killed_by":"Champ","ascension_level":4}}