{"host":"hemqwg9ve6welna9","time":1613777399,"event":{"mods":["2.2 Compatiblity","AchievementEnabler","Act Like it!","BaseMod","Beaked The Cultist","Bestiary","Better Match","Better Note","Better Third Choice","BetterRewards","Conspire","Curses Come First","Dio Mod","Downfall","Gremlin Mod","Hermit","Highlight Path","Hubris","Melee Mod","Minty Spire (QoL Compilation)","Permanent Neow","Potionbrewer","Quick Restart","Rare Cards Sparkle","Relic Stats","Reliquary","Robot Space Explorer","Ruina","SOS???????","Shop Mod","StSLib","SuperFastMode","Td1madao Mod","The Bug Knight","The Cursed","The Disciple","The Forsaken","The Hierophant","The Jungle","The Marked","The Runesmith","The Senshi","The Servant 0.9.4","The Wild Card","TheBandit","TheVacant","UnlockEverythingMod","everything is the same but u backflip on backflip"],"gold_per_floor":[99,116,136,136,86,113,113,88,88,88,88],"floor_reached":10,"language":"ENG","playtime":744,"items_purged":[],"score":64,"play_id":"79e4042a-debf-4f4d-960a-f1ce1cc514bd","local_time":"20210219172959","is_ascension_mode":false,"campfire_choices":[{"data":"Knight Kick","floor":1.0,"key":"SMITH"}],"circlet_count":0,"master_deck":["Strike_C","Strike_C","Strike_C","Strike_C","Defend_C","Defend_C","Defend_C","Knight Kick+1","Chip","Black Execution","Lunge","Defend System","Perfect Defend","Sudden Beat"],"relics":["Apod","Bag of Marbles","potionbrewer:AlchemistFlask","hubris:BundleOfHerbs","hubris:Towel"],"acts_visited":["Exordium"],"potions_floor_usage":[10],"damage_taken":[{"damage":1.0,"enemies":"Jaw Worm","floor":2.0,"turns":4.0},{"damage":1.0,"enemies":"Cultist","floor":3.0,"turns":3.0},{"damage":0,"enemies":"downfall:FleeingMerchant","floor":5,"turns":4},{"damage":57,"enemies":"Lagavulin","floor":6,"turns":10},{"damage":11,"enemies":"Gremlin Nob","floor":10,"turns":2}],"seed_played":"-3451165974520393016","potions_obtained":[{"floor":3.0,"key":"FearPotion"}],"is_trial":false,"path_per_floor":["R","M","M","?","$","E","T","?","?","E"],"character_chosen":"TD1MADAO_CLASS","items_purchased":["Perfect Defend"],"campfire_rested":0,"item_purchase_floors":[5],"current_hp_per_floor":[70,69,68,68,68,11,11,11,11,0,0],"gold":88,"neow_bonus":"RANDOM_COMMON_RELIC","is_daily":false,"chose_seed":false,"campfire_upgraded":1,"win_rate":0.0,"timestamp":1613777399,"path_taken":["R","M","M","?","?","E","T","?","?","E"],"items_purchased_type":["Card"],"build_version":"2020-12-22","purchased_purges":0,"victory":false,"max_hp_per_floor":[70,70,70,70,70,70,70,70,70,70,70],"relic_stats":{"counters":[5,23],"obtain_stats":[{"potionbrewer:AlchemistFlask":6,"hubris:BundleOfHerbs":7,"Bag of Marbles":0,"Apod":0,"hubris:Towel":9},{"potionbrewer:AlchemistFlask":4,"hubris:BundleOfHerbs":4,"Bag of Marbles":0,"Apod":0,"hubris:Towel":4},{"potionbrewer:AlchemistFlask":21,"hubris:BundleOfHerbs":21,"Bag of Marbles":0,"Apod":0,"hubris:Towel":21}]},"card_choices":[{"not_picked":["Oblique Hack","Resistance"],"picked":"Black Execution","floor":2.0},{"not_picked":["Black Shadow","Fire Blade"],"picked":"Lunge","floor":3.0},{"not_picked":["Black Dance","Im Angry"],"picked":"Defend System","floor":5},{"not_picked":["Weapon Shift","Here Defend Chip"],"picked":"Sudden Beat","floor":6}],"player_experience":17553,"relics_obtained":[{"floor":6,"key":"potionbrewer:AlchemistFlask"},{"floor":7,"key":"hubris:BundleOfHerbs"}],"event_choices":[{"cards_removed":["Defend_C"],"damage_healed":0.0,"max_hp_gain":0.0,"max_hp_loss":0.0,"gold_gain":0.0,"event_name":"Purifier","player_choice":"Purged","floor":4.0,"gold_loss":0.0,"damage_taken":0.0},{"damage_healed":0,"gold_gain":0,"player_choice":"Left","damage_taken":0,"max_hp_gain":0,"max_hp_loss":0,"event_name":"betterThird:BetterGoop","floor":8,"gold_loss":25}],"is_beta":false,"boss_relics":[],"items_purged_floors":[],"is_endless":false,"potions_floor_spawned":[3],"killed_by":"Gremlin Nob","ascension_level":0}}