{"host":"f5n4tidiz2n5sooh","time":1613720107,"event":{"mods":["BaseMod","Colored Map","Minty Spire (QoL Compilation)","Relic Stats","StSLib"],"gold_per_floor":[11,30,43,43,54,89,89,114,114,114,157,157,180,214,214,300,300,300,300,59,59,59,59,59],"floor_reached":23,"language":"ENG","playtime":989,"items_purged":[],"score":518,"play_id":"3fb42f8f-b3c6-4f91-946b-fbaa5435d4bc","local_time":"20210219013507","is_ascension_mode":true,"campfire_choices":[{"floor":7,"key":"REST"},{"data":"Buffer","floor":10,"key":"SMITH"},{"data":"Static Discharge","floor":12,"key":"SMITH"},{"data":"Consume","floor":15,"key":"SMITH"}],"circlet_count":0,"master_deck":["AscendersBane","Strike_B","Defend_B","Defend_B","Defend_B","Defend_B","Zap","Dualcast","Buffer+1","Coolheaded","Ball Lightning","Sweeping Beam","Recycle","Static Discharge+1","Ball Lightning","Glacier","Consume+1","Stack","Core Surge","Stack","Capacitor","Turbo","Reprogram","Normality","Meteor Strike"],"relics":["Cracked Core","CeramicFish","Lantern","Toy Ornithopter","Cables","Ectoplasm","Nilry\u0027s Codex","ClockworkSouvenir"],"acts_visited":["Exordium","TheCity"],"potions_floor_usage":[6,13,14,14],"damage_taken":[{"damage":10,"enemies":"2 Louse","floor":1,"turns":2},{"damage":5,"enemies":"Jaw Worm","floor":2,"turns":4},{"damage":0,"enemies":"Cultist","floor":3,"turns":3},{"damage":23,"enemies":"Large Slime","floor":5,"turns":7},{"damage":22,"enemies":"3 Sentries","floor":6,"turns":5},{"damage":7,"enemies":"Looter","floor":8,"turns":3},{"damage":0,"enemies":"Lagavulin","floor":11,"turns":7},{"damage":3,"enemies":"Blue Slaver","floor":13,"turns":4},{"damage":0,"enemies":"Gremlin Nob","floor":14,"turns":4},{"damage":21,"enemies":"The Guardian","floor":16,"turns":14},{"damage":0,"enemies":"Shell Parasite","floor":18,"turns":6},{"damage":36,"enemies":"Slavers","floor":23,"turns":3}],"seed_played":"-2207423762402244496","potions_obtained":[{"floor":1,"key":"Block Potion"},{"floor":5,"key":"Swift Potion"},{"floor":11,"key":"Block Potion"},{"floor":13,"key":"GamblersBrew"},{"floor":16,"key":"Ancient Potion"},{"floor":18,"key":"Fruit Juice"}],"is_trial":false,"path_per_floor":["M","M","M","?","M","E","R","M","T","R","E","R","M","E","R","B",null,"M","?","$","?","?","E"],"character_chosen":"DEFECT","items_purchased":["ClockworkSouvenir","Capacitor"],"campfire_rested":1,"item_purchase_floors":[20,20],"current_hp_per_floor":[54,49,49,49,26,4,25,18,18,18,18,18,20,30,30,9,56,56,35,35,35,35,0,0],"gold":59,"neow_bonus":"THREE_RARE_CARDS","is_daily":false,"chose_seed":false,"campfire_upgraded":3,"win_rate":0.0,"timestamp":1613720107,"path_taken":["M","M","M","?","M","E","R","M","T","R","E","R","M","E","R","BOSS","M","?","$","?","?","E"],"items_purchased_type":["Relic","Card"],"build_version":"2020-12-22","purchased_purges":0,"victory":false,"max_hp_per_floor":[71,71,71,71,71,71,71,71,71,71,71,71,71,71,71,71,71,71,71,71,71,71,71,71],"relic_stats":{"counters":[12,62],"CeramicFish":45,"Ectoplasm":71,"obtain_stats":[{"Lantern":9,"Nilry\u0027s Codex":19,"CeramicFish":6,"Ectoplasm":17,"Cracked Core":0,"Toy Ornithopter":11,"Cables":14,"ClockworkSouvenir":20},{"Lantern":6,"Nilry\u0027s Codex":11,"CeramicFish":5,"Ectoplasm":10,"Cracked Core":0,"Toy Ornithopter":7,"Cables":9,"ClockworkSouvenir":11},{"Lantern":24,"Nilry\u0027s Codex":59,"CeramicFish":21,"Ectoplasm":53,"Cracked Core":0,"Toy Ornithopter":31,"Cables":39,"ClockworkSouvenir":59}],"Toy Ornithopter":15,"Cables":[22,12,10,0,0]},"card_choices":[{"not_picked":["Rainbow","Meteor Strike"],"picked":"Buffer","floor":0},{"not_picked":["Stack","Gash"],"picked":"Coolheaded","floor":1},{"not_picked":["Gash","Force Field"],"picked":"Ball Lightning","floor":2},{"not_picked":["Stack","White Noise"],"picked":"Sweeping Beam","floor":3},{"not_picked":["BootSequence","Aggregate"],"picked":"Static Discharge","floor":5},{"not_picked":["Fission","Sweeping Beam","Undo"],"picked":"SKIP","floor":6},{"not_picked":["Stack","Static Discharge"],"picked":"Ball Lightning","floor":8},{"not_picked":["Storm","Redo"],"picked":"Glacier","floor":11},{"not_picked":["Blizzard","Capacitor"],"picked":"Consume","floor":13},{"not_picked":["FTL","Coolheaded"],"picked":"Stack","floor":14},{"not_picked":["Fission","Meteor Strike"],"picked":"Core Surge","floor":16},{"not_picked":["Sweeping Beam","Rip and Tear+1"],"picked":"Stack","floor":18}],"player_experience":2064612,"relics_obtained":[{"floor":6,"key":"CeramicFish"},{"floor":9,"key":"Lantern"},{"floor":11,"key":"Toy Ornithopter"},{"floor":14,"key":"Cables"},{"floor":19,"key":"Nilry\u0027s Codex"}],"event_choices":[{"damage_healed":0,"gold_gain":0,"cards_transformed":["Strike_B"],"player_choice":"Change","damage_taken":0,"max_hp_gain":0,"max_hp_loss":0,"event_name":"Living Wall","floor":4,"gold_loss":0,"cards_obtained":["Recycle"]},{"damage_healed":0,"gold_gain":0,"player_choice":"Obtained Book","damage_taken":21,"max_hp_gain":0,"max_hp_loss":0,"event_name":"Cursed Tome","floor":19,"gold_loss":0},{"damage_healed":0,"gold_gain":0,"cards_transformed":["Strike_B","Strike_B"],"player_choice":"Became Test Subject","damage_taken":0,"max_hp_gain":0,"max_hp_loss":0,"event_name":"Drug Dealer","floor":21,"gold_loss":0,"cards_obtained":["Turbo","Reprogram"]},{"damage_healed":0,"gold_gain":0,"player_choice":"2 cards matched","damage_taken":0,"max_hp_gain":0,"max_hp_loss":0,"event_name":"Match and Keep!","floor":22,"gold_loss":0,"cards_obtained":["Normality","Meteor Strike"]}],"is_beta":false,"boss_relics":[{"not_picked":["Sozu","Philosopher\u0027s Stone"],"picked":"Ectoplasm"}],"items_purged_floors":[],"is_endless":false,"potions_floor_spawned":[1,5,11,13,16,18],"killed_by":"Slavers","ascension_level":20}}