{"host":"ut3q8wc68upnfjmc","time":1613755458,"event":{"mods":["BaseMod","Colored Map","Colored Powertips","Downfall","Minty Spire (QoL Compilation)","StSLib","Unceasing Turn Reminder"],"gold_per_floor":[111,111,121,132,158,158,183,195,222,222,222,236,236,251,251,355,355,365,390,408,31,31,31],"floor_reached":22,"language":"ENG","playtime":768,"items_purged":[],"score":195,"play_id":"826e324e-abd2-4372-b734-6e4f7e47665d","local_time":"20210219112418","is_ascension_mode":true,"campfire_choices":[{"data":"Zap","floor":6,"key":"SMITH"},{"data":"Melter","floor":11,"key":"SMITH"},{"data":"Dualcast","floor":13,"key":"SMITH"},{"data":"Compile Driver","floor":15,"key":"SMITH"}],"circlet_count":0,"master_deck":["Strike_B","Strike_B","Strike_B","Strike_B","Defend_B","Defend_B","Defend_B","Defend_B","Zap+1","Dualcast+1","Melter+1","Coolheaded","Leap","Sweeping Beam+1","Capacitor","Compile Driver+1","Electrodynamics","Beam Cell","Gash+1","Beam Cell+1","Gash","Doom and Gloom"],"relics":["Cracked Core","NeowsBlessing","Gremlin Horn","Nunchaku","Kunai","Omamori","Inserter","Red Mask","Mummified Hand"],"acts_visited":["Exordium","TheCity"],"potions_floor_usage":[7,16,16,18,22],"damage_taken":[{"damage":0,"enemies":"Small Slimes","floor":1,"turns":1},{"damage":0,"enemies":"Cultist","floor":3,"turns":1},{"damage":0,"enemies":"Jaw Worm","floor":4,"turns":1},{"damage":10,"enemies":"Lagavulin","floor":7,"turns":5},{"damage":0,"enemies":"2 Fungi Beasts","floor":8,"turns":3},{"damage":0,"enemies":"3 Louse","floor":12,"turns":2},{"damage":0,"enemies":"Gremlin Gang","floor":14,"turns":1},{"damage":9,"enemies":"Slime Boss","floor":16,"turns":6},{"damage":19,"enemies":"Shell Parasite","floor":18,"turns":5},{"damage":17,"enemies":"Masked Bandits","floor":19,"turns":3},{"damage":20,"enemies":"2 Thieves","floor":20,"turns":3},{"damage":24,"enemies":"Centurion and Healer","floor":22,"turns":3}],"seed_played":"7772423336015263326","potions_obtained":[{"floor":3,"key":"ColorlessPotion"},{"floor":8,"key":"FocusPotion"},{"floor":12,"key":"EssenceOfDarkness"},{"floor":16,"key":"PowerPotion"},{"floor":20,"key":"Energy Potion"}],"is_trial":false,"path_per_floor":["M","?","M","M","T","R","E","M","T","?","R","M","R","M","R","B",null,"M","?","M","$","M"],"character_chosen":"DEFECT","items_purchased":["Mummified Hand","Gash","Doom and Gloom"],"campfire_rested":0,"item_purchase_floors":[21,21,21],"current_hp_per_floor":[75,75,75,75,75,75,65,65,65,65,65,65,65,65,65,56,75,56,39,19,19,0,0],"gold":31,"neow_bonus":"THREE_ENEMY_KILL","is_daily":false,"chose_seed":false,"campfire_upgraded":4,"win_rate":0.0,"timestamp":1613755458,"path_taken":["M","?","?","M","?","R","E","M","T","?","R","M","R","M","R","BOSS","M","?","M","$","M"],"items_purchased_type":["Relic","Card","Card"],"build_version":"2020-12-22","purchased_purges":0,"victory":false,"max_hp_per_floor":[75,75,75,75,75,75,75,75,75,75,75,75,75,75,75,75,75,75,75,75,75,75,75],"card_choices":[{"not_picked":["Ball Lightning","Static Discharge"],"picked":"Chill","floor":1},{"not_picked":["Steam Power","Fusion"],"picked":"Melter","floor":3},{"not_picked":["Compile Driver","Hologram"],"picked":"Coolheaded","floor":4},{"not_picked":["Rainbow","Multi-Cast"],"picked":"Leap","floor":7},{"not_picked":["Ball Lightning","Force Field"],"picked":"Sweeping Beam","floor":8},{"not_picked":["Melter","Hello World"],"picked":"Capacitor","floor":12},{"not_picked":["Leap","Turbo"],"picked":"Compile Driver","floor":14},{"not_picked":["Amplify","Biased Cognition"],"picked":"Electrodynamics","floor":16},{"not_picked":["Reinforced Body","Chill"],"picked":"Beam Cell","floor":18},{"not_picked":["Steam","Consume"],"picked":"Gash+1","floor":19},{"not_picked":["Ball Lightning","Skim"],"picked":"Beam Cell+1","floor":20}],"player_experience":53836,"relics_obtained":[{"floor":5,"key":"Nunchaku"},{"floor":7,"key":"Kunai"},{"floor":9,"key":"Omamori"},{"floor":19,"key":"Red Mask"}],"event_choices":[{"cards_removed":["Chill"],"damage_healed":0,"gold_gain":0,"player_choice":"Gave Card","damage_taken":0,"relics_obtained":["Gremlin Horn"],"max_hp_gain":0,"max_hp_loss":0,"event_name":"WeMeetAgain","floor":2,"gold_loss":0},{"damage_healed":0,"gold_gain":0,"player_choice":"Grow","damage_taken":0,"max_hp_gain":0,"max_hp_loss":0,"event_name":"Living Wall","floor":10,"gold_loss":0,"cards_upgraded":["Sweeping Beam"]},{"damage_healed":0,"gold_gain":0,"player_choice":"Fought Bandits","damage_taken":0,"max_hp_gain":0,"max_hp_loss":0,"event_name":"Masked Bandits","floor":19,"gold_loss":0}],"is_beta":false,"boss_relics":[{"not_picked":["SacredBark","Philosopher\u0027s Stone"],"picked":"Inserter"}],"items_purged_floors":[],"is_endless":false,"potions_floor_spawned":[3,8,12,16,20],"killed_by":"Centurion and Healer","ascension_level":1}}