{"host":"lnfs5t5iydkm2lft","time":1613763419,"event":{"mods":["AchievementEnabler","Aspiration","BaseMod","Better Third Choice","BetterRewards","Colored Powertips","Downfall","Hermit","Hubris","Infinite Spire","Marisa????????","Minty Spire (QoL Compilation)","Quick Restart","Reliquary","Replay The Spire","StSLib","The Runesmith","TheBandit","everything is the same but u backflip on backflip"],"gold_per_floor":[111,111,131,141,61,95,95,108,189,205,222,222,248,22,22,126,126,139,167,183,203,203,203,215,215,215],"floor_reached":25,"language":"ENG","playtime":1238,"items_purged":["Defend_G"],"score":256,"play_id":"c55f831d-50cf-4998-a881-6f064387a6b3","local_time":"20210219133659","is_ascension_mode":true,"campfire_choices":[{"data":"Dash","floor":7,"key":"SMITH"},{"floor":12,"key":"REST"},{"data":"Pot Of Greed","floor":15,"key":"SMITH"},{"floor":23,"key":"REST"}],"circlet_count":0,"master_deck":["Strike_G","Strike_G","Strike_G","Strike_G","Strike_G","Defend_G","Defend_G","Defend_G","Defend_G","Survivor","Neutralize","Flying Knee","Voices","PiercingWail","Escape Plan","Dash+1","Dagger Spray","Pot Of Greed","Pot Of Greed+1","Venomology","Calculated Gamble","PiercingWail","Leg Sweep+1"],"relics":["Ring of the Snake","aspiration:Nostalgia","Cracked Core","ReplayTheSpireMod:Ring of Collecting","Replay:Wax Seal","Ring of Misfortune","Odd Mushroom","Grinning Jar","Philosopher\u0027s Stone","Red Mask"],"acts_visited":["Exordium","TheCity"],"potions_floor_usage":[6,16,16,19,19,19,21,24,24,25,25,25],"damage_taken":[{"damage":1,"enemies":"Jaw Worm","floor":1,"turns":4},{"damage":0,"enemies":"2 Louse","floor":3,"turns":2},{"damage":7,"enemies":"Small Slimes","floor":4,"turns":3},{"damage":11,"enemies":"Gremlin Nob","floor":6,"turns":5},{"damage":0,"enemies":"Blue Slaver","floor":8,"turns":3},{"damage":8,"enemies":"Large Slime","floor":10,"turns":7},{"damage":2,"enemies":"Exordium Wildlife","floor":11,"turns":4},{"damage":2,"enemies":"The Mushroom Lair","floor":13,"turns":4},{"damage":57,"enemies":"The Guardian","floor":16,"turns":16},{"damage":13,"enemies":"Chosen","floor":18,"turns":7},{"damage":4,"enemies":"Masked Bandits","floor":19,"turns":3},{"damage":2,"enemies":"Shell Parasite","floor":20,"turns":7},{"damage":11,"enemies":"3 Cultists","floor":21,"turns":4},{"damage":0,"enemies":"Centurion and Healer","floor":24,"turns":7},{"damage":44,"enemies":"Gremlin Leader","floor":25,"turns":11}],"seed_played":"-7150874437595147367","potions_obtained":[{"floor":4,"key":"GhostInAJar"},{"floor":6,"key":"Poison Potion"},{"floor":11,"key":"GamblersBrew"},{"floor":13,"key":"Adrenaline Potion"},{"floor":16,"key":"Poison Potion"},{"floor":19,"key":"Fire Potion"},{"floor":21,"key":"Strength Potion"}],"is_trial":false,"path_per_floor":["M","?","M","M","$","E","R","M","T","M","M","R","?","$","R","B",null,"M","?","M","M","?","R","M","E"],"character_chosen":"THE_SILENT","items_purchased":["Dash","Grinning Jar"],"campfire_rested":2,"item_purchase_floors":[5,14],"current_hp_per_floor":[69,69,69,62,62,51,51,51,51,43,41,62,60,60,60,3,53,40,36,34,23,23,44,44,0,0],"gold":215,"neow_bonus":"NOSTALGIA","is_daily":false,"chose_seed":false,"campfire_upgraded":2,"win_rate":0.0,"timestamp":1613763419,"path_taken":["M","?","M","M","?","E","R","?","T","M","M","R","?","?","R","BOSS","M","?","M","M","?","R","M","E"],"items_purchased_type":["Card","Relic"],"build_version":"2020-12-22","purchased_purges":1,"victory":false,"max_hp_per_floor":[70,70,70,70,70,70,70,70,70,70,70,70,70,70,70,70,70,70,70,70,70,70,70,70,70,70],"card_choices":[{"not_picked":["Underhanded Strike","hubris:TrickCloak"],"picked":"Flying Knee","floor":1},{"not_picked":["Fluid Movement","Prepared"],"picked":"PiercingWail","floor":3},{"not_picked":["Underhanded Strike","Predator"],"picked":"Escape Plan","floor":4},{"not_picked":["Replay:Poison Smokescreen","Skewer","Acrobatics"],"picked":"SKIP","floor":6},{"not_picked":["Infinite Blades","Dodge and Roll","ReplayTheSpireMod:Exploit Weakness"],"picked":"SKIP","floor":8},{"not_picked":["Corpse Explosion","Riddle With Holes"],"picked":"Dagger Spray","floor":10},{"not_picked":["Distraction","Poisoned Stab","ReplayTheSpireMod:The Works"],"picked":"SKIP","floor":11},{"not_picked":["Poison Darts","Wraith Form v2"],"picked":"Venomology","floor":16},{"not_picked":["Slice","ReplayTheSpireMod:Scrap Shanks"],"picked":"Calculated Gamble","floor":18},{"not_picked":["Finisher","ReplayTheSpireMod:Shiv Toss"],"picked":"PiercingWail","floor":19},{"not_picked":["Poisoned Stab","hubris:Counter","Heel Hook"],"picked":"SKIP","floor":20},{"not_picked":["Dagger Throw","Outmaneuver"],"picked":"Leg Sweep+1","floor":21},{"not_picked":["Backflip","Finisher","Cloak And Dagger"],"picked":"SKIP","floor":24}],"player_experience":396080,"relics_obtained":[{"floor":2,"key":"ReplayTheSpireMod:Ring of Collecting"},{"floor":6,"key":"Replay:Wax Seal"},{"floor":9,"key":"Ring of Misfortune"},{"floor":13,"key":"Odd Mushroom"},{"floor":19,"key":"Red Mask"}],"event_choices":[{"damage_healed":0,"gold_gain":0,"player_choice":"Fought Mushrooms","damage_taken":0,"max_hp_gain":0,"max_hp_loss":0,"event_name":"Mushrooms","floor":13,"gold_loss":0},{"damage_healed":0,"gold_gain":0,"player_choice":"Fought Bandits","damage_taken":0,"max_hp_gain":0,"max_hp_loss":0,"event_name":"Masked Bandits","floor":19,"gold_loss":0}],"is_beta":false,"boss_relics":[{"not_picked":["Sozu","hubris:VirtuousBlindfold"],"picked":"Philosopher\u0027s Stone"}],"items_purged_floors":[14],"is_endless":false,"potions_floor_spawned":[4,6,11,13,16,19,21],"killed_by":"Gremlin Leader","ascension_level":5}}