{"host":"ox77rn1xcurm2t5a","time":1613695440,"event":{"mods":["2.2 Compatiblity","AchievementEnabler","Act Like it!","Aspiration","BaseMod","Best Route Mod","Better Match","Better Note","Better Sensory Stone","Block Reminder","Colored Map","Colored Powertips","Conjunction","Conspire","Custom Start","Energized Spire","GifTheSpireLib","Gold Saver","Gremlin Skip","Halation","Highlight Path","Hubris","Infinite Spire","Minty Spire (QoL Compilation)","Pale of the Ancients","Quick Restart","Replay The Spire","Reworked Bosses","ShortenTheSpire","Spire Exporter","StSLib","Stuff the Spire","Wandering Minibosses"],"gold_per_floor":[1665,725,725,743,83,125,125,0,47,47,92,112,138,178,178,288,288,312,340,40,67,67,67,85,85,85,0,0,122,221,351,351,457,457,486,538,573,573,600,612,612],"floor_reached":40,"language":"ENG","playtime":2076,"items_purged":["Strike_R","Defend_R","Defend_R"],"score":711,"play_id":"2f19046e-0149-4db4-b1d4-179b928af94e","local_time":"20210219024400","is_ascension_mode":true,"campfire_choices":[{"floor":7.0,"key":"RECALL"},{"data":"Perfected Strike","floor":10.0,"key":"SMITH"},{"data":"Perfected Strike","floor":15.0,"key":"SMITH"},{"data":"Bash","floor":23.0,"key":"SMITH"},{"data":"Heavy Blade","floor":25.0,"key":"SMITH"},{"floor":28.0,"key":"REST"},{"floor":32.0,"key":"DIG"}],"circlet_count":0,"master_deck":["Strike_R","Strike_R","Strike_R","Strike_R","Defend_R","Defend_R","Bash+1","Heavy Blade+1","Violence+1","Perfected Strike+1","Metallicize+1","Perfected Strike+1","Cleave","Pommel Strike","Shrug It Off+1","Flex+1","Thunderclap+1","Demon Form+1","Parasite","Reaper+1"],"relics":["Burning Blood","Frozen Egg 2","hubris:SlimyHat","HandDrill","hubris:MysteriousPyramids","Replay:Bandana","Replay:Baseball","Ice Cream","StuffTheSpire:TintedRock","conspire:SlowCooker","Guide Book","StuffTheSpire:Mouthbags","Smiling Mask","hubris:Metronome","infinitespire:Lychee Nut","infinitespire:Broken Mirror","aspiration:PoetsPen_weak","HornCleat"],"acts_visited":["Exordium","TheCity","TheBeyond"],"potions_floor_usage":[],"damage_taken":[{"damage":7.0,"enemies":"Jaw Worm","floor":1.0,"turns":4.0},{"damage":1.0,"enemies":"Cultist","floor":4.0,"turns":3.0},{"damage":20.0,"enemies":"Lagavulin","floor":6.0,"turns":6.0},{"damage":10.0,"enemies":"Gremlin Nob","floor":11.0,"turns":4.0},{"damage":0.0,"enemies":"2 Louse","floor":12.0,"turns":2.0},{"damage":13.0,"enemies":"Lots of Slimes","floor":13.0,"turns":4.0},{"damage":22.0,"enemies":"Lagavulin","floor":14.0,"turns":4.0},{"damage":63.0,"enemies":"The Guardian","floor":16.0,"turns":9.0},{"damage":28.0,"enemies":"2 Thieves","floor":18.0,"turns":4.0},{"damage":6.0,"enemies":"Chosen","floor":19.0,"turns":4.0},{"damage":30.0,"enemies":"Snake Plant","floor":24.0,"turns":4.0},{"damage":43.0,"enemies":"Gremlin Leader","floor":29.0,"turns":10.0},{"damage":20.0,"enemies":"Slavers","floor":31.0,"turns":4.0},{"damage":0.0,"enemies":"bossMod:newCollector","floor":33.0,"turns":2.0},{"damage":12.0,"enemies":"Orb Walker","floor":35.0,"turns":4.0},{"damage":69.0,"enemies":"conspire:MimicChest","floor":36.0,"turns":6.0},{"damage":19.0,"enemies":"3 Shapes","floor":37.0,"turns":5.0},{"damage":4.0,"enemies":"Writhing Mass","floor":39.0,"turns":5.0},{"damage":0,"enemies":"R_Hoarder","floor":40,"turns":3}],"seed_played":"-452653654324805728","potions_obtained":[{"floor":0.0,"key":"Explosive Potion"},{"floor":0.0,"key":"DuplicationPotion"},{"floor":0.0,"key":"Doom Potion"},{"floor":6.0,"key":"ColorlessPotion"},{"floor":12.0,"key":"Languid Potion"},{"floor":13.0,"key":"BlessingOfTheForge"},{"floor":16.0,"key":"LiquidMemories"},{"floor":18.0,"key":"SteroidPotion"},{"floor":19.0,"key":"Elixir"},{"floor":31.0,"key":"Adrenaline Potion"},{"floor":33.0,"key":"Languid Potion"},{"floor":36.0,"key":"PowerPotion"},{"floor":37.0,"key":"Adrenaline Potion"}],"is_trial":false,"path_per_floor":["M","$","?","M","$","E","R","$","T","R","E","M","M","E","R","B",null,"M","M","$","T","?","R","M","R","T","?","R","E","?","E","R_BF","B",null,"M","?","M","?","M","E"],"character_chosen":"IRONCLAD","items_purchased":["Frozen Egg 2","hubris:SlimyHat","HandDrill","LifebloodPotion","LifebloodPotion","Violence","Metallicize+1","FairyPotion","hubris:MysteriousPyramids","Replay:Bandana","Guide Book","StuffTheSpire:Mouthbags"],"campfire_rested":1,"item_purchase_floors":[2,2,2,2,2,2,5,5,5,5,20,20],"current_hp_per_floor":[71,71,71,76,76,62,62,62,62,62,58,64,57,41,41,11,63,45,54,54,54,46,46,22,22,22,22,46,18,18,22,22,31,53,60,7,9,52,52,52,52],"gold":612,"neow_bonus":"THREE_SMALL_POTIONS","is_daily":false,"chose_seed":false,"campfire_upgraded":4,"win_rate":0.0,"timestamp":1613695440,"path_taken":["M","$","?","M","?","E","R","$","T","R","E","M","M","E","R","BOSS","M","M","$","?","?","R","?","R","T","?","R","E","?","E","R_BF","BOSS","M","?","M","?","M","E"],"items_purchased_type":["Relic","Relic","Relic","Potion","Potion","Card","Card","Potion","Relic","Relic","Relic","Relic"],"build_version":"2020-12-22","purchased_purges":3,"victory":false,"max_hp_per_floor":[80,80,80,80,80,80,80,80,80,80,80,80,80,80,80,80,80,80,80,80,80,80,80,80,80,80,80,80,80,80,60,60,60,60,60,60,60,52,52,52,52],"card_choices":[{"not_picked":["infinitespire:OneForAll","Whirlwind"],"picked":"Heavy Blade","floor":1.0},{"not_picked":["ReplayReversal","Body Slam"],"picked":"Perfected Strike","floor":4.0},{"not_picked":["Replay:Undeath\u0027s Touch","StuffTheSpire:Pyroclast","StuffTheSpire:Incineration"],"picked":"SKIP","floor":6.0},{"not_picked":["Second Wind","Seeing Red"],"picked":"Perfected Strike","floor":11.0},{"not_picked":["ReplayTheSpireMod:Corrosion Curse","Clothesline","StuffTheSpire:Incineration"],"picked":"SKIP","floor":12.0},{"not_picked":["Pummel","Replay:Undeath\u0027s Touch"],"picked":"Cleave","floor":13.0},{"not_picked":["Searing Blow","Rupture+1","StuffTheSpire:BloodClot"],"picked":"SKIP","floor":14.0},{"not_picked":["Corruption+1","Bludgeon"],"picked":"Reaper","floor":16.0},{"not_picked":["Twin Strike","Replay:Undeath\u0027s Touch"],"picked":"Pommel Strike","floor":18.0},{"not_picked":["Bloodletting+1","Ghostly Armor"],"picked":"Shrug It Off+1","floor":19.0},{"not_picked":["Seeing Red","Shrug It Off","Power Through"],"picked":"SKIP","floor":24.0},{"not_picked":["True Grit","Evolve+1","Disarm"],"picked":"SKIP","floor":29.0},{"not_picked":["Ghostly Armor","Battle Trance+1"],"picked":"Flex+1","floor":31.0},{"not_picked":["Twin Strike","StuffTheSpire:Slingshot","Battle Trance"],"picked":"SKIP","floor":35.0},{"not_picked":["Clothesline","Flame Barrier"],"picked":"Thunderclap+1","floor":36.0},{"not_picked":["Wild Strike+1","Iron Wave+1"],"picked":"Demon Form+1","floor":37.0},{"not_picked":["Wild Strike+1","ReplayTheSpireMod:Limb From Limb+1","hubris:SharpeningStone"],"picked":"SKIP","floor":39.0}],"player_experience":3155358,"relics_obtained":[{"floor":6.0,"key":"Replay:Baseball"},{"floor":11.0,"key":"Ice Cream"},{"floor":14.0,"key":"StuffTheSpire:TintedRock"},{"floor":21.0,"key":"Smiling Mask"},{"floor":29.0,"key":"hubris:Metronome"},{"floor":31.0,"key":"infinitespire:Lychee Nut"},{"floor":32.0,"key":"infinitespire:Broken Mirror"},{"floor":36.0,"key":"HornCleat"}],"event_choices":[{"damage_healed":0.0,"max_hp_gain":0.0,"max_hp_loss":0.0,"gold_gain":0.0,"event_name":"betterNote:BetterNote","player_choice":"Ignored","floor":3.0,"gold_loss":0.0,"damage_taken":0.0,"cards_obtained":["Strike_P"]},{"damage_healed":0.0,"max_hp_gain":0.0,"max_hp_loss":0.0,"gold_gain":0.0,"event_name":"Wheel of Change","player_choice":"Damaged","floor":22.0,"gold_loss":0.0,"damage_taken":8.0},{"damage_healed":0.0,"max_hp_gain":0.0,"max_hp_loss":0.0,"gold_gain":0.0,"event_name":"Masked Bandits","player_choice":"Paid Fearfully","floor":27.0,"gold_loss":85.0,"damage_taken":0.0},{"damage_healed":0.0,"max_hp_gain":0.0,"max_hp_loss":0.0,"gold_gain":99.0,"event_name":"Nest","player_choice":"Stole From Cult","floor":30.0,"gold_loss":0.0,"damage_taken":0.0},{"damage_healed":52.0,"max_hp_gain":0.0,"max_hp_loss":8.0,"gold_gain":0.0,"event_name":"The Moai Head","player_choice":"Heal","floor":38.0,"gold_loss":0.0,"damage_taken":0.0}],"is_beta":false,"boss_relics":[{"not_picked":["halation:SmartPhone","halation:Risk"],"picked":"conspire:SlowCooker"},{"not_picked":["aspiration:FutureDiary","halation:ForbiddenBikini"],"picked":"aspiration:PoetsPen_weak"}],"items_purged_floors":[2,5,8],"is_endless":false,"potions_floor_spawned":[6,12,13,16,18,19,31,33,36,37],"killed_by":"R_Hoarder","ascension_level":8}}