{"host":"9n6i2vl93jt4o42q","time":1613776513,"event":{"mods":["BaseMod","Minty Spire (QoL Compilation)","Relic Stats"],"gold_per_floor":[118,118,83,100,174,202,218,218,218,236,255,13,13,25,25,102,102,117,117,42,42,42,42,42],"floor_reached":23,"language":"ENG","playtime":1459,"items_purged":["Strike_G"],"score":378,"play_id":"7c70613b-321b-4abc-9041-6a095f33286e","local_time":"20210220001513","is_ascension_mode":true,"campfire_choices":[{"floor":8.0,"key":"REST"},{"floor":15,"key":"REST"}],"circlet_count":0,"master_deck":["AscendersBane","Defend_G","Defend_G","Defend_G","Defend_G","Defend_G","Survivor","Neutralize","Burst","Dagger Spray","Predator","After Image","Slice","PiercingWail","Deadly Poison","Flying Knee","Backstab","Leg Sweep","Bullet Time","Flechettes","Terror"],"relics":["Ring of the Snake","Ornamental Fan","Shovel","Turnip","HoveringKite"],"acts_visited":["Exordium","TheCity"],"potions_floor_usage":[16,16,18],"damage_taken":[{"damage":0.0,"enemies":"2 Louse","floor":1.0,"turns":4.0},{"damage":20.0,"enemies":"Jaw Worm","floor":4.0,"turns":7.0},{"damage":22.0,"enemies":"Gremlin Nob","floor":6.0,"turns":4.0},{"damage":2.0,"enemies":"Cultist","floor":7.0,"turns":4.0},{"damage":10.0,"enemies":"Lots of Slimes","floor":10.0,"turns":3.0},{"damage":3.0,"enemies":"Large Slime","floor":11.0,"turns":8.0},{"damage":5,"enemies":"3 Louse","floor":14,"turns":3},{"damage":18,"enemies":"Slime Boss","floor":16,"turns":10},{"damage":10,"enemies":"Chosen","floor":18,"turns":8},{"damage":36,"enemies":"Book of Stabbing","floor":23,"turns":6}],"seed_played":"-7357751002517709130","potions_obtained":[{"floor":4.0,"key":"Explosive Potion"},{"floor":14,"key":"Explosive Potion"},{"floor":16,"key":"SkillPotion"},{"floor":18,"key":"FearPotion"}],"is_trial":false,"path_per_floor":["M","?","?","M","?","E","M","R","T","M","M","$","?","M","R","B",null,"M","?","?","?","$","E"],"character_chosen":"THE_SILENT","items_purchased":["Flying Knee","Backstab","PowerPotion"],"campfire_rested":2,"item_purchase_floors":[12,12,12],"current_hp_per_floor":[59,33,48,28,28,6,4,22,22,12,9,9,9,4,22,4,46,36,36,36,36,36,0,0],"gold":42,"neow_bonus":"THREE_RARE_CARDS","is_daily":false,"chose_seed":false,"campfire_upgraded":0,"win_rate":0.0,"timestamp":1613776513,"path_taken":["M","?","?","M","?","E","?","R","T","M","M","$","?","M","R","BOSS","M","?","?","?","$","E"],"items_purchased_type":["Card","Card","Potion"],"build_version":"2020-12-22","purchased_purges":1,"victory":false,"max_hp_per_floor":[60,60,60,60,60,60,60,60,60,60,60,60,60,60,60,60,60,60,60,60,60,60,60,60],"relic_stats":{"Shovel":0,"counters":[10,57],"Ornamental Fan":[56],"HoveringKite":[2],"Turnip":[8],"obtain_stats":[{"Shovel":6,"Ornamental Fan":2,"HoveringKite":17,"Turnip":9,"Ring of the Snake":0},{"Shovel":3,"Ornamental Fan":1,"HoveringKite":8,"Turnip":4,"Ring of the Snake":0},{"Shovel":15,"Ornamental Fan":4,"HoveringKite":43,"Turnip":19,"Ring of the Snake":0}],"Ring of the Snake":[20]},"card_choices":[{"not_picked":["Tools of the Trade","Wraith Form v2"],"picked":"Burst","floor":0.0},{"not_picked":["Outmaneuver","Prepared"],"picked":"Dagger Spray","floor":1.0},{"not_picked":["Expertise","Dagger Spray"],"picked":"Predator","floor":4.0},{"not_picked":["Poisoned Stab","Storm of Steel"],"picked":"After Image","floor":6.0},{"not_picked":["Prepared","Distraction"],"picked":"Slice","floor":7.0},{"not_picked":["Dodge and Roll","Riddle With Holes"],"picked":"PiercingWail","floor":10.0},{"not_picked":["Bullet Time","Expertise"],"picked":"Deadly Poison","floor":11.0},{"not_picked":["Accuracy","Outmaneuver"],"picked":"Leg Sweep","floor":14},{"not_picked":["A Thousand Cuts","Unload"],"picked":"Bullet Time","floor":16},{"not_picked":["Finisher","Deflect","Dagger Spray"],"picked":"SKIP","floor":18}],"player_experience":2586111,"relics_obtained":[{"floor":6.0,"key":"Shovel"},{"floor":9.0,"key":"Turnip"}],"event_choices":[{"damage_healed":0.0,"max_hp_gain":0.0,"max_hp_loss":0.0,"gold_gain":0.0,"event_name":"Scrap Ooze","player_choice":"Success","floor":2.0,"gold_loss":0.0,"damage_taken":26.0,"relics_obtained":["Ornamental Fan"]},{"damage_healed":15.0,"max_hp_gain":0.0,"max_hp_loss":0.0,"gold_gain":0.0,"event_name":"The Cleric","player_choice":"Healed","floor":3.0,"gold_loss":35.0,"damage_taken":0.0},{"damage_healed":0.0,"max_hp_gain":0.0,"max_hp_loss":0.0,"gold_gain":74.0,"event_name":"Golden Wing","player_choice":"Gained Gold","floor":5.0,"gold_loss":0.0,"damage_taken":0.0},{"damage_healed":0,"gold_gain":0,"player_choice":"Searched \u00271\u0027 times","damage_taken":0,"max_hp_gain":0,"max_hp_loss":0,"event_name":"Dead Adventurer","floor":13,"gold_loss":0},{"damage_healed":0,"gold_gain":0,"cards_transformed":["Strike_G","Strike_G"],"player_choice":"Became Test Subject","damage_taken":0,"max_hp_gain":0,"max_hp_loss":0,"event_name":"Drug Dealer","floor":19,"gold_loss":0,"cards_obtained":["Flechettes","Terror"]},{"cards_removed":["Strike_G"],"damage_healed":0,"gold_gain":0,"player_choice":"Gave Gold","damage_taken":0,"max_hp_gain":0,"max_hp_loss":0,"event_name":"Beggar","floor":20,"gold_loss":75},{"cards_removed":["Strike_G"],"damage_healed":0,"gold_gain":0,"player_choice":"Purged","damage_taken":0,"max_hp_gain":0,"max_hp_loss":0,"event_name":"Purifier","floor":21,"gold_loss":0}],"is_beta":false,"boss_relics":[{"not_picked":["Ring of the Serpent","SacredBark"],"picked":"HoveringKite"}],"items_purged_floors":[12],"is_endless":false,"potions_floor_spawned":[4,14,16,18],"killed_by":"Book of Stabbing","ascension_level":20}}