{"host":"ow66nzv2xecjoor3","time":1613695773,"event":{"mods":["BaseMod","Bestiary","Block Reminder","Colored Powertips","Curses Come First","Highlight Path","Keyboard Shortcuts","Minty Spire (QoL Compilation)","Permanent Neow","Relic Stats","StSLib","UnlockEverythingMod"],"gold_per_floor":[113,263,280,110,129,162,182,182,182,215,234,249,45,45,45,45,45],"floor_reached":16,"language":"ENG","playtime":747,"items_purged":["Doubt","Strike_B"],"score":224,"play_id":"fc5e7787-3e4d-4c36-8b5d-7590498556bb","local_time":"20210218184933","is_ascension_mode":true,"campfire_choices":[{"floor":8.0,"key":"REST"},{"data":"Capacitor","floor":15,"key":"SMITH"}],"circlet_count":0,"master_deck":["AscendersBane","Strike_B+1","Strike_B+1","Defend_B","Defend_B","Defend_B","Defend_B","Zap","Dualcast","Capacitor+1","White Noise","Scrape","Lockon","Undo","Coolheaded","Genetic Algorithm","Genetic Algorithm+1","Steam+1","Chaos+1","Coolheaded+1","Barrage"],"relics":["Cracked Core","Whetstone","Centennial Puzzle","Toxic Egg 2","NlothsMask"],"acts_visited":["Exordium"],"potions_floor_usage":[10,11],"damage_taken":[{"damage":2.0,"enemies":"Jaw Worm","floor":1.0,"turns":4.0},{"damage":2.0,"enemies":"2 Louse","floor":3.0,"turns":4.0},{"damage":1.0,"enemies":"Cultist","floor":5.0,"turns":3.0},{"damage":43.0,"enemies":"Lagavulin","floor":6.0,"turns":9.0},{"damage":2.0,"enemies":"Looter","floor":7.0,"turns":5.0},{"damage":27,"enemies":"3 Sentries","floor":10,"turns":9},{"damage":8,"enemies":"3 Louse","floor":11,"turns":8},{"damage":1,"enemies":"Blue Slaver","floor":12,"turns":5},{"damage":18,"enemies":"Hexaghost","floor":16,"turns":9}],"seed_played":"2903768083154772864","potions_obtained":[{"floor":1.0,"key":"Ancient Potion"},{"floor":7.0,"key":"PotionOfCapacity"},{"floor":10,"key":"Regen Potion"}],"is_trial":false,"path_per_floor":["M","?","M","$","M","E","M","R","T","E","M","M","$","?","R","B"],"character_chosen":"DEFECT","items_purchased":["SteroidPotion","Lockon","Coolheaded+1","Barrage"],"campfire_rested":1,"item_purchase_floors":[4,4,13,13],"current_hp_per_floor":[62,62,60,60,59,16,14,35,35,8,15,14,14,14,14,0,0],"gold":45,"neow_bonus":"TRANSFORM_CARD","is_daily":false,"chose_seed":false,"campfire_upgraded":1,"win_rate":0.0,"timestamp":1613695773,"path_taken":["M","?","M","$","M","E","M","R","T","E","M","M","$","?","R","BOSS"],"items_purchased_type":["Potion","Card","Card","Card"],"build_version":"2020-12-22","purchased_purges":2,"victory":false,"max_hp_per_floor":[71,71,71,71,71,71,71,71,71,71,71,71,71,71,71,71,71],"relic_stats":{"Centennial Puzzle":[12],"counters":[9,56],"Whetstone":["Strike_B","Strike_B"],"obtain_stats":[{"Centennial Puzzle":9,"Whetstone":6,"Toxic Egg 2":10,"Cracked Core":0,"NlothsMask":14},{"Centennial Puzzle":5,"Whetstone":4,"Toxic Egg 2":6,"Cracked Core":0,"NlothsMask":8},{"Centennial Puzzle":25,"Whetstone":20,"Toxic Egg 2":34,"Cracked Core":0,"NlothsMask":47}]},"card_choices":[{"not_picked":["Leap","Streamline"],"picked":"White Noise","floor":1.0},{"not_picked":["Hologram","Beam Cell"],"picked":"Scrape","floor":3.0},{"not_picked":["Sweeping Beam","Cold Snap"],"picked":"Undo","floor":5.0},{"not_picked":["Compile Driver","Rebound"],"picked":"Coolheaded","floor":6.0},{"not_picked":["Coolheaded","Hologram"],"picked":"Genetic Algorithm","floor":7.0},{"not_picked":["Storm","Cold Snap"],"picked":"Genetic Algorithm+1","floor":10},{"not_picked":["Sunder","Redo+1"],"picked":"Steam+1","floor":11},{"not_picked":["Cold Snap","Hologram+1"],"picked":"Chaos+1","floor":12}],"player_experience":2882127,"relics_obtained":[{"floor":6.0,"key":"Whetstone"},{"floor":9.0,"key":"Centennial Puzzle"},{"floor":10,"key":"Toxic Egg 2"}],"event_choices":[{"damage_healed":0.0,"max_hp_gain":0.0,"max_hp_loss":0.0,"gold_gain":150.0,"event_name":"Liars Game","player_choice":"AGREE","floor":2.0,"gold_loss":0.0,"damage_taken":0.0,"cards_obtained":["Doubt"]},{"damage_healed":0,"gold_gain":0,"player_choice":"Trade","damage_taken":0,"relics_obtained":["NlothsMask"],"max_hp_gain":0,"max_hp_loss":0,"event_name":"FaceTrader","floor":14,"gold_loss":0}],"is_beta":false,"boss_relics":[],"items_purged_floors":[4,13],"is_endless":false,"potions_floor_spawned":[1,5,7,10],"killed_by":"Hexaghost","ascension_level":20}}