{"host":"sxnl403xm2xmiyj1","time":1613737444,"event":{"mods":["BaseMod","Colored Map","Keyboard Shortcuts","Koishi","Minty Spire (QoL Compilation)","Quick Restart","StSLib","SuperFastMode"],"gold_per_floor":[111,61,136,59,73,73,86,86,165,200,256,256,274,299,299,377,427,438,438,457,22,22,54,54,68,115,143,186,286,315,38,38,124,124,148,182,32,60,82,82,121,121,130,147,168,187,222,252,252,252,252,252,10,45,45],"floor_reached":56,"language":"KOR","playtime":1774,"items_purged":["Koishi:BasicStrike"],"score":1954,"play_id":"c9917f43-6b7e-4c0d-beed-ca101ea888eb","local_time":"20210219212404","is_ascension_mode":true,"campfire_choices":[{"data":"Koishi:HeartAttack","floor":6.0,"key":"SMITH"},{"data":"Koishi:UnconsciousUprising","floor":8.0,"key":"SMITH"},{"data":"Koishi:CatchAndRose","floor":12.0,"key":"SMITH"},{"data":"Koishi:FidgetySnatcher","floor":15.0,"key":"SMITH"},{"data":"Apotheosis","floor":24.0,"key":"SMITH"},{"data":"Koishi:Untouchable","floor":32.0,"key":"SMITH"},{"data":"Koishi:PredatoryInstincts","floor":40.0,"key":"SMITH"},{"floor":42.0,"key":"RECALL"},{"data":"Koishi:PerfectMindControl","floor":49.0,"key":"SMITH"},{"data":"Koishi:MentalBreakdown","floor":52,"key":"SMITH"}],"circlet_count":0,"master_deck":["AscendersBane","Koishi:BasicDefend","Koishi:BasicDefend","Koishi:BasicDefend","Koishi:Provoke","Koishi:HauntingSlash","Koishi:VengefulSpirit+1","Koishi:HeartAttack+1","Koishi:UnconsciousUprising+1","Koishi:CatchAndRose+1","Koishi:RuptureMind","Koishi:FidgetySnatcher+1","Koishi:PredatoryInstincts+1","Koishi:PerfectMindControl+1","Koishi:CatchAndRose","Koishi:Untouchable+1","Koishi:MentalBreakdown+1","Apotheosis+1","Koishi:CatchAndRose","Koishi:PredatoryInstincts+1","Koishi:MindNumbingTerror","Koishi:Catatonia","Koishi:PredatoryInstincts","Koishi:UnseenTerror","Koishi:MindNumbingTerror","Koishi:MindStellarRelief","Koishi:CatchAndRose+1","Koishi:CatchAndRose+1","Koishi:DreadfulBlow","Koishi:FleetingPhantom+1","Koishi:Ego+1","Parasite","Koishi:ParalyzingFear+1","Koishi:PhantomStrike+1","Koishi:ConfinedInnocent+1","Parasite","Koishi:UnseenTerror","Koishi:FidgetySnatcher+1","Koishi:SubterraneanRose","Koishi:JumpScare","Koishi:PhantomBarrier"],"relics":["Koishi:ImaginaryFriend","Question Card","Du-Vu Doll","Pantograph","Tiny House","Frozen Egg 2","InkBottle","CeramicFish","Toy Ornithopter","Lee\u0027s Waffle","Cursed Key","Dead Branch","Membership Card","Koishi:TeethAndClaws","Regal Pillow","TungstenRod","Blue Candle"],"acts_visited":["Exordium","TheCity","TheBeyond","TheEnding"],"potions_floor_usage":[],"damage_taken":[{"damage":5.0,"enemies":"2 Louse","floor":1.0,"turns":4.0},{"damage":0.0,"enemies":"Small Slimes","floor":5.0,"turns":2.0},{"damage":1.0,"enemies":"Jaw Worm","floor":7.0,"turns":2.0},{"damage":30.0,"enemies":"Gremlin Nob","floor":10.0,"turns":4.0},{"damage":0.0,"enemies":"2 Fungi Beasts","floor":13.0,"turns":4.0},{"damage":4.0,"enemies":"Lagavulin","floor":14.0,"turns":5.0},{"damage":13.0,"enemies":"The Guardian","floor":16.0,"turns":9.0},{"damage":10.0,"enemies":"Shell Parasite","floor":18.0,"turns":6.0},{"damage":0.0,"enemies":"Chosen","floor":20.0,"turns":6.0},{"damage":51.0,"enemies":"Gremlin Leader","floor":23.0,"turns":7.0},{"damage":6.0,"enemies":"Centurion and Healer","floor":25.0,"turns":8.0},{"damage":26.0,"enemies":"Shelled Parasite and Fungi","floor":27.0,"turns":6.0},{"damage":39.0,"enemies":"Slavers","floor":28.0,"turns":5.0},{"damage":10.0,"enemies":"Snake Plant","floor":30.0,"turns":3.0},{"damage":34.0,"enemies":"Collector","floor":33.0,"turns":9.0},{"damage":37.0,"enemies":"3 Shapes","floor":35.0,"turns":5.0},{"damage":0.0,"enemies":"Mind Bloom Boss Battle","floor":36.0,"turns":8.0},{"damage":24.0,"enemies":"Orb Walker","floor":38.0,"turns":3.0},{"damage":26.0,"enemies":"Writhing Mass","floor":39.0,"turns":6.0},{"damage":26.0,"enemies":"Reptomancer","floor":41.0,"turns":6.0},{"damage":0.0,"enemies":"Maw","floor":44.0,"turns":6.0},{"damage":33.0,"enemies":"Jaw Worm Horde","floor":45.0,"turns":5.0},{"damage":0.0,"enemies":"3 Darklings","floor":46.0,"turns":7.0},{"damage":36.0,"enemies":"Nemesis","floor":47.0,"turns":5.0},{"damage":1.0,"enemies":"Writhing Mass","floor":48.0,"turns":6.0},{"damage":38,"enemies":"Donu and Deca","floor":50,"turns":10},{"damage":23,"enemies":"Shield and Spear","floor":54,"turns":7},{"damage":62,"enemies":"The Heart","floor":55,"turns":11}],"seed_played":"-7262901195356563120","potions_obtained":[{"floor":10.0,"key":"SkillPotion"},{"floor":13.0,"key":"Block Potion"},{"floor":17.0,"key":"DistilledChaos"},{"floor":25.0,"key":"DuplicationPotion"},{"floor":28.0,"key":"SpeedPotion"},{"floor":30.0,"key":"AttackPotion"},{"floor":38.0,"key":"LiquidMemories"},{"floor":39.0,"key":"SkillPotion"},{"floor":44.0,"key":"Swift Potion"},{"floor":47.0,"key":"AttackPotion"}],"is_trial":false,"path_per_floor":["M","?","?","$","M","R","M","R","T","E","?","R","M","E","R","B",null,"M","?","M","$","?","E","R","M","T","M","E","?","M","$","R","B",null,"M","?","$","M","M","R","E","R","T","M","M","M","E","M","R","B",null,"R","$","E","B",null],"character_chosen":"KOISHI","items_purchased":["Koishi:HeartAttack","Apotheosis","Frozen Egg 2","Koishi:UnseenTerror","Koishi:MindNumbingTerror","Lee\u0027s Waffle","Membership Card","Koishi:FidgetySnatcher+1","TungstenRod","Koishi:SubterraneanRose","Koishi:JumpScare"],"campfire_rested":0,"item_purchase_floors":[4,21,21,31,31,31,37,53,53,53,53],"current_hp_per_floor":[51,51,40,40,41,41,40,40,40,11,11,11,11,10,10,30,53,50,50,54,54,54,18,18,52,52,55,55,55,45,66,66,55,63,46,66,66,46,47,47,60,60,60,66,66,66,46,57,57,52,63,63,63,66,35],"gold":45,"neow_bonus":"REMOVE_TWO","is_daily":false,"chose_seed":false,"campfire_upgraded":9,"win_rate":0.0,"timestamp":1613737444,"path_taken":["M","?","?","$","M","R","M","R","T","E","?","R","M","E","R","BOSS","M","?","M","$","?","E","R","M","T","M","E","?","?","?","R","BOSS","M","?","$","M","M","R","E","R","T","M","M","M","E","M","R","BOSS","R","$","E","BOSS"],"items_purchased_type":["Card","Card","Relic","Card","Card","Relic","Relic","Card","Relic","Card","Card"],"build_version":"2020-12-22","purchased_purges":1,"victory":true,"max_hp_per_floor":[54,54,54,54,54,54,54,54,54,54,54,54,54,54,54,54,59,59,59,59,59,59,59,59,59,59,59,59,59,59,66,66,66,66,66,66,66,66,66,66,66,66,66,66,66,66,66,66,66,66,66,66,66,66,66],"card_choices":[{"not_picked":["Koishi:DreadfulBlow","Koishi:EmbersOfLove"],"picked":"Koishi:VengefulSpirit","floor":1.0},{"not_picked":["Koishi:PhantomStrike","Koishi:StingingMind"],"picked":"Koishi:UnconsciousUprising","floor":5.0},{"not_picked":["Koishi:Catatonia","Koishi:FourthEye"],"picked":"Koishi:CatchAndRose","floor":7.0},{"not_picked":["Koishi:RacingHeart","Koishi:DreadfulBlow","Koishi:Possession"],"picked":"Koishi:RuptureMind","floor":10.0},{"not_picked":["Koishi:SubterraneanRose","Koishi:BramblyRoseGarden","Koishi:YoukaiPolygraph"],"picked":"Koishi:FidgetySnatcher","floor":13.0},{"not_picked":["Koishi:UnconsciousUprising","Koishi:SubterraneanRose","Koishi:RorschachInDanmaku"],"picked":"Koishi:PredatoryInstincts","floor":14.0},{"not_picked":["Koishi:MentalBreakdown","Koishi:FadingMemory","Koishi:ConditionedTeleport"],"picked":"Koishi:PerfectMindControl","floor":16.0},{"not_picked":["Koishi:RacingHeart","Koishi:StingingMind","Koishi:DreadfulBlow"],"picked":"Koishi:CatchAndRose","floor":17.0},{"not_picked":["Koishi:UnansweredLove","Koishi:PredatoryInstincts","Koishi:ParalyzingFear"],"picked":"Koishi:Untouchable","floor":18.0},{"not_picked":["Koishi:MindNumbingTerror","Koishi:SubterraneanRose","Koishi:PhantomStrike"],"picked":"Koishi:MentalBreakdown","floor":20.0},{"not_picked":["Koishi:Prune","Koishi:SubterraneanRose","Koishi:SpiritedAway"],"picked":"Koishi:CatchAndRose","floor":23.0},{"not_picked":["Koishi:SubconsciousSweep","Koishi:ReflexRadar","Koishi:DreadfulBlow"],"picked":"Koishi:PredatoryInstincts+1","floor":25.0},{"not_picked":["Koishi:PhantomStrike+1","Koishi:Bloodlust+1","Koishi:StrangeCloudFist+1"],"picked":"Koishi:MindNumbingTerror","floor":27.0},{"not_picked":["Koishi:JumpScare","Koishi:EmbryosDream+1","Koishi:ReflexRadar"],"picked":"Koishi:Catatonia","floor":28.0},{"not_picked":["Koishi:PhantomStrike","Koishi:SilentAndRestless","Koishi:HeartfeltFancy"],"picked":"Koishi:PredatoryInstincts","floor":30.0},{"not_picked":["Koishi:FadingMemory","Koishi:ImGoingToCallYouNow","Koishi:RoseHell"],"picked":"Koishi:MindStellarRelief","floor":33.0},{"not_picked":["Koishi:HeartfeltFancy","Koishi:Jaunt","Koishi:HeartAttack"],"picked":"Koishi:CatchAndRose+1","floor":35.0},{"not_picked":["Koishi:FleetingPhantom","Koishi:DNAsFlaw","Koishi:ReflexRadar"],"picked":"Koishi:CatchAndRose+1","floor":36.0},{"not_picked":["Koishi:RorschachInDanmaku","Koishi:GeneticsOfTheUnconscious","Koishi:MindNumbingTerror"],"picked":"Koishi:DreadfulBlow","floor":38.0},{"not_picked":["Koishi:ConditionedTeleport","Koishi:Prune","Koishi:Jaunt"],"picked":"Koishi:FleetingPhantom+1","floor":39.0},{"not_picked":["Koishi:StingingMind+1","Koishi:Possession","Koishi:ParalyzingFear+1"],"picked":"Koishi:Ego+1","floor":41.0},{"not_picked":["Koishi:RorschachInDanmaku+1","Koishi:StrangeCloudFist+1","Koishi:ReflexRadar","Koishi:IdleWhim"],"picked":"SKIP","floor":44.0},{"not_picked":["Koishi:SprinkleStarAndHeart","Koishi:CatchAndRose","Koishi:IdleWhim"],"picked":"Koishi:ParalyzingFear+1","floor":45.0},{"not_picked":["Koishi:HeartfeltFancy+1","Koishi:LastRemote","Koishi:EmbersOfLove+1"],"picked":"Koishi:PhantomStrike+1","floor":46.0},{"not_picked":["Koishi:PhantomBarrier","Koishi:ReleaseOfTheId","Koishi:JumpScare+1"],"picked":"Koishi:ConfinedInnocent+1","floor":47.0},{"not_picked":["Koishi:BloodcurdlingScream","Koishi:LastRemote","Koishi:FleetingPhantom"],"picked":"Koishi:UnseenTerror","floor":48.0},{"not_picked":["Koishi:PhantomStrike","Koishi:SpiritedAway","Koishi:Jaunt"],"picked":"Koishi:PhantomBarrier","floor":54}],"player_experience":269069,"relics_obtained":[{"floor":9.0,"key":"Question Card"},{"floor":10.0,"key":"Du-Vu Doll"},{"floor":14.0,"key":"Pantograph"},{"floor":23.0,"key":"InkBottle"},{"floor":26.0,"key":"CeramicFish"},{"floor":28.0,"key":"Toy Ornithopter"},{"floor":36.0,"key":"Dead Branch"},{"floor":41.0,"key":"Koishi:TeethAndClaws"},{"floor":47.0,"key":"Regal Pillow"},{"floor":54,"key":"Blue Candle"}],"event_choices":[{"cards_removed":["Koishi:BasicStrike"],"damage_healed":0.0,"max_hp_gain":0.0,"max_hp_loss":0.0,"gold_gain":0.0,"event_name":"The Cleric","player_choice":"Card Removal","floor":2.0,"gold_loss":50.0,"damage_taken":0.0},{"damage_healed":0.0,"max_hp_gain":0.0,"max_hp_loss":0.0,"gold_gain":75.0,"event_name":"World of Goop","player_choice":"Gather Gold","floor":3.0,"gold_loss":0.0,"damage_taken":11.0},{"damage_healed":0.0,"max_hp_gain":0.0,"max_hp_loss":0.0,"gold_gain":56.0,"event_name":"Golden Wing","player_choice":"Gained Gold","floor":11.0,"gold_loss":0.0,"damage_taken":0.0},{"cards_removed":["Koishi:BasicStrike"],"damage_healed":0.0,"max_hp_gain":0.0,"max_hp_loss":0.0,"gold_gain":0.0,"event_name":"Back to Basics","player_choice":"Elegance","floor":19.0,"gold_loss":0.0,"damage_taken":0.0},{"damage_healed":0.0,"max_hp_gain":0.0,"max_hp_loss":0.0,"gold_gain":100.0,"event_name":"Golden Shrine","player_choice":"Pray","floor":29.0,"gold_loss":0.0,"damage_taken":0.0},{"damage_healed":0.0,"max_hp_gain":0.0,"max_hp_loss":0.0,"gold_gain":0.0,"event_name":"MindBloom","player_choice":"Fight","floor":36.0,"gold_loss":0.0,"damage_taken":0.0}],"is_beta":false,"boss_relics":[{"not_picked":["Runic Dome","Velvet Choker"],"picked":"Tiny House"},{"not_picked":["Pandora\u0027s Box","SacredBark"],"picked":"Cursed Key"}],"items_purged_floors":[53],"is_endless":false,"potions_floor_spawned":[10,13,25,28,30,38,39,44,47],"ascension_level":13}}