{"host":"vx9g5eyuglzorf3u","time":1613733964,"event":{"mods":["2.2 Compatiblity","BaseMod","DeckTracker","Keyboard Shortcuts","Minty Spire (QoL Compilation)","Relic Stats","StSLib","SuperFastMode","everything is the same but u backflip on backflip"],"gold_per_floor":[111,130,130,143,154,154,166,194,194,194,194,194,204,221,221,295,295,314,284,304,11,24,24,56,69,69,103,103,113,113,113,113,191,191,204,204,71,86,86,117,117,137,163,163,63,84,109,130,130,130,130,130,130,49,81,81,81],"floor_reached":56,"language":"KOR","playtime":1799,"items_purged":["Searing Blow+1","Writhe"],"score":1892,"play_id":"9c8e94ce-21cc-4949-803a-7bab24a61780","local_time":"20210219202604","is_ascension_mode":true,"campfire_choices":[{"data":"Perfected Strike","floor":6.0,"key":"SMITH"},{"floor":12.0,"key":"REST"},{"data":"Carnage","floor":15.0,"key":"SMITH"},{"data":"Perfected Strike","floor":23.0,"key":"SMITH"},{"floor":28.0,"key":"REST"},{"data":"Evolve","floor":30.0,"key":"SMITH"},{"data":"Uppercut","floor":32.0,"key":"SMITH"},{"data":"Power Through","floor":41.0,"key":"SMITH"},{"data":"Perfected Strike","floor":44.0,"key":"SMITH"},{"floor":49.0,"key":"RECALL"},{"data":"Feel No Pain","floor":53.0,"key":"SMITH"}],"circlet_count":0,"master_deck":["AscendersBane","Strike_R","Strike_R+1","Strike_R","Strike_R","Strike_R","Defend_R","Bash+1","Twin Strike","Feel No Pain+1","Dropkick","Perfected Strike+1","Twin Strike","Power Through+1","Carnage+1","Barricade","Uppercut+1","Perfected Strike+1","Evolve+1","Perfected Strike+1","Entrench","Sword Boomerang+1","Immolate","Reaper","Corruption+1","Reaper+1","Shrug It Off","Twin Strike","Armaments+1","Ghostly Armor+1","Shrug It Off","Ghostly Armor","Pommel Strike+1","Rupture+1"],"relics":["Burning Blood","Thread and Needle","Boot","Mummified Hand","Shuriken","Snecko Eye","Akabeko","Matryoshka","Ancient Tea Set","StrikeDummy","MealTicket","Astrolabe","Smiling Mask","CeramicFish","Whetstone","Pocketwatch"],"acts_visited":["Exordium","TheCity","TheBeyond","TheEnding"],"potions_floor_usage":[56],"damage_taken":[{"damage":3.0,"enemies":"Jaw Worm","floor":1.0,"turns":5.0},{"damage":0.0,"enemies":"2 Louse","floor":2.0,"turns":3.0},{"damage":3.0,"enemies":"Small Slimes","floor":4.0,"turns":5.0},{"damage":0.0,"enemies":"Gremlin Gang","floor":5.0,"turns":5.0},{"damage":2.0,"enemies":"Looter","floor":7.0,"turns":3.0},{"damage":25.0,"enemies":"Gremlin Nob","floor":8.0,"turns":4.0},{"damage":12.0,"enemies":"Large Slime","floor":13.0,"turns":4.0},{"damage":0.0,"enemies":"Exordium Wildlife","floor":14.0,"turns":5.0},{"damage":8.0,"enemies":"Slime Boss","floor":16.0,"turns":9.0},{"damage":12.0,"enemies":"Shell Parasite","floor":18.0,"turns":4.0},{"damage":5.0,"enemies":"2 Thieves","floor":20.0,"turns":4.0},{"damage":20.0,"enemies":"Shelled Parasite and Fungi","floor":22.0,"turns":3.0},{"damage":6.0,"enemies":"Book of Stabbing","floor":24.0,"turns":2.0},{"damage":0.0,"enemies":"Snecko","floor":25.0,"turns":1.0},{"damage":29.0,"enemies":"Gremlin Leader","floor":27.0,"turns":5.0},{"damage":0.0,"enemies":"Centurion and Healer","floor":29.0,"turns":3.0},{"damage":56.0,"enemies":"Automaton","floor":33.0,"turns":7.0},{"damage":20.0,"enemies":"3 Shapes","floor":35.0,"turns":4.0},{"damage":12.0,"enemies":"Orb Walker","floor":38.0,"turns":2.0},{"damage":25.0,"enemies":"Nemesis","floor":40.0,"turns":7.0},{"damage":7.0,"enemies":"Writhing Mass","floor":42.0,"turns":2.0},{"damage":0.0,"enemies":"Jaw Worm Horde","floor":46.0,"turns":2.0},{"damage":6.0,"enemies":"Spire Growth","floor":47.0,"turns":3.0},{"damage":0.0,"enemies":"Maw","floor":48.0,"turns":5.0},{"damage":0.0,"enemies":"Time Eater","floor":50.0,"turns":11.0},{"damage":50.0,"enemies":"Awakened One","floor":51.0,"turns":14.0},{"damage":16.0,"enemies":"Shield and Spear","floor":55.0,"turns":5.0},{"damage":78,"enemies":"The Heart","floor":56,"turns":3}],"seed_played":"3482311674874056310","potions_obtained":[{"floor":1.0,"key":"Block Potion"},{"floor":5.0,"key":"GamblersBrew"},{"floor":8.0,"key":"Block Potion"},{"floor":16.0,"key":"GamblersBrew"},{"floor":18.0,"key":"Fruit Juice"},{"floor":19.0,"key":"Weak Potion"},{"floor":25.0,"key":"LiquidBronze"},{"floor":33.0,"key":"Fire Potion"},{"floor":35.0,"key":"Explosive Potion"},{"floor":42.0,"key":"LiquidMemories"},{"floor":48.0,"key":"SkillPotion"},{"floor":55.0,"key":"FearPotion"}],"is_trial":false,"path_per_floor":["M","M","?","M","M","R","M","E","T","?","?","R","M","M","R","B",null,"M","?","M","$","M","R","E","M","T","E","R","M","R","?","R","B",null,"M","?","$","M","?","E","R","M","T","R","$","M","M","M","R","B","B",null,"R","$","E","B"],"character_chosen":"IRONCLAD","items_purchased":["Perfected Strike","Akabeko","Evolve","Shrug It Off","Shrug It Off","GamblersBrew"],"campfire_rested":2,"item_purchase_floors":[21,21,21,37,45,54],"current_hp_per_floor":[68,68,73,73,73,73,73,54,54,19,19,40,34,40,40,38,64,58,63,64,64,50,50,50,56,56,33,56,62,62,62,62,12,62,65,65,78,77,77,67,67,66,66,66,78,78,78,78,78,78,57,73,73,78,73,0,0],"gold":81,"neow_bonus":"ONE_RARE_RELIC","is_daily":false,"chose_seed":false,"campfire_upgraded":8,"win_rate":0.0,"timestamp":1613733964,"path_taken":["M","M","?","M","M","R","M","E","T","?","?","R","M","M","R","BOSS","M","?","M","$","M","R","E","M","T","E","R","?","R","?","R","BOSS","M","?","$","M","?","E","R","M","T","R","$","?","M","M","R","BOSS","BOSS","R","$","E","BOSS"],"items_purchased_type":["Card","Relic","Card","Card","Card","Potion"],"build_version":"2020-12-22","purchased_purges":2,"victory":false,"max_hp_per_floor":[68,68,73,73,73,73,73,73,73,73,73,73,73,73,73,73,73,73,78,78,78,78,78,78,78,78,78,78,78,78,78,78,78,78,78,78,78,78,78,78,78,78,78,78,78,78,78,78,78,78,78,78,78,78,78,78,78],"relic_stats":{"counters":[28,130],"Astrolabe":["Corruption","Reaper","Searing Blow"],"CeramicFish":36,"Whetstone":["Strike_R","Bash"],"Boot":[50],"Smiling Mask":50,"Burning Blood":122,"Mummified Hand":[87],"Shuriken":[52],"Snecko Eye":[174,159,151,150],"MealTicket":30,"obtain_stats":[{"Astrolabe":34,"CeramicFish":43,"Thread and Needle":0,"Whetstone":43,"Boot":8,"Ancient Tea Set":26,"Smiling Mask":40,"Burning Blood":0,"Akabeko":21,"Matryoshka":24,"Mummified Hand":9,"Shuriken":10,"Snecko Eye":17,"MealTicket":31,"StrikeDummy":27,"Pocketwatch":55},{"Astrolabe":17,"CeramicFish":21,"Thread and Needle":0,"Whetstone":21,"Boot":6,"Ancient Tea Set":14,"Smiling Mask":20,"Burning Blood":0,"Akabeko":11,"Matryoshka":13,"Mummified Hand":6,"Shuriken":6,"Snecko Eye":9,"MealTicket":16,"StrikeDummy":15,"Pocketwatch":27},{"Astrolabe":72,"CeramicFish":87,"Thread and Needle":0,"Whetstone":87,"Boot":25,"Ancient Tea Set":57,"Smiling Mask":85,"Burning Blood":0,"Akabeko":51,"Matryoshka":56,"Mummified Hand":25,"Shuriken":25,"Snecko Eye":43,"MealTicket":65,"StrikeDummy":62,"Pocketwatch":127}],"Pocketwatch":[0]},"card_choices":[{"not_picked":["Sentinel","Clash"],"picked":"Twin Strike","floor":1.0},{"not_picked":["Anger","Clash"],"picked":"Feel No Pain","floor":2.0},{"not_picked":["Rupture","Warcry"],"picked":"Dropkick","floor":4.0},{"not_picked":["Shrug It Off","Wild Strike"],"picked":"Perfected Strike","floor":5.0},{"not_picked":["Hemokinesis","Cleave","Infernal Blade"],"picked":"SKIP","floor":7.0},{"not_picked":["Battle Trance","Thunderclap"],"picked":"Twin Strike","floor":8.0},{"not_picked":["Flame Barrier","Headbutt"],"picked":"Power Through","floor":13.0},{"not_picked":["Impervious","Ghostly Armor"],"picked":"Carnage","floor":14.0},{"not_picked":["Impervious","Limit Break"],"picked":"Barricade","floor":16.0},{"not_picked":["Flex","Infernal Blade","Wild Strike"],"picked":"SKIP","floor":18.0},{"not_picked":["Ghostly Armor","Burning Pact"],"picked":"Uppercut","floor":20.0},{"not_picked":["Havoc","Clothesline"],"picked":"Perfected Strike","floor":22.0},{"not_picked":["Pummel","Clothesline"],"picked":"Entrench","floor":24.0},{"not_picked":["Warcry","True Grit","Havoc"],"picked":"SKIP","floor":25.0},{"not_picked":["Entrench+1","Body Slam"],"picked":"Sword Boomerang+1","floor":27.0},{"not_picked":["Sentinel","Anger"],"picked":"Immolate","floor":29.0},{"not_picked":["Immolate","Fiend Fire"],"picked":"Reaper","floor":33.0},{"not_picked":["Clash","Evolve","Spot Weakness"],"picked":"SKIP","floor":35.0},{"not_picked":["Cleave","Clash"],"picked":"Twin Strike","floor":38.0},{"not_picked":["Body Slam","Sever Soul"],"picked":"Armaments+1","floor":40.0},{"not_picked":["Whirlwind","Armaments+1"],"picked":"Ghostly Armor+1","floor":42.0},{"not_picked":["Warcry","Uppercut"],"picked":"Ghostly Armor","floor":46.0},{"not_picked":["Corruption","Cleave"],"picked":"Pommel Strike+1","floor":47.0},{"not_picked":["Thunderclap+1","Sword Boomerang"],"picked":"Rupture+1","floor":48.0},{"not_picked":["Flex","Sever Soul","Anger"],"picked":"SKIP","floor":55.0}],"player_experience":1528792,"relics_obtained":[{"floor":8.0,"key":"Boot"},{"floor":9.0,"key":"Mummified Hand"},{"floor":24.0,"key":"Matryoshka"},{"floor":26.0,"key":"Ancient Tea Set"},{"floor":27.0,"key":"StrikeDummy"},{"floor":40.0,"key":"Smiling Mask"},{"floor":43.0,"key":"CeramicFish"},{"floor":43.0,"key":"Whetstone"},{"floor":55.0,"key":"Pocketwatch"}],"event_choices":[{"damage_healed":0.0,"max_hp_gain":5.0,"max_hp_loss":0.0,"gold_gain":0.0,"event_name":"Big Fish","player_choice":"Donut","floor":3.0,"gold_loss":0.0,"damage_taken":0.0},{"damage_healed":0.0,"max_hp_gain":0.0,"max_hp_loss":0.0,"gold_gain":0.0,"event_name":"Scrap Ooze","player_choice":"Success","floor":10.0,"gold_loss":0.0,"damage_taken":35.0,"relics_obtained":["Shuriken"]},{"damage_healed":0.0,"max_hp_gain":0.0,"max_hp_loss":0.0,"gold_gain":0.0,"event_name":"Liars Game","player_choice":"Ignored","floor":11.0,"gold_loss":0.0,"damage_taken":0.0},{"damage_healed":0.0,"max_hp_gain":0.0,"max_hp_loss":0.0,"gold_gain":0.0,"event_name":"The Woman in Blue","player_choice":"Bought 2 Potions","floor":19.0,"gold_loss":0.0,"damage_taken":0.0},{"damage_healed":0.0,"max_hp_gain":0.0,"max_hp_loss":0.0,"gold_gain":0.0,"event_name":"The Mausoleum","player_choice":"Opened","floor":31.0,"gold_loss":0.0,"damage_taken":0.0,"relics_obtained":["MealTicket"],"cards_obtained":["Writhe"]},{"damage_healed":0.0,"max_hp_gain":0.0,"max_hp_loss":0.0,"gold_gain":0.0,"event_name":"Tomb of Lord Red Mask","player_choice":"Ignored","floor":36.0,"gold_loss":0.0,"damage_taken":0.0},{"damage_healed":0.0,"max_hp_gain":0.0,"max_hp_loss":0.0,"gold_gain":0.0,"event_name":"Match and Keep!","player_choice":"0 cards matched","floor":39.0,"gold_loss":0.0,"damage_taken":0.0,"cards_obtained":[]}],"is_beta":false,"boss_relics":[{"not_picked":["Calling Bell","Black Blood"],"picked":"Snecko Eye"},{"not_picked":["Tiny House","SacredBark"],"picked":"Astrolabe"}],"items_purged_floors":[37,45],"is_endless":false,"potions_floor_spawned":[1,5,8,16,18,20,25,29,33,35,42,46,48,55],"killed_by":"The Heart","ascension_level":20}}