{"host":"pjgcdp3h1plnbocs","time":1613694160,"event":{"mods":["AchievementEnabler","BaseMod","Colored Map","Downfall","Highlight Path","Minty Spire (QoL Compilation)","StSLib"],"gold_per_floor":[109,59,77,77,97,135,153,153,153],"floor_reached":8,"language":"ENG","playtime":214,"items_purged":[],"score":81,"play_id":"c1b31ceb-0c1f-47a7-bcd3-86db0082eea7","local_time":"20210219012240","is_ascension_mode":true,"campfire_choices":[],"circlet_count":0,"master_deck":["Strike_B","Strike_B","Defend_B","Defend_B","Defend_B","Zap","Dualcast","Capacitor","Gash","Gash","Beam Cell","Coolheaded"],"relics":["Cracked Core","Golden Idol","Omamori"],"acts_visited":["Exordium"],"potions_floor_usage":[6,8],"damage_taken":[{"damage":4,"enemies":"Jaw Worm","floor":1,"turns":3},{"damage":0,"enemies":"Small Slimes","floor":3,"turns":2},{"damage":1,"enemies":"Cultist","floor":5,"turns":3},{"damage":28,"enemies":"Gremlin Nob","floor":6,"turns":4},{"damage":8,"enemies":"2 Fungi Beasts","floor":7,"turns":3},{"damage":16,"enemies":"3 Sentries","floor":8,"turns":3}],"seed_played":"-4551710119584445074","potions_obtained":[{"floor":5,"key":"FearPotion"},{"floor":6,"key":"DuplicationPotion"},{"floor":7,"key":"Weak Potion"}],"is_trial":false,"path_per_floor":["M","?","M","?","M","E","M","E"],"character_chosen":"DEFECT","items_purchased":[],"campfire_rested":0,"item_purchase_floors":[],"current_hp_per_floor":[46,46,46,46,45,17,9,0,0],"gold":153,"neow_bonus":"REMOVE_TWO","is_daily":false,"chose_seed":false,"campfire_upgraded":0,"win_rate":0.0,"timestamp":1613694160,"path_taken":["M","?","M","?","M","E","M","E"],"items_purchased_type":[],"build_version":"2020-12-22","purchased_purges":0,"victory":false,"max_hp_per_floor":[75,75,75,69,69,69,69,69,69],"card_choices":[{"not_picked":["Go for the Eyes","Compile Driver"],"picked":"Capacitor","floor":1},{"not_picked":["Rebound","Double Energy"],"picked":"Gash","floor":3},{"not_picked":["Aggregate","Force Field"],"picked":"Gash","floor":5},{"not_picked":["Coolheaded","Glacier"],"picked":"Beam Cell","floor":6},{"not_picked":["Reprogram","Conserve Battery"],"picked":"Coolheaded","floor":7}],"player_experience":248729,"relics_obtained":[{"floor":6,"key":"Omamori"}],"event_choices":[{"cards_removed":["Strike_B"],"damage_healed":0,"gold_gain":0,"player_choice":"Card Removal","damage_taken":0,"max_hp_gain":0,"max_hp_loss":0,"event_name":"The Cleric","floor":2,"gold_loss":50},{"damage_healed":0,"gold_gain":0,"player_choice":"Lose Max HP","damage_taken":0,"relics_obtained":["Golden Idol"],"max_hp_gain":0,"max_hp_loss":6,"event_name":"Golden Idol","floor":4,"gold_loss":0}],"is_beta":false,"boss_relics":[],"items_purged_floors":[],"is_endless":false,"potions_floor_spawned":[5,6,7],"killed_by":"3 Sentries","ascension_level":8}}