{"host":"a3wpq7kyokchzawk","time":1613752946,"event":{"mods":["BaseMod","Colored Map","Highlight Path","Minty Spire (QoL Compilation)","Permanent Neow","Potion Indicator Mod","Relic Stats","Weighted Paths"],"gold_per_floor":[216,228,238,53,64,89,100,120,120,120,152,167,167,180,180,254,254,270,26,38,50,50,50,65,0,0,15,40,40,40,68,68,68,68],"floor_reached":33,"language":"ENG","playtime":3570,"items_purged":["Strike_G"],"score":677,"play_id":"f3baf94b-95ad-40d8-877f-e092e99e87a7","local_time":"20210219144226","is_ascension_mode":true,"campfire_choices":[{"floor":10.0,"key":"REST"},{"floor":13.0,"key":"REST"},{"data":"Burst","floor":15.0,"key":"SMITH"},{"floor":23.0,"key":"REST"},{"floor":30.0,"key":"REST"},{"floor":32,"key":"REST"}],"circlet_count":0,"master_deck":["AscendersBane","Strike_G","Strike_G","Strike_G","Strike_G+1","Defend_G","Defend_G","Defend_G","Defend_G","Defend_G","Survivor","Neutralize","Backstab+1","Caltrops","Crippling Poison","Deadly Poison","PiercingWail","Underhanded Strike","PiercingWail","Footwork","Burst+1","Predator","Prepared","Corpse Explosion","Dodge and Roll+1","Concentrate","Acrobatics","Shame","Blur","Acrobatics","Dodge and Roll","Bouncing Flask"],"relics":["Ring of the Snake","Sling","Regal Pillow","Bottled Tornado","Whetstone","Velvet Choker","Anchor","Potion Belt","Mango","Pen Nib","Snake Skull"],"acts_visited":["Exordium","TheCity"],"potions_floor_usage":[],"damage_taken":[{"damage":0.0,"enemies":"2 Louse","floor":1.0,"turns":4.0},{"damage":4.0,"enemies":"Jaw Worm","floor":2.0,"turns":5.0},{"damage":0.0,"enemies":"Cultist","floor":3.0,"turns":4.0},{"damage":4.0,"enemies":"Red Slaver","floor":5.0,"turns":3.0},{"damage":30.0,"enemies":"Gremlin Nob","floor":6.0,"turns":4.0},{"damage":7.0,"enemies":"2 Fungi Beasts","floor":7.0,"turns":3.0},{"damage":9.0,"enemies":"Looter","floor":8.0,"turns":4.0},{"damage":24.0,"enemies":"3 Sentries","floor":11.0,"turns":5.0},{"damage":11.0,"enemies":"Gremlin Gang","floor":12.0,"turns":4.0},{"damage":7.0,"enemies":"Exordium Thugs","floor":14.0,"turns":5.0},{"damage":26.0,"enemies":"Hexaghost","floor":16.0,"turns":10.0},{"damage":18.0,"enemies":"Chosen","floor":18.0,"turns":4.0},{"damage":6.0,"enemies":"2 Thieves","floor":20.0,"turns":4.0},{"damage":26.0,"enemies":"Snecko","floor":21.0,"turns":9.0},{"damage":12.0,"enemies":"Snake Plant","floor":24.0,"turns":4.0},{"damage":9.0,"enemies":"Cultist and Chosen","floor":27.0,"turns":3.0},{"damage":25.0,"enemies":"Gremlin Leader","floor":28.0,"turns":7.0},{"damage":33,"enemies":"Book of Stabbing","floor":31,"turns":6},{"damage":59,"enemies":"Champ","floor":33,"turns":12}],"seed_played":"1984646359331882327","potions_obtained":[{"floor":2.0,"key":"FearPotion"},{"floor":3.0,"key":"Energy Potion"},{"floor":6.0,"key":"Poison Potion"},{"floor":8.0,"key":"Explosive Potion"},{"floor":16.0,"key":"Fruit Juice"},{"floor":28.0,"key":"Fire Potion"},{"floor":31,"key":"FearPotion"}],"is_trial":false,"path_per_floor":["M","M","M","$","M","E","M","M","T","R","E","M","R","M","R","B",null,"M","$","M","M","?","R","M","?","T","M","E","$","R","E","R","B"],"character_chosen":"THE_SILENT","items_purchased":["Sling","Deadly Poison","Anchor"],"campfire_rested":5,"item_purchase_floors":[4,4,19],"current_hp_per_floor":[59,55,55,55,51,21,14,5,5,39,15,4,38,31,31,5,51,38,38,32,6,6,42,30,44,44,35,10,10,50,17,57,0,0],"gold":68,"neow_bonus":"HUNDRED_GOLD","is_daily":false,"chose_seed":false,"campfire_upgraded":1,"win_rate":0.0,"timestamp":1613752946,"path_taken":["M","M","M","$","M","E","M","M","T","R","E","M","R","M","R","BOSS","M","$","M","M","?","R","M","?","T","?","E","$","R","E","R","BOSS"],"items_purchased_type":["Relic","Card","Relic"],"build_version":"2020-12-22","purchased_purges":1,"victory":false,"max_hp_per_floor":[66,66,66,66,66,66,66,66,66,66,66,66,66,66,66,66,66,71,71,71,71,71,71,71,85,85,85,85,85,85,85,85,85,85],"relic_stats":{"Regal Pillow":75,"counters":[19,100],"Pen Nib":[1],"Snake Skull":[12],"Whetstone":["Backstab","Strike_G"],"obtain_stats":[{"Potion Belt":22,"Regal Pillow":6,"Anchor":19,"Velvet Choker":17,"Mango":25,"Pen Nib":28,"Snake Skull":31,"Whetstone":11,"Bottled Tornado":9,"Sling":4,"Ring of the Snake":0},{"Potion Belt":14,"Regal Pillow":5,"Anchor":12,"Velvet Choker":11,"Mango":15,"Pen Nib":17,"Snake Skull":18,"Whetstone":8,"Bottled Tornado":7,"Sling":3,"Ring of the Snake":0},{"Potion Belt":68,"Regal Pillow":20,"Anchor":55,"Velvet Choker":51,"Mango":72,"Pen Nib":82,"Snake Skull":88,"Whetstone":32,"Bottled Tornado":27,"Sling":13,"Ring of the Snake":0}],"Ring of the Snake":[38]},"card_choices":[{"not_picked":["Poisoned Stab","Dagger Throw"],"picked":"Backstab","floor":1.0},{"not_picked":["Choke","Catalyst"],"picked":"Caltrops","floor":2.0},{"not_picked":["PiercingWail","Poisoned Stab"],"picked":"Crippling Poison","floor":3.0},{"not_picked":["Outmaneuver","Deadly Poison"],"picked":"PiercingWail","floor":5.0},{"not_picked":["Caltrops","Tactician"],"picked":"Underhanded Strike","floor":6.0},{"not_picked":["Underhanded Strike","Backflip"],"picked":"PiercingWail","floor":7.0},{"not_picked":["Eviscerate","Dagger Spray"],"picked":"Footwork","floor":8.0},{"not_picked":["Dagger Throw","Slice"],"picked":"Burst","floor":11.0},{"not_picked":["Deadly Poison","Prepared"],"picked":"Predator","floor":12.0},{"not_picked":["Flechettes","Flying Knee"],"picked":"Prepared","floor":14.0},{"not_picked":["Unload","Tools of the Trade"],"picked":"Corpse Explosion","floor":16.0},{"not_picked":["PiercingWail","Underhanded Strike"],"picked":"Dodge and Roll+1","floor":18.0},{"not_picked":["Deflect","Prepared"],"picked":"Concentrate","floor":20.0},{"not_picked":["Prepared","Quick Slash"],"picked":"Acrobatics","floor":21.0},{"not_picked":["Blade Dance","Riddle With Holes"],"picked":"Blur","floor":24.0},{"not_picked":["Concentrate","Outmaneuver"],"picked":"Acrobatics","floor":27.0},{"not_picked":["Burst","Deflect"],"picked":"Dodge and Roll","floor":28.0},{"not_picked":["Dodge and Roll","PiercingWail"],"picked":"Bouncing Flask","floor":31}],"player_experience":2765784,"relics_obtained":[{"floor":6.0,"key":"Regal Pillow"},{"floor":9.0,"key":"Bottled Tornado"},{"floor":11.0,"key":"Whetstone"},{"floor":28.0,"key":"Pen Nib"},{"floor":31,"key":"Snake Skull"}],"event_choices":[{"damage_healed":0.0,"max_hp_gain":0.0,"max_hp_loss":0.0,"gold_gain":0.0,"event_name":"Addict","player_choice":"Stole Relic","floor":22.0,"gold_loss":0.0,"damage_taken":0.0,"relics_obtained":["Potion Belt"],"cards_obtained":["Shame"]},{"damage_healed":0.0,"max_hp_gain":0.0,"max_hp_loss":0.0,"gold_gain":0.0,"event_name":"WeMeetAgain","player_choice":"Paid Gold","floor":25.0,"gold_loss":65.0,"damage_taken":0.0,"relics_obtained":["Mango"]}],"is_beta":false,"boss_relics":[{"not_picked":["HoveringKite","SacredBark"],"picked":"Velvet Choker"}],"items_purged_floors":[19],"is_endless":false,"potions_floor_spawned":[2,3,6,8,16,28,31],"killed_by":"Champ","ascension_level":20}}