{"host":"Berg","time":1613763194,"event":{"mods":["AchievementEnabler","BaseMod","Better Third Choice","Colored Map","Downfall","Gremlin Skip","Highlight Path","Minty Spire (QoL Compilation)","Relic Stats","StSLib"],"gold_per_floor":[99,118,131,231,681,84,84,84,84,103,103,138,149,182,194,297,297,297,315,315,332,54,54,80,112,112,129,129,229,244,264,274,379,379,179,198,198,224,244,244,244,263,289,289,337,352,352,17,34,34,34,34],"floor_reached":50,"language":"ENG","playtime":6279,"items_purged":["downfall:Icky","downfall:Bewildered"],"score":602,"play_id":"a688ab3b-985b-40dd-82d9-ce36ec950f69","local_time":"20210219143314","is_ascension_mode":false,"campfire_choices":[{"data":"champ:Execute","floor":1,"key":"SMITH"},{"data":"champ:TornadoPunch","floor":8,"key":"SMITH"},{"data":"champ:DefensiveShout","floor":11,"key":"SMITH"},{"data":"champ:PerfectedStrike","floor":18,"key":"SMITH"},{"data":"champ:PerfectedStrike","floor":23,"key":"SMITH"},{"data":"champ:MurderStrike","floor":28,"key":"SMITH"},{"data":"champ:IgnorePain","floor":35,"key":"SMITH"},{"data":"expansioncontent:HyperBeam","floor":40,"key":"SMITH"},{"floor":44,"key":"REST"},{"data":"expansioncontent:StudyTheSpire","floor":47,"key":"SMITH"}],"circlet_count":0,"master_deck":["champ:Strike","champ:Strike","champ:Strike","champ:Strike","champ:Defend","champ:Defend","champ:Defend","champ:Defend","champ:Execute+1","champ:Taunt","champ:FlashCut","champ:Haymaker","champ:BladeFlurry","champ:TornadoPunch+1","champ:ShieldWall","champ:DefensiveShout+1","champ:PerfectedStrike+1","champ:FanOfKnives","champ:ArenaPreparation","champ:MurderStrike+1","champ:CalledShot","champ:PerfectedStrike+1","champ:PerfectedStrike+1","expansioncontent:StudyTheSpire+1","champ:PerfectedStrike+1","champ:EnGarde+1","champ:Taunt","champ:Backstep","champ:FocusedDefense","champ:IgnorePain+1","Mind Blast","downfall:Aged","champ:UltimateStance","champ:Circumvent","champ:TripleStrike","expansioncontent:AwakenDeath","expansioncontent:InvincibleStrength","expansioncontent:HyperBeam+1","champ:GladiatorStyle+1","champ:Circumvent+1","champ:StanceDance","champ:ShieldSlam+1","champ:ShieldWall","Secret Weapon"],"relics":["champ:ChampionCrown","StrikeDummy","Vajra","champ:LiftRelic","Dream Catcher","Pocketwatch","Empty Cage","sneckomod:BabySnecko","Art of War","Akabeko","downfall:GremlinSack","Sozu","downfall:HeartBlessingGreen","downfall:HeartBlessingBlue","Omamori","Centennial Puzzle","Thread and Needle","CaptainsWheel","Bag of Preparation"],"acts_visited":["Exordium","TheCity","TheBeyond"],"potions_floor_usage":[14,19,33,50,50],"damage_taken":[{"damage":10,"enemies":"Jaw Worm","floor":2,"turns":4},{"damage":11,"enemies":"Small Slimes","floor":3,"turns":4},{"damage":25,"enemies":"downfall:FleeingMerchant","floor":6,"turns":4},{"damage":0,"enemies":"2 Louse","floor":10,"turns":1},{"damage":10,"enemies":"Gremlin Nob","floor":12,"turns":4},{"damage":7,"enemies":"downfall:LooterAlt","floor":13,"turns":2},{"damage":11,"enemies":"3 Sentries","floor":14,"turns":4},{"damage":0,"enemies":"Exordium Thugs","floor":15,"turns":2},{"damage":26,"enemies":"DF_ARCHETYPE_STREAMLINE","floor":16,"turns":8},{"damage":10,"enemies":"Shell Parasite","floor":19,"turns":3},{"damage":15,"enemies":"downfall:LooterAlt2","floor":21,"turns":3},{"damage":13,"enemies":"downfall:FleeingMerchant","floor":22,"turns":4},{"damage":39,"enemies":"Gremlin Leader","floor":25,"turns":6},{"damage":10,"enemies":"Cultist and Chosen","floor":27,"turns":3},{"damage":0,"enemies":"Cultist and Chosen","floor":29,"turns":2},{"damage":0,"enemies":"3 Cultists","floor":30,"turns":3},{"damage":20,"enemies":"Centurion and Healer","floor":31,"turns":3},{"damage":10,"enemies":"Snecko","floor":32,"turns":3},{"damage":30,"enemies":"WA_ARCHETYPE_CALM","floor":33,"turns":8},{"damage":0,"enemies":"3 Shapes","floor":36,"turns":2},{"damage":0,"enemies":"Orb Walker","floor":39,"turns":1},{"damage":0,"enemies":"Sphere and 2 Shapes","floor":42,"turns":5},{"damage":12,"enemies":"Reptomancer","floor":43,"turns":5},{"damage":14,"enemies":"2 Orb Walkers","floor":45,"turns":3},{"damage":10,"enemies":"Maw","floor":46,"turns":5},{"damage":8,"enemies":"downfall:FleeingMerchant","floor":48,"turns":4},{"damage":17,"enemies":"Writhing Mass","floor":49,"turns":2},{"damage":131,"enemies":"IC_BLOCK_ARCHETYPE","floor":50,"turns":19}],"seed_played":"-610314217776797680","potions_obtained":[{"floor":2,"key":"champ:TechniquePotion"},{"floor":10,"key":"AttackPotion"},{"floor":12,"key":"Guardian:BlockOnCardUsePotion"},{"floor":16,"key":"LiquidBronze"},{"floor":19,"key":"ColorlessPotion"},{"floor":32,"key":"Dexterity Potion"}],"is_trial":false,"path_per_floor":["R","M","M","?","?","$","T","R","?","M","R","E","M","E","M","B",null,"R","M","?","M","$","R","T","E","?","M","R","?","M","M","M","B",null,"R","M","?","T","M","R","T","M","E","R","?","M","R","$","M","B"],"character_chosen":"THE_CHAMP","items_purchased":["StrikeDummy","Vajra","champ:TornadoPunch","champ:ShieldWall","expansioncontent:StudyTheSpire","Bag of Preparation","Secret Weapon"],"campfire_rested":1,"item_purchase_floors":[6,6,6,6,22,48,48],"current_hp_per_floor":[99,99,98,98,98,93,93,93,93,93,93,83,76,75,75,49,99,99,99,99,84,81,81,81,62,62,52,52,52,52,32,32,12,99,109,109,99,99,99,99,99,99,87,109,95,95,95,87,70,0,0,0],"gold":34,"neow_bonus":"TEN_PERCENT_HP_BONUS","is_daily":false,"chose_seed":false,"campfire_upgraded":9,"win_rate":0.0,"timestamp":1613763194,"path_taken":["R","M","M","?","?","$","T","R","?","M","R","E","?","E","M","BOSS","R","M","?","M","$","R","T","E","?","?","R","?","?","M","M","BOSS","R","M","?","?","?","R","T","M","E","R","?","M","R","$","M","BOSS"],"items_purchased_type":["Relic","Relic","Card","Card","Card","Relic","Card"],"build_version":"2020-12-18","purchased_purges":2,"victory":false,"max_hp_per_floor":[99,99,99,99,99,99,99,99,99,99,99,99,99,99,99,99,99,99,99,99,99,99,99,99,99,99,99,99,99,99,99,99,99,99,109,109,109,109,109,109,109,109,109,109,109,109,109,109,109,109,109,109],"relic_stats":{"Sozu":3,"Dream Catcher":1,"Centennial Puzzle":[18],"counters":[28,117],"Art of War":[5],"Bag of Preparation":[4],"obtain_stats":[{"Vajra":6,"champ:ChampionCrown":0,"downfall:HeartBlessingGreen":35,"Thread and Needle":43,"Omamori":38,"Bag of Preparation":48,"Empty Cage":17,"Akabeko":25,"Sozu":34,"sneckomod:BabySnecko":20,"Dream Catcher":12,"Centennial Puzzle":41,"CaptainsWheel":45,"downfall:GremlinSack":29,"downfall:HeartBlessingBlue":35,"champ:LiftRelic":9,"Art of War":24,"StrikeDummy":6,"Pocketwatch":14},{"Vajra":3,"champ:ChampionCrown":0,"downfall:HeartBlessingGreen":19,"Thread and Needle":23,"Omamori":20,"Bag of Preparation":26,"Empty Cage":9,"Akabeko":13,"Sozu":19,"sneckomod:BabySnecko":10,"Dream Catcher":5,"Centennial Puzzle":21,"CaptainsWheel":24,"downfall:GremlinSack":15,"downfall:HeartBlessingBlue":19,"champ:LiftRelic":3,"Art of War":12,"StrikeDummy":3,"Pocketwatch":7},{"Vajra":12,"champ:ChampionCrown":0,"downfall:HeartBlessingGreen":71,"Thread and Needle":84,"Omamori":73,"Bag of Preparation":96,"Empty Cage":33,"Akabeko":49,"Sozu":71,"sneckomod:BabySnecko":36,"Dream Catcher":17,"Centennial Puzzle":74,"CaptainsWheel":87,"downfall:GremlinSack":54,"downfall:HeartBlessingBlue":71,"champ:LiftRelic":12,"Art of War":43,"StrikeDummy":12,"Pocketwatch":23}],"Pocketwatch":[130]},"card_choices":[{"not_picked":["champ:DefensiveShout","champ:RecklessLeap"],"picked":"champ:FlashCut","floor":2},{"not_picked":["champ:Encircle","champ:IronFortress"],"picked":"champ:Haymaker","floor":3},{"not_picked":["champ:HeartStrike","champ:Circumvent"],"picked":"champ:BladeFlurry","floor":6},{"not_picked":["champ:EnGarde","champ:IronFortress"],"picked":"champ:DefensiveShout","floor":10},{"not_picked":["champ:SteelEdge","champ:Parry"],"picked":"champ:PerfectedStrike","floor":12},{"not_picked":["champ:Circumvent","champ:BerserkersShout"],"picked":"champ:FanOfKnives","floor":13},{"not_picked":["champ:IronFortress","champ:FocusedDefense"],"picked":"champ:ArenaPreparation","floor":14},{"not_picked":["champ:FanOfKnives","champ:PreciseThrust","champ:FancyFootwork"],"picked":"SKIP","floor":15},{"not_picked":["champ:DancingMaster","champ:HeavySlash"],"picked":"champ:MurderStrike","floor":16},{"not_picked":["champ:RecklessLeap+1","champ:AdrenalArmor"],"picked":"champ:CalledShot","floor":19},{"not_picked":["champ:CrookedStrike","champ:Backstep"],"picked":"champ:PerfectedStrike","floor":21},{"not_picked":["champ:BringItOn","champ:EnGarde"],"picked":"champ:PerfectedStrike+1","floor":22},{"not_picked":["champ:PreciseThrust","champ:GutPunch"],"picked":"champ:PerfectedStrike","floor":25},{"not_picked":["champ:PreemptiveStrike","champ:AdrenalArmor"],"picked":"champ:EnGarde+1","floor":29},{"not_picked":["champ:ShieldSlam","champ:CrownThrow","champ:SkillfulDodge"],"picked":"SKIP","floor":30},{"not_picked":["champ:CrownThrow+1","champ:BerserkersShout"],"picked":"champ:UltimateStance","floor":31},{"not_picked":["champ:DefensiveShout","champ:BerserkersShout"],"picked":"champ:Circumvent","floor":32},{"not_picked":["champ:Improvising","champ:SteelEdge"],"picked":"champ:TripleStrike","floor":33},{"not_picked":["champ:CrookedStrike+1","champ:BladeFlurry","champ:EnragedBash"],"picked":"SKIP","floor":36},{"not_picked":["expansioncontent:HyperBeam","expansioncontent:Hexaburn"],"picked":"expansioncontent:AwakenDeath","floor":37},{"not_picked":["expansioncontent:AwakenDeath","expansioncontent:HyperBeam"],"picked":"expansioncontent:InvincibleStrength","floor":37},{"not_picked":["expansioncontent:AwakenDeath","expansioncontent:Chronoboost"],"picked":"expansioncontent:HyperBeam","floor":37},{"not_picked":["champ:BladeFlurry","champ:CrownThrow+1"],"picked":"champ:GladiatorStyle+1","floor":39},{"not_picked":["champ:Parry","champ:AdrenalArmor+1"],"picked":"champ:Circumvent+1","floor":42},{"not_picked":["champ:FlashCut","champ:FaceSlap+1","champ:Devastate"],"picked":"SKIP","floor":43},{"not_picked":["champ:FanOfKnives","champ:FlashCut"],"picked":"champ:StanceDance","floor":44},{"not_picked":["champ:CrookedStrike","champ:Parry+1"],"picked":"champ:ShieldSlam+1","floor":45},{"not_picked":["champ:Duel","champ:SetATrap"],"picked":"champ:ShieldWall","floor":46},{"not_picked":["champ:RecklessLeap+1","champ:EnGarde","champ:BladeFlurry+1"],"picked":"SKIP","floor":48},{"not_picked":["champ:EndlessRage+1","champ:EnGarde","champ:RisingSlash"],"picked":"SKIP","floor":49}],"player_experience":1418209,"relics_obtained":[{"floor":12,"key":"Dream Catcher"},{"floor":14,"key":"Pocketwatch"},{"floor":24,"key":"Art of War"},{"floor":25,"key":"Akabeko"},{"floor":29,"key":"downfall:GremlinSack"},{"floor":38,"key":"Omamori"},{"floor":41,"key":"Centennial Puzzle"},{"floor":43,"key":"Thread and Needle"},{"floor":45,"key":"CaptainsWheel"}],"event_choices":[{"damage_healed":0,"gold_gain":0,"player_choice":"Fight","damage_taken":0,"max_hp_gain":0,"max_hp_loss":0,"event_name":"Mysterious Sphere","floor":45,"gold_loss":0}],"is_beta":true,"boss_relics":[{"not_picked":["Black Star","champ:ChampionCrownUpgraded"],"picked":"Empty Cage"},{"not_picked":["SlaversCollar","SacredBark"],"picked":"Sozu"}],"items_purged_floors":[6,22],"is_endless":false,"potions_floor_spawned":[2,10,12,16,19,21,25,30,32,36,42,45],"killed_by":"IC_BLOCK_ARCHETYPE","ascension_level":0}}