{"host":"u6zqw639dx96ufur","time":1613697166,"event":{"mods":["AchievementEnabler","Act Like it!","BaseMod","Conspire","Hubris","Hyrulean Relics","Minty Spire (QoL Compilation)","Reimu??????","Robot Space Explorer","StSLib","The Dragon Tamer","The Marked","The Runesmith"],"gold_per_floor":[114,126,126,144,156,156,156],"floor_reached":6,"language":"ENG","playtime":357,"items_purged":[],"score":38,"play_id":"4b1528e8-83ac-42a4-8d53-82692ba34c72","local_time":"20210218191246","is_ascension_mode":false,"campfire_choices":[],"circlet_count":0,"master_deck":["RobotSpaceExplorer:Strike","RobotSpaceExplorer:Strike","RobotSpaceExplorer:Strike","RobotSpaceExplorer:Defend","RobotSpaceExplorer:Defend","RobotSpaceExplorer:Defend","RobotSpaceExplorer:Defend","RobotSpaceExplorer:Scan","RobotSpaceExplorer:MiniLasers","RobotSpaceExplorer:TrailblazerForm","RobotSpaceExplorer:StarLightning","RobotSpaceExplorer:FreezeRay","RobotSpaceExplorer:DualCore","RobotSpaceExplorer:Reload"],"relics":["RobotSpaceExplorer:RoboCore"],"acts_visited":["Exordium"],"potions_floor_usage":[5,6],"damage_taken":[{"damage":15,"enemies":"Small Slimes","floor":1,"turns":6},{"damage":0,"enemies":"Cultist","floor":2,"turns":4},{"damage":7,"enemies":"2 Louse","floor":4,"turns":3},{"damage":9,"enemies":"Exordium Wildlife","floor":5,"turns":7},{"damage":66,"enemies":"Gremlin Nob","floor":6,"turns":7}],"seed_played":"-3949507086199436744","potions_obtained":[{"floor":1,"key":"AttackPotion"},{"floor":5,"key":"Regen Potion"}],"is_trial":false,"path_per_floor":["M","M","?","M","M","E"],"character_chosen":"RobotSpaceExplorer","items_purchased":[],"campfire_rested":0,"item_purchase_floors":[],"current_hp_per_floor":[60,60,60,53,44,0,0],"gold":156,"neow_bonus":"ONE_RANDOM_RARE_CARD","is_daily":false,"chose_seed":false,"campfire_upgraded":0,"win_rate":0.0,"timestamp":1613697166,"path_taken":["M","M","?","M","?","E"],"items_purchased_type":[],"build_version":"2020-12-22","purchased_purges":0,"victory":false,"max_hp_per_floor":[75,75,75,75,75,75,75],"card_choices":[{"not_picked":["RobotSpaceExplorer:DualCore","RobotSpaceExplorer:Ammunition"],"picked":"RobotSpaceExplorer:StarLightning","floor":1},{"not_picked":["RobotSpaceExplorer:SurgingStrike","RobotSpaceExplorer:IronShell"],"picked":"RobotSpaceExplorer:FreezeRay","floor":2},{"not_picked":["RobotSpaceExplorer:MiniDrones","RobotSpaceExplorer:Pulsar"],"picked":"RobotSpaceExplorer:DualCore","floor":4},{"not_picked":["RobotSpaceExplorer:ExhaustFan","RobotSpaceExplorer:ShovelStrike"],"picked":"RobotSpaceExplorer:Reload","floor":5}],"player_experience":208318,"relics_obtained":[],"event_choices":[{"cards_removed":["RobotSpaceExplorer:Strike"],"damage_healed":0,"gold_gain":0,"player_choice":"Purged","damage_taken":0,"max_hp_gain":0,"max_hp_loss":0,"event_name":"Purifier","floor":3,"gold_loss":0}],"is_beta":false,"boss_relics":[],"items_purged_floors":[],"is_endless":false,"potions_floor_spawned":[1,5],"killed_by":"Gremlin Nob","ascension_level":0}}