{"host":"8lvj8oigynmckyj3","time":1613751674,"event":{"mods":["AchievementEnabler","BaseMod","Better Third Choice","Block Reminder","Colored Map","Colored Powertips","DeckTracker","Highlight Path","Minty Spire (QoL Compilation)","Permanent Neow","Quick Restart","Slay-I","StSLib"],"gold_per_floor":[114,132,143,143,9,9,20,20,20,54,70,35,35,46,46,148,148,164,164,164],"floor_reached":19,"language":"ENG","playtime":795,"items_purged":[],"score":262,"play_id":"3d3861ca-a1f3-47e6-be93-b6ae05dc6f41","local_time":"20210219142114","is_ascension_mode":true,"campfire_choices":[{"floor":6,"key":"REST"},{"data":"Skim","floor":8,"key":"SMITH"},{"floor":15,"key":"REST"}],"circlet_count":0,"master_deck":["AscendersBane","Strike_B","Strike_B","Strike_B","Strike_B","Defend_B","Defend_B","Defend_B","Defend_B","Zap","Dualcast+1","Skim+1","Storm","Hello World","Impatience","Steam","Machine Learning","BootSequence"],"relics":["Cracked Core","Juzu Bracelet","The Courier","Runic Pyramid"],"acts_visited":["Exordium","TheCity"],"potions_floor_usage":[10,10,16,19],"damage_taken":[{"damage":12,"enemies":"Small Slimes","floor":1,"turns":3},{"damage":1,"enemies":"Cultist","floor":2,"turns":3},{"damage":8,"enemies":"Jaw Worm","floor":3,"turns":4},{"damage":9,"enemies":"Blue Slaver","floor":7,"turns":3},{"damage":23,"enemies":"Gremlin Nob","floor":10,"turns":5},{"damage":1,"enemies":"2 Fungi Beasts","floor":11,"turns":4},{"damage":4,"enemies":"3 Louse","floor":14,"turns":4},{"damage":24,"enemies":"Slime Boss","floor":16,"turns":9},{"damage":19,"enemies":"Chosen","floor":18,"turns":6},{"damage":30,"enemies":"Masked Bandits","floor":19,"turns":3}],"seed_played":"-4054020998403472531","potions_obtained":[{"floor":1,"key":"AttackPotion"},{"floor":2,"key":"Weak Potion"},{"floor":11,"key":"CultistPotion"},{"floor":16,"key":"Fire Potion"}],"is_trial":false,"path_per_floor":["M","M","M","?","$","R","M","R","T","E","M","?","?","M","R","B",null,"M","?"],"character_chosen":"DEFECT","items_purchased":["Hello World","Impatience"],"campfire_rested":2,"item_purchase_floors":[5,5],"current_hp_per_floor":[56,55,47,47,47,69,60,60,60,37,36,54,54,50,72,48,68,49,19,19],"gold":164,"neow_bonus":"UPGRADE_CARD","is_daily":false,"chose_seed":false,"campfire_upgraded":1,"win_rate":0.0,"timestamp":1613751674,"path_taken":["M","M","M","?","$","R","M","R","T","E","M","?","?","M","R","BOSS","M","?"],"items_purchased_type":["Card","Card"],"build_version":"2020-12-22","purchased_purges":0,"victory":false,"max_hp_per_floor":[75,75,75,75,75,75,75,75,75,75,75,75,75,75,75,75,75,75,75,75],"card_choices":[{"not_picked":["Capacitor","Stack"],"picked":"Skim","floor":1},{"not_picked":["Redo","Scrape"],"picked":"Storm","floor":2},{"not_picked":["Chaos","Lockon","Stack"],"picked":"SKIP","floor":3},{"not_picked":["Static Discharge","Gash"],"picked":"Steam","floor":7},{"not_picked":["Fission","Storm","Rainbow"],"picked":"SKIP","floor":10},{"not_picked":["Turbo","Beam Cell","Gash"],"picked":"SKIP","floor":11},{"not_picked":["Barrage","Blizzard","Turbo"],"picked":"SKIP","floor":14},{"not_picked":["Fission","Amplify"],"picked":"Machine Learning","floor":16},{"not_picked":["Genetic Algorithm+1","Streamline"],"picked":"BootSequence","floor":18}],"player_experience":459866,"relics_obtained":[{"floor":9,"key":"Juzu Bracelet"},{"floor":10,"key":"The Courier"}],"event_choices":[{"damage_healed":0,"gold_gain":0,"player_choice":"Got Potions","damage_taken":0,"max_hp_gain":0,"max_hp_loss":0,"event_name":"Lab","floor":4,"gold_loss":0},{"damage_healed":18,"gold_gain":0,"player_choice":"Healed","damage_taken":0,"max_hp_gain":0,"max_hp_loss":0,"event_name":"The Cleric","floor":12,"gold_loss":35},{"damage_healed":0,"gold_gain":0,"player_choice":"Ignored","damage_taken":0,"max_hp_gain":0,"max_hp_loss":0,"event_name":"Golden Wing","floor":13,"gold_loss":0},{"damage_healed":0,"gold_gain":0,"player_choice":"Fought Bandits","damage_taken":0,"max_hp_gain":0,"max_hp_loss":0,"event_name":"Masked Bandits","floor":19,"gold_loss":0}],"is_beta":false,"boss_relics":[{"not_picked":["Tiny House","SlaversCollar"],"picked":"Runic Pyramid"}],"items_purged_floors":[],"is_endless":false,"potions_floor_spawned":[1,2,11,16],"killed_by":"Masked Bandits","ascension_level":11}}