{"host":"zlmf7uudqr1sj8t0","time":1613711696,"event":{"mods":["BaseMod","Colored Map","DeckTracker","Highlight Path","Minty Spire (QoL Compilation)"],"gold_per_floor":[111,131,146,146,65,98,98,124,124,153,153,153,165,191,191,286,286,305,321,333,94,94,94],"floor_reached":22,"language":"ENG","playtime":1380,"items_purged":["Strike_B+1"],"score":305,"play_id":"a5f2e08c-47e5-4a91-a444-eaba44cd02ab","local_time":"20210218211456","is_ascension_mode":true,"campfire_choices":[{"data":"Flash of Steel","floor":7,"key":"SMITH"},{"floor":11,"key":"REST"},{"floor":15,"key":"REST"}],"circlet_count":0,"master_deck":["Strike_B+1","Strike_B","Strike_B+1","Defend_B","Defend_B","Defend_B","Defend_B","Zap+1","Dualcast","Swift Strike","Gash","Ball Lightning","Flash of Steel+1","Go for the Eyes","Rebound","Seek","Gash","Go for the Eyes+1","Panache+1"],"relics":["Cracked Core","Pear","InkBottle","Frozen Egg 2","Whetstone","GremlinMask","Odd Mushroom","Black Star"],"acts_visited":["Exordium","TheCity"],"potions_floor_usage":[8,10,10],"damage_taken":[{"damage":0,"enemies":"Small Slimes","floor":1,"turns":2},{"damage":1,"enemies":"Cultist","floor":2,"turns":3},{"damage":9,"enemies":"Jaw Worm","floor":3,"turns":3},{"damage":18,"enemies":"Gremlin Nob","floor":6,"turns":4},{"damage":25,"enemies":"3 Sentries","floor":8,"turns":5},{"damage":5,"enemies":"Gremlin Nob","floor":10,"turns":3},{"damage":9,"enemies":"Blue Slaver","floor":13,"turns":2},{"damage":9,"enemies":"The Mushroom Lair","floor":14,"turns":3},{"damage":0,"enemies":"Slime Boss","floor":16,"turns":7},{"damage":16,"enemies":"3 Byrds","floor":18,"turns":4},{"damage":29,"enemies":"Shell Parasite","floor":19,"turns":5},{"damage":26,"enemies":"Cultist and Chosen","floor":20,"turns":5},{"damage":18,"enemies":"Shelled Parasite and Fungi","floor":22,"turns":2}],"seed_played":"-2627424734248704405","potions_obtained":[{"floor":2,"key":"Strength Potion"},{"floor":3,"key":"ColorlessPotion"},{"floor":6,"key":"EssenceOfDarkness"},{"floor":14,"key":"EssenceOfSteel"},{"floor":16,"key":"Energy Potion"}],"is_trial":false,"path_per_floor":["M","M","M","?","$","E","R","E","T","E","R","?","M","?","R","B",null,"M","M","M","$","M"],"character_chosen":"DEFECT","items_purchased":["Flash of Steel","Panache+1"],"campfire_rested":2,"item_purchase_floors":[5,21],"current_hp_per_floor":[75,74,65,50,50,42,42,17,17,12,37,37,28,19,44,44,85,69,40,14,14,0,0],"gold":94,"neow_bonus":"RANDOM_COLORLESS","is_daily":false,"chose_seed":false,"campfire_upgraded":1,"win_rate":0.0,"timestamp":1613711696,"path_taken":["M","M","M","?","$","E","R","E","T","E","R","?","?","?","R","BOSS","M","M","M","$","M"],"items_purchased_type":["Card","Card"],"build_version":"2020-12-22","purchased_purges":1,"victory":false,"max_hp_per_floor":[75,75,75,75,75,85,85,85,85,85,85,85,85,85,85,85,85,85,85,85,85,85,85],"card_choices":[{"not_picked":["Purity","PanicButton"],"picked":"Swift Strike","floor":0},{"not_picked":["Sweeping Beam","Compile Driver","Barrage"],"picked":"SKIP","floor":1},{"not_picked":["Coolheaded","Loop"],"picked":"Gash","floor":2},{"not_picked":["Barrage","Redo"],"picked":"Ball Lightning","floor":3},{"not_picked":["Coolheaded","Sunder","Stack"],"picked":"SKIP","floor":6},{"not_picked":["Sweeping Beam","Self Repair"],"picked":"Go for the Eyes","floor":8},{"not_picked":["Hyperbeam","Cold Snap","Fusion"],"picked":"SKIP","floor":10},{"not_picked":["Sweeping Beam","Compile Driver","Go for the Eyes"],"picked":"SKIP","floor":13},{"not_picked":["Force Field","Glacier"],"picked":"Rebound","floor":14},{"not_picked":["Electrodynamics+1","Buffer+1"],"picked":"Seek","floor":16},{"not_picked":["Sweeping Beam+1","Hologram"],"picked":"Gash","floor":18},{"not_picked":["Fusion+1","Double Energy"],"picked":"Go for the Eyes+1","floor":19},{"not_picked":["Recycle+1","Coolheaded+1","Steam"],"picked":"SKIP","floor":20}],"player_experience":185222,"relics_obtained":[{"floor":6,"key":"Pear"},{"floor":8,"key":"InkBottle"},{"floor":9,"key":"Frozen Egg 2"},{"floor":10,"key":"Whetstone"},{"floor":14,"key":"Odd Mushroom"}],"event_choices":[{"damage_healed":0,"gold_gain":0,"player_choice":"Entered Light","damage_taken":15,"max_hp_gain":0,"max_hp_loss":0,"event_name":"Shining Light","floor":4,"gold_loss":0,"cards_upgraded":["Zap","Strike_B"]},{"damage_healed":0,"gold_gain":0,"player_choice":"Trade","damage_taken":0,"relics_obtained":["GremlinMask"],"max_hp_gain":0,"max_hp_loss":0,"event_name":"FaceTrader","floor":12,"gold_loss":0},{"damage_healed":0,"gold_gain":0,"player_choice":"Fought Mushrooms","damage_taken":0,"max_hp_gain":0,"max_hp_loss":0,"event_name":"Mushrooms","floor":14,"gold_loss":0}],"is_beta":false,"boss_relics":[{"not_picked":["Inserter","Nuclear Battery"],"picked":"Black Star"}],"items_purged_floors":[21],"is_endless":false,"potions_floor_spawned":[2,3,6,14,16],"killed_by":"Shelled Parasite and Fungi","ascension_level":4}}