{"host":"mnpd8gh7cwxsn5kh","time":1613765953,"event":{"mods":["BaseMod","Bestiary","Block Reminder","Colored Map","Colored Powertips","Highlight Path","Minty Spire (QoL Compilation)","Relic Sorter","Relic Stats"],"gold_per_floor":[119,139,139,157,39,67,82,82,82,117,27,27,27,39,39,39,39],"floor_reached":16,"language":"ENG","playtime":759,"items_purged":["Strike_B"],"score":215,"play_id":"7d9d6806-932f-4c59-b973-034505d4fbf4","local_time":"20210219211913","is_ascension_mode":true,"campfire_choices":[{"data":"Doom and Gloom","floor":8,"key":"SMITH"},{"data":"Streamline","floor":13,"key":"SMITH"},{"data":"Sunder","floor":15,"key":"SMITH"}],"circlet_count":0,"master_deck":["AscendersBane","Strike_B","Strike_B+1","Strike_B","Defend_B+1","Defend_B+1","Defend_B","Defend_B","Zap+1","Dualcast+1","Glacier","Doom and Gloom+1","Streamline+1","Capacitor","Lockon","Turbo","Sunder+1"],"relics":["Cracked Core","War Paint","MealTicket","Sundial"],"acts_visited":["Exordium"],"potions_floor_usage":[6,10],"damage_taken":[{"damage":1,"enemies":"Cultist","floor":1,"turns":3},{"damage":4,"enemies":"2 Louse","floor":2,"turns":2},{"damage":2,"enemies":"Jaw Worm","floor":4,"turns":2},{"damage":10,"enemies":"Lagavulin","floor":6,"turns":7},{"damage":2,"enemies":"2 Fungi Beasts","floor":7,"turns":4},{"damage":4,"enemies":"Gremlin Nob","floor":10,"turns":3},{"damage":0,"enemies":"Large Slime","floor":14,"turns":5},{"damage":43,"enemies":"Hexaghost","floor":16,"turns":9}],"seed_played":"6289739015194033274","potions_obtained":[{"floor":1,"key":"Strength Potion"},{"floor":4,"key":"SkillPotion"},{"floor":7,"key":"FearPotion"}],"is_trial":false,"path_per_floor":["M","M","?","M","$","E","M","R","T","E","$","?","R","M","R","B"],"character_chosen":"DEFECT","items_purchased":["Capacitor","Sunder"],"campfire_rested":0,"item_purchase_floors":[5,11],"current_hp_per_floor":[63,59,38,36,36,26,24,24,24,20,35,40,40,40,40,0,0],"gold":39,"neow_bonus":"UPGRADE_CARD","is_daily":false,"chose_seed":false,"campfire_upgraded":3,"win_rate":0.0,"timestamp":1613765953,"path_taken":["M","M","?","M","$","E","M","R","T","E","$","?","R","M","R","BOSS"],"items_purchased_type":["Card","Card"],"build_version":"2020-12-22","purchased_purges":1,"victory":false,"max_hp_per_floor":[71,71,71,71,71,71,71,71,71,71,71,76,76,76,76,76,76],"relic_stats":{"counters":[8,35],"Sundial":[2],"MealTicket":15,"War Paint":["Defend_B","Defend_B"],"obtain_stats":[{"Sundial":10,"MealTicket":9,"War Paint":6,"Cracked Core":0},{"Sundial":6,"MealTicket":5,"War Paint":4,"Cracked Core":0},{"Sundial":21,"MealTicket":18,"War Paint":14,"Cracked Core":0}]},"card_choices":[{"not_picked":["Reprogram","Tempest"],"picked":"Glacier","floor":1},{"not_picked":["Cold Snap","Blizzard"],"picked":"Doom and Gloom","floor":2},{"not_picked":["Heatsinks","Gash"],"picked":"Streamline","floor":4},{"not_picked":["Capacitor","Multi-Cast","Gash"],"picked":"SKIP","floor":6},{"not_picked":["Gash","Barrage"],"picked":"Lockon","floor":7},{"not_picked":["Streamline","Sweeping Beam"],"picked":"Turbo","floor":10},{"not_picked":["Stack","Static Discharge","Streamline"],"picked":"SKIP","floor":14}],"player_experience":620821,"relics_obtained":[{"floor":6,"key":"War Paint"},{"floor":9,"key":"MealTicket"},{"floor":10,"key":"Sundial"}],"event_choices":[{"damage_healed":0,"gold_gain":0,"player_choice":"Entered Light","damage_taken":21,"max_hp_gain":0,"max_hp_loss":0,"event_name":"Shining Light","floor":3,"gold_loss":0,"cards_upgraded":["Dualcast","Strike_B"]},{"damage_healed":0,"gold_gain":0,"player_choice":"Donut","damage_taken":0,"max_hp_gain":5,"max_hp_loss":0,"event_name":"Big Fish","floor":12,"gold_loss":0}],"is_beta":false,"boss_relics":[],"items_purged_floors":[5],"is_endless":false,"potions_floor_spawned":[1,4,7],"killed_by":"Hexaghost","ascension_level":19}}