{"host":"6p0attdrtjqaih7v","time":1613717287,"event":{"mods":["2.2 Compatiblity","AchievementEnabler","Bard","BaseMod","Better Skull","Better Third Choice","Card Filter","Colored Powertips","Hermit","Highlight Path","Hubris","Key Reminder","Minty Spire (QoL Compilation)","Permanent Neow","Quick Restart","Random Character Button","Relic Filter","Relic Stats","Reliquary","Replay The Spire","Robot Space Explorer","StSLib","The Hayseed","The Witch"],"gold_per_floor":[119,119,20,37,48,48,81,81,81,111,130,159,159,182,182,278,278,296,296,91,118,136,164,39,66,116,147,159,184,195,208,208,306,306,319,115,227,245,245,262,278,310,310,343,343,375,0,27,27,27],"floor_reached":51,"language":"ENG","playtime":2817,"items_purged":["Strike_P","Strike_P","Strike_P","Defend_P"],"score":1160,"play_id":"08eddcb9-8c83-4a64-af0d-93076511250b","local_time":"20210219014807","is_ascension_mode":true,"campfire_choices":[{"data":"Blasphemy","floor":6,"key":"SMITH"},{"data":"Eruption","floor":8,"key":"SMITH"},{"data":"Ragnarok","floor":15,"key":"SMITH"},{"data":"CrushJoints","floor":32,"key":"SMITH"},{"data":"RobotSpaceExplorer:MiniBoosters","floor":45,"key":"SMITH"},{"floor":49,"key":"REST"}],"circlet_count":0,"master_deck":["Defend_P","Defend_P","Eruption+1","Vigilance+1","ClearTheMind","Blasphemy+1","BowlingBash","FlurryOfBlows","EmptyBody","Consecrate","Ragnarok+1","DeceiveReality","ThirdEye","Vault","FlurryOfBlows","EmptyMind","Study+1","RobotSpaceExplorer:DualCore","Consecrate+1","Halt+1","Adaptation+1","CrushJoints+1","RobotSpaceExplorer:ShovelStrike","Tantrum+1","ThirdEye","FlurryOfBlows","RobotSpaceExplorer:MiniBoosters+1","Protect","Wallop+1"],"relics":["PureWater","PreservedInsect","reliquary:IvoryTrinket","hubris:DisguiseKit","Lantern","reliquary:RedPaperclip","Pen Nib","ReplayTheSpireMod:Ninjato","Pantograph","reliquary:TuningFork","Bronze Scales","MealTicket","hubris:Backtick","Shuriken","ReplayFunnel","hubris:Towel","CeramicFish","Toy Ornithopter","Potion Belt","reliquary:Dhvaja","Red Mask"],"acts_visited":["Exordium","TheCity","TheBeyond"],"potions_floor_usage":[22,23,33,41,42],"damage_taken":[{"damage":0,"enemies":"Jaw Worm","floor":1,"turns":3},{"damage":0,"enemies":"Small Slimes","floor":4,"turns":2},{"damage":0,"enemies":"Cultist","floor":5,"turns":2},{"damage":8,"enemies":"3 Sentries","floor":7,"turns":4},{"damage":13,"enemies":"Lagavulin","floor":10,"turns":5},{"damage":0,"enemies":"Blue Slaver","floor":11,"turns":3},{"damage":7,"enemies":"Replay:BlueRogue","floor":12,"turns":2},{"damage":16,"enemies":"Hexaghost","floor":16,"turns":11},{"damage":0,"enemies":"Shell Parasite","floor":18,"turns":2},{"damage":0,"enemies":"3 Byrds","floor":22,"turns":3},{"damage":2,"enemies":"Book of Stabbing","floor":23,"turns":2},{"damage":0,"enemies":"Replay:Snechameleon","floor":25,"turns":2},{"damage":0,"enemies":"Book of Stabbing","floor":27,"turns":3},{"damage":0,"enemies":"Shelled Parasite and Fungi","floor":28,"turns":1},{"damage":0,"enemies":"Replay:Snechameleon","floor":29,"turns":5},{"damage":12,"enemies":"Snake Plant","floor":30,"turns":3},{"damage":0,"enemies":"3 Cultists","floor":31,"turns":3},{"damage":5,"enemies":"Collector","floor":33,"turns":4},{"damage":0,"enemies":"3 Darklings","floor":35,"turns":3},{"damage":5,"enemies":"Orb Walker","floor":38,"turns":3},{"damage":0,"enemies":"Spire Growth","floor":40,"turns":2},{"damage":5,"enemies":"Transient","floor":41,"turns":6},{"damage":0,"enemies":"Giant Head","floor":42,"turns":4},{"damage":7,"enemies":"Nemesis","floor":44,"turns":3},{"damage":26,"enemies":"Reptomancer","floor":46,"turns":3},{"damage":0,"enemies":"Sphere and 2 Shapes","floor":48,"turns":3},{"damage":20,"enemies":"Awakened One","floor":50,"turns":9}],"seed_played":"-1740322391055433446","potions_obtained":[{"floor":7,"key":"Ancient Potion"},{"floor":10,"key":"Explosive Potion"},{"floor":16,"key":"GamblersBrew"},{"floor":25,"key":"SpeedPotion"},{"floor":28,"key":"Dexterity Potion"},{"floor":29,"key":"Explosive Potion"},{"floor":35,"key":"Energy Potion"},{"floor":41,"key":"FairyPotion"},{"floor":44,"key":"LiquidBronze"}],"is_trial":false,"path_per_floor":["M","?","$","M","M","R","E","R","T","E","M","E","?","T","R","B",null,"M","?","$","T","M","E","$","E","T","E","M","E","M","M","R","B",null,"M","$","?","M","?","M","M","E","T","E","R","E","?","M","R","B",null],"character_chosen":"WATCHER","items_purchased":["BowlingBash","FlurryOfBlows","EmptyMind","ThirdEye"],"campfire_rested":1,"item_purchase_floors":[3,20,20,36],"current_hp_per_floor":[72,63,63,63,63,63,55,55,55,42,42,35,35,35,35,19,59,59,59,59,59,59,57,57,57,57,57,57,57,45,45,45,65,70,70,72,54,49,49,49,44,44,44,37,37,11,11,11,32,37],"gold":27,"neow_bonus":"RANDOM_COMMON_RELIC","is_daily":false,"chose_seed":false,"campfire_upgraded":5,"win_rate":0.0,"timestamp":1613717287,"path_taken":["M","?","$","M","M","R","E","R","T","E","M","E","?","?","R","BOSS","M","?","$","?","M","E","$","E","T","E","M","E","M","M","R","BOSS","M","$","?","M","?","M","M","E","T","E","R","E","?","M","R","BOSS"],"items_purchased_type":["Card","Card","Card","Card"],"build_version":"2020-12-22","purchased_purges":4,"victory":true,"max_hp_per_floor":[72,72,72,72,72,72,72,72,72,72,72,72,72,72,72,72,72,72,72,72,72,72,72,72,72,72,72,72,72,72,72,72,72,72,72,72,72,72,72,72,72,72,72,72,72,72,72,72,72,72],"relic_stats":{"counters":[27,96],"Shuriken":[28],"Pantograph":50,"Bronze Scales":[102],"CeramicFish":9,"MealTicket":2,"PreservedInsect":466,"Pen Nib":[19],"obtain_stats":[{"ReplayFunnel":37,"Potion Belt":44,"reliquary:IvoryTrinket":7,"hubris:DisguiseKit":12,"Lantern":14,"ReplayTheSpireMod:Ninjato":23,"CeramicFish":42,"PreservedInsect":0,"Pen Nib":21,"hubris:Towel":39,"reliquary:Dhvaja":46,"Centennial Puzzle":9,"reliquary:RedPaperclip":17,"hubris:Backtick":34,"Shuriken":34,"Pantograph":25,"Bronze Scales":27,"MealTicket":29,"reliquary:TuningFork":26,"Red Mask":47,"PureWater":0,"hubris:OldNail":10,"Toy Ornithopter":43},{"ReplayFunnel":19,"Potion Belt":24,"reliquary:IvoryTrinket":4,"hubris:DisguiseKit":7,"Lantern":7,"ReplayTheSpireMod:Ninjato":11,"CeramicFish":23,"PreservedInsect":0,"Pen Nib":9,"hubris:Towel":20,"reliquary:Dhvaja":25,"Centennial Puzzle":4,"reliquary:RedPaperclip":8,"hubris:Backtick":18,"Shuriken":18,"Pantograph":12,"Bronze Scales":13,"MealTicket":15,"reliquary:TuningFork":12,"Red Mask":25,"PureWater":0,"hubris:OldNail":5,"Toy Ornithopter":23},{"ReplayFunnel":63,"Potion Belt":81,"reliquary:IvoryTrinket":11,"hubris:DisguiseKit":21,"Lantern":21,"ReplayTheSpireMod:Ninjato":39,"CeramicFish":78,"PreservedInsect":0,"Pen Nib":34,"hubris:Towel":66,"reliquary:Dhvaja":84,"Centennial Puzzle":11,"reliquary:RedPaperclip":32,"hubris:Backtick":60,"Shuriken":60,"Pantograph":41,"Bronze Scales":44,"MealTicket":50,"reliquary:TuningFork":41,"Red Mask":84,"PureWater":0,"hubris:OldNail":16,"Toy Ornithopter":78}],"Toy Ornithopter":0},"card_choices":[{"not_picked":["Replay:BluntJabs","Replay:DivineShield"],"picked":"ClearTheMind","floor":1},{"not_picked":["WindmillStrike","ClearTheMind"],"picked":"FlurryOfBlows","floor":4},{"not_picked":["Halt","Nirvana"],"picked":"EmptyBody","floor":5},{"not_picked":["Worship","ClearTheMind"],"picked":"Consecrate","floor":7},{"not_picked":["Prostrate","Replay:AtTheReady"],"picked":"Ragnarok","floor":10},{"not_picked":["Nirvana","Meditate"],"picked":"DeceiveReality","floor":11},{"not_picked":["Protect","SashWhip"],"picked":"ThirdEye","floor":12},{"not_picked":["Omniscience","ConjureBlade","RobotSpaceExplorer:Autoloader"],"picked":"Vault","floor":16},{"not_picked":["Prostrate","CarveReality","Replay:Battleflow","RobotSpaceExplorer:Pulsar"],"picked":"SKIP","floor":18},{"not_picked":["ClearTheMind+1","Evaluate","RobotSpaceExplorer:ShockKick"],"picked":"Study+1","floor":22},{"not_picked":["Prostrate","Wireheading","Replay:BluntJabs"],"picked":"RobotSpaceExplorer:DualCore","floor":23},{"not_picked":["Prostrate","PathToVictory","RobotSpaceExplorer:ShockKick"],"picked":"Consecrate+1","floor":25},{"not_picked":["Study","ClearTheMind+1","RobotSpaceExplorer:StunGrenade"],"picked":"Halt+1","floor":27},{"not_picked":["BattleHymn","Fasting2+1","RobotSpaceExplorer:Ammunition"],"picked":"Adaptation+1","floor":28},{"not_picked":["Crescendo+1","SashWhip","RobotSpaceExplorer:ChargingLaser"],"picked":"CrushJoints","floor":29},{"not_picked":["Devotion","Consecrate","Replay:ManipulateFuture"],"picked":"RobotSpaceExplorer:ShovelStrike","floor":30},{"not_picked":["Weave","Wireheading+1","RobotSpaceExplorer:SwiftStep"],"picked":"Tantrum+1","floor":31},{"not_picked":["CrushJoints+1","SashWhip+1","Replay:ManipulateFuture+1","RobotSpaceExplorer:SurgingStrike"],"picked":"SKIP","floor":35},{"not_picked":["CrushJoints","Consecrate","RobotSpaceExplorer:StunGrenade"],"picked":"FlurryOfBlows","floor":38},{"not_picked":["ThirdEye+1","Vengeance+1","Indignation","RobotSpaceExplorer:SurgingStrike"],"picked":"SKIP","floor":40},{"not_picked":["FlurryOfBlows+1","CrushJoints+1","Perseverance+1"],"picked":"RobotSpaceExplorer:MiniBoosters","floor":41},{"not_picked":["Collect+1","Wireheading","RobotSpaceExplorer:FrostMissile"],"picked":"Protect","floor":42},{"not_picked":["BowlingBash+1","Replay:BluntJabs","Replay:Anticipation","RobotSpaceExplorer:Electroshield"],"picked":"SKIP","floor":44},{"not_picked":["Replay:ManipulateFuture+1","Replay:DivineShield","Perseverance+1","RobotSpaceExplorer:Wormhole"],"picked":"SKIP","floor":46},{"not_picked":["Indignation","BowlingBash","RobotSpaceExplorer:FranticSearch"],"picked":"Wallop+1","floor":48}],"player_experience":1135887,"relics_obtained":[{"floor":7,"key":"reliquary:IvoryTrinket"},{"floor":9,"key":"Centennial Puzzle"},{"floor":10,"key":"hubris:OldNail"},{"floor":12,"key":"hubris:DisguiseKit"},{"floor":14,"key":"Lantern"},{"floor":21,"key":"Pen Nib"},{"floor":23,"key":"ReplayTheSpireMod:Ninjato"},{"floor":25,"key":"Pantograph"},{"floor":26,"key":"reliquary:TuningFork"},{"floor":27,"key":"Bronze Scales"},{"floor":29,"key":"MealTicket"},{"floor":37,"key":"ReplayFunnel"},{"floor":42,"key":"CeramicFish"},{"floor":43,"key":"Toy Ornithopter"},{"floor":44,"key":"Potion Belt"},{"floor":46,"key":"reliquary:Dhvaja"}],"event_choices":[{"cards_removed":["Strike_P"],"damage_healed":0,"gold_gain":0,"player_choice":"Purged","damage_taken":0,"max_hp_gain":0,"max_hp_loss":0,"event_name":"Purifier","floor":19,"gold_loss":0},{"damage_healed":0,"gold_gain":0,"player_choice":"Paid","damage_taken":0,"relics_obtained":["Red Mask"],"max_hp_gain":0,"max_hp_loss":0,"event_name":"Tomb of Lord Red Mask","floor":47,"gold_loss":375}],"is_beta":false,"boss_relics":[{"not_picked":["Busted Crown","SlaversCollar"],"picked":"reliquary:RedPaperclip"},{"not_picked":["reliquary:Craggleroot","VioletLotus"],"picked":"hubris:Backtick"}],"items_purged_floors":[3,20,24,36],"is_endless":false,"potions_floor_spawned":[7,10,16,25,28,29,30,31,35,41,44],"ascension_level":5}}