{"host":"rw1trt79hfpl7pom","time":1613734730,"event":{"mods":["BaseMod","Bestiary","Colored Map","Jorbs\u0027s Wanderer Trilogy","Minty Spire (QoL Compilation)","Relic Stats","StSLib","SuperFastMode"],"gold_per_floor":[209,209,49,49,49,87,87,131,131,147,147,183,201,222,222,318,318,331,331,331,59,59,79,107,118,118,149,74,74,74,108,108,180,180,199,224,224,237,250,250,282,282,350,381,37,49,84,97,97,97,97],"floor_reached":50,"language":"ENG","playtime":2960,"items_purged":["stsjorbsmod:Strike_Wanderer","stsjorbsmod:Strike_Wanderer"],"score":1358,"play_id":"89a28439-0105-404e-9802-0084300b7d8f","local_time":"20210219033850","is_ascension_mode":true,"campfire_choices":[{"data":"stsjorbsmod:EyeOfTheStorm","floor":7.0,"key":"SMITH"},{"floor":11.0,"key":"REST"},{"data":"stsjorbsmod:Trauma","floor":15.0,"key":"SMITH"},{"data":"J.A.X.","floor":29.0,"key":"SMITH"},{"data":"stsjorbsmod:IvoryTower","floor":32.0,"key":"SMITH"},{"floor":40,"key":"RECALL"},{"data":"stsjorbsmod:ScorchingRay","floor":42,"key":"SMITH"},{"data":"stsjorbsmod:Stalwart","floor":49,"key":"SMITH"}],"circlet_count":0,"master_deck":["AscendersBane","stsjorbsmod:ForbiddenGrimoire+1","stsjorbsmod:Strike_Wanderer","stsjorbsmod:Defend_Wanderer","stsjorbsmod:Defend_Wanderer+1","stsjorbsmod:Defend_Wanderer+1","stsjorbsmod:Defend_Wanderer","stsjorbsmod:FreshAdventure+1","stsjorbsmod:EyeOfTheStorm+1","stsjorbsmod:FaerieFire","stsjorbsmod:MagicMissiles+1","stsjorbsmod:Trauma+1","stsjorbsmod:DisguiseSelf","stsjorbsmod:IvoryTower+1","stsjorbsmod:Stalwart+1","J.A.X.+1","stsjorbsmod:TollTheDead+1","stsjorbsmod:Mania","stsjorbsmod:ArcaneWeapon","stsjorbsmod:FindFamiliar+1","stsjorbsmod:ArcaneForm","stsjorbsmod:Feast","stsjorbsmod:WeightOfMemory+1","stsjorbsmod:ScorchingRay+1","stsjorbsmod:Introspection","stsjorbsmod:ColorSpray+1","stsjorbsmod:MagicMissiles+1","stsjorbsmod:RayOfFrost+1","stsjorbsmod:Will+1","stsjorbsmod:ChatteringStrike+1"],"relics":["stsjorbsmod:GrimoireRelic","PreservedInsect","Bloody Idol","TungstenRod","Meat on the Bone","Kunai","Oddly Smooth Stone","Coffee Dripper","Ornamental Fan","Anchor","Potion Belt","stsjorbsmod:BottledMemoryRelic","Incense Burner","Whetstone","Velvet Choker","stsjorbsmod:MindPalaceRelic","Molten Egg 2","Nunchaku","Art of War","Pen Nib"],"acts_visited":["Exordium","TheCity","TheBeyond"],"potions_floor_usage":[48,50],"damage_taken":[{"damage":1.0,"enemies":"Cultist","floor":1.0,"turns":4.0},{"damage":15.0,"enemies":"Lagavulin","floor":6.0,"turns":7.0},{"damage":15.0,"enemies":"Gremlin Nob","floor":8.0,"turns":4.0},{"damage":0.0,"enemies":"Small Slimes","floor":10.0,"turns":3.0},{"damage":9.0,"enemies":"Lagavulin","floor":12.0,"turns":7.0},{"damage":0.0,"enemies":"2 Louse","floor":13.0,"turns":6.0},{"damage":9.0,"enemies":"Exordium Wildlife","floor":14.0,"turns":6.0},{"damage":16.0,"enemies":"Slime Boss","floor":16.0,"turns":8.0},{"damage":0.0,"enemies":"3 Byrds","floor":18.0,"turns":2.0},{"damage":2.0,"enemies":"Chosen","floor":23.0,"turns":3.0},{"damage":2.0,"enemies":"Slavers","floor":24.0,"turns":6.0},{"damage":31.0,"enemies":"Snake Plant","floor":25.0,"turns":6.0},{"damage":0.0,"enemies":"Gremlin Leader","floor":27.0,"turns":3.0},{"damage":9.0,"enemies":"Book of Stabbing","floor":31.0,"turns":4.0},{"damage":24.0,"enemies":"Automaton","floor":33.0,"turns":7.0},{"damage":0.0,"enemies":"Orb Walker","floor":35.0,"turns":3.0},{"damage":2.0,"enemies":"Mind Bloom Boss Battle","floor":36.0,"turns":4.0},{"damage":21.0,"enemies":"3 Darklings","floor":38.0,"turns":6.0},{"damage":2.0,"enemies":"Sphere and 2 Shapes","floor":39.0,"turns":4.0},{"damage":8,"enemies":"Giant Head","floor":41,"turns":4},{"damage":2,"enemies":"Nemesis","floor":44,"turns":3},{"damage":5,"enemies":"Spire Growth","floor":46,"turns":3},{"damage":40,"enemies":"Reptomancer","floor":47,"turns":4},{"damage":9,"enemies":"Jaw Worm Horde","floor":48,"turns":3},{"damage":51,"enemies":"Time Eater","floor":50,"turns":4}],"seed_played":"7291777093466363155","potions_obtained":[{"floor":1.0,"key":"SteroidPotion"},{"floor":12.0,"key":"stsjorbsmod:LiquidClarity"},{"floor":13.0,"key":"DuplicationPotion"},{"floor":23.0,"key":"EssenceOfSteel"},{"floor":24.0,"key":"stsjorbsmod:BurningPotion"},{"floor":25.0,"key":"FearPotion"},{"floor":27.0,"key":"CultistPotion"},{"floor":41,"key":"PowerPotion"},{"floor":47,"key":"SneckoOil"},{"floor":48,"key":"Fire Potion"}],"is_trial":false,"path_per_floor":["M","?","$","?","?","E","R","E","T","M","R","E","M","M","R","B",null,"M","?","?","$","T","M","E","M","T","E","$","R","?","E","R","B",null,"M","?","?","M","M","R","E","R","T","E","$","M","E","M","R","B"],"character_chosen":"WANDERER","items_purchased":["PreservedInsect","Ornamental Fan","Art of War","stsjorbsmod:MagicMissiles+1"],"campfire_rested":1,"item_purchase_floors":[3,21,45,45],"current_hp_per_floor":[60,53,53,33,33,21,21,8,8,21,39,42,45,40,40,36,56,56,56,56,56,56,59,64,38,38,43,43,43,43,39,39,32,56,66,66,63,57,65,65,67,67,67,69,69,71,48,47,47,0,0],"gold":97,"neow_bonus":"HUNDRED_GOLD","is_daily":false,"chose_seed":false,"campfire_upgraded":6,"win_rate":0.0,"timestamp":1613734730,"path_taken":["M","?","$","?","?","E","R","E","T","M","R","E","M","M","R","BOSS","M","?","?","$","?","M","E","M","T","E","$","R","?","E","R","BOSS","M","?","?","M","M","R","E","R","T","E","$","M","E","M","R","BOSS"],"items_purchased_type":["Relic","Relic","Relic","Card"],"build_version":"2020-12-22","purchased_purges":2,"victory":false,"max_hp_per_floor":[66,66,66,66,60,60,60,60,60,60,60,60,60,62,62,62,62,62,62,62,62,62,62,64,64,64,64,64,64,64,64,64,64,64,66,66,63,65,65,65,67,67,67,69,69,71,71,71,71,71,71],"relic_stats":{"Nunchaku":[2],"counters":[25,114],"Ornamental Fan":[72],"Bloody Idol":50,"PreservedInsect":449,"Pen Nib":[0],"Art of War":[4],"Kunai":[19],"Whetstone":["stsjorbsmod:MagicMissiles","stsjorbsmod:TollTheDead"],"obtain_stats":[{"Potion Belt":24,"stsjorbsmod:BottledMemoryRelic":26,"Golden Idol":5,"Oddly Smooth Stone":12,"Velvet Choker":34,"stsjorbsmod:GrimoireRelic":0,"PreservedInsect":3,"Pen Nib":47,"Incense Burner":27,"Whetstone":31,"stsjorbsmod:MindPalaceRelic":36,"Anchor":22,"Nunchaku":44,"Ornamental Fan":21,"Bloody Idol":19,"Molten Egg 2":41,"Coffee Dripper":17,"Art of War":45,"Kunai":9,"TungstenRod":6,"Meat on the Bone":8},{"Potion Belt":11,"stsjorbsmod:BottledMemoryRelic":12,"Golden Idol":1,"Oddly Smooth Stone":5,"Velvet Choker":15,"stsjorbsmod:GrimoireRelic":0,"PreservedInsect":1,"Pen Nib":23,"Incense Burner":13,"Whetstone":14,"stsjorbsmod:MindPalaceRelic":17,"Anchor":9,"Nunchaku":21,"Ornamental Fan":9,"Bloody Idol":9,"Molten Egg 2":20,"Coffee Dripper":8,"Art of War":21,"Kunai":3,"TungstenRod":2,"Meat on the Bone":3},{"Potion Belt":56,"stsjorbsmod:BottledMemoryRelic":62,"Golden Idol":4,"Oddly Smooth Stone":25,"Velvet Choker":76,"stsjorbsmod:GrimoireRelic":0,"PreservedInsect":4,"Pen Nib":107,"Incense Burner":65,"Whetstone":69,"stsjorbsmod:MindPalaceRelic":83,"Anchor":47,"Nunchaku":100,"Ornamental Fan":47,"Bloody Idol":47,"Molten Egg 2":97,"Coffee Dripper":45,"Art of War":100,"Kunai":15,"TungstenRod":11,"Meat on the Bone":15}],"TungstenRod":53,"Meat on the Bone":60},"card_choices":[{"not_picked":["stsjorbsmod:Mindworm","stsjorbsmod:TinyHut","stsjorbsmod:ParryingBlow"],"picked":"SKIP","floor":1.0},{"not_picked":["stsjorbsmod:FracturedMind","stsjorbsmod:UnseenServant"],"picked":"stsjorbsmod:FaerieFire","floor":6.0},{"not_picked":["stsjorbsmod:LocateObject","stsjorbsmod:UnseenServant"],"picked":"stsjorbsmod:MagicMissiles","floor":8.0},{"not_picked":["stsjorbsmod:ChainLightning","stsjorbsmod:FracturedMind","stsjorbsmod:TrueStrike"],"picked":"SKIP","floor":10.0},{"not_picked":["stsjorbsmod:Hurt","stsjorbsmod:Message"],"picked":"stsjorbsmod:Trauma","floor":12.0},{"not_picked":["stsjorbsmod:TinyHut","stsjorbsmod:RayOfFrost","stsjorbsmod:TrueStrike"],"picked":"SKIP","floor":13.0},{"not_picked":["stsjorbsmod:TinyHut","stsjorbsmod:RayOfFrost","stsjorbsmod:TrueStrike"],"picked":"SKIP","floor":13.0},{"not_picked":["stsjorbsmod:Message","stsjorbsmod:MageArmor"],"picked":"stsjorbsmod:DisguiseSelf","floor":14.0},{"not_picked":["stsjorbsmod:ArcaneForm","stsjorbsmod:Fear"],"picked":"stsjorbsmod:IvoryTower","floor":16.0},{"not_picked":["stsjorbsmod:OldPocket+1","stsjorbsmod:LocateObject"],"picked":"stsjorbsmod:Stalwart","floor":18.0},{"not_picked":["stsjorbsmod:DisguiseSelf","stsjorbsmod:SchoolsOfMagic"],"picked":"stsjorbsmod:TollTheDead","floor":23.0},{"not_picked":["stsjorbsmod:Prestidigitation","stsjorbsmod:MistyStep"],"picked":"stsjorbsmod:Mania","floor":24.0},{"not_picked":["stsjorbsmod:Aid","stsjorbsmod:BurningFlask"],"picked":"stsjorbsmod:ArcaneWeapon","floor":25.0},{"not_picked":["stsjorbsmod:Hurt","stsjorbsmod:ParryingBlow"],"picked":"stsjorbsmod:FindFamiliar+1","floor":27.0},{"not_picked":["stsjorbsmod:TollTheDead","stsjorbsmod:MistyStep"],"picked":"stsjorbsmod:ArcaneForm","floor":31.0},{"not_picked":["stsjorbsmod:Determination","stsjorbsmod:Rediscovery"],"picked":"stsjorbsmod:Feast","floor":33.0},{"not_picked":["stsjorbsmod:Hibernate","stsjorbsmod:FlameWard"],"picked":"stsjorbsmod:WeightOfMemory+1","floor":35.0},{"not_picked":["stsjorbsmod:WeightOfMemory","stsjorbsmod:Prestidigitation+1"],"picked":"stsjorbsmod:ScorchingRay","floor":36.0},{"not_picked":["stsjorbsmod:ArcaneWeapon","stsjorbsmod:Will"],"picked":"stsjorbsmod:Introspection","floor":38.0},{"not_picked":["stsjorbsmod:Thorns","stsjorbsmod:Hurt","stsjorbsmod:RayOfFrost"],"picked":"SKIP","floor":39},{"not_picked":["stsjorbsmod:UnseenServant","stsjorbsmod:FindFamiliar","stsjorbsmod:Fear"],"picked":"SKIP","floor":41},{"not_picked":["stsjorbsmod:FracturedMind+1","stsjorbsmod:Prepare"],"picked":"stsjorbsmod:ColorSpray+1","floor":44},{"not_picked":["stsjorbsmod:Message","stsjorbsmod:BlackTentacles+1"],"picked":"stsjorbsmod:RayOfFrost+1","floor":46},{"not_picked":["stsjorbsmod:Prestidigitation","stsjorbsmod:FindFamiliar"],"picked":"stsjorbsmod:Will+1","floor":47},{"not_picked":["stsjorbsmod:ColorSpray+1","stsjorbsmod:DoubleCheck"],"picked":"stsjorbsmod:ChatteringStrike+1","floor":48}],"player_experience":2801348,"relics_obtained":[{"floor":6.0,"key":"TungstenRod"},{"floor":8.0,"key":"Meat on the Bone"},{"floor":9.0,"key":"Kunai"},{"floor":12.0,"key":"Oddly Smooth Stone"},{"floor":22.0,"key":"Anchor"},{"floor":24.0,"key":"Potion Belt"},{"floor":26.0,"key":"stsjorbsmod:BottledMemoryRelic"},{"floor":27.0,"key":"Incense Burner"},{"floor":31.0,"key":"Whetstone"},{"floor":36.0,"key":"stsjorbsmod:MindPalaceRelic"},{"floor":41,"key":"Molten Egg 2"},{"floor":44,"key":"Nunchaku"},{"floor":47,"key":"Pen Nib"}],"event_choices":[{"cards_removed":["stsjorbsmod:Strike_Wanderer"],"damage_healed":0.0,"max_hp_gain":0.0,"max_hp_loss":0.0,"gold_gain":0.0,"event_name":"Golden Wing","player_choice":"Card Removal","floor":2.0,"gold_loss":0.0,"damage_taken":7.0},{"damage_healed":0.0,"max_hp_gain":0.0,"max_hp_loss":0.0,"gold_gain":0.0,"event_name":"Shining Light","player_choice":"Entered Light","floor":4.0,"gold_loss":0.0,"damage_taken":20.0,"cards_upgraded":["stsjorbsmod:Defend_Wanderer","stsjorbsmod:Defend_Wanderer"]},{"damage_healed":0.0,"max_hp_gain":0.0,"max_hp_loss":6.0,"gold_gain":0.0,"event_name":"Golden Idol","player_choice":"Lose Max HP","floor":5.0,"gold_loss":0.0,"damage_taken":0.0,"relics_obtained":["Golden Idol"]},{"damage_healed":0.0,"max_hp_gain":0.0,"max_hp_loss":0.0,"gold_gain":0.0,"event_name":"Forgotten Altar","player_choice":"Gave Idol","floor":19.0,"relics_lost":["Golden Idol"],"gold_loss":0.0,"damage_taken":0.0,"relics_obtained":["Bloody Idol"]},{"damage_healed":0.0,"max_hp_gain":0.0,"max_hp_loss":0.0,"gold_gain":0.0,"event_name":"Drug Dealer","player_choice":"Obtain J.A.X.","floor":20.0,"gold_loss":0.0,"damage_taken":0.0,"cards_obtained":["J.A.X."]},{"damage_healed":0.0,"max_hp_gain":0.0,"max_hp_loss":0.0,"gold_gain":0.0,"event_name":"The Mausoleum","player_choice":"Ignored","floor":30.0,"gold_loss":0.0,"damage_taken":0.0},{"damage_healed":0.0,"max_hp_gain":0.0,"max_hp_loss":0.0,"gold_gain":0.0,"event_name":"MindBloom","player_choice":"Fight","floor":36.0,"gold_loss":0.0,"damage_taken":0.0},{"damage_healed":0.0,"max_hp_gain":0.0,"max_hp_loss":3.0,"gold_gain":0.0,"event_name":"Winding Halls","player_choice":"Max HP","floor":37.0,"gold_loss":0.0,"damage_taken":0.0}],"is_beta":false,"boss_relics":[{"not_picked":["Cursed Key","Runic Dome"],"picked":"Coffee Dripper"},{"not_picked":["Snecko Eye","Black Star"],"picked":"Velvet Choker"}],"items_purged_floors":[28,45],"is_endless":false,"potions_floor_spawned":[1,12,13,14,23,24,25,27,41,47,48],"killed_by":"Time Eater","ascension_level":20}}