{"host":"qp7xs8nuzfsyommi","time":1613747385,"event":{"mods":["2.2 Compatiblity","BaseMod","Colored Powertips","DeckTracker","Highlight Path","Minty Spire (QoL Compilation)","Permanent Neow","Quick Restart","StSLib"],"gold_per_floor":[119,119,119,44,44,78,78,94,94,94,127,25,25,41,41,120,120,134,49,99,111,161,161,136,162,216,236,253,253,253],"floor_reached":29,"language":"ENG","playtime":858,"items_purged":["Regret"],"score":598,"play_id":"3c5af11e-f3d7-4a0a-a1f1-dad62386da3b","local_time":"20210219100945","is_ascension_mode":true,"campfire_choices":[{"floor":7.0,"key":"REST"},{"floor":10.0,"key":"REST"},{"data":"Sunder","floor":15.0,"key":"SMITH"},{"floor":23.0,"key":"REST"}],"circlet_count":0,"master_deck":["AscendersBane","Strike_B","Strike_B","Strike_B+1","Defend_B","Defend_B","Defend_B+1","Defend_B","Zap","Dualcast","Gash","Reboot","Tempest","Sunder+1","Panacea","Conserve Battery","Echo Form","Skim","Undo","Reboot","Self Repair","Gash"],"relics":["Cracked Core","Ice Cream","Boot","PreservedInsect","Blue Candle","SsserpentHead","Philosopher\u0027s Stone","Mercury Hourglass","Ancient Tea Set","Happy Flower"],"acts_visited":["Exordium","TheCity"],"potions_floor_usage":[28],"damage_taken":[{"damage":11.0,"enemies":"Cultist","floor":1.0,"turns":4.0},{"damage":47.0,"enemies":"3 Sentries","floor":6.0,"turns":10.0},{"damage":0.0,"enemies":"Jaw Worm","floor":8.0,"turns":3.0},{"damage":11.0,"enemies":"Gremlin Nob","floor":11.0,"turns":3.0},{"damage":0.0,"enemies":"Small Slimes","floor":14.0,"turns":2.0},{"damage":0.0,"enemies":"Slime Boss","floor":16.0,"turns":4.0},{"damage":17.0,"enemies":"3 Byrds","floor":18.0,"turns":4.0},{"damage":0.0,"enemies":"Chosen","floor":21.0,"turns":3.0},{"damage":41.0,"enemies":"Book of Stabbing","floor":25.0,"turns":5.0},{"damage":6.0,"enemies":"Snecko","floor":27.0,"turns":3.0},{"damage":0,"enemies":"Snake Plant","floor":28,"turns":4},{"damage":10,"enemies":"Centurion and Healer","floor":29,"turns":1}],"seed_played":"3921204529814845953","potions_obtained":[{"floor":11.0,"key":"Ancient Potion"},{"floor":14.0,"key":"ColorlessPotion"},{"floor":16.0,"key":"Block Potion"},{"floor":18.0,"key":"FocusPotion"},{"floor":21.0,"key":"PowerPotion"},{"floor":27.0,"key":"PowerPotion"}],"is_trial":false,"path_per_floor":["M","?","?","$","?","E","R","M","T","R","E","$","?","M","R","B",null,"M","$","?","M","T","R","?","E","T","M","M","M"],"character_chosen":"DEFECT","items_purchased":["Panacea","Undo"],"campfire_rested":3,"item_purchase_floors":[12,19],"current_hp_per_floor":[53,32,32,32,55,8,29,29,29,50,39,39,39,39,39,39,63,46,46,26,26,26,48,48,7,7,1,8,0,0],"gold":253,"neow_bonus":"ONE_RARE_RELIC","is_daily":false,"chose_seed":false,"campfire_upgraded":1,"win_rate":0.0,"timestamp":1613747385,"path_taken":["M","?","?","$","?","E","R","M","T","R","E","$","?","M","R","BOSS","M","$","?","M","?","R","?","E","T","M","M","M"],"items_purchased_type":["Card","Card"],"build_version":"2020-12-22","purchased_purges":1,"victory":false,"max_hp_per_floor":[71,71,71,71,71,71,71,71,71,71,71,71,71,71,71,71,71,71,71,76,76,76,76,76,76,76,76,76,76,76],"card_choices":[{"not_picked":["Ball Lightning","Heatsinks"],"picked":"Gash","floor":1.0},{"not_picked":["Redo","Hello World"],"picked":"Reboot","floor":6.0},{"not_picked":["Sweeping Beam","Streamline"],"picked":"Tempest","floor":8.0},{"not_picked":["Genetic Algorithm","White Noise"],"picked":"Sunder","floor":11.0},{"not_picked":["Steam","Barrage"],"picked":"Conserve Battery","floor":14.0},{"not_picked":["Buffer","Creative AI"],"picked":"Echo Form","floor":16.0},{"not_picked":["Heatsinks","Turbo"],"picked":"Skim","floor":18.0},{"not_picked":["Scrape","Sweeping Beam","Rebound"],"picked":"SKIP","floor":21.0},{"not_picked":["Conserve Battery","Fusion"],"picked":"Reboot","floor":25.0},{"not_picked":["Streamline","Sweeping Beam"],"picked":"Self Repair","floor":27.0},{"not_picked":["Coolheaded","Go for the Eyes"],"picked":"Gash","floor":28}],"player_experience":1459624,"relics_obtained":[{"floor":6.0,"key":"Boot"},{"floor":9.0,"key":"PreservedInsect"},{"floor":11.0,"key":"Blue Candle"},{"floor":22.0,"key":"Mercury Hourglass"},{"floor":25.0,"key":"Ancient Tea Set"},{"floor":26.0,"key":"Happy Flower"}],"event_choices":[{"damage_healed":0.0,"max_hp_gain":0.0,"max_hp_loss":0.0,"gold_gain":0.0,"event_name":"Shining Light","player_choice":"Entered Light","floor":2.0,"gold_loss":0.0,"damage_taken":21.0,"cards_upgraded":["Strike_B","Defend_B"]},{"damage_healed":0.0,"max_hp_gain":0.0,"max_hp_loss":0.0,"gold_gain":0.0,"event_name":"Scrap Ooze","player_choice":"Fled","floor":3.0,"gold_loss":0.0,"damage_taken":0.0},{"damage_healed":23.0,"max_hp_gain":0.0,"max_hp_loss":0.0,"gold_gain":0.0,"event_name":"Big Fish","player_choice":"Banana","floor":5.0,"gold_loss":0.0,"damage_taken":0.0},{"damage_healed":0.0,"max_hp_gain":0.0,"max_hp_loss":0.0,"gold_gain":0.0,"event_name":"FaceTrader","player_choice":"Trade","floor":13.0,"gold_loss":0.0,"damage_taken":0.0,"relics_obtained":["SsserpentHead"]},{"damage_healed":0.0,"max_hp_gain":5.0,"max_hp_loss":0.0,"gold_gain":0.0,"event_name":"Forgotten Altar","player_choice":"Shed Blood","floor":20.0,"gold_loss":0.0,"damage_taken":25.0},{"cards_removed":["Strike_B"],"damage_healed":0.0,"max_hp_gain":0.0,"max_hp_loss":0.0,"gold_gain":0.0,"event_name":"Beggar","player_choice":"Gave Gold","floor":24.0,"gold_loss":75.0,"damage_taken":0.0}],"is_beta":false,"boss_relics":[{"not_picked":["Runic Dome","Coffee Dripper"],"picked":"Philosopher\u0027s Stone"}],"items_purged_floors":[4],"is_endless":false,"potions_floor_spawned":[11,14,16,18,21,27],"killed_by":"Centurion and Healer","ascension_level":20}}