{"host":"onfdonezo2qmaex3","time":1613752539,"event":{"mods":["2.2 Compatiblity","AchievementEnabler","Act Like it!","Aspiration","BaseMod","Colored Powertips","Downfall","Friendly Minions","Gensokyo","Hallownest","Hermit","Highlight Path","Jorbs\u0027s Wanderer Trilogy","Marisa????????","Marked Mod","Minty Spire (QoL Compilation)","Quick Restart","Reliquary","Shop Mod","StSLib","The Disciple","The Hayseed","The Hierophant","The Marked","The Runesmith"],"gold_per_floor":[109,119,119,131,131,131,158,158,182,182,200,200,200],"floor_reached":12,"language":"ENG","playtime":459,"items_purged":[],"score":94,"play_id":"e331fdef-3ee2-4864-9b42-f7efdac232ce","local_time":"20210219173539","is_ascension_mode":true,"campfire_choices":[{"data":"Phantasmal Killer","floor":6,"key":"SMITH"},{"data":"Phantasmal Killer","floor":8,"key":"SMITH"},{"data":"Noxious Fumes","floor":10,"key":"SMITH"}],"circlet_count":0,"master_deck":["Strike_G","Strike_G","Strike_G","Strike_G","Defend_G","Defend_G","Defend_G","Defend_G","Defend_G","Survivor","Neutralize","Escape Plan","Noxious Fumes+1","Phantasmal Killer+1","Phantasmal Killer+1"],"relics":["Ring of the Snake","HornCleat"],"acts_visited":["Exordium"],"potions_floor_usage":[11],"damage_taken":[{"damage":1,"enemies":"Jaw Worm","floor":1,"turns":6},{"damage":3,"enemies":"Cultist","floor":2,"turns":5},{"damage":6,"enemies":"2 Louse","floor":4,"turns":3},{"damage":43,"enemies":"Lagavulin","floor":7,"turns":10},{"damage":13,"enemies":"Lots of Slimes","floor":11,"turns":4},{"damage":8,"enemies":"3 Sentries","floor":12,"turns":4}],"seed_played":"681513557451325775","potions_obtained":[{"floor":2,"key":"Swift Potion"},{"floor":11,"key":"GamblersBrew"}],"is_trial":false,"path_per_floor":["M","M","?","M","?","R","E","R","T","R","M","E"],"character_chosen":"THE_SILENT","items_purchased":[],"campfire_rested":0,"item_purchase_floors":[],"current_hp_per_floor":[76,73,73,67,60,60,17,17,17,17,4,0,0],"gold":200,"neow_bonus":"TEN_PERCENT_HP_BONUS","is_daily":false,"chose_seed":false,"campfire_upgraded":3,"win_rate":0.0,"timestamp":1613752539,"path_taken":["M","M","?","?","?","R","E","R","T","R","M","E"],"items_purchased_type":[],"build_version":"2020-12-22","purchased_purges":0,"victory":false,"max_hp_per_floor":[77,77,77,77,77,77,77,77,77,77,77,77,77],"card_choices":[{"not_picked":["Prepared","Sucker Punch"],"picked":"Escape Plan","floor":1},{"not_picked":["Outmaneuver","Masterful Stab"],"picked":"Noxious Fumes","floor":2},{"not_picked":["Well Laid Plans","Sucker Punch","Dodge and Roll"],"picked":"SKIP","floor":4},{"not_picked":["Underhanded Strike","Cloak And Dagger"],"picked":"Phantasmal Killer","floor":7},{"not_picked":["Deadly Poison","Tactician","Heel Hook"],"picked":"SKIP","floor":11}],"player_experience":212287,"relics_obtained":[{"floor":7,"key":"HornCleat"}],"event_choices":[{"damage_healed":0,"gold_gain":0,"cards_transformed":["Strike_G"],"player_choice":"Transformed","damage_taken":0,"max_hp_gain":0,"max_hp_loss":0,"event_name":"Transmorgrifier","floor":3,"gold_loss":0,"cards_obtained":["Phantasmal Killer"]},{"damage_healed":0,"gold_gain":0,"player_choice":"Damaged","damage_taken":7,"max_hp_gain":0,"max_hp_loss":0,"event_name":"Wheel of Change","floor":5,"gold_loss":0}],"is_beta":false,"boss_relics":[],"items_purged_floors":[],"is_endless":false,"potions_floor_spawned":[2,11],"killed_by":"3 Sentries","ascension_level":4}}