{"host":"htvce8wym9d6pe5b","time":1613758792,"event":{"mods":["Act Like it!","BaseMod","Colored Map","Conspire","Downfall","Duelist Mod","Hermit","Highlight Path","Hubris","Infinite Spire","Jorbs\u0027s Wanderer Trilogy","Minty Spire (QoL Compilation)","Replay The Spire","StSLib","The Bug Knight","The Cursed","The Disciple","The Hierophant","The Runesmith"],"gold_per_floor":[113,128,139,139,150,250,200,200,200,211,211,211,270,281,281,381,381,395,395,410,410,410,410,422,422,446,446,446],"floor_reached":27,"language":"ENG","playtime":2195,"items_purged":[],"score":228,"play_id":"ecbdcaa1-e2ac-4ed0-8295-cd709635f020","local_time":"20210219121952","is_ascension_mode":false,"campfire_choices":[{"floor":11,"key":"REST"},{"floor":15,"key":"REST"},{"floor":23,"key":"REST"},{"floor":25,"key":"REST"}],"circlet_count":0,"master_deck":["stsjorbsmod:ForbiddenGrimoire+1","stsjorbsmod:Strike_Wanderer","stsjorbsmod:Strike_Wanderer","stsjorbsmod:Strike_Wanderer","stsjorbsmod:Strike_Wanderer","stsjorbsmod:Defend_Wanderer","stsjorbsmod:Defend_Wanderer","stsjorbsmod:Defend_Wanderer+1","stsjorbsmod:Defend_Wanderer","stsjorbsmod:FreshAdventure","stsjorbsmod:EyeOfTheStorm","stsjorbsmod:Inferno","stsjorbsmod:ScorchingRay","stsjorbsmod:SmithingStrike","stsjorbsmod:Message","stsjorbsmod:Prepare","stsjorbsmod:ArcaneForm","stsjorbsmod:ChatteringStrike","hubris:Compulsion","stsjorbsmod:Materialize","stsjorbsmod:DeathThroes","stsjorbsmod:Pyromancy","stsjorbsmod:BookOfTongues","CurseOfTheBell","stsjorbsmod:ColorSpray+1","stsjorbsmod:Aid"],"relics":["stsjorbsmod:GrimoireRelic","Snack Pack","Pear","conspire:SlowCooker","Calling Bell","Replay:Baseball","Replay:WaspNest","hubris:MedicalManual","Replay:Mystery Machine"],"acts_visited":["Exordium","TheCity"],"potions_floor_usage":[],"damage_taken":[{"damage":1,"enemies":"2 Louse","floor":1,"turns":4},{"damage":8,"enemies":"Cultist","floor":2,"turns":4},{"damage":6,"enemies":"Small Slimes","floor":3,"turns":4},{"damage":13,"enemies":"Looter","floor":5,"turns":3},{"damage":3,"enemies":"2 Fungi Beasts","floor":10,"turns":4},{"damage":7,"enemies":"Large Slime","floor":14,"turns":7},{"damage":82,"enemies":"The Guardian","floor":16,"turns":12},{"damage":18,"enemies":"3 Byrds","floor":18,"turns":5},{"damage":23,"enemies":"2 Thieves","floor":20,"turns":4},{"damage":21,"enemies":"Snake Plant","floor":24,"turns":3},{"damage":44,"enemies":"Shelled Parasite and Fungi","floor":27,"turns":3}],"seed_played":"2231603827633626141","potions_obtained":[{"floor":1,"key":"SmokeBomb"},{"floor":5,"key":"Ancient Potion"},{"floor":10,"key":"Fire Potion"},{"floor":16,"key":"hexamod:SoulburnPotion"}],"is_trial":false,"path_per_floor":["M","M","M","$","M","?","$","?","T","M","R","?","?","M","R","B",null,"M","AVR","M","?","?","R","M","R","T","M"],"character_chosen":"WANDERER","items_purchased":["stsjorbsmod:Prepare"],"campfire_rested":4,"item_purchase_floors":[7],"current_hp_per_floor":[74,67,63,63,52,52,52,52,52,53,74,74,66,64,84,6,84,72,72,50,13,13,38,18,43,43,0,0],"gold":446,"neow_bonus":"TEN_PERCENT_HP_BONUS","is_daily":false,"chose_seed":false,"campfire_upgraded":0,"win_rate":0.0,"timestamp":1613758792,"path_taken":["M","M","M","$","M","?","?","?","T","M","R","?","?","M","R","BOSS","M","AVR","M","?","?","R","M","R","T","M"],"items_purchased_type":["Card"],"build_version":"2020-12-22","purchased_purges":0,"victory":false,"max_hp_per_floor":[74,74,74,74,74,74,74,74,74,74,74,74,84,84,84,84,84,84,84,84,84,84,84,84,84,84,84,84],"card_choices":[{"not_picked":["stsjorbsmod:MageArmor","stsjorbsmod:RefuseToForget"],"picked":"stsjorbsmod:Inferno","floor":1},{"not_picked":["stsjorbsmod:RayOfFrost","stsjorbsmod:Mindworm"],"picked":"stsjorbsmod:ScorchingRay","floor":2},{"not_picked":["stsjorbsmod:WeightOfMemory","stsjorbsmod:Patron"],"picked":"stsjorbsmod:SmithingStrike","floor":3},{"not_picked":["stsjorbsmod:FracturedMind","stsjorbsmod:BlackTentacles"],"picked":"stsjorbsmod:Message","floor":5},{"not_picked":["stsjorbsmod:HedgeWizard","stsjorbsmod:Firebolt"],"picked":"stsjorbsmod:ChatteringStrike","floor":10},{"not_picked":["stsjorbsmod:Inferno","stsjorbsmod:WeightOfMemory"],"picked":"stsjorbsmod:Materialize","floor":13},{"not_picked":["stsjorbsmod:WeightOfMemory","stsjorbsmod:Prepare"],"picked":"stsjorbsmod:DeathThroes","floor":14},{"not_picked":["stsjorbsmod:Fear","stsjorbsmod:Withdraw"],"picked":"stsjorbsmod:Pyromancy","floor":16},{"not_picked":["stsjorbsmod:ColorSpray","stsjorbsmod:FlameWard"],"picked":"stsjorbsmod:BookOfTongues","floor":18},{"not_picked":["stsjorbsmod:RefuseToForget","stsjorbsmod:Hurt"],"picked":"stsjorbsmod:ColorSpray+1","floor":20},{"not_picked":["stsjorbsmod:BlackTentacles","stsjorbsmod:BurningFlask+1"],"picked":"stsjorbsmod:Aid","floor":24}],"player_experience":16494,"relics_obtained":[{"floor":9,"key":"Snack Pack"},{"floor":13,"key":"Pear"},{"floor":19,"key":"Replay:Baseball"},{"floor":19,"key":"Replay:WaspNest"},{"floor":19,"key":"hubris:MedicalManual"},{"floor":26,"key":"Replay:Mystery Machine"}],"event_choices":[{"damage_healed":0,"gold_gain":100,"player_choice":"Pray","damage_taken":0,"max_hp_gain":0,"max_hp_loss":0,"event_name":"Golden Shrine","floor":6,"gold_loss":0},{"damage_healed":0,"gold_gain":0,"player_choice":"Leave","damage_taken":0,"max_hp_gain":0,"max_hp_loss":0,"event_name":"conspire:Investor","floor":22,"gold_loss":0}],"is_beta":false,"boss_relics":[{"not_picked":["Runesmith:UraniumAnvil","hubris:CrackedHourglass"],"picked":"conspire:SlowCooker"}],"items_purged_floors":[],"is_endless":false,"potions_floor_spawned":[1,5,10,16,18],"killed_by":"Shelled Parasite and Fungi","ascension_level":0}}