{"host":"sc0o2qwpf9j16a4i","time":1613743609,"event":{"mods":["AchievementEnabler","BaseMod","BetterRewards","Block Reminder","Colored Map","Colored Powertips","Custom Start","Highlight Path","Minty Spire (QoL Compilation)","Relic Stats"],"gold_per_floor":[110,6,24,199,199,199,218,228,228,228,228],"floor_reached":10,"language":"ENG","playtime":171,"items_purged":[],"score":58,"play_id":"36be3770-1387-46be-ad5b-584b5b5e6658","local_time":"20210219160649","daily_mods":["Heirloom","Diverse","Binary"],"is_ascension_mode":false,"campfire_choices":[{"data":"1","floor":6,"key":"LIFT"}],"circlet_count":0,"master_deck":["Strike_B","Strike_B","Strike_B+1","Strike_B","Defend_B","Defend_B","Defend_B","Defend_B","Zap","Dualcast","Carnage+1","SashWhip","Iron Wave","Doubt","CrushJoints","Creative AI"],"relics":["Cracked Core","Girya","Pantograph"],"acts_visited":["Exordium"],"potions_floor_usage":[10],"damage_taken":[{"damage":5,"enemies":"Small Slimes","floor":1,"turns":3},{"damage":0,"enemies":"Cultist","floor":3,"turns":3},{"damage":3,"enemies":"Jaw Worm","floor":7,"turns":2},{"damage":2,"enemies":"Blue Slaver","floor":8,"turns":3},{"damage":0,"enemies":"Lagavulin","floor":10,"turns":4}],"seed_played":"-634236562308831997","potions_obtained":[{"floor":3,"key":"SkillPotion"},{"floor":8,"key":"GamblersBrew"}],"is_trial":true,"path_per_floor":["M","$","M","?","?","R","M","M","T","E"],"character_chosen":"DEFECT","items_purchased":["SashWhip","Explosive Potion"],"campfire_rested":0,"item_purchase_floors":[2,2],"current_hp_per_floor":[70,70,70,70,55,55,52,50,50,50,50],"gold":228,"neow_bonus":"","is_daily":false,"chose_seed":false,"campfire_upgraded":0,"win_rate":0.0,"timestamp":1613743609,"path_taken":["M","$","M","?","?","R","M","M","T","E"],"items_purchased_type":["Card","Potion"],"build_version":"2020-12-22","purchased_purges":0,"victory":false,"max_hp_per_floor":[75,75,75,75,75,75,75,75,75,75,75],"relic_stats":{"counters":[5,15],"Pantograph":0,"obtain_stats":[{"Girya":0,"Pantograph":9,"Cracked Core":0},{"Girya":0,"Pantograph":4,"Cracked Core":0},{"Girya":0,"Pantograph":11,"Cracked Core":0}]},"card_choices":[{"not_picked":["Stack"],"picked":"Carnage","floor":1},{"not_picked":["Hologram"],"picked":"Iron Wave","floor":3},{"not_picked":["Havoc"],"picked":"CrushJoints","floor":7},{"not_picked":["Blur"],"picked":"Creative AI","floor":8}],"player_experience":1476119,"relics_obtained":[{"floor":9,"key":"Pantograph"}],"event_choices":[{"damage_healed":0,"gold_gain":175,"player_choice":"AGREE","damage_taken":0,"max_hp_gain":0,"max_hp_loss":0,"event_name":"Liars Game","floor":4,"gold_loss":0,"cards_obtained":["Doubt"]},{"damage_healed":0,"gold_gain":0,"player_choice":"Entered Light","damage_taken":15,"max_hp_gain":0,"max_hp_loss":0,"event_name":"Shining Light","floor":5,"gold_loss":0,"cards_upgraded":["Strike_B","Carnage"]}],"is_beta":false,"boss_relics":[],"items_purged_floors":[],"is_endless":false,"potions_floor_spawned":[3,8],"killed_by":"Lagavulin","ascension_level":0}}