{"host":"188x3om7sf6mgxv1","time":1613767773,"event":{"mods":["BaseMod","Block Reminder","Downfall","Jorbs\u0027s Wanderer Trilogy","Minty Spire (QoL Compilation)","Relic Stats","StSLib"],"gold_per_floor":[99,99,99,99,99,99,99,99,99,99,99,22,22,7,7,7,7,0,0,0,0,0,0,0,0,0,0,0,0,0,0,0,0,0,0,0,0,0,0,0,0,0,0,0,0,0,0,0,0,0,0,0,0,0,0],"floor_reached":56,"language":"ENG","playtime":1782,"items_purged":[],"score":1663,"play_id":"39b072fe-ed2a-4dff-8cba-875220e0d356","local_time":"20210219154933","is_ascension_mode":true,"campfire_choices":[{"data":"Perfected Strike","floor":6,"key":"SMITH"},{"data":"Spot Weakness","floor":8,"key":"SMITH"},{"floor":15,"key":"REST"},{"data":"Perfected Strike","floor":23,"key":"SMITH"},{"data":"Perfected Strike","floor":27,"key":"SMITH"},{"data":"Disarm","floor":29,"key":"SMITH"},{"data":"Battle Trance","floor":32,"key":"SMITH"},{"floor":40,"key":"RECALL"},{"data":"Shockwave","floor":42,"key":"SMITH"},{"floor":49,"key":"REST"},{"data":"Offering","floor":52,"key":"SMITH"}],"circlet_count":0,"master_deck":["Strike_R","Strike_R","Strike_R","Strike_R","Defend_R","Defend_R","Defend_R","Defend_R","Bash","Spot Weakness+1","Perfected Strike+1","Shockwave+1","Disarm+1","Thunderclap","Battle Trance+1","Shrug It Off","Armaments","Impervious","Perfected Strike+1","Perfected Strike+1","Anger","Spot Weakness+1","Reaper","Offering+1","Inflame+1","Bloodletting","Whirlwind+1","Burning Pact+1","Fiend Fire","Flame Barrier+1"],"relics":["Ectoplasm","Lantern","Regal Pillow","Letter Opener","White Beast Statue","SacredBark","Frozen Egg 2","Self Forming Clay","Turnip","Philosopher\u0027s Stone","Red Mask","Gambling Chip","Omamori","Vajra","HornCleat"],"acts_visited":["Exordium","TheCity","TheBeyond","TheEnding"],"potions_floor_usage":[7,7,18,19,25,25,28,30,33,44,50,55,55,55],"damage_taken":[{"damage":0,"enemies":"Jaw Worm","floor":1,"turns":3},{"damage":2,"enemies":"2 Louse","floor":5,"turns":3},{"damage":18,"enemies":"Gremlin Nob","floor":7,"turns":3},{"damage":10,"enemies":"3 Sentries","floor":10,"turns":6},{"damage":9,"enemies":"Small Slimes","floor":11,"turns":3},{"damage":6,"enemies":"Gremlin Nob","floor":13,"turns":3},{"damage":0,"enemies":"Looter","floor":14,"turns":2},{"damage":3,"enemies":"Hexaghost","floor":16,"turns":9},{"damage":1,"enemies":"2 Thieves","floor":18,"turns":4},{"damage":0,"enemies":"3 Byrds","floor":19,"turns":2},{"damage":15,"enemies":"Shelled Parasite and Fungi","floor":22,"turns":6},{"damage":0,"enemies":"Centurion and Healer","floor":24,"turns":5},{"damage":2,"enemies":"Slavers","floor":25,"turns":5},{"damage":6,"enemies":"Book of Stabbing","floor":28,"turns":4},{"damage":0,"enemies":"Snake Plant","floor":30,"turns":2},{"damage":0,"enemies":"3 Cultists","floor":31,"turns":3},{"damage":75,"enemies":"Collector","floor":33,"turns":11},{"damage":22,"enemies":"3 Darklings","floor":35,"turns":6},{"damage":6,"enemies":"Orb Walker","floor":36,"turns":1},{"damage":30,"enemies":"Jaw Worm Horde","floor":37,"turns":4},{"damage":40,"enemies":"Giant Head","floor":44,"turns":7},{"damage":22,"enemies":"Reptomancer","floor":46,"turns":3},{"damage":16,"enemies":"3 Darklings","floor":47,"turns":3},{"damage":25,"enemies":"4 Shapes","floor":48,"turns":2},{"damage":43,"enemies":"Donu and Deca","floor":50,"turns":7},{"damage":45,"enemies":"Shield and Spear","floor":54,"turns":5},{"damage":55,"enemies":"The Heart","floor":55,"turns":7}],"seed_played":"-6881922140204698603","potions_obtained":[{"floor":1,"key":"FearPotion"},{"floor":5,"key":"GamblersBrew"},{"floor":14,"key":"SpeedPotion"},{"floor":16,"key":"Ancient Potion"},{"floor":18,"key":"LiquidBronze"},{"floor":19,"key":"HeartOfIron"},{"floor":22,"key":"Weak Potion"},{"floor":25,"key":"AttackPotion"},{"floor":28,"key":"Explosive Potion"},{"floor":30,"key":"Regen Potion"},{"floor":31,"key":"LiquidBronze"},{"floor":33,"key":"Swift Potion"},{"floor":37,"key":"Strength Potion"},{"floor":44,"key":"Block Potion"},{"floor":54,"key":"Swift Potion"}],"is_trial":false,"path_per_floor":["M","?","?","?","M","R","E","R","T","E","M","$","E","M","R","B",null,"M","M","?","?","M","R","M","E","T","R","E","R","M","M","R","B",null,"M","M","M","?","?","R","$","R","T","E","T","E","M","M","R","B",null,"R","$","E","B",null],"character_chosen":"IRONCLAD","items_purchased":["Battle Trance"],"campfire_rested":2,"item_purchase_floors":[12],"current_hp_per_floor":[72,72,77,66,64,64,46,46,46,36,27,27,21,21,61,58,78,77,77,77,77,62,62,62,60,60,60,54,54,54,54,54,53,77,85,79,79,79,79,79,79,79,79,39,39,17,22,54,85,85,85,85,85,64,33],"gold":0,"neow_bonus":"BOSS_RELIC","is_daily":false,"chose_seed":false,"campfire_upgraded":8,"win_rate":0.0,"timestamp":1613767773,"path_taken":["M","?","?","?","M","R","E","R","T","E","M","$","E","M","R","BOSS","M","M","?","?","M","R","M","E","T","R","E","R","M","M","R","BOSS","M","M","M","?","?","R","?","R","T","E","?","E","?","M","R","BOSS","R","$","E","BOSS"],"items_purchased_type":["Card"],"build_version":"2020-12-22","purchased_purges":0,"victory":true,"max_hp_per_floor":[80,80,85,85,85,85,85,85,85,85,85,85,85,85,85,85,85,85,85,85,85,85,85,85,85,85,85,85,85,85,85,85,85,85,85,85,85,85,85,85,85,85,85,85,85,85,85,85,85,85,85,85,85,85,85],"relic_stats":{"Regal Pillow":21,"counters":[27,119],"Self Forming Clay":[192],"Gambling Chip":[20],"Ectoplasm":857,"Turnip":[7],"Letter Opener":[290],"obtain_stats":[{"Lantern":7,"Regal Pillow":9,"Self Forming Clay":26,"SacredBark":17,"Vajra":46,"Omamori":45,"Letter Opener":10,"Frozen Egg 2":25,"Burning Blood":0,"White Beast Statue":13,"HornCleat":54,"Gambling Chip":44,"Philosopher\u0027s Stone":34,"Ectoplasm":0,"Turnip":28,"Red Mask":38},{"Lantern":3,"Regal Pillow":3,"Self Forming Clay":13,"SacredBark":8,"Vajra":22,"Omamori":21,"Letter Opener":4,"Frozen Egg 2":13,"Burning Blood":0,"White Beast Statue":6,"HornCleat":26,"Gambling Chip":21,"Philosopher\u0027s Stone":17,"Ectoplasm":0,"Turnip":14,"Red Mask":20},{"Lantern":9,"Regal Pillow":9,"Self Forming Clay":54,"SacredBark":32,"Vajra":95,"Omamori":92,"Letter Opener":15,"Frozen Egg 2":54,"Burning Blood":0,"White Beast Statue":21,"HornCleat":112,"Gambling Chip":92,"Philosopher\u0027s Stone":74,"Ectoplasm":0,"Turnip":58,"Red Mask":85}]},"card_choices":[{"not_picked":["Armaments","Anger"],"picked":"Spot Weakness","floor":1},{"not_picked":["Burning Pact","Warcry"],"picked":"Perfected Strike","floor":5},{"not_picked":["Heavy Blade","Wild Strike"],"picked":"Shockwave","floor":7},{"not_picked":["Pummel","Bloodletting"],"picked":"Disarm","floor":10},{"not_picked":["Twin Strike","Rupture"],"picked":"Thunderclap","floor":11},{"not_picked":["Cleave","Iron Wave"],"picked":"Shrug It Off","floor":13},{"not_picked":["Iron Wave","Body Slam"],"picked":"Armaments","floor":14},{"not_picked":["Exhume","Barricade"],"picked":"Impervious","floor":16},{"not_picked":["Rupture","Rampage"],"picked":"Perfected Strike","floor":18},{"not_picked":["Warcry","Iron Wave+1","Wild Strike"],"picked":"SKIP","floor":19},{"not_picked":["Entrench","Warcry+1"],"picked":"Perfected Strike","floor":22},{"not_picked":["Rage","Perfected Strike"],"picked":"Anger","floor":24},{"not_picked":["Armaments+1","Anger+1","Pummel+1"],"picked":"SKIP","floor":25},{"not_picked":["Shockwave","Dark Embrace+1"],"picked":"Spot Weakness+1","floor":28},{"not_picked":["Sword Boomerang+1","Flex"],"picked":"Reaper","floor":30},{"not_picked":["Hemokinesis","Intimidate","Clothesline"],"picked":"SKIP","floor":31},{"not_picked":["Fiend Fire","Barricade+1"],"picked":"Offering","floor":33},{"not_picked":["Twin Strike+1","Searing Blow","Cleave+1"],"picked":"SKIP","floor":35},{"not_picked":["Anger+1","Hemokinesis+1"],"picked":"Inflame+1","floor":36},{"not_picked":["Thunderclap","Dark Embrace+1"],"picked":"Bloodletting","floor":37},{"not_picked":["Warcry","Havoc"],"picked":"Whirlwind+1","floor":44},{"not_picked":["Searing Blow","Body Slam+1"],"picked":"Burning Pact+1","floor":46},{"not_picked":["Fire Breathing+1","Pommel Strike+1"],"picked":"Fiend Fire","floor":47},{"not_picked":["Fire Breathing+1","Twin Strike","Clothesline"],"picked":"SKIP","floor":48},{"not_picked":["Metallicize+1","True Grit+1"],"picked":"Flame Barrier+1","floor":54}],"player_experience":129266,"relics_obtained":[{"floor":7,"key":"Lantern"},{"floor":9,"key":"Regal Pillow"},{"floor":10,"key":"Letter Opener"},{"floor":13,"key":"White Beast Statue"},{"floor":25,"key":"Frozen Egg 2"},{"floor":26,"key":"Self Forming Clay"},{"floor":28,"key":"Turnip"},{"floor":44,"key":"Gambling Chip"},{"floor":45,"key":"Omamori"},{"floor":46,"key":"Vajra"},{"floor":54,"key":"HornCleat"}],"event_choices":[{"damage_healed":0,"gold_gain":0,"player_choice":"Ignored","damage_taken":0,"max_hp_gain":0,"max_hp_loss":0,"event_name":"Liars Game","floor":2,"gold_loss":0},{"damage_healed":0,"gold_gain":0,"player_choice":"Donut","damage_taken":0,"max_hp_gain":5,"max_hp_loss":0,"event_name":"Big Fish","floor":3,"gold_loss":0},{"damage_healed":0,"gold_gain":75,"player_choice":"Gather Gold","damage_taken":11,"max_hp_gain":0,"max_hp_loss":0,"event_name":"World of Goop","floor":4,"gold_loss":0},{"damage_healed":0,"gold_gain":0,"player_choice":"Ignored","damage_taken":0,"max_hp_gain":0,"max_hp_loss":0,"event_name":"The Mausoleum","floor":21,"gold_loss":0},{"damage_healed":0,"gold_gain":0,"player_choice":"Paid","damage_taken":0,"relics_obtained":["Red Mask"],"max_hp_gain":0,"max_hp_loss":0,"event_name":"Tomb of Lord Red Mask","floor":38,"gold_loss":0},{"cards_removed":["Strike_R"],"damage_healed":0,"gold_gain":0,"player_choice":"Removed Attack","damage_taken":0,"max_hp_gain":0,"max_hp_loss":0,"event_name":"Falling","floor":39,"gold_loss":0}],"is_beta":false,"boss_relics":[{"not_picked":["Runic Cube","Astrolabe"],"picked":"SacredBark"},{"not_picked":["Mark of Pain","Empty Cage"],"picked":"Philosopher\u0027s Stone"}],"items_purged_floors":[],"is_endless":false,"potions_floor_spawned":[1,5,14,16,18,19,22,24,25,28,30,31,33,35,36,37,44,46,47,48,54],"ascension_level":9}}