{"host":"9rehsd5oi9uaydbk","time":1613707867,"event":{"mods":["AchievementEnabler","Act Like it!","Aspiration","BaseMod","Better Third Choice","Colored Powertips","Curses Come First","Downfall","Hermit","Hubris","Jorbs\u0027s Wanderer Trilogy","Minty Spire (QoL Compilation)","StSLib","The Marked","The Runesmith"],"gold_per_floor":[116,128,45,45,57,88,0,0,0,17,28,46,46,59,59,163,163,178,178,178,178,30,55,55,84,109,128,137,137,31,43,43,43,43],"floor_reached":33,"language":"ENG","playtime":1324,"items_purged":["theMarked:Snap"],"score":285,"play_id":"a0af9e78-8a6d-4bda-bb3d-280e58b680f7","local_time":"20210218231107","is_ascension_mode":false,"campfire_choices":[{"floor":13,"key":"REST"},{"data":"theMarked:SoldierOfQuellstein","floor":15,"key":"SMITH"},{"floor":24,"key":"REST"},{"floor":29,"key":"REST"},{"floor":32,"key":"REST"}],"circlet_count":0,"master_deck":["theMarked:Strike","theMarked:Strike","theMarked:Strike","theMarked:Strike","theMarked:Defend","theMarked:Defend","theMarked:Defend","theMarked:SoldierOfQuellstein+1","theMarked:AttractMetal","theMarked:SwordAndMagic","theMarked:Static","Dramatic Entrance","theMarked:EmpowerWeapon","Enlightenment","theMarked:Opportunist","theMarked:SwordAndMagic","theMarked:GodGivenPower","theMarked:PowerFlow","theMarked:PowerFlow","theMarked:Friction"],"relics":["theMarked:ArtifactOfAir","aspiration:ChemicalBlood","StrikeDummy","hubris:DisguiseKit","SlaversCollar","Juzu Bracelet","MutagenicStrength","PreservedInsect","aspiration:Lifesprig","Peace Pipe","CeramicFish"],"acts_visited":["Exordium","TheCity"],"potions_floor_usage":[6,11,12,16,16,17,18,23,23,25,25,27,31,31,31,33,33,33],"damage_taken":[{"damage":0,"enemies":"2 Louse","floor":1,"turns":3},{"damage":0,"enemies":"Cultist","floor":2,"turns":3},{"damage":1,"enemies":"Jaw Worm","floor":5,"turns":2},{"damage":14,"enemies":"Gremlin Nob","floor":6,"turns":3},{"damage":13,"enemies":"Exordium Thugs","floor":10,"turns":2},{"damage":5,"enemies":"Lots of Slimes","floor":11,"turns":3},{"damage":0,"enemies":"Gremlin Gang","floor":12,"turns":2},{"damage":12,"enemies":"Blue Slaver","floor":14,"turns":3},{"damage":31,"enemies":"Hexaghost","floor":16,"turns":7},{"damage":12,"enemies":"3 Byrds","floor":18,"turns":4},{"damage":15,"enemies":"Book of Stabbing","floor":23,"turns":3},{"damage":45,"enemies":"Gremlin Leader","floor":25,"turns":5},{"damage":19,"enemies":"2 Thieves","floor":27,"turns":3},{"damage":15,"enemies":"Snake Plant","floor":31,"turns":3},{"damage":66,"enemies":"Automaton","floor":33,"turns":6}],"seed_played":"-3132380432196952197","potions_obtained":[{"floor":1,"key":"PowerPotion"},{"floor":6,"key":"Regen Potion"},{"floor":14,"key":"sneckomod:MuddlingPotion"},{"floor":16,"key":"EntropicBrew"},{"floor":18,"key":"theMarked:SummonPotion"},{"floor":27,"key":"Explosive Potion"},{"floor":31,"key":"BlessingOfTheForge"}],"is_trial":false,"path_per_floor":["M","M","$","?","M","E","?","T","T","M","M","M","R","M","R","B",null,"M","$","?","?","$","E","R","E","T","M","?","R","$","M","R","B"],"character_chosen":"THE_DEFAULT","items_purchased":["Dramatic Entrance","Juzu Bracelet","PreservedInsect","theMarked:Friction"],"campfire_rested":4,"item_purchase_floors":[3,19,22,30],"current_hp_per_floor":[72,72,72,72,71,57,63,63,63,50,54,54,77,65,65,34,78,66,56,56,56,56,41,64,19,19,23,23,46,46,31,54,0,0],"gold":43,"neow_bonus":"TRANSFORM_CARD","is_daily":false,"chose_seed":false,"campfire_upgraded":1,"win_rate":0.0,"timestamp":1613707867,"path_taken":["M","M","$","?","?","E","?","?","T","M","?","M","R","M","R","BOSS","M","?","?","?","$","E","R","E","T","M","?","R","$","M","R","BOSS"],"items_purchased_type":["Card","Relic","Relic","Card"],"build_version":"2020-12-22","purchased_purges":1,"victory":false,"max_hp_per_floor":[72,72,72,72,72,72,78,78,78,78,78,78,78,78,78,78,78,78,78,78,78,78,78,78,78,78,78,78,78,78,78,78,78,78],"card_choices":[{"not_picked":["theMarked:RepellingDischarge","theMarked:WastefulAttack"],"picked":"theMarked:SwordAndMagic","floor":1},{"not_picked":["theMarked:PowerFlow","theMarked:Improvise"],"picked":"theMarked:Static","floor":2},{"not_picked":["theMarked:ChannelForce","theMarked:BanishingStrike"],"picked":"theMarked:EmpowerWeapon","floor":5},{"not_picked":["theMarked:BanishingStrike","theMarked:TakeOffHeels","theMarked:TwofoldDefense"],"picked":"SKIP","floor":6},{"not_picked":["theMarked:BanishingStrike","theMarked:Seal","Wild Strike"],"picked":"theMarked:Opportunist","floor":10},{"not_picked":["theMarked:RepellingDischarge","theMarked:MuscleMemory","Cleave"],"picked":"theMarked:SwordAndMagic","floor":11},{"not_picked":["theMarked:ElectricStrings","theMarked:BanishingStrike","Anger"],"picked":"theMarked:GodGivenPower","floor":12},{"not_picked":["theMarked:ContemptForTheProud","theMarked:Improvise","Whirlwind"],"picked":"theMarked:PowerFlow","floor":14},{"not_picked":["theMarked:ResourceFulStrike+1","theMarked:Electrocute","theMarked:RepellingDischarge","Heavy Blade"],"picked":"SKIP","floor":18},{"not_picked":["theMarked:ElectricStrings+1","theMarked:RepellingDischarge","theMarked:WastefulAttack+1","Headbutt"],"picked":"SKIP","floor":23},{"not_picked":["theMarked:HeightenedSenses","theMarked:Aftermath+1","True Grit"],"picked":"theMarked:PowerFlow","floor":25},{"not_picked":["theMarked:Improvise+1","theMarked:Parkour","theMarked:Reabsorb","Clash"],"picked":"SKIP","floor":27},{"not_picked":["theMarked:Improvise","theMarked:BindingBlade","theMarked:RepellingDischarge","Dropkick"],"picked":"SKIP","floor":31}],"player_experience":214197,"relics_obtained":[{"floor":6,"key":"aspiration:ChemicalBlood"},{"floor":8,"key":"StrikeDummy"},{"floor":9,"key":"hubris:DisguiseKit"},{"floor":23,"key":"aspiration:Lifesprig"},{"floor":25,"key":"Peace Pipe"},{"floor":26,"key":"CeramicFish"}],"event_choices":[{"damage_healed":0,"gold_gain":0,"player_choice":"Ignored","damage_taken":0,"max_hp_gain":0,"max_hp_loss":0,"event_name":"NoteForYourself","floor":4,"gold_loss":0},{"damage_healed":0,"gold_gain":0,"player_choice":"RENOUNCE","damage_taken":88,"max_hp_gain":0,"max_hp_loss":0,"event_name":"betterThird:BetterSerpent","floor":7,"gold_loss":88,"cards_obtained":["Enlightenment"]},{"damage_healed":0,"gold_gain":0,"player_choice":"Inject Mutagens","damage_taken":0,"relics_obtained":["MutagenicStrength"],"max_hp_gain":0,"max_hp_loss":0,"event_name":"Drug Dealer","floor":20,"gold_loss":0},{"damage_healed":0,"gold_gain":0,"cards_transformed":["theMarked:Strike"],"player_choice":"Transformed","damage_taken":0,"max_hp_gain":0,"max_hp_loss":0,"event_name":"Transmorgrifier","floor":28,"gold_loss":0,"cards_obtained":["theMarked:Snap"]}],"is_beta":false,"boss_relics":[{"not_picked":["aspiration:SilentSkillbook","Coffee Dripper"],"picked":"SlaversCollar"}],"items_purged_floors":[30],"is_endless":false,"potions_floor_spawned":[1,6,14,16,18,27,31],"killed_by":"Automaton","ascension_level":0}}