{"host":"1vy6j31128f61x2z","time":1613704324,"event":{"mods":["AchievementEnabler","BaseMod","Colored Powertips","Minty Spire (QoL Compilation)","Permanent Neow"],"gold_per_floor":[115,134,148,168,188,214,176,202,214,226,256,300,322,364,376,490,502,526,525,537,568,580,624,636,171,219,219,247,266,266,266,266],"floor_reached":31,"language":"ENG","playtime":1329,"items_purged":["Decay"],"score":405,"play_id":"fdebbf74-15c3-4bfe-afb7-5cad4f6888ec","local_time":"20210218221203","is_ascension_mode":true,"campfire_choices":[{"data":"Envenom","floor":10.0,"key":"SMITH"},{"data":"Noxious Fumes","floor":15,"key":"SMITH"},{"data":"Backflip","floor":24,"key":"SMITH"},{"floor":27,"key":"REST"}],"circlet_count":0,"master_deck":["Strike_G","Strike_G","Strike_G","Defend_G","Defend_G","Defend_G","Defend_G","Defend_G","Survivor","Neutralize","Backstab","Noxious Fumes+1","Blade Dance","Quick Slash","Envenom+1","Deadly Poison","Catalyst","Backflip+1","Blur","Leg Sweep","Poisoned Stab","Adrenaline","Accuracy","Deflect","Terror"],"relics":["Ring of the Snake","MawBank","Kunai","Bottled Lightning","Bottled Tornado","Busted Crown","Peace Pipe","CaptainsWheel","Blood Vial","Smiling Mask","Enchiridion"],"acts_visited":["Exordium","TheCity"],"potions_floor_usage":[14,14,16,21,28],"damage_taken":[{"damage":0.0,"enemies":"Cultist","floor":1.0,"turns":4.0},{"damage":0.0,"enemies":"2 Louse","floor":2.0,"turns":3.0},{"damage":0.0,"enemies":"Small Slimes","floor":3.0,"turns":3.0},{"damage":0.0,"enemies":"Blue Slaver","floor":4.0,"turns":4.0},{"damage":1.0,"enemies":"Looter","floor":5.0,"turns":2.0},{"damage":25.0,"enemies":"3 Sentries","floor":6.0,"turns":7.0},{"damage":6.0,"enemies":"2 Fungi Beasts","floor":8.0,"turns":3.0},{"damage":11.0,"enemies":"Exordium Thugs","floor":11.0,"turns":4.0},{"damage":13.0,"enemies":"Gremlin Nob","floor":12.0,"turns":4.0},{"damage":2.0,"enemies":"Blue Slaver","floor":13.0,"turns":4.0},{"damage":0,"enemies":"Lagavulin","floor":14,"turns":6},{"damage":1,"enemies":"The Guardian","floor":16,"turns":7},{"damage":15,"enemies":"Shell Parasite","floor":18,"turns":5},{"damage":3,"enemies":"2 Thieves","floor":19,"turns":4},{"damage":10,"enemies":"3 Cultists","floor":21,"turns":4},{"damage":27,"enemies":"Slavers","floor":23,"turns":6},{"damage":9,"enemies":"Book of Stabbing","floor":28,"turns":7},{"damage":1,"enemies":"Centurion and Healer","floor":29,"turns":6},{"damage":19,"enemies":"Gremlin Leader","floor":31,"turns":4}],"seed_played":"-4859201374783993867","potions_obtained":[{"floor":3.0,"key":"GhostInAJar"},{"floor":4.0,"key":"PowerPotion"},{"floor":5.0,"key":"Ancient Potion"},{"floor":6.0,"key":"Explosive Potion"},{"floor":14,"key":"Poison Potion"},{"floor":23,"key":"Block Potion"},{"floor":28,"key":"SpeedPotion"}],"is_trial":false,"path_per_floor":["M","M","M","M","M","E","?","M","T","R","M","E","M","E","R","B",null,"M","M","?","M","?","E","R","$","T","R","E","M","?","E"],"character_chosen":"THE_SILENT","items_purchased":["Accuracy","Deflect","CaptainsWheel"],"campfire_rested":1,"item_purchase_floors":[25,25,25],"current_hp_per_floor":[63,63,63,63,62,37,37,31,31,31,20,7,5,5,5,4,64,49,46,46,36,36,9,9,9,9,34,27,28,12,0,0],"gold":266,"neow_bonus":"TWENTY_PERCENT_HP_BONUS","is_daily":false,"chose_seed":false,"campfire_upgraded":3,"win_rate":0.0,"timestamp":1613704323,"path_taken":["M","?","?","?","M","E","?","M","T","R","M","E","M","E","R","BOSS","M","M","?","M","?","E","R","$","T","R","E","M","?","E"],"items_purchased_type":["Card","Card","Relic"],"build_version":"2020-12-22","purchased_purges":1,"victory":false,"max_hp_per_floor":[84,84,84,84,84,84,84,84,84,84,84,84,84,84,84,84,84,84,84,84,84,84,84,84,84,84,84,84,84,84,84,84],"card_choices":[{"not_picked":["Backflip","Riddle With Holes"],"picked":"Backstab","floor":1.0},{"not_picked":["Terror","All Out Attack"],"picked":"Noxious Fumes","floor":2.0},{"not_picked":["Dagger Throw","Slice"],"picked":"Blade Dance","floor":3.0},{"not_picked":["Distraction","All Out Attack"],"picked":"Quick Slash","floor":4.0},{"not_picked":["Backflip","Flying Knee"],"picked":"Envenom","floor":5.0},{"not_picked":["Escape Plan","After Image"],"picked":"Deadly Poison","floor":6.0},{"not_picked":["Underhanded Strike","PiercingWail"],"picked":"Catalyst","floor":8.0},{"not_picked":["Endless Agony","Blade Dance"],"picked":"Backflip","floor":11.0},{"not_picked":["Calculated Gamble","Tactician"],"picked":"Blur","floor":12.0},{"not_picked":["Blade Dance","PiercingWail"],"picked":"Leg Sweep","floor":13.0},{"not_picked":["Endless Agony","Deadly Poison"],"picked":"Poisoned Stab","floor":14},{"not_picked":["Storm of Steel","Glass Knife"],"picked":"Adrenaline","floor":16},{"not_picked":["Acrobatics"],"picked":"SKIP","floor":18},{"not_picked":["Dagger Throw"],"picked":"SKIP","floor":19},{"not_picked":["Cloak And Dagger"],"picked":"SKIP","floor":21},{"not_picked":["Bouncing Flask"],"picked":"SKIP","floor":23},{"not_picked":["Tactician"],"picked":"SKIP","floor":28},{"not_picked":[],"picked":"Terror","floor":29}],"player_experience":86184,"relics_obtained":[{"floor":6.0,"key":"MawBank"},{"floor":9.0,"key":"Kunai"},{"floor":12.0,"key":"Bottled Lightning"},{"floor":14,"key":"Bottled Tornado"},{"floor":23,"key":"Peace Pipe"},{"floor":26,"key":"Blood Vial"},{"floor":28,"key":"Smiling Mask"},{"floor":30,"key":"Enchiridion"}],"event_choices":[{"cards_removed":["Strike_G"],"damage_healed":0.0,"max_hp_gain":0.0,"max_hp_loss":0.0,"gold_gain":0.0,"event_name":"The Cleric","player_choice":"Card Removal","floor":7.0,"gold_loss":50.0,"damage_taken":0.0},{"damage_healed":0,"gold_gain":0,"player_choice":"Smashed Altar","damage_taken":0,"max_hp_gain":0,"max_hp_loss":0,"event_name":"Forgotten Altar","floor":20,"gold_loss":0,"cards_obtained":["Decay"]},{"cards_removed":["Strike_G"],"damage_healed":0,"gold_gain":0,"player_choice":"Elegance","damage_taken":0,"max_hp_gain":0,"max_hp_loss":0,"event_name":"Back to Basics","floor":22,"gold_loss":0},{"damage_healed":0,"gold_gain":0,"player_choice":"Obtained Book","damage_taken":16,"max_hp_gain":0,"max_hp_loss":0,"event_name":"Cursed Tome","floor":30,"gold_loss":0}],"is_beta":false,"boss_relics":[{"not_picked":["Velvet Choker","HoveringKite"],"picked":"Busted Crown"}],"items_purged_floors":[25],"is_endless":false,"potions_floor_spawned":[3,4,5,6,12,14,23,28],"killed_by":"Gremlin Leader","ascension_level":5}}