{"host":"8inpc3yxphy2r27y","time":1613769453,"event":{"mods":["ATMod(阿瑾Mod)","Act Like it!","Alarm Clock","BaseMod","Better Synergies","Better Vampires","Challenge The Spire","Conspire","Decade(王小明)","Defuse TimeMaze Blight","Downfall","Energized Spire","FanaticalFans","FoggyMod","Gensokyo","Highlight Path","Jedi Mod","LagranYue(拉格朗・月)","Lobotomy","LobotomyExtend","Minty Spire (QoL Compilation)","MostiFishMod","Pale of the Ancients","Potion Indicator Mod","Quarter Circle Forward PUNCH!","Quick Restart","Relic Filter Mod","Relic Stats","Replay The Spire","RumiaBox-露米娅的神秘盒子","Ryuuou龙王","SIMod","Shop Mod","Spicy Shops","StSLib","TestMod","The Animator","UnlockEverythingMod","[GremlinLeader]The Maniac","[IsaacMod]以撒尖塔","noobMod","【遗物卡牌】REMEMod","篝火指南"],"gold_per_floor":[109,109,109,56,75,98,120,170,201,201,234,234,234,278,278,278,381,381,405,433,467,467,467,467,467,467,512,559,348,355,365,397,477,477,649,699,699,699,699,748,782,807,884,914,939,964,749,767,962,1014,1094,1119,1119,1119,1144,999,999,999],"floor_reached":57,"language":"ZHS","playtime":2757,"items_purged":["animator:Strike","Clumsy","animator:Rena+1","animator:Strike_OnePunchMan","animator:Eris+1"],"score":1350,"play_id":"55cef585-118f-4a85-9c99-60ec957add63","local_time":"20210220051733","is_ascension_mode":true,"campfire_choices":[{"floor":16.0,"key":"RECALL"},{"floor":24.0,"key":"DIG"},{"floor":34.0,"key":"DIG"},{"floor":55,"key":"DIG"}],"circlet_count":0,"master_deck":["Funeral","Mercenary","BodiesMountain","animator:Genos","animator:MumenRider","BloodyBrimstone","AT_FocusSwordFire","AT_FocusSwordFire","CrumblingArmor","animator:Togame","animator:HinaKagiyama","CrumblingArmor","animator:Shiro","DreamingCurrent","animator:Laby","GalaxyChild","animator:Laby","MHz","animator:Boros","animator:Saitama","animator:GoblinSlayer","Bloodbath","animator:Add","animator:Geryuganshoop","animator:Elsword","animator:HigakiRinne","animator:Laby","Rudolta","animator:CowGirl","animator:HigakiRinne","Night Terror","animator:Laby","animator:Gilgamesh","Yin","animator:Saber","Gensokyo:LifeforceConverter","QueenOfHatred","animator:Rena","animator:MetalKnight","animator:HigakiRinne","animator:MumenRider","animator:Priestess","animator:Melzalgald","animator:DolaCouronne+1","animator:Eris+1"],"relics":["animator:TheEgnaroPiece"],"acts_visited":["Exordium","Gensokyo:Gensokyoer","Gensokyo:Gensokyoest","TheEnding","EYB:TheUnnamedReign"],"potions_floor_usage":[35],"damage_taken":[{"damage":40.0,"enemies":"Small Slimes","floor":1.0,"turns":5.0},{"damage":42.0,"enemies":"Cultist","floor":5.0,"turns":4.0},{"damage":27.0,"enemies":"Jaw Worm","floor":7.0,"turns":3.0},{"damage":20.0,"enemies":"Lagavulin","floor":9.0,"turns":3.0},{"damage":0.0,"enemies":"Gremlin Nob","floor":11.0,"turns":2.0},{"damage":0.0,"enemies":"Gremlin Gang","floor":13.0,"turns":1.0},{"damage":131.0,"enemies":"Gremlin Gang","floor":13.0,"turns":4.0},{"damage":8.0,"enemies":"Lagavulin","floor":14.0,"turns":2.0},{"damage":2.0,"enemies":"Lagavulin","floor":15.0,"turns":3.0},{"damage":0.0,"enemies":"Slime Boss","floor":17.0,"turns":2.0},{"damage":5.0,"enemies":"Gensokyo:3_Dogs","floor":19.0,"turns":4.0},{"damage":24.0,"enemies":"Gensokyo:Koishi","floor":21.0,"turns":5.0},{"damage":0.0,"enemies":"Gensokyo:Reisen","floor":28.0,"turns":3.0},{"damage":0.0,"enemies":"Gensokyo:2_Gloops","floor":31.0,"turns":2.0},{"damage":0.0,"enemies":"Gensokyo:Tenshi","floor":32.0,"turns":1.0},{"damage":46,"enemies":"Gensokyo:Kaguya","floor":35,"turns":6},{"damage":0,"enemies":"Gensokyo:3_Bats","floor":37,"turns":1},{"damage":0,"enemies":"Gensokyo:AncientGuardian","floor":41,"turns":1},{"damage":1,"enemies":"Gensokyo:Doremy","floor":44,"turns":3},{"damage":0,"enemies":"Gensokyo:AtlasGolem","floor":48,"turns":1},{"damage":0,"enemies":"conspire:MimicChest","floor":51,"turns":1},{"damage":0,"enemies":"Gensokyo:Yuyuko","floor":52,"turns":1},{"damage":71,"enemies":"animator:UNNAMED_CULTIST_1","floor":57,"turns":6}],"seed_played":"-7518742442663888815","potions_obtained":[{"floor":9.0,"key":"PowerPotion"},{"floor":14.0,"key":"Weak Potion"},{"floor":35,"key":"testmod-TestPotion"},{"floor":37,"key":"conspire:TimeTravelPotion"}],"is_trial":false,"path_per_floor":["M","?","?","$","M","T","M","$","E","T","E","$","M","E","?","R","B",null,"M","$","E","?","?","R","T","$","T","E","COS","?","M","E","T","R","B",null,"M","$","?","T","M","T","R","E","T","?","COS","M","?","T","R","B",null,null,"R","??","M"],"character_chosen":"THE_ANIMATOR","items_purchased":["MerchantsRug","DollysMirror","DiscerningMonocle","Dodecahedron","jedi:HeartOfTheCards","War Paint","testmod-ArcanaOfDestiny","AT_ChloranthyRing","Explosive Potion","champ:CounterPotion","SneckoOil","Energy Potion","jedi:angrymask","LagranYue:NewUniverseRelic","GodSword3","Whetstone","Guide Book","ReplayTheSpireMod:Lightbulb","animator:GoblinSlayer","jedi:firstaidkit","animator:ColorlessFragment","Lantern","Divine Protection","jedi:Pinwheel","Orrery","qcfpunch:Challenger_Coin","jedi:hoardpotion","animator:Laby","White Beast Statue","qcfpunch:Wrestler\u0027s_Cloak","SalivaCoin","Runic Capacitor","Chaos","Replay:Wax Seal","MegaBlast","DianDianMeat","Molten Egg 2","Replay:Bottled Flurry","qcfpunch:Black_Training_Shirt","AT_ImmortalShieldbow"],"campfire_rested":0,"item_purchase_floors":[4,4,8,8,8,8,8,8,8,8,8,8,12,12,12,12,12,12,18,20,20,20,20,20,20,20,20,20,26,26,26,26,26,26,38,38,38,38,38,38],"current_hp_per_floor":[74,86,86,86,44,44,17,17,123,123,124,124,78,70,41,41,48,173,175,176,168,168,153,153,153,153,153,168,168,152,152,152,152,152,158,168,168,168,26733,77196,973878,1241268,1730898,1384719,1384719,1273942,1273942,1273942,1273943,1273943,828063,828063,828063,828063,828063,98,87,87],"gold":999,"neow_bonus":"","is_daily":false,"chose_seed":false,"campfire_upgraded":0,"win_rate":0.0,"timestamp":1613769453,"path_taken":["M","?","?","?","?","?","?","?","E","T","E","$","?","E","?","R","BOSS","M","$","E","?","?","R","?","?","T","E","COS","?","?","E","?","R","BOSS","M","$","?","?","?","?","R","E","T","?","COS","?","?","?","R","BOSS","R","??","M"],"items_purchased_type":["Relic","Relic","Relic","Relic","Relic","Relic","Relic","Relic","Potion","Potion","Potion","Potion","Relic","Relic","Relic","Relic","Relic","Relic","Card","Relic","Relic","Card","Relic","Relic","Relic","Potion","Potion","Card","Relic","Relic","Relic","Relic","Card","Relic","Relic","Relic","Relic","Relic","Relic","Relic"],"build_version":"2020-12-22","purchased_purges":5,"victory":false,"max_hp_per_floor":[114,126,126,126,126,126,126,126,123,123,124,124,134,131,181,181,182,173,175,176,182,168,168,168,168,168,168,168,168,168,168,168,168,168,168,168,168,168,26733,77196,973878,1241268,1730898,1384719,1384719,1273942,1273942,1273942,1273943,1273943,828063,828063,828063,828063,828063,98,95,95],"relic_stats":{"counters":[25,66],"obtain_stats":[{"Chaos":26,"jedi:angrymask":12,"Divine Protection":20,"Golden Egg":25,"AT_ATBox":0,"Calipers":50,"LagranYue:RandomDrawCardRelic":0,"testmod-SevenDeadlySins":0,"ice":0,"Runic Capacitor":26,"Fans:FanaticalFans":0,"Whetstone":12,"jedi:shrinkray":14,"Baka2":28,"DollysMirror":4,"jedi:firstaidkit":20,"qcfpunch:Lotus_Statue":36,"TreeSap":19,"Fusion Hammer":18,"TuHaoJin":36,"Replay:Bottled Flurry":38,"Replay:Wax Seal":26,"WantedRequest":35,"KeepersGift":0,"DianDianMeat":38,"MerchantsRug":4,"testmod-TestBox":0,"Dodecahedron":8,"Blue Candle":0,"Pyrelight":3,"qcfpunch:Dark_Gi":51,"War Paint":8,"SteamSale":0,"jedi:HeartOfTheCards":8,"Du-Vu Doll":0,"Heaven_r":13,"TheSmile_r":35,"Molten Egg 2":38,"GodSword5":55,"HushsDoor":0,"GodSword3":12,"Darkstone Periapt":0,"ReplayFunnel":24,"Lantern":20,"DaveBox":0,"SolemnVow_r":52,"DiscerningMonocle":8,"GuppysPaw":33,"animator:TheMissingPiece":0,"CloakClasp":28,"testmod-Nyarlathotep":45,"jedi:Pinwheel":20,"testmod-RandomTest":21,"jedi:archwizardhat":42,"Empty Cage":18,"Yang_Lob":37,"Frozen Eye":21,"testmod-Brilliant":34,"CogitoBucket":0,"Shovel":10,"Matryoshka":22,"AT_Kusabimaru":40,"Tiny Chest":25,"qcfpunch:Wrestler\u0027s_Cloak":26,"CrimsonScar_r":37,"testmod-ArcanaOfDestiny":8,"LagranYue:NewUniverseRelic":12,"SumBook":27,"AT_ChloranthyRing":8,"qcfpunch:Army_Boots":11,"animator:ColorlessFragment":20,"Guide Book":12,"qcfpunch:Black_Training_Shirt":38,"jedi:purplefairy":32,"RottenBaby":44,"Baka":1,"Medical Kit":0,"White Beast Statue":26,"ChaoDraw":27,"MegaBlast":38,"Gaze_r":13,"AT_ImmortalShieldbow":38,"Moonlight_r":15,"Gensokyo:EmptyGrave":46,"animator:TheEgnaroPiece":56,"SynthV:TestCard":1,"Orrery":20,"animator:LivingPicture":0,"LetterFromLob":1,"SalivaCoin":26,"AT_SunfireAegis":23,"ReplayTheSpireMod:Lightbulb":12,"FossilizedHelix":9,"Justitia_r":35,"REME_ComplimentaryCards":0},{"Chaos":13,"jedi:angrymask":5,"Divine Protection":12,"Golden Egg":13,"AT_ATBox":0,"Calipers":22,"LagranYue:RandomDrawCardRelic":0,"testmod-SevenDeadlySins":0,"ice":0,"Runic Capacitor":13,"Fans:FanaticalFans":0,"Whetstone":5,"jedi:shrinkray":8,"Baka2":14,"DollysMirror":1,"jedi:firstaidkit":12,"qcfpunch:Lotus_Statue":17,"TreeSap":12,"Fusion Hammer":10,"TuHaoJin":17,"Replay:Bottled Flurry":19,"Replay:Wax Seal":13,"WantedRequest":17,"KeepersGift":0,"DianDianMeat":19,"MerchantsRug":1,"testmod-TestBox":0,"Dodecahedron":3,"Blue Candle":0,"Pyrelight":1,"qcfpunch:Dark_Gi":23,"War Paint":3,"SteamSale":0,"jedi:HeartOfTheCards":3,"Du-Vu Doll":0,"Heaven_r":6,"TheSmile_r":17,"Molten Egg 2":19,"GodSword5":24,"HushsDoor":0,"GodSword3":5,"Darkstone Periapt":0,"ReplayFunnel":13,"Lantern":12,"DaveBox":0,"SolemnVow_r":24,"DiscerningMonocle":3,"GuppysPaw":16,"animator:TheMissingPiece":0,"CloakClasp":14,"testmod-Nyarlathotep":21,"jedi:Pinwheel":12,"testmod-RandomTest":13,"jedi:archwizardhat":20,"Empty Cage":10,"Yang_Lob":19,"Frozen Eye":12,"testmod-Brilliant":16,"CogitoBucket":0,"Shovel":4,"Matryoshka":13,"AT_Kusabimaru":19,"Tiny Chest":13,"qcfpunch:Wrestler\u0027s_Cloak":13,"CrimsonScar_r":19,"testmod-ArcanaOfDestiny":3,"LagranYue:NewUniverseRelic":5,"SumBook":13,"AT_ChloranthyRing":3,"qcfpunch:Army_Boots":5,"animator:ColorlessFragment":12,"Guide Book":5,"qcfpunch:Black_Training_Shirt":19,"jedi:purplefairy":16,"RottenBaby":21,"Baka":1,"Medical Kit":0,"White Beast Statue":13,"ChaoDraw":13,"MegaBlast":19,"Gaze_r":7,"AT_ImmortalShieldbow":19,"Moonlight_r":9,"Gensokyo:EmptyGrave":21,"animator:TheEgnaroPiece":24,"SynthV:TestCard":1,"Orrery":12,"animator:LivingPicture":0,"LetterFromLob":1,"SalivaCoin":13,"AT_SunfireAegis":13,"ReplayTheSpireMod:Lightbulb":5,"FossilizedHelix":4,"Justitia_r":17,"REME_ComplimentaryCards":0},{"Chaos":39,"jedi:angrymask":17,"Divine Protection":34,"Golden Egg":39,"AT_ATBox":0,"Calipers":58,"LagranYue:RandomDrawCardRelic":0,"testmod-SevenDeadlySins":0,"ice":0,"Runic Capacitor":39,"Fans:FanaticalFans":0,"Whetstone":17,"jedi:shrinkray":24,"Baka2":42,"DollysMirror":5,"jedi:firstaidkit":34,"qcfpunch:Lotus_Statue":51,"TreeSap":34,"Fusion Hammer":29,"TuHaoJin":51,"Replay:Bottled Flurry":53,"Replay:Wax Seal":39,"WantedRequest":49,"KeepersGift":0,"DianDianMeat":53,"MerchantsRug":5,"testmod-TestBox":0,"Dodecahedron":12,"Blue Candle":0,"Pyrelight":5,"qcfpunch:Dark_Gi":59,"War Paint":12,"SteamSale":0,"jedi:HeartOfTheCards":12,"Du-Vu Doll":0,"Heaven_r":18,"TheSmile_r":49,"Molten Egg 2":53,"GodSword5":60,"HushsDoor":0,"GodSword3":17,"Darkstone Periapt":0,"ReplayFunnel":39,"Lantern":34,"DaveBox":0,"SolemnVow_r":60,"DiscerningMonocle":12,"GuppysPaw":45,"animator:TheMissingPiece":0,"CloakClasp":42,"testmod-Nyarlathotep":57,"jedi:Pinwheel":34,"testmod-RandomTest":39,"jedi:archwizardhat":54,"Empty Cage":29,"Yang_Lob":53,"Frozen Eye":34,"testmod-Brilliant":45,"CogitoBucket":0,"Shovel":15,"Matryoshka":39,"AT_Kusabimaru":53,"Tiny Chest":39,"qcfpunch:Wrestler\u0027s_Cloak":39,"CrimsonScar_r":53,"testmod-ArcanaOfDestiny":12,"LagranYue:NewUniverseRelic":17,"SumBook":39,"AT_ChloranthyRing":12,"qcfpunch:Army_Boots":17,"animator:ColorlessFragment":34,"Guide Book":17,"qcfpunch:Black_Training_Shirt":53,"jedi:purplefairy":45,"RottenBaby":57,"Baka":5,"Medical Kit":0,"White Beast Statue":39,"ChaoDraw":39,"MegaBlast":53,"Gaze_r":22,"AT_ImmortalShieldbow":53,"Moonlight_r":27,"Gensokyo:EmptyGrave":57,"animator:TheEgnaroPiece":60,"SynthV:TestCard":5,"Orrery":34,"animator:LivingPicture":0,"LetterFromLob":5,"SalivaCoin":39,"AT_SunfireAegis":39,"ReplayTheSpireMod:Lightbulb":17,"FossilizedHelix":15,"Justitia_r":49,"REME_ComplimentaryCards":0}]},"card_choices":[{"not_picked":[],"picked":"BloodyBrimstone","floor":0.0},{"not_picked":["Bloodbath","WhitesApple","Scarecrow"],"picked":"Singing Bowl","floor":1.0},{"not_picked":["BeautyBeast","VoidDream"],"picked":"CrumblingArmor","floor":1.0},{"not_picked":["animator:Lu","animator:Emonzaemon"],"picked":"animator:Togame","floor":1.0},{"not_picked":["BigBadWolf","CherryBlossoms"],"picked":"LongBird","floor":5.0},{"not_picked":["animator:FielNirvalen","animator:MumenRider","animator:Konayuki","animator:Ciel"],"picked":"animator:Shiro","floor":5.0},{"not_picked":["CherryBlossoms","QueenBee","UniverseFragment"],"picked":"Singing Bowl","floor":7.0},{"not_picked":["Wellcheers","ShyLook"],"picked":"DreamingCurrent","floor":7.0},{"not_picked":["animator:Caster","animator:Illya","animator:Archer","animator:Raven"],"picked":"animator:Laby","floor":7.0},{"not_picked":["BeautyBeast","MeatLantern","SnowQueen"],"picked":"Singing Bowl","floor":9.0},{"not_picked":["RedShoes","OSAHOGD"],"picked":"GalaxyChild","floor":9.0},{"not_picked":["animator:Elsword","animator:Chung","animator:Ain","animator:Add"],"picked":"animator:Laby","floor":9.0},{"not_picked":["UniverseFragment","BlackSwan","Scorched"],"picked":"Singing Bowl","floor":11.0},{"not_picked":["OSAHOGD","WhitesApple"],"picked":"MHz","floor":11.0},{"not_picked":["animator:Illya","animator:Emonzaemon","animator:Nanami","animator:Berserker"],"picked":"animator:Rena","floor":11.0},{"not_picked":["OSAHOGD","Variant"],"picked":"DespairKnight","floor":14.0},{"not_picked":["animator:RinTohsaka","animator:UneriGinkaku","animator:Aisha","animator:Ara"],"picked":"animator:Boros","floor":14.0},{"not_picked":["animator:Elesis","animator:Gilgamesh","animator:SwordMaiden","animator:Hans"],"picked":"animator:Saitama","floor":17.0},{"not_picked":["FieryBird","MeatLantern"],"picked":"PunishingBird","floor":17.0},{"not_picked":["MeatLantern","FairyFestival","Rudolta"],"picked":"Singing Bowl","floor":19.0},{"not_picked":["Scarecrow","Scorched"],"picked":"Bloodbath","floor":19.0},{"not_picked":["animator:MumenRider","animator:Ciel+1","animator:Caster","animator:Nanami"],"picked":"animator:Add+1","floor":19.0},{"not_picked":["animator:Alexander","animator:Elsword+1","animator:Eve","animator:Megumin"],"picked":"animator:Geryuganshoop","floor":20.0},{"not_picked":["animator:EmiyaShirou","animator:Aqua","animator:Mitsurugi+1","animator:Nanami"],"picked":"animator:Elsword","floor":20.0},{"not_picked":["animator:Emonzaemon","animator:SilverFang","animator:Berserker","animator:Aqua+1"],"picked":"animator:HigakiRinne","floor":20.0},{"not_picked":["UniverseFragment","MeatLantern","OSAHOGD"],"picked":"Singing Bowl","floor":21.0},{"not_picked":["animator:Tet","animator:FielNirvalen","animator:Priestess","animator:Ara+1","animator:Nanami"],"picked":"SKIP","floor":21.0},{"not_picked":["RedShoes","Rudolta","LaLuna"],"picked":"Singing Bowl","floor":28.0},{"not_picked":["LittleHelper","RedShoes"],"picked":"Rudolta","floor":28.0},{"not_picked":["animator:LizardPriest","animator:Illya","animator:Elsword","animator:Togame"],"picked":"animator:CowGirl","floor":28.0},{"not_picked":["Porccubus","OldLady"],"picked":"Mercenary","floor":31.0},{"not_picked":["animator:Raven","animator:Elsword","animator:Rena","animator:Lu"],"picked":"animator:Laby","floor":31.0},{"not_picked":["SnowQueen","LittlePrince","BigBadWolf"],"picked":"Singing Bowl","floor":32.0},{"not_picked":["Woodsman","WhitesApple"],"picked":"BodiesMountain","floor":32.0},{"not_picked":["animator:Konayuki","animator:Azekura+1","animator:Elsword+1","animator:Nanami","animator:Aisha+1"],"picked":"SKIP","floor":32.0},{"not_picked":["FieryBird","Alriune","SpiderBud"],"picked":"Singing Bowl","floor":35},{"not_picked":["animator:Biyorigo","animator:Sora","animator:Elesis","animator:Boros"],"picked":"animator:Gilgamesh","floor":35},{"not_picked":["Wellcheers","LittlePrince"],"picked":"Yin","floor":37},{"not_picked":["animator:Togame","animator:Elsword","animator:Archer+1","animator:Darkness"],"picked":"animator:Saber","floor":37},{"not_picked":["Variant","HeroicMonk"],"picked":"QueenOfHatred","floor":41},{"not_picked":["animator:Raven+1","animator:Chung","animator:Lu+1","animator:Laby"],"picked":"animator:Rena","floor":41},{"not_picked":["BigBadWolf","Scarecrow"],"picked":"Funeral","floor":44},{"not_picked":["animator:ShinjiMatou","animator:UneriGinkaku+1","animator:Gilgamesh+1","animator:Alexander+1"],"picked":"animator:MetalKnight+1","floor":44},{"not_picked":["FieryBird","BigBadWolf"],"picked":"Woodsman","floor":48},{"not_picked":["animator:Alexander+1","animator:Priestess","animator:Aisha+1","animator:Nanami+1"],"picked":"animator:MumenRider+1","floor":48},{"not_picked":["animator:Chris+1","animator:ShinjiMatou+1","animator:Jibril+1","animator:Elsword+1"],"picked":"animator:Priestess","floor":49},{"not_picked":["WhiteNight","CENSORED"],"picked":"BigBird","floor":51},{"not_picked":["animator:Add","animator:Mitsurugi+1","animator:TsurugaMeisai","animator:LizardPriest+1"],"picked":"animator:Melzalgald+1","floor":51}],"player_experience":115865,"relics_obtained":[{"floor":1.0,"key":"SynthV:TestCard"},{"floor":1.0,"key":"Baka"},{"floor":1.0,"key":"LetterFromLob"},{"floor":9.0,"key":"FossilizedHelix"},{"floor":10.0,"key":"Shovel"},{"floor":11.0,"key":"qcfpunch:Army_Boots"},{"floor":14.0,"key":"jedi:shrinkray"},{"floor":21.0,"key":"testmod-RandomTest"},{"floor":24.0,"key":"ReplayFunnel"},{"floor":25.0,"key":"Tiny Chest"},{"floor":25.0,"key":"Golden Egg"},{"floor":27.0,"key":"ChaoDraw"},{"floor":27.0,"key":"SumBook"},{"floor":28.0,"key":"Baka2"},{"floor":28.0,"key":"CloakClasp"},{"floor":32.0,"key":"jedi:purplefairy"},{"floor":33.0,"key":"GuppysPaw"},{"floor":34.0,"key":"testmod-Brilliant"},{"floor":40,"key":"AT_Kusabimaru"},{"floor":42,"key":"jedi:archwizardhat"},{"floor":44,"key":"RottenBaby"},{"floor":45,"key":"testmod-Nyarlathotep"},{"floor":50,"key":"Calipers"},{"floor":51,"key":"qcfpunch:Dark_Gi"},{"floor":55,"key":"GodSword5"},{"floor":56,"key":"animator:TheEgnaroPiece"}],"event_choices":[],"is_beta":false,"boss_relics":[{"not_picked":["EasyGame_NEW","jedi:paperlyon"],"picked":"Empty Cage"},{"not_picked":[]},{"not_picked":["REME_CardOfGreed","MoonlightInvasionPlan"],"picked":"qcfpunch:Lotus_Statue"},{"not_picked":[]}],"items_purged_floors":[8,12,18,20,38],"is_endless":false,"potions_floor_spawned":[9,13,13,14,19,28,31,32,35,37,41,44,48,51],"killed_by":"animator:UNNAMED_CULTIST_1","ascension_level":1}}