{"host":"snn1c4qsf0fj7fzf","time":1613708962,"event":{"mods":["AchievementEnabler","Act Like it!","Aspiration","Astrologer","BaseMod","Colored Powertips","Downfall","Gensokyo","Hermit","Hubris","Infinite Spire","Lobotomy","Minty Spire (QoL Compilation)","Random Character Button","Rare Cards Sparkle","Reimu??????","Reliquary","Replay The Spire","Shop Mod","Spire Arcade","StSLib","The Administrix","The Bug Knight","The Cursed","The Gatherer","The Hierophant","The Poker Player","The Runesmith"],"gold_per_floor":[99,117,128,128,128,147,147,147,182,198,27,27,27,27,38,137,137,137,150,167,267,283,312,335,335,348,250,269,285,4,15,34,133,133,133,149,141,169,169,196,196,231,231,253,253,253,288,323,354,362,362,362],"floor_reached":50,"language":"ENG","playtime":4352,"items_purged":["hexamod:Strike","hexamod:Defend","hexamod:Strike"],"score":628,"play_id":"78717164-ce77-44cf-a89a-98471d153d12","local_time":"20210219122922","is_ascension_mode":false,"campfire_choices":[{"data":"hexamod:Strike","floor":1,"key":"PURGE"},{"data":"ReplayTheSpireMod:Black Plague","floor":8,"key":"SMITH"},{"data":"hexamod:ThermalTransfer","floor":13,"key":"SMITH"},{"data":"hexamod:Defend","floor":18,"key":"PURGE"},{"data":"hexamod:HexaLevel","floor":35,"key":"SMITH"}],"circlet_count":0,"master_deck":["hexamod:Defend","hexamod:Sear","hexamod:Float+1","hexamod:ThermalTransfer+1","ReplayTheSpireMod:Black Plague+1","hexamod:FourthSeal","hexamod:HeatCrush","hexamod:SpectersWail","hexamod:TimeWarp","hexamod:ThirdSeal","hexamod:AdvancingGuard","hexamod:ForkedFlame+1","hexamod:VolcanoVisage","hexamod:AdvancingGuard+1","hexamod:FastForward","hexamod:PhantomFireball","hexamod:FirstSeal","hexamod:Rewind+1","hexamod:ExtraCrispy+1","hexamod:HexaLevel+1","hexamod:SecondSeal","hexamod:ExtraCrispy+1","hexamod:CatchUp+1","hexamod:BurningTouch+1"],"relics":["hexamod:SpiritBrand","aspiration:BabyByrd","Gambling Chip","Calipers","hubris:Towel","downfall:GremlinWheel","Bottled Lightning","Omamori","Necronomicon","reliquary:RedPaperclip","downfall:TeleportStone","Lizard Tail","Juzu Bracelet","Replay:Bandana"],"acts_visited":["Exordium","TheCity","TheBeyond"],"potions_floor_usage":[10,27,27,27,27,27,27,29,33,33,33,42,47,48,48,49,49,50],"damage_taken":[{"damage":0,"enemies":"Small Slimes","floor":2,"turns":3},{"damage":1,"enemies":"2 Louse","floor":3,"turns":3},{"damage":0,"enemies":"Cultist","floor":6,"turns":3},{"damage":15,"enemies":"3 Sentries","floor":9,"turns":10},{"damage":2,"enemies":"3 Louse","floor":10,"turns":5},{"damage":0,"enemies":"downfall:FleeingMerchant","floor":11,"turns":4},{"damage":0,"enemies":"Exordium Wildlife","floor":15,"turns":1},{"damage":0,"enemies":"SI_SHIV_ARCHETYPE","floor":16,"turns":5},{"damage":8,"enemies":"downfall:LooterAlt2","floor":19,"turns":4},{"damage":0,"enemies":"Chosen","floor":20,"turns":3},{"damage":0,"enemies":"Chosen","floor":21,"turns":3},{"damage":7,"enemies":"Centurion and Healer","floor":22,"turns":4},{"damage":0,"enemies":"Replay:Snechameleon","floor":23,"turns":6},{"damage":0,"enemies":"3 Cultists","floor":26,"turns":5},{"damage":0,"enemies":"downfall:FleeingMerchant","floor":27,"turns":4},{"damage":0,"enemies":"Snake Plant","floor":28,"turns":2},{"damage":0,"enemies":"Centurion and Healer","floor":29,"turns":5},{"damage":3,"enemies":"Sentry and Sphere","floor":31,"turns":4},{"damage":0,"enemies":"Snecko","floor":32,"turns":3},{"damage":23,"enemies":"DF_ARCHETYPE_CLAW","floor":33,"turns":7},{"damage":0,"enemies":"Orb Walker","floor":36,"turns":1},{"damage":7,"enemies":"3 Shapes","floor":38,"turns":4},{"damage":0,"enemies":"Writhing Mass","floor":40,"turns":4},{"damage":22,"enemies":"Nemesis","floor":42,"turns":6},{"damage":21,"enemies":"4 Shapes","floor":44,"turns":6},{"damage":50,"enemies":"Reptomancer","floor":47,"turns":4},{"damage":17,"enemies":"Jaw Worm Horde","floor":48,"turns":4},{"damage":19,"enemies":"Writhing Mass","floor":49,"turns":3},{"damage":39,"enemies":"IC_BLOCK_ARCHETYPE","floor":50,"turns":2}],"seed_played":"7750382387204504144","potions_obtained":[{"floor":9,"key":"Adrenaline Potion"},{"floor":10,"key":"SmokeBomb"},{"floor":11,"key":"AttackPotion"},{"floor":15,"key":"Milkshake"},{"floor":20,"key":"EntropicBrew"},{"floor":21,"key":"hexamod:EctoCoolerPotion"},{"floor":22,"key":"Languid Potion"},{"floor":23,"key":"hexamod:EctoCoolerPotion"},{"floor":23,"key":"hexamod:EctoCoolerPotion"},{"floor":29,"key":"Doom Potion"},{"floor":32,"key":"Block Potion"},{"floor":33,"key":"Fire Potion"},{"floor":33,"key":"BlessingOfTheForge"},{"floor":38,"key":"hexamod:SoulburnPotion"},{"floor":38,"key":"Elixir"},{"floor":40,"key":"Block Potion"},{"floor":42,"key":"Strength Potion"},{"floor":44,"key":"ZuzhouPotion:ReiMu"},{"floor":44,"key":"Block Potion"},{"floor":47,"key":"GamblersBrew"},{"floor":48,"key":"Weak Potion"},{"floor":48,"key":"Elixir"}],"is_trial":false,"path_per_floor":["R","M","M","?","?","M","T","R","E","M","$","?","R","?","M","B",null,"R","M","M","?","M","E","T","?","M","$","M","M","$","M","M","B",null,"R","M","?","M","?","M","T","E","?","M","?","?","E","M","M","B"],"character_chosen":"THE_SPIRIT","items_purchased":["hexamod:ThirdSeal","hubris:BottledRain","hexamod:FirstSeal","hexamod:MatchstickCase"],"campfire_rested":0,"item_purchase_floors":[11,27,27,30],"current_hp_per_floor":[70,70,69,69,51,51,51,51,36,34,34,34,34,34,34,34,70,70,62,62,62,55,55,55,39,39,39,39,46,46,50,50,27,70,70,70,70,70,70,70,70,55,55,41,61,61,18,8,30,0,0,0],"gold":362,"neow_bonus":"UPGRADE_CARD","is_daily":false,"chose_seed":false,"campfire_upgraded":3,"win_rate":0.0,"timestamp":1613708962,"path_taken":["R","M","M","?","?","M","T","R","E","M","$","?","R","?","M","BOSS","R","M","M","?","?","E","T","?","M","$","M","M","?","M","M","BOSS","R","M","?","M","?","M","T","E","?","M","?","?","E","M","M","BOSS"],"items_purchased_type":["Card","Relic","Card","Relic"],"build_version":"2020-12-22","purchased_purges":3,"victory":false,"max_hp_per_floor":[70,70,70,70,70,70,70,70,70,70,70,70,70,70,70,70,70,70,70,70,70,70,70,70,70,70,70,70,70,70,70,70,70,70,70,70,70,70,70,70,70,70,70,70,61,61,61,61,61,61,61,61],"card_choices":[{"not_picked":["hexamod:NightmareGuise","hexamod:SkipABeat"],"picked":"hexamod:ThermalTransfer","floor":2},{"not_picked":["hexamod:EtherealExpedition","hexamod:GhostShield","hexamod:ShieldOfDarkness"],"picked":"SKIP","floor":3},{"not_picked":["infinitespire:Menacing","infinitespire:TheBestDefense"],"picked":"ReplayTheSpireMod:Black Plague","floor":5},{"not_picked":["hexamod:Hexaguard","hexamod:AdvancingGuard"],"picked":"hexamod:FourthSeal","floor":6},{"not_picked":["hexamod:NightmareStrike","hexamod:SwordOfDarkness"],"picked":"hexamod:HeatCrush","floor":9},{"not_picked":["hexamod:NightmareStrike","hexamod:RainOfEmbers"],"picked":"hexamod:SpectersWail","floor":10},{"not_picked":["hexamod:HeatMetal","hexamod:GhostShield"],"picked":"hexamod:TimeWarp","floor":11},{"not_picked":["hexamod:NightmareGuise","hexamod:InspiringFlames"],"picked":"hexamod:AdvancingGuard","floor":15},{"not_picked":["hexamod:UnlimitedPower","hexamod:TimeWarp"],"picked":"hexamod:ForkedFlame","floor":16},{"not_picked":["hexamod:TimeWarp","hexamod:GhostOfSpirePresent"],"picked":"hexamod:VolcanoVisage","floor":16},{"not_picked":["hexamod:InspiringFlames+1","hexamod:SwordOfDarkness"],"picked":"hexamod:AdvancingGuard+1","floor":19},{"not_picked":["hexamod:NecessarySacrifice+1","hexamod:ThermalTransfer","hexamod:BacktrackSmack"],"picked":"SKIP","floor":20},{"not_picked":["hexamod:NecessarySacrifice+1","hexamod:ThermalTransfer","hexamod:BacktrackSmack"],"picked":"SKIP","floor":20},{"not_picked":["hexamod:HeatMetal","hexamod:TurnItUp","hexamod:ThirdSeal"],"picked":"SKIP","floor":22},{"not_picked":["hexamod:SpectersWail+1","hexamod:ChargedBarrage+1","hexamod:HeatMetal"],"picked":"SKIP","floor":23},{"not_picked":["hexamod:DynamicBlow","hexamod:Incineration+1","hexamod:RetreatToShadows"],"picked":"SKIP","floor":23},{"not_picked":["hexamod:FourthSeal","hexamod:Hexaguard"],"picked":"hexamod:FastForward","floor":26},{"not_picked":["hexamod:HeatMetal","hexamod:SwordOfDarkness+1","hexamod:AdvancingGuard"],"picked":"SKIP","floor":26},{"not_picked":["hexamod:RainOfEmbers+1","hexamod:VolcanoVisage"],"picked":"hexamod:PhantomFireball","floor":27},{"not_picked":["hexamod:ThermalTransfer+1","hexamod:BacktrackSmack","hexamod:HauntingEcho"],"picked":"SKIP","floor":27},{"not_picked":["hexamod:SoulSteal","hexamod:GhostLash","hexamod:SpectersWail"],"picked":"SKIP","floor":28},{"not_picked":["hexamod:Haunt","hexamod:HauntingEcho+1"],"picked":"hexamod:Rewind+1","floor":29},{"not_picked":["hexamod:SwordOfDarkness","hexamod:HeatMetal","hexamod:ShieldOfDarkness+1"],"picked":"SKIP","floor":31},{"not_picked":["hexamod:HauntingEcho","hexamod:Incineration","hexamod:VolcanoVisage"],"picked":"SKIP","floor":31},{"not_picked":["hexamod:ThermalTransfer+1","hexamod:HeatCrush"],"picked":"hexamod:ExtraCrispy+1","floor":32},{"not_picked":["hexamod:FirstSeal","hexamod:ShieldOfDarkness","hexamod:NightmareGuise"],"picked":"SKIP","floor":32},{"not_picked":["hexamod:ForkedFlame","hexamod:TurnItUp"],"picked":"hexamod:HexaLevel","floor":33},{"not_picked":["hexamod:GhostShield","hexamod:Hexaguard+1","hexamod:Haunt+1"],"picked":"SKIP","floor":36},{"not_picked":["hexamod:SpectersWail+1","hexamod:GhostShield","hexamod:InspiringFlames+1"],"picked":"SKIP","floor":36},{"not_picked":["hexamod:InspiringFlames+1","hexamod:GhostShield+1","hexamod:Firestarter"],"picked":"SKIP","floor":38},{"not_picked":["hexamod:NightmareStrike+1","hexamod:ThirdSeal","hexamod:RecurringNightmare"],"picked":"SKIP","floor":38},{"not_picked":["hexamod:NecessarySacrifice","hexamod:ThermalTransfer+1","hexamod:SpectralAdrenaline+1"],"picked":"SKIP","floor":40},{"not_picked":["hexamod:StepThrough","hexamod:PhantomFireball","hexamod:NightmareStrike"],"picked":"SKIP","floor":40},{"not_picked":["hexamod:FirstSeal","hexamod:ThermalTransfer+1"],"picked":"hexamod:ExtraCrispy+1","floor":42},{"not_picked":["hexamod:SpectralAdrenaline+1","hexamod:GhostShield+1","hexamod:BurningTouch"],"picked":"SKIP","floor":42},{"not_picked":["hexamod:AdvancingGuard+1","hexamod:NightmareGuise+1","hexamod:FirstSeal"],"picked":"SKIP","floor":44},{"not_picked":["hexamod:VolcanoVisage","hexamod:NecessarySacrifice+1","hexamod:RecurringNightmare+1"],"picked":"SKIP","floor":44},{"not_picked":["hexamod:NightmareGuise","hexamod:NightmareStrike","hexamod:HeatMetal+1"],"picked":"SKIP","floor":47},{"not_picked":["hexamod:SpectralAdrenaline+1","hexamod:ThirdSeal"],"picked":"hexamod:CatchUp+1","floor":48},{"not_picked":["hexamod:Incineration+1","hexamod:GhostLash","hexamod:NightmareStrike+1"],"picked":"SKIP","floor":48},{"not_picked":["hexamod:Firestarter","hexamod:PhantomCloak"],"picked":"hexamod:BurningTouch+1","floor":49}],"player_experience":441691,"relics_obtained":[{"floor":7,"key":"Gambling Chip"},{"floor":9,"key":"Calipers"},{"floor":21,"key":"downfall:GremlinWheel"},{"floor":23,"key":"Bottled Lightning"},{"floor":24,"key":"Omamori"},{"floor":25,"key":"Necronomicon"},{"floor":41,"key":"Lizard Tail"},{"floor":42,"key":"Juzu Bracelet"},{"floor":47,"key":"Replay:Bandana"}],"event_choices":[],"is_beta":false,"boss_relics":[{"not_picked":["Runesmith:UraniumAnvil","ReplayTheSpireMod:SealedPack","Ring of Chaos"]},{"not_picked":["reliquary:Ember","hubris:BlackHole"],"picked":"reliquary:RedPaperclip"}],"items_purged_floors":[11,27,30],"is_endless":false,"potions_floor_spawned":[3,9,15,16,21,22,23,28,32,33,36,38,44,48],"killed_by":"IC_BLOCK_ARCHETYPE","ascension_level":0}}