{"host":"8m7is3yylgn0pnts","time":1613717187,"event":{"mods":["ATMod(阿瑾Mod)","Act Like it!","Arknights","BaseMod","Downfall","Gensokyo","Hallownest","KinomotoSakuraMod(木之本樱)","Koishi","Lobotomy","Marisa（F雨　魔理沙）","Minty Spire (QoL Compilation)","Remilia_Scarlet Moed（蕾米莉亚・斯卡雷特）3.3.5","Remilia（蕾米莉亚）","StSLib","The Animator","The Gatherer","Waifu the Spire","WarShipGirlsR/战舰少女R mod","Yakumo Yukari mod"],"gold_per_floor":[110,110,70,82,47,75,89,65,88,13,24,24,24,43,43,43,43,43],"floor_reached":16,"language":"ZHS","playtime":894,"items_purged":["AT_KingSlayer"],"score":100,"play_id":"dd102e90-67fd-45bd-a1f1-5520f7f1fb3e","local_time":"20210219144627","is_ascension_mode":false,"metric_token":1301,"campfire_choices":[{"floor":13,"key":"REST"},{"floor":15,"key":"REST"}],"circlet_count":0,"master_deck":["Gatherer:Strike_Gatherer","Gatherer:Strike_Gatherer","Gatherer:Strike_Gatherer","Gatherer:Strike_Gatherer","Gatherer:Defend_Gatherer","Gatherer:Defend_Gatherer+1","Gatherer:Defend_Gatherer+1","Gatherer:Defend_Gatherer","Gatherer:Defend_Gatherer","Gatherer:Centralize","Gatherer:FlowerWhip","Gatherer:FragileHammer","Alriune","Gatherer:OddSpoils","DespairKnight","Gatherer:Misfortune","VoidDream","Gatherer:EnergyBasket","UniverseFragment","Gatherer:FlowerShield","Gatherer:PotentialSlash","BigBadWolf","Gatherer:GatherMaterial","OldLady"],"relics":["Gatherer:AlchemyBag","AT_ATBox","CogitoBucket","War Paint","AT_SunfireAegis","TreeSap"],"acts_visited":["Exordium"],"potions_floor_usage":[4,6,6,16],"damage_taken":[{"damage":7,"enemies":"Jaw Worm","floor":1,"turns":4},{"damage":1,"enemies":"Cultist","floor":4,"turns":3},{"damage":35,"enemies":"Lagavulin","floor":6,"turns":6},{"damage":0,"enemies":"Small Slimes","floor":7,"turns":2},{"damage":0,"enemies":"Looter","floor":11,"turns":4},{"damage":11,"enemies":"Large Slime","floor":14,"turns":3},{"damage":53,"enemies":"Hexaghost","floor":16,"turns":2}],"seed_played":"-3369793136073627761","potions_obtained":[{"floor":3,"key":"Fire Potion"},{"floor":3,"key":"DistilledChaos"},{"floor":3,"key":"Energy Potion"},{"floor":4,"key":"AttackPotion"},{"floor":6,"key":"Strength Potion"},{"floor":14,"key":"Explosive Potion"}],"is_trial":false,"path_per_floor":["M","?","?","M","$","E","M","$","T","$","M","$","R","M","R","B"],"character_chosen":"THE_GATHERER","items_purchased":["Gatherer:Misfortune","Gatherer:FlowerShield"],"campfire_rested":2,"item_purchase_floors":[5,8],"current_hp_per_floor":[65,58,58,57,57,22,22,22,22,22,22,22,43,32,53,0,0,0],"gold":43,"neow_bonus":"","is_daily":false,"chose_seed":false,"campfire_upgraded":0,"win_rate":0.0,"timestamp":1613717187,"path_taken":["M","?","?","?","$","E","M","?","T","?","?","?","R","M","R","BOSS"],"items_purchased_type":["Card","Card"],"build_version":"2020-12-22","purchased_purges":1,"victory":false,"max_hp_per_floor":[72,72,72,72,72,72,72,72,72,72,72,72,72,72,72,72,72,72],"card_choices":[{"not_picked":["Gatherer:AromaProtection","Gatherer:SaveValuables"],"picked":"Gatherer:FragileHammer","floor":1},{"not_picked":["BeautyBeast","HeroicMonk"],"picked":"Alriune","floor":1},{"not_picked":["Gatherer:CarefulStrike","Gatherer:PotentialSlash"],"picked":"Gatherer:OddSpoils","floor":4},{"not_picked":["Murderer","BlackSwan","WallGazer"],"picked":"Singing Bowl","floor":4},{"not_picked":["Rudolta","ShyLook"],"picked":"DespairKnight","floor":4},{"not_picked":["CrumblingArmor","Rudolta"],"picked":"VoidDream","floor":6},{"not_picked":["Gatherer:GatherMaterial","Gatherer:FragileHammer"],"picked":"Gatherer:EnergyBasket","floor":6},{"not_picked":["UniverseFragment","Yin","HeroicMonk"],"picked":"Singing Bowl","floor":7},{"not_picked":["WallGazer","Scorched"],"picked":"UniverseFragment","floor":7},{"not_picked":["Gatherer:Nutrients","Gatherer:SaveValuables","Gatherer:FragileHammer"],"picked":"SKIP","floor":7},{"not_picked":["Gatherer:Transmute","Gatherer:FlowerShield"],"picked":"Gatherer:PotentialSlash","floor":11},{"not_picked":["BeautyBeast","Bloodbath"],"picked":"BigBadWolf","floor":11},{"not_picked":["Gatherer:UpgradeBag","Gatherer:TreeGrowth"],"picked":"Gatherer:GatherMaterial","floor":14},{"not_picked":["Murderer","SingingMachine"],"picked":"OldLady","floor":14}],"player_experience":64379,"relics_obtained":[{"floor":6,"key":"War Paint"},{"floor":9,"key":"AT_SunfireAegis"}],"event_choices":[{"cards_removed":["Gatherer:Strike_Gatherer"],"damage_healed":0,"gold_gain":0,"player_choice":"Card Removal","damage_taken":7,"max_hp_gain":0,"max_hp_loss":0,"event_name":"Golden Wing","floor":2,"gold_loss":0},{"damage_healed":0,"gold_gain":0,"player_choice":"Bought 3 Potions","damage_taken":0,"max_hp_gain":0,"max_hp_loss":0,"event_name":"The Woman in Blue","floor":3,"gold_loss":0}],"is_beta":false,"boss_relics":[],"items_purged_floors":[10],"is_endless":false,"potions_floor_spawned":[4,6,14],"killed_by":"Hexaghost","ascension_level":0}}