{"host":"vm8b3ptwl81uq21f","time":1613764480,"event":{"mods":["Act Like it!","Aspiration","BaseMod","BetterRewards","Colored Map","Colored Powertips","Conspire","Gensokyo","GifTheSpireLib","Googly Eyes","GungeonMod","Halation","Hubris","Infinite Spire","Minty Spire (QoL Compilation)","MostiFishMod","Quick Restart","Rare Cards Sparkle","Reliquary","Replay The Spire","Shop Mod","Spicy Shops","Spire Arcade","StSLib","Stuff the Spire","The IronCluck","The Jungle","[IsaacMod]????","??????REMEMod"],"gold_per_floor":[198,216,229,69,82,110,0,0,49,81,91,110,23,52,52,307,307,325,0,19,30,1,29,49,81,108,157,201,201,201,220,220,424,424,520,520,532,572,394,394,414,196,196,207,207,207,5,5,5,5,5,5,29,64,145],"floor_reached":56,"language":"ENG","playtime":4152,"items_purged":["Strike_B","Strike_B","Strike_B","Defend_B","Defend_B","MostiFishMod:TheEndOfMoonlight","REME_TwoStrings"],"score":2879,"play_id":"62a32245-43f6-4d83-b9a5-55b959777a9c","local_time":"20210219145440","is_ascension_mode":true,"campfire_choices":[{"data":"Strike_B","floor":8.0,"key":"PURGE"},{"data":"Strike_B","floor":15.0,"key":"PURGE"},{"data":"Zap","floor":29.0,"key":"SMITH"},{"data":"Dualcast","floor":32.0,"key":"SMITH"},{"data":"MostiFishMod:NightSea","floor":40,"key":"SMITH"},{"floor":45,"key":"RECALL"},{"data":"Purity","floor":49,"key":"SMITH"},{"data":"Ball Lightning","floor":52,"key":"SMITH"}],"circlet_count":0,"master_deck":["AscendersBane","Defend_B+1","Defend_B","Zap+1","Dualcast+1","MostiFishMod:Neptune+1","MostiFishMod:SparklingWater","MostiFishMod:FantasySummer","MostiFishMod:NightSea+1","REME_WheelOfFate+1","REME_WheelOfFate+1","MostiFishMod:PushDownKick+1","MostiFishMod:PushDownKick+1","Ball Lightning+1","StuffTheSpire:CleanHardDrive","Genetic Algorithm+1","StuffTheSpire:Synthwave+1","Scrape","MostiFishMod:IntelligentEquipment","Capacitor+1","Purity+1","Double Energy+1","REME_TwoStrings","REME_TwoStrings","REME_TwoStrings","REME_TwoStrings","REME_TwoStrings","REME_TwoStrings","REME_TwoStrings","REME_TwoStrings","REME_TwoStrings","REME_TwoStrings","REME_TwoStrings","REME_TwoStrings","REME_TwoStrings","REME_TwoStrings","REME_TwoStrings","infinitespire:Collect","infinitespire:Collect","infinitespire:Collect","infinitespire:Collect","infinitespire:Collect","infinitespire:Collect","infinitespire:Collect","infinitespire:Collect","infinitespire:Collect","infinitespire:Collect","infinitespire:Collect","infinitespire:Collect","infinitespire:Collect","infinitespire:Collect","infinitespire:Collect","infinitespire:Collect","infinitespire:Collect","Violence+1","ReplayTheSpireMod:Trickstab"],"relics":["Cracked Core","HushsDoor","DaveBox","REME_ComplimentaryCards","SteamSale","MaYiHuaBei","MerchantsRug","DemoMod:SerJunkan","reliquary:FingerTrap","Oddly Smooth Stone","Replay:Baseball","hubris:MysteriousPyramids","Chi","Ling","ReplayTheSpireMod:CursedCoin","PureWater","SynthV:TestCard","Enchiridion","DemoMod:Junk","ClockworkSouvenir","ReplayTheSpireMod:TigerMarble","Quantum Egg","DemoMod:GlassGuonStoneRelic","reliquary:ThirdArm","aspiration:EnhancedActuators","DemoMod:WhiteGuonStone","infinitespire:BottledMercury","Strange Spoon","Replay:Bottled Steam","halation:EternalFortune","Inserter","Civilization","reliquary:TridentHead","Frozen Eye","ReplayTheSpireMod:Lightbulb","DataDisk","BrkXgEgg","hubris:Towel","Anchor","reliquary:IridiumChain","Replay:Antivirus Software","StuffTheSpire:HeavyRock"],"acts_visited":["Exordium","TheCity","TheBeyond","TheEnding"],"potions_floor_usage":[55],"damage_taken":[{"damage":0.0,"enemies":"Gensokyo:Python","floor":1.0,"turns":2.0},{"damage":0.0,"enemies":"Gensokyo:3_Fairies","floor":2.0,"turns":2.0},{"damage":0.0,"enemies":"Gensokyo:2_Kodama","floor":3.0,"turns":1.0},{"damage":0.0,"enemies":"Gensokyo:VengefulSpirit","floor":5.0,"turns":4.0},{"damage":0.0,"enemies":"Gensokyo:Mamizou","floor":6.0,"turns":3.0},{"damage":0.0,"enemies":"Gensokyo:Aya","floor":10.0,"turns":1.0},{"damage":0.0,"enemies":"Gensokyo:Python_and_Kodama","floor":11.0,"turns":2.0},{"damage":0.0,"enemies":"Gensokyo:Gryphon_and_Rabbit","floor":12.0,"turns":2.0},{"damage":0.0,"enemies":"Gensokyo:Mamizou","floor":14.0,"turns":2.0},{"damage":9.0,"enemies":"Gensokyo:Reimu","floor":16.0,"turns":7.0},{"damage":0.0,"enemies":"conspire:FuzzyDice","floor":18.0,"turns":3.0},{"damage":0.0,"enemies":"Chosen","floor":20.0,"turns":1.0},{"damage":0.0,"enemies":"3 Cultists","floor":21.0,"turns":2.0},{"damage":0.0,"enemies":"REME_1_Revenger","floor":23.0,"turns":2.0},{"damage":0.0,"enemies":"Cultist and Chosen","floor":24.0,"turns":1.0},{"damage":0.0,"enemies":"Slavers","floor":25.0,"turns":3.0},{"damage":0.0,"enemies":"Replay:Snechameleon","floor":27.0,"turns":2.0},{"damage":0.0,"enemies":"conspire:HollyBat","floor":28.0,"turns":3.0},{"damage":0.0,"enemies":"Shelled Parasite and Fungi","floor":31.0,"turns":1.0},{"damage":0.0,"enemies":"Champ","floor":33.0,"turns":4.0},{"damage":0.0,"enemies":"Orb Walker","floor":35.0,"turns":2.0},{"damage":0.0,"enemies":"3 Shapes","floor":37.0,"turns":1.0},{"damage":0,"enemies":"Transient","floor":38,"turns":5},{"damage":0,"enemies":"Jaw Worm Horde","floor":41,"turns":1},{"damage":0,"enemies":"Sphere and 2 Shapes","floor":44,"turns":1},{"damage":0,"enemies":"infinitespire:MassOfShapes","floor":50,"turns":4},{"damage":0,"enemies":"Shield and Spear","floor":54,"turns":2},{"damage":0,"enemies":"Delirium","floor":55,"turns":13}],"seed_played":"-5966430365418786541","potions_obtained":[{"floor":1.0,"key":"Venom Potion"},{"floor":3.0,"key":"GamblersBrew"},{"floor":11.0,"key":"ColorlessPotion"},{"floor":14.0,"key":"SkillPotion"},{"floor":18.0,"key":"EntropicBrew"},{"floor":27.0,"key":"SpeedPotion"},{"floor":28.0,"key":"Energy Potion"},{"floor":31.0,"key":"BlessingOfTheForge"}],"is_trial":false,"path_per_floor":["M","M","M","?","M","E","COS","R","T","E","M","M","$","E","R","B",null,"M","$","M","M","$","E","M","E","T","E","M","R","?","M","R","B",null,"M","?","M","M","$","R","M","$","T","M","R","?","$","?","R","B",null,"R","$","E","B",null],"character_chosen":"DEFECT","items_purchased":["SteamSale","MerchantsRug","DemoMod:SerJunkan","Juzu Bracelet","reliquary:FingerTrap","Omamori","Oddly Smooth Stone","Replay:Baseball","hubris:MysteriousPyramids","ChiLing","halation:NonexistentMirror","Peace Pipe","ReplayTheSpireMod:CursedCoin","aspiration:Nostalgia","REME_WheelOfFate","Lee\u0027s Waffle","War Paint","Quantum Egg","MostiFishMod:PushDownKick+1","Guide Book","aspiration:EnhancedActuators","DemoMod:WhiteGuonStone","infinitespire:BottledMercury","Ball Lightning","Strange Spoon","Civilization","reliquary:TridentHead","REME_TwoStrings","Frozen Eye","ReplayTheSpireMod:Lightbulb","DataDisk","BrkXgEgg","Violence+1","reliquary:IridiumChain","ReplayTheSpireMod:Trickstab"],"campfire_rested":0,"item_purchase_floors":[0,0,0,0,0,0,0,0,0,0,0,0,0,0,0,0,13,13,19,19,19,19,19,22,22,39,39,39,42,42,47,47,47,53,53],"current_hp_per_floor":[82,82,82,82,82,82,82,82,82,82,82,82,82,82,82,73,80,80,80,80,82,82,82,82,82,82,82,84,84,87,87,87,87,82,82,82,82,82,82,82,85,85,85,90,90,90,90,90,90,95,95,95,95,100,105],"gold":145,"neow_bonus":"","is_daily":false,"chose_seed":false,"campfire_upgraded":5,"win_rate":0.0,"timestamp":1613764480,"path_taken":["M","M","M","?","M","E","COS","R","T","E","M","M","?","E","R","BOSS","M","$","M","M","$","E","M","E","T","E","M","R","?","M","R","BOSS","M","?","M","M","$","R","M","$","T","M","R","?","?","?","R","BOSS","R","$","E","BOSS"],"items_purchased_type":["Relic","Relic","Relic","Relic","Relic","Relic","Relic","Relic","Relic","Relic","Relic","Relic","Relic","Relic","Card","Relic","Relic","Relic","Card","Relic","Relic","Relic","Relic","Card","Relic","Relic","Relic","Card","Relic","Relic","Relic","Relic","Card","Relic","Card"],"build_version":"2020-12-22","purchased_purges":7,"victory":true,"max_hp_per_floor":[82,82,82,82,82,82,82,82,82,82,82,82,82,82,82,82,82,82,82,82,82,82,82,82,82,82,82,84,84,87,87,87,87,82,82,82,82,82,82,82,85,85,85,90,90,90,90,90,90,95,95,95,95,100,105],"card_choices":[{"not_picked":["Hologram","conspire:SharedLibrary","Skim"],"picked":"SKIP","floor":1.0},{"not_picked":["aspiration:Polymerization","Barrage","Doom and Gloom","Cold Snap","Hello World"],"picked":"SKIP","floor":2.0},{"not_picked":["Sunder","Gash","REME_SelfUpgrade","Cancel","Rebound"],"picked":"SKIP","floor":3.0},{"not_picked":["Barrage","Cold Snap","ReplayGash","Meteor Strike","Compile Driver"],"picked":"SKIP","floor":5.0},{"not_picked":["Barrage","ReplayTheSpireMod:Repulse","MostiFishMod:ReprogramOld","Stack","Redo"],"picked":"SKIP","floor":6.0},{"not_picked":["Steam","Chill","ReplayTheSpireMod:Calculation Training","Melter","Go for the Eyes"],"picked":"SKIP","floor":10.0},{"not_picked":["MostiFishMod:FluxCapactior","MostiFishMod:Prepare","Ball Lightning","MostiFishMod:PushDownKick","Panic Button"],"picked":"SKIP","floor":11.0},{"not_picked":["MostiFishMod:PushDownKick","Stack","StuffTheSpire:Coldhearted","Gash","Steam"],"picked":"SKIP","floor":12.0},{"not_picked":["Steam","FTL","Hello World","MostiFishMod:FluxCapactior","MostiFishMod:IceShield"],"picked":"SKIP","floor":14.0},{"not_picked":["StuffTheSpire:LoadUp","Barrage+1","Sunder+1","Blizzard+1","Defragment"],"picked":"SKIP","floor":18.0},{"not_picked":["Steam+1","Conserve Battery","ReplayTheSpireMod:GoodbyeWorld","StuffTheSpire:LoadUp","Sunder"],"picked":"SKIP","floor":20.0},{"not_picked":["MostiFishMod:PushDownKick","Glacier+1","MostiFishMod:Prepare","Conserve Battery+1","Sweeping Beam+1"],"picked":"SKIP","floor":21.0},{"not_picked":["Panic Button+1","Fusion","Coolheaded","Hologram","REME_Whirling"],"picked":"SKIP","floor":23.0},{"not_picked":["Gash","Go for the Eyes","Cold Snap","hubris:Ukulele+1"],"picked":"StuffTheSpire:CleanHardDrive","floor":24.0},{"not_picked":["BasicCrystalCard","Coolheaded","Gash","Darkness+1","Sweeping Beam"],"picked":"SKIP","floor":25.0},{"not_picked":["StuffTheSpire:ShieldGenerator","Loop","REME_Compress","StuffTheSpire:CleanHardDrive"],"picked":"Genetic Algorithm+1","floor":27.0},{"not_picked":["Compile Driver","StuffTheSpire:NuclearReactor","Fusion","Go for the Eyes"],"picked":"StuffTheSpire:Synthwave+1","floor":28.0},{"not_picked":["Ball Lightning+1","Amplify","StuffTheSpire:LoadUp+1","Leap"],"picked":"Scrape","floor":31.0},{"not_picked":["MostiFishMod:TalkingToTheRain","StuffTheSpire:EventHorizon","MostiFishMod:ReadyAimFire","Hyperbeam"],"picked":"MostiFishMod:IntelligentEquipment","floor":33.0},{"not_picked":["MostiFishMod:PushDownKick","Skim+1","Darkness+1","MostiFishMod:Hijack"],"picked":"Capacitor+1","floor":35.0},{"not_picked":["ReplayTheSpireMod:Uncanny Aura","hubris:Ssssneak","Dramatic Entrance","REME_ShortnessOfBreath"],"picked":"Purity","floor":36.0},{"not_picked":["ReplayTheSpireMod:Dual Polarity","StuffTheSpire:Rend","Turbo","Go for the Eyes"],"picked":"Double Energy+1","floor":37.0},{"not_picked":["StuffTheSpire:LoadUp+1","Blizzard+1","Seek","Turbo","Conserve Battery"],"picked":"SKIP","floor":38},{"not_picked":["Panic Button","BasicCrystalCard+1","Cold Snap","Rebound","Redo+1"],"picked":"SKIP","floor":41},{"not_picked":["MostiFishMod:IceShield","Auto Shields","Mirror Shield","Go for the Eyes","Coolheaded+1"],"picked":"SKIP","floor":44},{"not_picked":["infinitespire:SevenWalls","hubris:Rewind"],"picked":"infinitespire:Collect","floor":46},{"not_picked":["ReplayTheSpireMod:Calculation Training","White Noise","Steam","Pulse","Barrage+1"],"picked":"SKIP","floor":54}],"player_experience":430729,"relics_obtained":[{"floor":1.0,"key":"SynthV:TestCard"},{"floor":6.0,"key":"DemoMod:Junk"},{"floor":9.0,"key":"ReplayTheSpireMod:TigerMarble"},{"floor":10.0,"key":"Smiling Mask"},{"floor":14.0,"key":"DemoMod:Junk"},{"floor":23.0,"key":"Replay:Bottled Steam"},{"floor":25.0,"key":"DemoMod:Junk"},{"floor":26.0,"key":"infinitespire:Satchel"},{"floor":27.0,"key":"DemoMod:Junk"},{"floor":31.0,"key":"DemoMod:Junk"},{"floor":54,"key":"Replay:Antivirus Software"}],"event_choices":[{"damage_healed":0.0,"max_hp_gain":0.0,"max_hp_loss":0.0,"gold_gain":0.0,"event_name":"SensoryStone","player_choice":"Memory 3","floor":36.0,"gold_loss":0.0,"damage_taken":10.0}],"is_beta":false,"boss_relics":[{"not_picked":["EE1DDrone","Runic Dome"],"picked":"reliquary:ThirdArm"},{"not_picked":[]},{"not_picked":["Astrolabe","GreenFoldingFan"],"picked":"Inserter"},{"not_picked":[]}],"items_purged_floors":[0,0,19,22,34,39,42],"is_endless":false,"potions_floor_spawned":[1,3,11,14,18,20,27,28,31,35,37],"ascension_level":10}}