{"host":"snn1c4qsf0fj7fzf","time":1613723495,"event":{"mods":["AchievementEnabler","Act Like it!","Aspiration","Astrologer","BaseMod","Colored Powertips","Downfall","Gensokyo","Hermit","Hubris","Infinite Spire","Lobotomy","Minty Spire (QoL Compilation)","Random Character Button","Rare Cards Sparkle","Reimu??????","Reliquary","Replay The Spire","Shop Mod","Spire Arcade","StSLib","The Administrix","The Cursed","The Gatherer","The Hierophant","The Poker Player","The Runesmith"],"gold_per_floor":[99,119,119,137,154,154,154,167,167,195,295,95,111,131,151,251,251,251,251,251,351,351,385,385,385,420,430,440,207,107,171,187,284,284,284,299,315,365,365,365],"floor_reached":38,"language":"ENG","playtime":2438,"items_purged":["Slimebound:Defend_Slimebound","Slimebound:Defend_Slimebound"],"score":466,"play_id":"f05779de-7f5d-440a-b15b-3dc1a506454a","local_time":"20210219163135","is_ascension_mode":false,"campfire_choices":[{"floor":1,"key":"DIG"},{"floor":6,"key":"RECALL"},{"data":"Slimebound:CorrosiveSpit","floor":12,"key":"SMITH"},{"floor":18,"key":"DIG"},{"data":"Slimebound:MassRepurpose","floor":25,"key":"SMITH"},{"data":"Slimebound:SlimeSpikes","floor":30,"key":"SMITH"}],"circlet_count":0,"master_deck":["Slimebound:Strike_Slimebound","Slimebound:Tackle","Slimebound:Defend_Slimebound","Slimebound:Split","Slimebound:CorrosiveSpit+1","Slimebound:GoopSpray","Slimebound:SplitLeeching+1","Slimebound:SlimeSpikes+1","Slimebound:PressTheAttack","Slimebound:PrepareCrush","Slimebound:SlimeSpikes+1","Slimebound:SplitMire","Slimebound:MassRepurpose+1","Slimebound:MegaLick","Slimebound:SplitLeeching","ReplayTheSpireMod:Muscle Training+1","Slimebound:TagTeam","Slimebound:SplitSpecialist+1","Slimebound:Overexert","hubris:SharpeningStone+1"],"relics":["Slimebound:AbsorbEndCombatUpgraded","Replay:Bottled Snecko","infinitespire:Beetle Shell","downfall:HeartBlessingRed","downfall:HeartBlessingBlue","aspiration:IroncladSkillbook","reliquary:ExpiredCoupon","hubris:Towel","downfall:CloakOfManyFaces","CultistMask","FaceOfCleric","NlothsMask","GremlinMask","SsserpentHead","Strange Spoon","Empty Cage","Bronze Scales","Replay:Wax Seal","Toxic Egg 2","HandDrill","downfall:HeartBlessingGreen"],"acts_visited":["Exordium","TheCity","TheBeyond"],"potions_floor_usage":[4,16,38,38],"damage_taken":[{"damage":9,"enemies":"Jaw Worm","floor":2,"turns":5},{"damage":4,"enemies":"infinitespire:Voidling","floor":4,"turns":3},{"damage":0,"enemies":"Small Slimes","floor":5,"turns":3},{"damage":6,"enemies":"3 Louse","floor":8,"turns":4},{"damage":1,"enemies":"Lagavulin","floor":10,"turns":7},{"damage":5,"enemies":"Exordium Thugs","floor":13,"turns":4},{"damage":2,"enemies":"downfall:LooterAlt","floor":14,"turns":3},{"damage":7,"enemies":"Large Slime","floor":15,"turns":5},{"damage":20,"enemies":"DF_ARCHETYPE_STREAMLINE","floor":16,"turns":6},{"damage":15,"enemies":"downfall:FaceTrader","floor":21,"turns":9},{"damage":18,"enemies":"Slavers","floor":23,"turns":5},{"damage":7,"enemies":"Gremlin Leader","floor":26,"turns":8},{"damage":0,"enemies":"Chosen","floor":27,"turns":4},{"damage":6,"enemies":"downfall:LooterAlt2","floor":28,"turns":3},{"damage":0,"enemies":"downfall:FleeingMerchant","floor":29,"turns":4},{"damage":12,"enemies":"Snecko","floor":31,"turns":5},{"damage":15,"enemies":"Centurion and Healer","floor":32,"turns":4},{"damage":44,"enemies":"SI_MIRROR_ARCHETYPE","floor":33,"turns":11},{"damage":12,"enemies":"3 Darklings","floor":36,"turns":5},{"damage":2,"enemies":"Orb Walker","floor":37,"turns":4},{"damage":4,"enemies":"infinitespire:Three Voidlings","floor":38,"turns":4},{"damage":110,"enemies":"Nightmare_Alpha","floor":38,"turns":8}],"seed_played":"4532620193527461981","potions_obtained":[{"floor":2,"key":"SpeedPotion"},{"floor":3,"key":"Ancient Potion"},{"floor":3,"key":"SkillPotion"},{"floor":3,"key":"DuplicationPotion"},{"floor":10,"key":"SneckoOil"},{"floor":15,"key":"Regen Potion"},{"floor":16,"key":"champ:CounterPotion"},{"floor":21,"key":"AttackPotion"},{"floor":27,"key":"Weak Potion"},{"floor":28,"key":"SkillPotion"}],"is_trial":false,"path_per_floor":["R","M","?","M","M","R","T","M","?","E","?","R","M","M","M","B",null,"R","?","?","?","AVR","E","T","R","E","M","M","$","R","M","M","B",null,"R","M","M","?"],"character_chosen":"SLIMEBOUND","items_purchased":["HandDrill"],"campfire_rested":0,"item_purchase_floors":[29],"current_hp_per_floor":[65,61,61,65,65,65,65,65,65,65,65,75,72,74,73,55,75,75,75,75,70,70,65,65,65,71,78,79,80,80,75,71,40,83,83,84,85,0,0,0],"gold":365,"neow_bonus":"REMOVE_CARD","is_daily":false,"chose_seed":false,"campfire_upgraded":3,"win_rate":0.0,"timestamp":1613723495,"path_taken":["R","M","?","M","?","R","T","M","?","E","?","R","M","?","M","BOSS","R","?","?","?","AVR","E","T","R","E","M","M","$","R","?","M","BOSS","R","M","M","?"],"items_purchased_type":["Relic"],"build_version":"2020-12-22","purchased_purges":2,"victory":false,"max_hp_per_floor":[65,65,65,65,65,65,65,65,65,65,65,75,75,75,75,75,75,75,75,75,75,75,76,76,76,77,78,79,80,80,81,82,83,83,83,84,85,86,86,86],"card_choices":[{"not_picked":["Slimebound:GoopTackle","Slimebound:LeadByExample"],"picked":"Slimebound:GoopSpray","floor":2},{"not_picked":["Slimebound:LivingWall","Slimebound:LeechingTouch"],"picked":"Slimebound:SplitLeeching","floor":4},{"not_picked":["Slimebound:AcidTongue","Slimebound:LeechingTouch"],"picked":"Slimebound:SlimeSpikes","floor":5},{"not_picked":["Slimebound:SplitAcid","Slimebound:SplitMire"],"picked":"Slimebound:PressTheAttack","floor":8},{"not_picked":["Slimebound:LeechEnergy","Slimebound:HauntingLick"],"picked":"Slimebound:PrepareCrush","floor":10},{"not_picked":["Slimebound:LeechEnergy","Slimebound:Dissolve"],"picked":"Slimebound:SlimeSpikes","floor":13},{"not_picked":["Slimebound:ComboTackle","Slimebound:SlimeTap","Slimebound:GoopTackle"],"picked":"SKIP","floor":14},{"not_picked":["Slimebound:Schlurp","Slimebound:PressTheAttack"],"picked":"Slimebound:SplitMire","floor":15},{"not_picked":["Slimebound:Teamwork","Slimebound:RallyTheTroops"],"picked":"Slimebound:MassRepurpose","floor":16},{"not_picked":["Shrug It Off","Slimebound:SlimeBarrage","Slimebound:ServeAndProtect"],"picked":"Slimebound:MegaLick","floor":21},{"not_picked":["Slimebound:ComboTackle","Sword Boomerang","Slimebound:LivingWall+1"],"picked":"Slimebound:SplitLeeching","floor":23},{"not_picked":["Dropkick","Replay:Undeath\u0027s Touch","Slimebound:AcidTongue","Demonic Infusion+1"],"picked":"SKIP","floor":26},{"not_picked":["ReplayTheSpireMod:Muscle Training+1","Slimebound:HauntingLick+1","Slimebound:Prepare+1","Slimebound:SplitBruiser+1"],"picked":"SKIP","floor":27},{"not_picked":["Slimebound:HauntingLick+1","Slimebound:Prepare+1","Slimebound:SplitBruiser+1"],"picked":"ReplayTheSpireMod:Muscle Training+1","floor":27},{"not_picked":["Slimebound:SamplingLick+1","Searing Blow","Pummel","Hemokinesis"],"picked":"SKIP","floor":28},{"not_picked":["ReplayTheSpireMod:Strike From Hell","Slimebound:GrowthPunch+1","Shockwave+1","Life Link"],"picked":"SKIP","floor":29},{"not_picked":["Perfected Strike+1","Reckless Charge","Slimebound:ItLooksTasty"],"picked":"Slimebound:TagTeam","floor":31},{"not_picked":["ReplayTheSpireMod:Corrosion Curse+1","Slimebound:GoopSpray+1","Sentinel+1"],"picked":"Slimebound:SplitSpecialist+1","floor":32},{"not_picked":["Offering+1","Slimebound:TagTeam","hubris:StunningStrike"],"picked":"Slimebound:Overexert","floor":33},{"not_picked":["Shrug It Off+1","Replay:Undeath\u0027s Touch","Life Link+1"],"picked":"hubris:SharpeningStone+1","floor":36},{"not_picked":["Burning Pact+1","Slimebound:PressTheAttack+1","hubris:ReadiedAction+1","Bludgeon"],"picked":"SKIP","floor":37}],"player_experience":433750,"relics_obtained":[{"floor":1,"key":"Replay:Bottled Snecko"},{"floor":10,"key":"infinitespire:Beetle Shell"},{"floor":18,"key":"reliquary:ExpiredCoupon"},{"floor":21,"key":"downfall:CloakOfManyFaces"},{"floor":23,"key":"Bronze Scales"},{"floor":24,"key":"Replay:Wax Seal"},{"floor":26,"key":"Toxic Egg 2"}],"event_choices":[{"damage_healed":0,"gold_gain":0,"player_choice":"Got Potions","damage_taken":0,"max_hp_gain":0,"max_hp_loss":0,"event_name":"Lab","floor":3,"gold_loss":0}],"is_beta":false,"boss_relics":[{"not_picked":["SacredBark","Ring of Chaos"],"picked":"aspiration:IroncladSkillbook"},{"not_picked":["Replay:Drink Me","Black Star"],"picked":"Slimebound:AbsorbEndCombatUpgraded"}],"items_purged_floors":[22,29],"is_endless":false,"potions_floor_spawned":[2,10,15,16,21,27,28,31,36],"killed_by":"Nightmare_Alpha","ascension_level":0}}