{"host":"iirf6tm60n5v4e3j","time":1613773334,"event":{"mods":["Act Like it!","BaseMod","Gensokyo","Marisa????????","Minty Spire (QoL Compilation)","StSLib","The Marked"],"gold_per_floor":[111,111,128,128,27,53,53,87,87,87,1,33,48,60,60,163,163,181,181,236,236,236,236,39,6,55,55,84,153,153,153,153],"floor_reached":31,"language":"ENG","playtime":1174,"items_purged":["Pain"],"score":413,"play_id":"554cc45c-f26b-4490-a179-d4909090d1ad","local_time":"20210219142214","is_ascension_mode":true,"campfire_choices":[{"data":"PowerUp","floor":7.0,"key":"SMITH"},{"data":"MasterSpark","floor":10.0,"key":"SMITH"},{"floor":15.0,"key":"REST"},{"data":"CollectingQuirk","floor":23.0,"key":"SMITH"},{"data":"DeepEcoloBomb","floor":27,"key":"SMITH"},{"data":"Occultation","floor":30,"key":"SMITH"}],"circlet_count":0,"master_deck":["AscendersBane","Strike_MRS","Strike_MRS+1","Strike_MRS","Strike_MRS","Defend_MRS","Defend_MRS","Defend_MRS","Defend_MRS","MasterSpark+1","UpSweep","PropBag","PowerUp+1","GalacticHalo","MilkyWay","6A","CollectingQuirk+1","DeepEcoloBomb+1","GalacticHalo+1","Gensokyo:Apocalypse+1","Gensokyo:AllTheWorldsEvil","WitchOfGreed","Parasite","Parasite","Gensokyo:TarnishedGold","WitchOfGreed+1","Occultation+1"],"relics":["MiniHakkero","NeowsBlessing","Gensokyo:LunaticRedEyes","Gensokyo:OccultBall","MealTicket","Smiling Mask","Art of War","Mercury Hourglass","Prayer Wheel","SacredBark","Gensokyo:RedStar","Strawberry","ShroomBag","Whetstone","HandmadeGrimoire","Frozen Eye"],"acts_visited":["Exordium","Gensokyo:Gensokyo"],"potions_floor_usage":[31],"damage_taken":[{"damage":0.0,"enemies":"Gensokyo:Python","floor":1.0,"turns":1.0},{"damage":1.0,"enemies":"Gensokyo:3_Fairies","floor":3.0,"turns":2.0},{"damage":0.0,"enemies":"Gensokyo:Cirno","floor":6.0,"turns":2.0},{"damage":20.0,"enemies":"Gensokyo:Mamizou","floor":8.0,"turns":7.0},{"damage":20.0,"enemies":"Gensokyo:Aya","floor":12.0,"turns":5.0},{"damage":0.0,"enemies":"Gensokyo:2_Kodama","floor":13.0,"turns":2.0},{"damage":2.0,"enemies":"Gensokyo:2_Rabbits","floor":14.0,"turns":3.0},{"damage":14.0,"enemies":"Gensokyo:Reimu","floor":16.0,"turns":9.0},{"damage":7.0,"enemies":"Gensokyo:Chomper","floor":18.0,"turns":4.0},{"damage":21,"enemies":"Gensokyo:CosmicMonolith","floor":28,"turns":5},{"damage":38,"enemies":"Gensokyo:Reisen","floor":29,"turns":8},{"damage":24,"enemies":"Gensokyo:Koishi","floor":31,"turns":2}],"seed_played":"2377307667882717306","potions_obtained":[{"floor":1.0,"key":"Dexterity Potion"},{"floor":12.0,"key":"Fire Potion"},{"floor":16.0,"key":"LiquidBronze"},{"floor":28,"key":"Fire Potion"},{"floor":28,"key":"Strength Potion"}],"is_trial":false,"path_per_floor":["M","?","M","?","$","E","R","E","T","R","COS","E","M","M","R","B",null,"M","?","T","?","?","R","$","COS","T","R","M","E","R","E"],"character_chosen":"MARISA","items_purchased":["PowerUp","WitchOfGreed","ShroomBag"],"campfire_rested":1,"item_purchase_floors":[5,24,24],"current_hp_per_floor":[68,68,67,67,67,67,67,47,47,47,47,27,27,25,47,45,68,61,61,68,68,68,68,74,74,74,74,53,19,19,0,0],"gold":153,"neow_bonus":"THREE_ENEMY_KILL","is_daily":false,"chose_seed":false,"campfire_upgraded":5,"win_rate":0.0,"timestamp":1613773334,"path_taken":["M","?","M","?","$","E","R","E","T","R","COS","E","M","M","R","BOSS","M","?","?","?","?","R","?","COS","T","R","M","E","R","E"],"items_purchased_type":["Card","Card","Relic"],"build_version":"2020-12-22","purchased_purges":1,"victory":false,"max_hp_per_floor":[75,75,75,75,75,75,75,75,75,75,75,75,75,75,75,75,75,75,75,82,74,74,74,74,74,74,74,74,74,74,74,74],"card_choices":[{"not_picked":["MeteoricShower","EventHorizon"],"picked":"Occultation","floor":1.0},{"not_picked":["ChargeUpSpray","MysteriousBeam"],"picked":"PropBag","floor":3.0},{"not_picked":["BlazeAway","OpenUniverse","EventHorizon"],"picked":"SKIP","floor":6.0},{"not_picked":["DarkSpark","LuminesStrike","IllusionStar"],"picked":"SKIP","floor":8.0},{"not_picked":["GrandCross","OrrerysSun"],"picked":"GalacticHalo","floor":12.0},{"not_picked":["LuminesStrike","AsteroidBelt"],"picked":"MilkyWay","floor":13.0},{"not_picked":["MysteriousBeam","WitchOfGreed"],"picked":"6A","floor":14.0},{"not_picked":["StarDustReverie","SatelliteIllusion"],"picked":"CollectingQuirk","floor":16.0},{"not_picked":["Robbery+1","WitchLeyline"],"picked":"DeepEcoloBomb","floor":18.0},{"not_picked":["UnstableBomb+1","Robbery"],"picked":"GalacticHalo+1","floor":18.0},{"not_picked":["Gensokyo:LochNessMonster","Gensokyo:MonkeysPaw"],"picked":"Gensokyo:Apocalypse","floor":21.0},{"not_picked":["GravityBeat","ManaConvection"],"picked":"WitchOfGreed+1","floor":28},{"not_picked":["GrandCross","Robbery"],"picked":"Occultation","floor":28},{"not_picked":["ChargeUpSpray","DarkSpark+1","MilkyWay"],"picked":"SKIP","floor":29}],"player_experience":218910,"relics_obtained":[{"floor":6.0,"key":"MealTicket"},{"floor":8.0,"key":"Smiling Mask"},{"floor":9.0,"key":"Art of War"},{"floor":12.0,"key":"Gensokyo:OccultBall"},{"floor":12.0,"key":"Mercury Hourglass"},{"floor":16.0,"key":"Gensokyo:OccultBall"},{"floor":18.0,"key":"Gensokyo:OccultBall"},{"floor":20.0,"key":"Strawberry"},{"floor":26,"key":"Whetstone"},{"floor":29,"key":"HandmadeGrimoire"}],"event_choices":[],"is_beta":false,"boss_relics":[{"not_picked":["Philosopher\u0027s Stone","Busted Crown"],"picked":"SacredBark"}],"items_purged_floors":[5],"is_endless":false,"potions_floor_spawned":[1,12,16,28],"killed_by":"Gensokyo:Koishi","ascension_level":10}}