{"host":"f7rb14kzcw8hx1r1","time":1613726532,"event":{"mods":["BaseMod","Better Note","Better Third Choice","Colored Map","Curses Come First","Highlight Path","Hubris","Minty Spire (QoL Compilation)","Reliquary","Replay The Spire","StSLib","The Forsaken"],"gold_per_floor":[118,118,43,56,2,43,61,61,61,61,76,96,96,121,121,247,247,235,235,215,234,258,289,289,289,363,363,379,399,399,434,434,434,434],"floor_reached":33,"language":"ENG","playtime":1514,"items_purged":["Strike_R"],"score":312,"play_id":"a4d0e321-243c-467e-920f-19d23e656d04","local_time":"20210219102212","is_ascension_mode":false,"campfire_choices":[{"data":"Body Slam","floor":8,"key":"SMITH"},{"data":"True Grit","floor":10,"key":"SMITH"},{"data":"Bash","floor":13,"key":"SMITH"},{"data":"Exhume","floor":15,"key":"SMITH"},{"data":"Feed","floor":25,"key":"SMITH"},{"data":"Shockwave","floor":27,"key":"SMITH"},{"data":"Pommel Strike","floor":30,"key":"SMITH"}],"circlet_count":0,"master_deck":["Defend_R","Defend_R","Defend_R","Defend_R","Bash+1","Pommel Strike+1","Cleave","Body Slam+1","True Grit+1","Shrug It Off","Exhume+1","Feed+1","Fusion+1","Battle Trance+1","Shockwave+1","Bite","Bite","Bite+1","Bite","Bite"],"relics":["Burning Blood","reliquary:SilkGlove","Golden Idol","theForsaken:ScaryMask","Eternal Feather","reliquary:Ember","InkBottle","reliquary:Sideboard","reliquary:SharkskinSheath"],"acts_visited":["Exordium","TheCity"],"potions_floor_usage":[16,16,21,22,23,23,33,33],"damage_taken":[{"damage":3,"enemies":"2 Louse","floor":1,"turns":3},{"damage":6,"enemies":"Jaw Worm","floor":4,"turns":3},{"damage":48,"enemies":"Gremlin Nob","floor":6,"turns":5},{"damage":0,"enemies":"Cultist","floor":7,"turns":3},{"damage":0,"enemies":"2 Fungi Beasts","floor":11,"turns":3},{"damage":6,"enemies":"Gremlin Gang","floor":12,"turns":4},{"damage":0,"enemies":"Exordium Wildlife","floor":14,"turns":5},{"damage":42,"enemies":"Hexaghost","floor":16,"turns":11},{"damage":5,"enemies":"2 Thieves","floor":18,"turns":4},{"damage":21,"enemies":"Spheric Guardian","floor":21,"turns":5},{"damage":28,"enemies":"Centurion and Healer","floor":22,"turns":13},{"damage":27,"enemies":"Slavers","floor":23,"turns":6},{"damage":27,"enemies":"Shelled Parasite and Fungi","floor":28,"turns":8},{"damage":9,"enemies":"Chosen and Byrds","floor":29,"turns":6},{"damage":26,"enemies":"Gremlin Leader","floor":31,"turns":8},{"damage":127,"enemies":"Champ","floor":33,"turns":17}],"seed_played":"-4014918793230353305","potions_obtained":[{"floor":6,"key":"Elixir"},{"floor":7,"key":"SkillPotion"},{"floor":11,"key":"PowerPotion"},{"floor":16,"key":"SkillPotion"},{"floor":20,"key":"DuplicationPotion"},{"floor":21,"key":"BlessingOfTheForge"},{"floor":23,"key":"Dexterity Potion"},{"floor":29,"key":"Weak Potion"},{"floor":31,"key":"Fruit Juice"}],"is_trial":false,"path_per_floor":["M","?","$","M","$","E","M","R","T","R","M","M","R","M","R","B",null,"M","?","?","M","M","E","?","R","T","R","M","M","R","E","R_BF","B"],"character_chosen":"IRONCLAD","items_purchased":["Body Slam"],"campfire_rested":0,"item_purchase_floors":[5],"current_hp_per_floor":[80,60,60,60,60,18,24,24,24,30,36,36,42,48,57,21,80,83,83,83,71,55,42,42,54,54,66,72,81,81,85,85,5,5],"gold":434,"neow_bonus":"RANDOM_COMMON_RELIC","is_daily":false,"chose_seed":false,"campfire_upgraded":7,"win_rate":0.0,"timestamp":1613726532,"path_taken":["M","?","?","M","$","E","M","R","T","R","?","M","R","M","R","BOSS","M","?","?","?","M","E","?","R","T","R","M","M","R","E","R_BF","BOSS"],"items_purchased_type":["Card"],"build_version":"2020-12-22","purchased_purges":1,"victory":false,"max_hp_per_floor":[80,80,80,80,80,80,80,80,80,80,80,80,80,80,80,80,80,83,83,83,86,92,100,69,69,69,69,77,81,81,85,85,90,90],"card_choices":[{"not_picked":["Armaments","Searing Blow"],"picked":"Pommel Strike","floor":1},{"not_picked":["Wild Strike","Reckless Charge"],"picked":"Cleave","floor":4},{"not_picked":["Power Through","Abandon"],"picked":"True Grit","floor":6},{"not_picked":["Rampage","Sword Boomerang","Flex"],"picked":"SKIP","floor":7},{"not_picked":["Rage","Sever Soul","Pommel Strike"],"picked":"SKIP","floor":11},{"not_picked":["Warcry","Armaments"],"picked":"Shrug It Off","floor":12},{"not_picked":["Clothesline","Clash"],"picked":"Exhume","floor":14},{"not_picked":["Fiend Fire","Corruption"],"picked":"Feed","floor":16},{"not_picked":["Twin Strike","Armaments","True Grit"],"picked":"SKIP","floor":18},{"not_picked":["Warcry","Sever Soul"],"picked":"Battle Trance+1","floor":21},{"not_picked":["Replay:Undeath\u0027s Touch","Shrug It Off"],"picked":"Shockwave","floor":22},{"not_picked":["Sword Boomerang","ReplayReversal","Hemokinesis"],"picked":"SKIP","floor":23},{"not_picked":["Wild Strike","Headbutt+1"],"picked":"Shrug It Off","floor":28},{"not_picked":["Replay:Undeath\u0027s Touch","Combust"],"picked":"Iron Wave","floor":29},{"not_picked":["Wild Strike","Thunderclap+1"],"picked":"Inflame+1","floor":31}],"player_experience":978515,"relics_obtained":[{"floor":6,"key":"theForsaken:ScaryMask"},{"floor":9,"key":"Eternal Feather"},{"floor":23,"key":"InkBottle"},{"floor":26,"key":"reliquary:Sideboard"},{"floor":31,"key":"reliquary:SharkskinSheath"}],"event_choices":[{"damage_healed":0,"gold_gain":0,"player_choice":"Take Damage","damage_taken":20,"relics_obtained":["Golden Idol"],"max_hp_gain":0,"max_hp_loss":0,"event_name":"Golden Idol","floor":2,"gold_loss":0},{"cards_removed":["Feed"],"damage_healed":0,"gold_gain":0,"player_choice":"Take \u0026 Give","damage_taken":0,"max_hp_gain":0,"max_hp_loss":0,"event_name":"betterNote:BetterNote","floor":19,"gold_loss":0,"cards_obtained":["Fusion"]},{"damage_healed":0,"gold_gain":0,"player_choice":"Bought 1 Potion","damage_taken":0,"max_hp_gain":0,"max_hp_loss":0,"event_name":"The Woman in Blue","floor":20,"gold_loss":0},{"damage_healed":0,"gold_gain":0,"player_choice":"Became a vampire","damage_taken":0,"max_hp_gain":0,"max_hp_loss":31,"event_name":"Vampires","floor":24,"gold_loss":0,"cards_obtained":["Bite","Bite","Bite","Bite","Bite"]}],"is_beta":false,"boss_relics":[{"not_picked":["Ectoplasm","ReplayTheSpireMod:DimensionalGlitch"],"picked":"reliquary:Ember"}],"items_purged_floors":[3],"is_endless":false,"potions_floor_spawned":[6,7,11,16,21,23,29,31],"killed_by":"Champ","ascension_level":0}}