{"host":"ocllwaoi18j60ltd","time":1613713117,"event":{"mods":["BaseMod","DeckTracker","Minty Spire (QoL Compilation)","Permanent Neow","Quick Restart","StSLib","SuperFastMode"],"gold_per_floor":[113,124,124,137,154,154,186,186,186,202,216,141,141,161,161,238,238,249,266,316,351,351,351,382,455,478,25,25,39,39,139,139,139,139],"floor_reached":33,"language":"KOR","playtime":924,"items_purged":["Strike_B","Meteor Strike+1"],"score":530,"play_id":"54e25710-0f94-4ee7-b8eb-f830cf71f203","local_time":"20210219143837","is_ascension_mode":true,"campfire_choices":[{"data":"Zap","floor":6,"key":"SMITH"},{"data":"Dualcast","floor":8,"key":"SMITH"},{"data":"Genetic Algorithm","floor":13,"key":"SMITH"},{"data":"Static Discharge","floor":15,"key":"SMITH"},{"floor":23,"key":"REST"},{"data":"Buffer","floor":30,"key":"SMITH"},{"data":"Turbo","floor":32,"key":"SMITH"}],"circlet_count":0,"master_deck":["AscendersBane","Defend_B","Defend_B","Defend_B","Zap+1","Dualcast+1","Self Repair","Cold Snap","Static Discharge+1","Conserve Battery","Chill","Genetic Algorithm+1","Electrodynamics","Buffer+1","Electrodynamics+1","Coolheaded+1","Turbo+1","Lockon+1","Reboot","Go for the Eyes","Doom and Gloom","Hologram"],"relics":["Cracked Core","Nunchaku","Matryoshka","Astrolabe","Red Mask","Calipers","Omamori","Pear","Bronze Scales","Lantern","Meat on the Bone","Bag of Marbles","TungstenRod","Mummified Hand"],"acts_visited":["Exordium","TheCity"],"potions_floor_usage":[7,16,16,21],"damage_taken":[{"damage":1,"enemies":"2 Louse","floor":1,"turns":3},{"damage":0,"enemies":"Cultist","floor":2,"turns":4},{"damage":5,"enemies":"Small Slimes","floor":4,"turns":4},{"damage":12,"enemies":"Looter","floor":5,"turns":4},{"damage":33,"enemies":"Gremlin Nob","floor":7,"turns":4},{"damage":14,"enemies":"3 Louse","floor":10,"turns":4},{"damage":6,"enemies":"Blue Slaver","floor":11,"turns":4},{"damage":13,"enemies":"Exordium Thugs","floor":14,"turns":4},{"damage":41,"enemies":"Slime Boss","floor":16,"turns":9},{"damage":13,"enemies":"2 Thieves","floor":18,"turns":3},{"damage":15,"enemies":"Shell Parasite","floor":19,"turns":6},{"damage":30,"enemies":"Masked Bandits","floor":21,"turns":3},{"damage":19,"enemies":"Book of Stabbing","floor":24,"turns":3},{"damage":11,"enemies":"3 Cultists","floor":29,"turns":4},{"damage":0,"enemies":"Colosseum Slavers","floor":31,"turns":2},{"damage":18,"enemies":"Colosseum Nobs","floor":31,"turns":4},{"damage":78,"enemies":"Collector","floor":33,"turns":8}],"seed_played":"-3589659498372661285","potions_obtained":[{"floor":2,"key":"SneckoOil"},{"floor":3,"key":"Regen Potion"},{"floor":7,"key":"Explosive Potion"},{"floor":11,"key":"DuplicationPotion"},{"floor":18,"key":"AttackPotion"},{"floor":24,"key":"SpeedPotion"},{"floor":31,"key":"SteroidPotion"}],"is_trial":false,"path_per_floor":["M","M","?","M","M","R","E","R","T","M","M","$","R","M","R","B",null,"M","M","?","?","?","R","E","T","T","$","?","M","R","?","R","B"],"character_chosen":"DEFECT","items_purchased":["Doom and Gloom","Meat on the Bone"],"campfire_rested":1,"item_purchase_floors":[27,27],"current_hp_per_floor":[70,71,71,71,66,66,40,40,40,33,34,34,34,28,28,9,56,43,35,35,12,12,33,21,31,31,31,31,39,39,52,52,0,0],"gold":139,"neow_bonus":"TRANSFORM_CARD","is_daily":false,"chose_seed":false,"campfire_upgraded":6,"win_rate":0.0,"timestamp":1613713117,"path_taken":["M","M","?","M","M","R","E","R","T","M","M","$","R","M","R","BOSS","M","M","?","?","?","R","E","?","T","$","?","?","R","?","R","BOSS"],"items_purchased_type":["Card","Relic"],"build_version":"2020-12-22","purchased_purges":2,"victory":false,"max_hp_per_floor":[71,71,71,71,71,71,71,71,71,71,71,71,71,71,71,71,71,71,71,71,71,71,71,71,81,81,81,81,81,81,81,81,81,81],"card_choices":[{"not_picked":["Leap","Gash"],"picked":"Cold Snap","floor":1},{"not_picked":["Lockon","Leap","Coolheaded"],"picked":"SKIP","floor":2},{"not_picked":["Chaos","Gash"],"picked":"Static Discharge","floor":4},{"not_picked":["Steam Power","Hologram"],"picked":"Conserve Battery","floor":5},{"not_picked":["Barrage","Stack"],"picked":"Chill","floor":7},{"not_picked":["Conserve Battery","Cold Snap"],"picked":"Genetic Algorithm","floor":10},{"not_picked":["Ball Lightning","Steam"],"picked":"Electrodynamics","floor":11},{"not_picked":["Conserve Battery","Leap","Rebound"],"picked":"SKIP","floor":14},{"not_picked":["All For One","Electrodynamics"],"picked":"Buffer","floor":16},{"not_picked":["Conserve Battery","Double Energy"],"picked":"Turbo","floor":18},{"not_picked":["Compile Driver","Leap"],"picked":"Lockon+1","floor":19},{"not_picked":["Sweeping Beam","Go for the Eyes"],"picked":"Reboot","floor":21},{"not_picked":["Hologram","Storm"],"picked":"Go for the Eyes","floor":24},{"not_picked":["Streamline","Leap"],"picked":"Hologram","floor":29}],"player_experience":852441,"relics_obtained":[{"floor":7,"key":"Nunchaku"},{"floor":9,"key":"Matryoshka"},{"floor":21,"key":"Red Mask"},{"floor":24,"key":"Calipers"},{"floor":25,"key":"Omamori"},{"floor":25,"key":"Pear"},{"floor":26,"key":"Bronze Scales"},{"floor":26,"key":"Lantern"},{"floor":31,"key":"TungstenRod"},{"floor":31,"key":"Mummified Hand"}],"event_choices":[{"damage_healed":0,"gold_gain":0,"player_choice":"Got Potions","damage_taken":0,"max_hp_gain":0,"max_hp_loss":0,"event_name":"Lab","floor":3,"gold_loss":0},{"damage_healed":0,"gold_gain":50,"player_choice":"Stole From Cult","damage_taken":0,"max_hp_gain":0,"max_hp_loss":0,"event_name":"Nest","floor":20,"gold_loss":0},{"damage_healed":0,"gold_gain":0,"player_choice":"Fought Bandits","damage_taken":0,"max_hp_gain":0,"max_hp_loss":0,"event_name":"Masked Bandits","floor":21,"gold_loss":0},{"damage_healed":0,"gold_gain":0,"player_choice":"Ignored","damage_taken":0,"max_hp_gain":0,"max_hp_loss":0,"event_name":"The Mausoleum","floor":22,"gold_loss":0},{"damage_healed":0,"gold_gain":0,"player_choice":"Stole Relic","damage_taken":0,"relics_obtained":["Bag of Marbles"],"max_hp_gain":0,"max_hp_loss":0,"event_name":"Addict","floor":28,"gold_loss":0,"cards_obtained":["Shame"]},{"damage_healed":0,"gold_gain":0,"player_choice":"Fight","damage_taken":0,"max_hp_gain":0,"max_hp_loss":0,"event_name":"Colosseum","floor":31,"gold_loss":0},{"damage_healed":0,"gold_gain":0,"player_choice":"Fought Nobs","damage_taken":0,"max_hp_gain":0,"max_hp_loss":0,"event_name":"Colosseum","floor":31,"gold_loss":0}],"is_beta":false,"boss_relics":[{"not_picked":["Tiny House","Pandora\u0027s Box"],"picked":"Astrolabe"}],"items_purged_floors":[12,27],"is_endless":false,"potions_floor_spawned":[2,7,11,18,24,31],"killed_by":"Collector","ascension_level":20}}