{"host":"iovigr651ajk16h5","time":1613702077,"event":{"mods":["2.2 Compatiblity","AchievementEnabler","Aspiration","BaseMod","Better Altar","Better Match","Better Note","Better Sensory Stone","Better Skull","Better Third Choice","Block Reminder","CapriCore","Colored Map","Ekko","Energized Spire","GifTheSpireLib","GungeonMod","Halation","Hermit","Highlight Path","Hubris","Infinite Spire","Koishi","Luminous","Marisa????????","Minty Spire (QoL Compilation)","Nova Terra(??·??)","Onozuka Komachi Mod","Permanent Neow","Prisma Mod","Quick Restart","Railgun Mod","Remilia??????","Replay The Spire","StSLib","Stuff the Spire","Td1madao Mod","The Administrix","The Bladedancer","The Bug Knight","The Construct","The Exalted","The Immortal","The Marked","The Problem Sleuth","The Servant 0.9.4","TheFirefly","TheSwordswoman","Trackpad","Waifu the Spire","WarShipGirlsR/????R mod","everything is the same but u backflip on backflip"],"gold_per_floor":[117,134,33,33,33,65,80,80,80,80,98,125,125,125,125,226,226,212,212,41,41,41,41,41,41],"floor_reached":23,"language":"ENG","playtime":1019,"items_purged":["MokouMod:Strike","MokouMod:Strike"],"score":195,"play_id":"c3ff44ce-deb3-4ff2-9727-5b20ead150b5","local_time":"20210218213437","is_ascension_mode":false,"campfire_choices":[{"floor":8,"key":"REST"},{"floor":10,"key":"REST"},{"floor":13,"key":"REST"},{"floor":15,"key":"REST"}],"circlet_count":0,"master_deck":["MokouMod:Strike","MokouMod:Strike","MokouMod:Defend","MokouMod:Defend","MokouMod:Defend","MokouMod:Defend","MokouMod:HeatSpark+1","MokouMod:ProfanedFlare","MokouMod:FlareStarter","MokouMod:IndiscriminateIgnition","MokouMod:Sear","MokouMod:HeartofFire","MokouMod:Ember","MokouMod:BlazingComet","MokouMod:ResonanceReactor","MokouMod:PhoenixForm","MokouMod:Firecracker+1","MokouMod:IgnitionBlast"],"relics":["MokouMod:PhoenixFeather","hubris:EvacipatedBox","aspiration:SeaSaltIceCream","aspiration:Nostalgia","PrismaMod:PrismaSapphire","Singing Bowl","halation:PinkSoulGem","Painkiller Herb"],"acts_visited":["Exordium","TheCity"],"potions_floor_usage":[18],"damage_taken":[{"damage":5,"enemies":"Cultist","floor":1,"turns":4},{"damage":0,"enemies":"Small Slimes","floor":2,"turns":5},{"damage":43,"enemies":"Lagavulin","floor":6,"turns":7},{"damage":1,"enemies":"Jaw Worm","floor":7,"turns":3},{"damage":12,"enemies":"Gremlin Gang","floor":11,"turns":5},{"damage":34,"enemies":"Gremlin Nob","floor":12,"turns":4},{"damage":31,"enemies":"The Guardian","floor":16,"turns":11},{"damage":14,"enemies":"2 Thieves","floor":18,"turns":4},{"damage":26,"enemies":"Replay:Snechameleon","floor":23,"turns":5}],"seed_played":"4178463370283199040","potions_obtained":[{"floor":11,"key":"Elixir"},{"floor":16,"key":"SkillPotion"},{"floor":18,"key":"Fire Potion"}],"is_trial":false,"path_per_floor":["M","M","$","?","$","E","M","R","T","R","M","E","R","?","R","B",null,"?","?","T","?","?","E"],"character_chosen":"MKU","items_purchased":["MokouMod:Sear","hubris:EvacipatedBox","MokouMod:IgnitionBlast"],"campfire_rested":4,"item_purchase_floors":[3,5,20],"current_hp_per_floor":[70,70,70,70,51,8,7,29,29,51,39,5,27,27,49,18,75,61,61,61,61,61,35,35,35],"gold":41,"neow_bonus":"ONE_RANDOM_RARE_CARD","is_daily":false,"chose_seed":false,"campfire_upgraded":0,"win_rate":0.0,"timestamp":1613702077,"path_taken":["M","M","$","?","?","E","M","R","T","R","?","E","R","?","R","BOSS","?","?","T","?","?","E"],"items_purchased_type":["Card","Relic","Card"],"build_version":"2020-12-22","purchased_purges":2,"victory":false,"max_hp_per_floor":[75,75,75,75,75,75,75,75,75,75,75,75,75,75,75,75,75,75,75,75,75,75,75,75,75],"card_choices":[{"not_picked":["MokouMod:Combust","MokouMod:Cataclysm"],"picked":"MokouMod:FlareStarter","floor":1},{"not_picked":["MokouMod:HeatFactory","MokouMod:TemporalFireSeal"],"picked":"MokouMod:IndiscriminateIgnition","floor":2},{"not_picked":["MokouMod:FlickeringFlame","MokouMod:SearingBlow"],"picked":"MokouMod:HeartofFire","floor":6},{"not_picked":["MokouMod:FujiyamaVolcano","MokouMod:Overheat"],"picked":"MokouMod:Ember","floor":7},{"not_picked":["MokouMod:FujiyamaVolcano","MokouMod:EternalBurstReactor"],"picked":"MokouMod:BlazingComet","floor":11},{"not_picked":["MokouMod:CrimsonArmoury","MokouMod:FujiyamaVolcano"],"picked":"MokouMod:ResonanceReactor","floor":12},{"not_picked":["MokouMod:Extinguish","MokouMod:SearingBlow"],"picked":"MokouMod:PhoenixForm","floor":16},{"not_picked":["MokouMod:Sear","MokouMod:ScorchedEarth"],"picked":"MokouMod:Firecracker+1","floor":18}],"player_experience":387152,"relics_obtained":[{"floor":6,"key":"aspiration:SeaSaltIceCream"},{"floor":12,"key":"Singing Bowl"}],"event_choices":[{"damage_healed":0,"gold_gain":0,"player_choice":"Forge","damage_taken":0,"max_hp_gain":0,"max_hp_loss":0,"event_name":"Accursed Blacksmith","floor":4,"gold_loss":0,"cards_upgraded":["MokouMod:HeatSpark"]},{"damage_healed":0,"gold_gain":0,"player_choice":"Ignored","damage_taken":0,"max_hp_gain":0,"max_hp_loss":0,"event_name":"betterNote:BetterNote","floor":19,"gold_loss":0,"cards_obtained":["MaximisePower"]},{"damage_healed":0,"gold_gain":0,"player_choice":"Ignored","damage_taken":0,"max_hp_gain":0,"max_hp_loss":0,"event_name":"Cursed Tome","floor":21,"gold_loss":0},{"cards_removed":["MokouMod:Strike"],"damage_healed":0,"gold_gain":0,"player_choice":"Elegance","damage_taken":0,"max_hp_gain":0,"max_hp_loss":0,"event_name":"betterThird:BetterWriting","floor":22,"gold_loss":0}],"is_beta":false,"boss_relics":[{"not_picked":["aspiration:RunicSpoon","ReplayTheSpireMod:SealedPack","halation:SmartPhone"],"picked":"Painkiller Herb"}],"items_purged_floors":[3,20],"is_endless":false,"potions_floor_spawned":[11,16,18],"killed_by":"Replay:Snechameleon","ascension_level":0}}