{"host":"j61pjxqytd94o6ng","time":1613707150,"event":{"mods":["BaseMod","Bestiary","Colored Map","Colored Powertips","Curses Come First","Minty Spire (QoL Compilation)","StSLib"],"gold_per_floor":[119,269,28,43,43,43,71,71,71,105,132,152,175,201,201,281,281,301,310,332,59,86,120,144,144,169,188,223,250,267,267,267],"floor_reached":31,"language":"ENG","playtime":1539,"items_purged":["Doubt","Strike_G"],"score":535,"play_id":"9e18186f-ec2d-4d28-9fa9-70bd3b49a579","local_time":"20210218205910","is_ascension_mode":true,"campfire_choices":[{"data":"Dash","floor":6.0,"key":"SMITH"},{"data":"Blade Dance","floor":8.0,"key":"SMITH"},{"data":"Prepared","floor":15.0,"key":"SMITH"},{"data":"Prepared","floor":25.0,"key":"SMITH"}],"circlet_count":0,"master_deck":["AscendersBane","Strike_G","Strike_G","Strike_G","Strike_G","Defend_G","Defend_G","Defend_G","Defend_G","Defend_G","Survivor","Neutralize","Dash+1","Blade Dance+1","After Image","Acrobatics","Prepared+1","Night Terror","Escape Plan","Infinite Blades","Terror","Venomology","Finisher","After Image","Cloak And Dagger","Cloak And Dagger+1","Footwork","Prepared+1","Outmaneuver+1","Blade Dance","Ghostly","Ghostly","Ghostly"],"relics":["Ring of the Snake","Bag of Preparation","White Beast Statue","Snake Skull","CeramicFish","WristBlade","Toy Ornithopter","Boot","Tiny Chest","Akabeko"],"acts_visited":["Exordium","TheCity"],"potions_floor_usage":[27,28,28,30,31,31],"damage_taken":[{"damage":1.0,"enemies":"Small Slimes","floor":1.0,"turns":4.0},{"damage":0.0,"enemies":"2 Louse","floor":4.0,"turns":3.0},{"damage":23.0,"enemies":"Gremlin Nob","floor":7.0,"turns":5.0},{"damage":3.0,"enemies":"Lagavulin","floor":10.0,"turns":7.0},{"damage":0.0,"enemies":"Cultist","floor":11.0,"turns":3.0},{"damage":0.0,"enemies":"2 Fungi Beasts","floor":12.0,"turns":4.0},{"damage":3.0,"enemies":"Exordium Thugs","floor":13.0,"turns":5.0},{"damage":2.0,"enemies":"Blue Slaver","floor":14.0,"turns":4.0},{"damage":21.0,"enemies":"The Guardian","floor":16.0,"turns":12.0},{"damage":25.0,"enemies":"Chosen","floor":18.0,"turns":4.0},{"damage":3.0,"enemies":"3 Byrds","floor":20.0,"turns":5.0},{"damage":6.0,"enemies":"Cultist and Chosen","floor":22.0,"turns":5.0},{"damage":19.0,"enemies":"Slavers","floor":23.0,"turns":10.0},{"damage":6.0,"enemies":"Centurion and Healer","floor":24.0,"turns":6.0},{"damage":16,"enemies":"Snake Plant","floor":27,"turns":5},{"damage":9,"enemies":"Book of Stabbing","floor":28,"turns":7},{"damage":0,"enemies":"Shelled Parasite and Fungi","floor":30,"turns":3},{"damage":48,"enemies":"Gremlin Leader","floor":31,"turns":4}],"seed_played":"6600137672854196421","potions_obtained":[{"floor":4.0,"key":"BlessingOfTheForge"},{"floor":7.0,"key":"Poison Potion"},{"floor":10.0,"key":"Poison Potion"},{"floor":13.0,"key":"Fruit Juice"},{"floor":14.0,"key":"Fruit Juice"},{"floor":16.0,"key":"DistilledChaos"},{"floor":18.0,"key":"GamblersBrew"},{"floor":20.0,"key":"Block Potion"},{"floor":22.0,"key":"Dexterity Potion"},{"floor":23.0,"key":"SkillPotion"},{"floor":24.0,"key":"SkillPotion"},{"floor":28,"key":"LiquidMemories"},{"floor":30,"key":"LiquidBronze"}],"is_trial":false,"path_per_floor":["M","?","$","M","?","R","E","R","T","E","M","M","M","M","R","B",null,"M","?","M","$","M","E","M","R","T","M","E","?","M","E"],"character_chosen":"THE_SILENT","items_purchased":["Bag of Preparation","Toy Ornithopter"],"campfire_rested":0,"item_purchase_floors":[3,21],"current_hp_per_floor":[64,64,64,64,64,64,41,41,41,38,38,38,35,38,38,22,67,42,42,39,39,53,44,43,43,43,32,33,33,38,0,0],"gold":267,"neow_bonus":"TEN_PERCENT_HP_BONUS","is_daily":false,"chose_seed":false,"campfire_upgraded":4,"win_rate":0.0,"timestamp":1613707150,"path_taken":["M","?","$","M","?","R","E","R","T","E","?","M","M","M","R","BOSS","M","?","M","?","M","E","M","R","T","M","E","?","M","E"],"items_purchased_type":["Relic","Relic"],"build_version":"2020-12-22","purchased_purges":2,"victory":false,"max_hp_per_floor":[72,72,72,72,72,72,72,72,72,72,72,72,72,77,77,82,82,82,82,82,82,82,82,82,82,82,82,82,41,41,41,41],"card_choices":[{"not_picked":["Backflip","PiercingWail"],"picked":"Dash","floor":1.0},{"not_picked":["Dagger Throw","Dagger Spray"],"picked":"Blade Dance","floor":4.0},{"not_picked":["Dagger Spray","Poisoned Stab"],"picked":"Acrobatics","floor":7.0},{"not_picked":["Skewer","Caltrops"],"picked":"Prepared","floor":10.0},{"not_picked":["Outmaneuver","PiercingWail"],"picked":"Night Terror","floor":11.0},{"not_picked":["Dash","Dagger Spray"],"picked":"Escape Plan","floor":12.0},{"not_picked":["Heel Hook","Tactician"],"picked":"Infinite Blades","floor":13.0},{"not_picked":["Riddle With Holes","Dagger Throw"],"picked":"Terror","floor":14.0},{"not_picked":["Doppelganger","Storm of Steel"],"picked":"Venomology","floor":16.0},{"not_picked":["Sucker Punch","All Out Attack"],"picked":"Finisher","floor":18.0},{"not_picked":["Slice","Deadly Poison"],"picked":"Cloak And Dagger","floor":20.0},{"not_picked":["Bouncing Flask","Dagger Throw"],"picked":"Cloak And Dagger+1","floor":22.0},{"not_picked":["Prepared","Outmaneuver"],"picked":"Footwork","floor":23.0},{"not_picked":["Dagger Spray","PiercingWail"],"picked":"Prepared","floor":24.0},{"not_picked":["Slice","Backflip"],"picked":"Outmaneuver+1","floor":27},{"not_picked":["Unload","Outmaneuver"],"picked":"Blade Dance","floor":28},{"not_picked":["Poisoned Stab","Dodge and Roll","Outmaneuver"],"picked":"SKIP","floor":30}],"player_experience":542663,"relics_obtained":[{"floor":7.0,"key":"White Beast Statue"},{"floor":9.0,"key":"Snake Skull"},{"floor":10.0,"key":"CeramicFish"},{"floor":23.0,"key":"Boot"},{"floor":26.0,"key":"Tiny Chest"},{"floor":28,"key":"Akabeko"}],"event_choices":[{"damage_healed":0.0,"max_hp_gain":0.0,"max_hp_loss":0.0,"gold_gain":150.0,"event_name":"Liars Game","player_choice":"AGREE","floor":2.0,"gold_loss":0.0,"damage_taken":0.0,"cards_obtained":["Doubt"]},{"damage_healed":0.0,"max_hp_gain":0.0,"max_hp_loss":0.0,"gold_gain":0.0,"event_name":"Match and Keep!","player_choice":"1 cards matched","floor":5.0,"gold_loss":0.0,"damage_taken":0.0,"cards_obtained":["After Image"]},{"damage_healed":0.0,"max_hp_gain":0.0,"max_hp_loss":0.0,"gold_gain":0.0,"event_name":"Match and Keep!","player_choice":"1 cards matched","floor":19.0,"gold_loss":0.0,"damage_taken":0.0,"cards_obtained":["After Image"]},{"damage_healed":0,"gold_gain":0,"player_choice":"Became a Ghost","damage_taken":0,"max_hp_gain":0,"max_hp_loss":41,"event_name":"Ghosts","floor":29,"gold_loss":0,"cards_obtained":["Ghostly","Ghostly","Ghostly"]}],"is_beta":false,"boss_relics":[{"not_picked":["SacredBark","Cursed Key"],"picked":"WristBlade"}],"items_purged_floors":[3,21],"is_endless":false,"potions_floor_spawned":[4,7,10,11,12,13,14,16,18,20,22,23,24,27,28,30],"killed_by":"Gremlin Leader","ascension_level":17}}