{"host":"21daswlctsv3qaxk","time":1613775563,"event":{"mods":["BaseMod","Downfall","Minty Spire (QoL Compilation)","Replay The Spire","StSLib","The Cursed","The Servant 0.9.4"],"gold_per_floor":[123,151,163,192,204,248,260,272,284,314,326,358,403,118,118,219,219,229,18,33,33,51,76,76,88,88,25,37,37,37,47,47,145,145,156,166,182,182,193,193,224,235,235,235,264,264,264,281,281,281,281,281,56,56,56],"floor_reached":54,"language":"ENG","playtime":4338,"items_purged":["Regret","downfall:Haunted","downfall:Haunted","Strike_R"],"score":961,"play_id":"e26a3546-8adf-4215-9c7c-b93de4a0b71f","local_time":"20210219235923","is_ascension_mode":true,"campfire_choices":[{"floor":7,"key":"RECALL"},{"data":"Inflame","floor":15,"key":"SMITH"},{"floor":24,"key":"REST"},{"data":"Limit Break","floor":32,"key":"SMITH"},{"floor":44,"key":"REST"},{"data":"Barricade","floor":47,"key":"SMITH"},{"floor":49,"key":"REST"},{"data":"Pummel","floor":52,"key":"SMITH"}],"circlet_count":0,"master_deck":["Strike_R","Strike_R","Strike_R","Strike_R","Defend_R","Defend_R","Defend_R","Defend_R","Bash","Cleave","Sword Boomerang","Combust","Sword Boomerang","Feed","Inflame","Inflame+1","Barricade+1","Metallicize","Second Wind+1","Pummel+1","Rage+1","Limit Break+1","Inflame+1","Juggernaut","Replay:Undeath\u0027s Touch","Heavy Blade+1","Sword Boomerang+1","Whirlwind","Pot Of Greed","Pot Of Greed","Pot Of Greed"],"relics":["Burning Blood","MawBank","Darkstone Periapt","Ring of Peace","Ring of Panic","Bottled Tornado","Onion Ring","Nunchaku","Membership Card","Tiny Chest","Ooze Armor","Pantograph","Replay:Mystery Machine","Iron Hammer","InkBottle","Snecko Eye","HornCleat","Singing Bowl","Quantum Egg","Replay:Baseball","Grinning Jar"],"acts_visited":["Exordium","TheCity","TheBeyond","TheEnding"],"potions_floor_usage":[13,22,22,23,37,41,48,50,54],"damage_taken":[{"damage":10,"enemies":"Small Slimes","floor":1,"turns":3},{"damage":1,"enemies":"2 Louse","floor":2,"turns":2},{"damage":4,"enemies":"Jaw Worm","floor":4,"turns":4},{"damage":40,"enemies":"Gremlin Nob","floor":6,"turns":5},{"damage":4,"enemies":"Looter","floor":10,"turns":3},{"damage":1,"enemies":"Exordium Wildlife","floor":12,"turns":2},{"damage":15,"enemies":"Replay:BlueRogue","floor":13,"turns":4},{"damage":13,"enemies":"Slime Boss","floor":16,"turns":7},{"damage":21,"enemies":"Shell Parasite","floor":18,"turns":7},{"damage":26,"enemies":"2 Thieves","floor":20,"turns":5},{"damage":16,"enemies":"Centurion and Healer","floor":22,"turns":4},{"damage":26,"enemies":"Book of Stabbing","floor":23,"turns":4},{"damage":9,"enemies":"Snake Plant","floor":25,"turns":5},{"damage":6,"enemies":"Cultist and Chosen","floor":28,"turns":5},{"damage":16,"enemies":"Sentry and Sphere","floor":31,"turns":4},{"damage":25,"enemies":"Champ","floor":33,"turns":6},{"damage":21,"enemies":"3 Darklings","floor":35,"turns":4},{"damage":14,"enemies":"Orb Walker","floor":36,"turns":2},{"damage":14,"enemies":"Sphere and 2 Shapes","floor":37,"turns":3},{"damage":2,"enemies":"Writhing Mass","floor":39,"turns":2},{"damage":25,"enemies":"Reptomancer","floor":41,"turns":5},{"damage":2,"enemies":"Maw","floor":42,"turns":4},{"damage":40,"enemies":"Giant Head","floor":45,"turns":7},{"damage":4,"enemies":"Transient","floor":48,"turns":5},{"damage":49,"enemies":"Donu and Deca","floor":50,"turns":5},{"damage":142,"enemies":"Shield and Spear","floor":54,"turns":5}],"seed_played":"-5265708729095375002","potions_obtained":[{"floor":6,"key":"Strength Potion"},{"floor":10,"key":"Adrenaline Potion"},{"floor":13,"key":"Weak Potion"},{"floor":18,"key":"sneckomod:MuddlingPotion"},{"floor":21,"key":"CultistPotion"},{"floor":21,"key":"CultistPotion"},{"floor":25,"key":"BloodPotion"},{"floor":28,"key":"SmokeBomb"},{"floor":31,"key":"Explosive Potion"},{"floor":33,"key":"CultistPotion"},{"floor":41,"key":"HeartOfIron"},{"floor":42,"key":"SteroidPotion"},{"floor":48,"key":"LiquidMemories"}],"is_trial":false,"path_per_floor":["M","M","?","M","?","E","R","$","T","M","?","M","E","$","R","B",null,"M","$","M","?","M","E","R","M","T","$","M","T","?","M","R","B",null,"M","M","M","?","M","?","E","M","T","R","E","T","R","M","R","B",null,"R","$","E"],"character_chosen":"IRONCLAD","items_purchased":["Membership Card","Tiny Chest","Inflame","Metallicize","Pantograph","Replay:Baseball","Grinning Jar"],"campfire_rested":3,"item_purchase_floors":[14,14,14,19,19,53,53],"current_hp_per_floor":[76,80,92,92,92,58,58,58,58,60,66,71,62,62,62,55,87,75,75,55,55,48,31,63,63,63,63,66,66,66,56,56,62,100,85,80,75,75,79,79,60,64,64,99,70,70,70,72,109,81,113,113,113,0,0],"gold":56,"neow_bonus":"RANDOM_COMMON_RELIC","is_daily":false,"chose_seed":false,"campfire_upgraded":4,"win_rate":0.0,"timestamp":1613775563,"path_taken":["M","M","?","M","?","E","R","$","T","?","?","M","E","?","R","BOSS","M","$","M","?","M","E","R","M","T","?","?","?","?","M","R","BOSS","M","M","M","?","M","?","E","M","T","R","E","?","R","M","R","BOSS","R","$","E"],"items_purchased_type":["Relic","Relic","Card","Card","Relic","Relic","Relic"],"build_version":"2020-12-22","purchased_purges":4,"victory":false,"max_hp_per_floor":[80,80,92,92,92,92,92,92,92,92,98,98,98,98,98,98,98,101,101,101,101,104,107,107,110,110,110,113,113,113,113,113,113,113,113,116,119,119,119,119,119,119,119,119,124,124,124,124,124,124,124,124,124,124,124],"card_choices":[{"not_picked":["Clothesline","Clash"],"picked":"Cleave","floor":1},{"not_picked":["Shrug It Off","Warcry"],"picked":"Sword Boomerang","floor":2},{"not_picked":["Pommel Strike","Headbutt"],"picked":"Combust","floor":4},{"not_picked":["Dropkick","Clothesline"],"picked":"Sword Boomerang","floor":6},{"not_picked":["Warcry","Bloodletting","Disarm"],"picked":"SKIP","floor":10},{"not_picked":["Perfected Strike","Shrug It Off"],"picked":"Feed","floor":12},{"not_picked":["Uppercut","Defy Death"],"picked":"Inflame","floor":13},{"not_picked":["Juggernaut","Replay:Many Hands"],"picked":"Barricade","floor":16},{"not_picked":["Power Through","Armaments+1","Pommel Strike"],"picked":"SKIP","floor":18},{"not_picked":["Body Slam","Pommel Strike"],"picked":"Second Wind+1","floor":20},{"not_picked":["Rampage+1","ReplayTheSpireMod:Strike From Hell"],"picked":"Pummel","floor":22},{"not_picked":["Dark Embrace","ReplayTheSpireMod:Strike From Hell"],"picked":"Rage+1","floor":23},{"not_picked":["Iron Wave","Clothesline+1","Feel No Pain"],"picked":"SKIP","floor":25},{"not_picked":["Warcry+1","Anger"],"picked":"Limit Break","floor":28},{"not_picked":["Warcry","Havoc"],"picked":"Inflame+1","floor":31},{"not_picked":["Berserk","Immolate"],"picked":"Juggernaut","floor":33},{"not_picked":["Reckless Charge+1","Second Wind"],"picked":"Replay:Undeath\u0027s Touch","floor":35},{"not_picked":["Rupture","Fire Breathing"],"picked":"Heavy Blade+1","floor":36},{"not_picked":["Abandon","Feel No Pain+1","ReplayTheSpireMod:LeadingStrike+1"],"picked":"SKIP","floor":37},{"not_picked":["Perfected Strike+1","Wild Strike","Shrug It Off"],"picked":"SKIP","floor":39},{"not_picked":["Feed","Fire Breathing+1","Power Through+1"],"picked":"SKIP","floor":41},{"not_picked":["Anger","True Grit"],"picked":"Sword Boomerang+1","floor":42},{"not_picked":["Dark Embrace","Bludgeon","Cleave+1"],"picked":"Singing Bowl","floor":45},{"not_picked":["Cleave","Flex"],"picked":"Whirlwind","floor":48}],"player_experience":221852,"relics_obtained":[{"floor":5,"key":"Ring of Peace"},{"floor":5,"key":"Ring of Panic"},{"floor":6,"key":"Bottled Tornado"},{"floor":13,"key":"Nunchaku"},{"floor":23,"key":"Replay:Mystery Machine"},{"floor":26,"key":"Iron Hammer"},{"floor":29,"key":"InkBottle"},{"floor":41,"key":"HornCleat"},{"floor":45,"key":"Singing Bowl"},{"floor":46,"key":"Quantum Egg"}],"event_choices":[{"damage_healed":0,"gold_gain":0,"player_choice":"Box","damage_taken":0,"relics_obtained":["Onion Ring"],"max_hp_gain":0,"max_hp_loss":0,"event_name":"Big Fish","floor":11,"gold_loss":0,"cards_obtained":["Regret"]},{"damage_healed":0,"gold_gain":0,"player_choice":"Got Potions","damage_taken":0,"max_hp_gain":0,"max_hp_loss":0,"event_name":"Lab","floor":21,"gold_loss":0},{"damage_healed":0,"gold_gain":0,"player_choice":"Ignored","damage_taken":0,"max_hp_gain":0,"max_hp_loss":0,"event_name":"Tomb of Lord Red Mask","floor":38,"gold_loss":0},{"damage_healed":0,"gold_gain":0,"player_choice":"0 cards matched","damage_taken":0,"max_hp_gain":0,"max_hp_loss":0,"event_name":"Match and Keep!","floor":40,"gold_loss":0,"cards_obtained":[]}],"is_beta":false,"boss_relics":[{"not_picked":["Sozu","ChewingGum"],"picked":"Ooze Armor"},{"not_picked":["Replay:Wanted Poster","Electric Blood"],"picked":"Snecko Eye"}],"items_purged_floors":[14,19,27,53],"is_endless":false,"potions_floor_spawned":[6,10,13,18,25,28,31,33,41,42,48],"killed_by":"Shield and Spear","ascension_level":5}}