{"host":"dr01x95rw3kaiuk5","time":1613754499,"event":{"mods":["ATMod(°¢èªMod)","Act Like it!","Arknights","BaseMod","Colored Powertips","Conspire","Energized Spire","Friendly Minions","Gensokyo","GifTheSpireLib","Minty Spire (QoL Compilation)","MostiFishMod","Reliquary","Remilia£¨ÀÙÃ×ÀòÑÇ£©","Replay The Spire","Shop Mod","Spicy Shops","StSLib","TestMod","UnlockEverythingMod","[IsaacMod]ÒÔÈö¼âËþ","¡¾ÒÅÎï¿¨ÅÆ¡¿REMEMod"],"gold_per_floor":[18,18,18,38,48,48,83,99,148,148,163,188,188,220,220,294,294,294,294],"floor_reached":18,"language":"ZHS","playtime":776,"items_purged":["Strike_B"],"score":610,"play_id":"69a5e766-8713-4531-aa37-e7ba6c00d883","local_time":"20210220010819","is_ascension_mode":true,"campfire_choices":[{"data":"Gash","floor":6,"key":"SMITH"},{"data":"AT_ShrugMaster","floor":10,"key":"SMITH"},{"data":"ReplayGash","floor":13,"key":"SMITH"},{"data":"Hologram","floor":15,"key":"SMITH"}],"circlet_count":0,"master_deck":["AscendersBane","Strike_B","Strike_B","Strike_B","Defend_B","Defend_B","Defend_B","Defend_B","Zap","Dualcast","AT_ShrugMaster+1","Go for the Eyes","Strike_B","Gash+1","All For One","ReplayGash+1","Hologram+1","Gash"],"relics":["Cracked Core","testmod-TestBox","HushsDoor","AT_ATBox","DaveBox","REME_ComplimentaryCards","ShadowXiaoBlade","D6","testmod-ObsoleteBoomerang","reliquary:OuijaBoard","SynthV:TestCard","Happy Flower","Gremlin Horn","Replay:Antivirus Software","Meat on the Bone","testmod-TurbochargingSystem","reliquary:Craggleroot"],"acts_visited":["Exordium","TheCity"],"potions_floor_usage":[11,12],"damage_taken":[{"damage":9,"enemies":"Small Slimes","floor":1,"turns":2},{"damage":7,"enemies":"Jaw Worm","floor":4,"turns":2},{"damage":0,"enemies":"Cultist","floor":5,"turns":2},{"damage":0,"enemies":"Lagavulin","floor":7,"turns":4},{"damage":0,"enemies":"Looter","floor":8,"turns":2},{"damage":5,"enemies":"3 Louse","floor":11,"turns":2},{"damage":0,"enemies":"Gremlin Nob","floor":12,"turns":2},{"damage":0,"enemies":"3 Sentries","floor":14,"turns":1},{"damage":0,"enemies":"Slime Boss","floor":16,"turns":3},{"damage":1,"enemies":"Chosen","floor":18,"turns":3}],"seed_played":"7350485037442154866","potions_obtained":[{"floor":5,"key":"Strength Potion"},{"floor":8,"key":"Fire Potion"},{"floor":14,"key":"SteroidPotion"}],"is_trial":false,"path_per_floor":["M","?","?","M","M","R","E","M","T","R","M","E","R","E","R","B",null,"M"],"character_chosen":"DEFECT","items_purchased":[],"campfire_rested":0,"item_purchase_floors":[],"current_hp_per_floor":[55,55,40,33,33,33,33,33,33,33,28,28,28,40,40,40,60,59,59],"gold":294,"neow_bonus":"ONE_RARE_RELIC","is_daily":false,"chose_seed":false,"campfire_upgraded":4,"win_rate":0.0,"timestamp":1613754499,"path_taken":["M","?","?","M","M","R","E","M","T","R","M","E","R","E","R","BOSS","M"],"items_purchased_type":[],"build_version":"2020-12-22","purchased_purges":1,"victory":false,"max_hp_per_floor":[71,71,71,71,71,71,71,71,71,71,71,71,71,71,71,71,66,66,66],"card_choices":[{"not_picked":["Turbo","Time Bomb"],"picked":"Go for the Eyes","floor":1},{"not_picked":["Leap","Fusion","Go for the Eyes","BasicCrystalCard"],"picked":"Gash","floor":4},{"not_picked":["Static Discharge","BasicCrystalCard","AT_WarpDrive","Go for the Eyes"],"picked":"Bomb","floor":5},{"not_picked":["Force Field","Conserve Battery","Barrage","Blizzard","Stack"],"picked":"SKIP","floor":7},{"not_picked":["REME_SelfUpgrade","ReplayTheSpireMod:System Scan","Stack","ReplaySort"],"picked":"All For One","floor":8},{"not_picked":["Recycle","Panic Button","AT_EMC2","BasicCrystalCard"],"picked":"ReplayGash","floor":11},{"not_picked":["Cancel","Coolheaded","Go for the Eyes","MostiFishMod:SeaWaves"],"picked":"Hologram","floor":12},{"not_picked":["conspire:Rain","Distribution","Hello World","Leap"],"picked":"Gash","floor":14}],"player_experience":227574,"relics_obtained":[{"floor":1,"key":"SynthV:TestCard"},{"floor":7,"key":"Gremlin Horn"},{"floor":9,"key":"Replay:Antivirus Software"},{"floor":12,"key":"Meat on the Bone"},{"floor":14,"key":"testmod-TurbochargingSystem"}],"event_choices":[],"is_beta":false,"boss_relics":[{"not_picked":["Replay:Drink Me","GuanYuAspect"],"picked":"reliquary:Craggleroot"},{"not_picked":[]}],"items_purged_floors":[17],"is_endless":false,"potions_floor_spawned":[5,8,14],"killed_by":"Chosen","ascension_level":20}}