{"host":"clf2hd4adhiiw0zf","time":1613696965,"event":{"mods":["AchievementEnabler","BaseMod","Beaked The Cultist","Bestiary","Dark Map","Downfall","Gremlin Mod","Hermit","Jorbs\u0027s Wanderer Trilogy","Marisa????????","Minty Spire (QoL Compilation)","Quick Restart","Shop Mod","Spire Arcade","StSLib","The Construct","The Cursed","Wide Potions"],"gold_per_floor":[99,119,132,232,13,13,13,40,40,65,83,103,3,22,32,131,131,131,147,157,157,157,157,157,157],"floor_reached":23,"language":"ENG","playtime":1009,"items_purged":[],"score":241,"play_id":"b4e68ac3-c077-4e9d-8866-758757721726","local_time":"20210218180925","is_ascension_mode":true,"campfire_choices":[{"data":"Mayhem","floor":1.0,"key":"SMITH"},{"floor":9.0,"key":"DIG"},{"floor":13.0,"key":"DIG"},{"floor":18.0,"key":"RECALL"}],"circlet_count":0,"master_deck":["bronze:Strike","bronze:Strike","bronze:Defend","bronze:Defend","bronze:Defend","bronze:Replicate","bronze:Goto","Mayhem+1","bronze:Boost","bronze:Allocate","bronze:ItsAFeature","bronze:Shield","bronze:Verify","bronze:Fortify","bronze:Turbo","bronze:Fortify","bronze:HardenedForm","bronze:BurnOut","bronze:OilSpill","bronze:WildBeam","bronze:OilSpill","bronze:ForLoop","bronze:Virus"],"relics":["bronze:BronzeCore","Shovel","TungstenRod","Slimebound:StickyStick","Matryoshka","downfall:HeartBlessingGreen","Dream Catcher","Black Star"],"acts_visited":["Exordium","TheCity"],"potions_floor_usage":[23],"damage_taken":[{"damage":3.0,"enemies":"Jaw Worm","floor":2.0,"turns":4.0},{"damage":0.0,"enemies":"Cultist","floor":3.0,"turns":3.0},{"damage":0.0,"enemies":"downfall:FleeingMerchant","floor":5.0,"turns":4.0},{"damage":1.0,"enemies":"Lagavulin","floor":8.0,"turns":6.0},{"damage":16.0,"enemies":"3 Sentries","floor":10.0,"turns":8.0},{"damage":2.0,"enemies":"2 Louse","floor":11.0,"turns":5.0},{"damage":10.0,"enemies":"Exordium Thugs","floor":12.0,"turns":6.0},{"damage":0.0,"enemies":"2 Fungi Beasts","floor":14.0,"turns":2.0},{"damage":4.0,"enemies":"Gremlin Gang","floor":15.0,"turns":6.0},{"damage":24.0,"enemies":"DF_ARCHETYPE_STREAMLINE","floor":16.0,"turns":9.0},{"damage":22.0,"enemies":"Shell Parasite","floor":19.0,"turns":8.0},{"damage":12.0,"enemies":"3 Byrds","floor":20.0,"turns":7.0},{"damage":31,"enemies":"Snake Plant","floor":23,"turns":4}],"seed_played":"7987347922892606259","potions_obtained":[{"floor":2.0,"key":"CultistPotion"},{"floor":3.0,"key":"construct:ShiftPotion"},{"floor":12.0,"key":"SteroidPotion"},{"floor":14.0,"key":"ColorlessPotion"},{"floor":20.0,"key":"CultistPotion"}],"is_trial":false,"path_per_floor":["R","M","M","?","$","?","T","E","R","E","M","M","R","M","M","B",null,"R","M","M","?","?","M"],"character_chosen":"THE_AUTOMATON","items_purchased":["bronze:Shield","bronze:Verify"],"campfire_rested":0,"item_purchase_floors":[5,5],"current_hp_per_floor":[63,60,60,60,60,60,60,59,59,43,41,31,31,31,27,3,63,63,41,29,29,29,0,0,0],"gold":157,"neow_bonus":"RANDOM_COLORLESS_2","is_daily":false,"chose_seed":false,"campfire_upgraded":1,"win_rate":0.0,"timestamp":1613696965,"path_taken":["R","M","M","?","?","?","T","E","R","E","M","M","R","M","M","BOSS","R","M","M","?","?","M"],"items_purchased_type":["Card","Card"],"build_version":"2020-12-22","purchased_purges":0,"victory":false,"max_hp_per_floor":[63,63,63,63,63,63,63,63,63,63,63,63,63,63,63,63,63,63,63,63,63,63,63,63,63],"card_choices":[{"not_picked":["Master of Strategy","Magnetism"],"picked":"Mayhem","floor":0.0},{"not_picked":["bronze:Repair","bronze:BronzeArmor"],"picked":"bronze:Boost","floor":2.0},{"not_picked":["bronze:WhirlingStrike","bronze:BitShift"],"picked":"bronze:Allocate","floor":3.0},{"not_picked":["bronze:Shell","bronze:Turbo"],"picked":"bronze:ItsAFeature","floor":5.0},{"not_picked":["bronze:Overheat","bronze:DelayedSlice"],"picked":"bronze:Fortify","floor":8.0},{"not_picked":["bronze:Shield","bronze:CloningBeam"],"picked":"bronze:Turbo","floor":10.0},{"not_picked":["bronze:Overheat","bronze:Branch"],"picked":"bronze:Fortify","floor":11.0},{"not_picked":["bronze:DelayedSlice","bronze:WildBeam"],"picked":"bronze:HardenedForm","floor":12.0},{"not_picked":["bronze:ClassDefault","bronze:ForLoop","bronze:Separator"],"picked":"SKIP","floor":14.0},{"not_picked":["bronze:Separator","bronze:Turbo","bronze:ClassDefault"],"picked":"SKIP","floor":15.0},{"not_picked":["bronze:Break","bronze:RecursiveStrike"],"picked":"bronze:BurnOut","floor":16.0},{"not_picked":["bronze:Fortify+1","bronze:Separator+1"],"picked":"bronze:OilSpill","floor":19.0},{"not_picked":["bronze:Branch","bronze:DelayedGuard"],"picked":"bronze:WildBeam","floor":20.0}],"player_experience":355664,"relics_obtained":[{"floor":7.0,"key":"Shovel"},{"floor":8.0,"key":"TungstenRod"},{"floor":9.0,"key":"Slimebound:StickyStick"},{"floor":10.0,"key":"Matryoshka"},{"floor":13.0,"key":"Dream Catcher"}],"event_choices":[{"damage_healed":0.0,"max_hp_gain":0.0,"max_hp_loss":0.0,"gold_gain":0.0,"cards_transformed":["bronze:Defend","bronze:Strike"],"event_name":"Drug Dealer","player_choice":"Became Test Subject","floor":21.0,"gold_loss":0.0,"damage_taken":0.0,"cards_obtained":["bronze:OilSpill","bronze:ForLoop"]}],"is_beta":false,"boss_relics":[{"not_picked":["bronze:ElectromagneticCoil","Velvet Choker"],"picked":"Black Star"}],"items_purged_floors":[],"is_endless":false,"potions_floor_spawned":[2,3,12,14,15,20],"killed_by":"Snake Plant","ascension_level":4}}