{"host":"z609fbm6pkeriks8","time":1613705657,"event":{"mods":["AchievementEnabler","BaseMod","Colored Map","Colored Powertips","Highlight Path","Minty Spire (QoL Compilation)","StSLib"],"gold_per_floor":[116,129,60,79,79,107,107,107,107,121,135,135,150,160,160,160,160],"floor_reached":16,"language":"ZHS","playtime":530,"items_purged":[],"score":151,"play_id":"9d93f284-d16e-466d-9722-8624c116c818","local_time":"20210219113417","is_ascension_mode":true,"campfire_choices":[{"data":"Body Slam","floor":7,"key":"SMITH"},{"floor":15,"key":"REST"}],"circlet_count":0,"master_deck":["Strike_R","Strike_R","Strike_R","Strike_R","Strike_R","Defend_R","Defend_R","Defend_R","Defend_R","Bash","Body Slam+1","Thunderclap","Rupture","Sentinel","Inflame","Armaments","Metallicize","Parasite","Twin Strike"],"relics":["Runic Cube","Mummified Hand","Orichalcum"],"acts_visited":["Exordium"],"potions_floor_usage":[6,11,14],"damage_taken":[{"damage":0,"enemies":"2 Louse","floor":1,"turns":4},{"damage":6,"enemies":"Cultist","floor":2,"turns":5},{"damage":23,"enemies":"Jaw Worm","floor":4,"turns":4},{"damage":49,"enemies":"Gremlin Nob","floor":6,"turns":6},{"damage":0,"enemies":"Exordium Wildlife","floor":10,"turns":3},{"damage":0,"enemies":"Blue Slaver","floor":11,"turns":6},{"damage":0,"enemies":"Large Slime","floor":13,"turns":9},{"damage":29,"enemies":"Gremlin Gang","floor":14,"turns":6},{"damage":39,"enemies":"The Guardian","floor":16,"turns":5}],"seed_played":"6383107545752281818","potions_obtained":[{"floor":1,"key":"HeartOfIron"},{"floor":10,"key":"EssenceOfSteel"},{"floor":11,"key":"Block Potion"}],"is_trial":false,"path_per_floor":["M","M","$","M","?","E","R","?","T","M","M","?","M","M","R","B"],"character_chosen":"IRONCLAD","items_purchased":["Rupture"],"campfire_rested":1,"item_purchase_floors":[3],"current_hp_per_floor":[72,66,66,43,69,20,20,20,20,20,20,40,40,11,35,0,0],"gold":160,"neow_bonus":"BOSS_RELIC","is_daily":false,"chose_seed":false,"campfire_upgraded":1,"win_rate":0.0,"timestamp":1613705657,"path_taken":["M","M","$","M","?","E","R","?","T","M","M","?","M","M","R","BOSS"],"items_purchased_type":["Card"],"build_version":"2020-12-22","purchased_purges":0,"victory":false,"max_hp_per_floor":[80,80,80,80,80,80,80,80,80,80,80,80,80,80,80,80,80],"card_choices":[{"not_picked":["Burning Pact","Armaments"],"picked":"Body Slam","floor":1},{"not_picked":["Burning Pact","Carnage"],"picked":"Thunderclap","floor":2},{"not_picked":["Infernal Blade","Cleave"],"picked":"Sentinel","floor":4},{"not_picked":["Dark Embrace","Body Slam"],"picked":"Inflame","floor":6},{"not_picked":["Thunderclap","Cleave"],"picked":"Armaments","floor":10},{"not_picked":["Anger","Dark Embrace"],"picked":"Metallicize","floor":11},{"not_picked":["Clothesline","Infernal Blade"],"picked":"Twin Strike","floor":13},{"not_picked":["Sentinel","Havoc","Blood for Blood"],"picked":"SKIP","floor":14}],"player_experience":124731,"relics_obtained":[{"floor":6,"key":"Mummified Hand"},{"floor":9,"key":"Orichalcum"}],"event_choices":[{"damage_healed":26,"gold_gain":0,"player_choice":"Banana","damage_taken":0,"max_hp_gain":0,"max_hp_loss":0,"event_name":"Big Fish","floor":5,"gold_loss":0},{"damage_healed":0,"gold_gain":0,"player_choice":"Ignored","damage_taken":0,"max_hp_gain":0,"max_hp_loss":0,"event_name":"Golden Wing","floor":8,"gold_loss":0},{"damage_healed":20,"gold_gain":0,"player_choice":"Healed and dodged fight","damage_taken":0,"max_hp_gain":0,"max_hp_loss":0,"event_name":"Mushrooms","floor":12,"gold_loss":0,"cards_obtained":["Parasite"]}],"is_beta":false,"boss_relics":[],"items_purged_floors":[],"is_endless":false,"potions_floor_spawned":[1,10,11],"killed_by":"The Guardian","ascension_level":9}}