{"host":"lv3zv4svf9qrs9uo","time":1613768197,"event":{"mods":["AchievementEnabler","BaseMod","Minty Spire (QoL Compilation)","Relic Stats"],"gold_per_floor":[362,41,52,52,66,103,103,103,103,3,3,26,51,95,95,95,95],"floor_reached":16,"language":"ENG","playtime":1326,"items_purged":["Defend_G","Strike_G"],"score":165,"play_id":"4e1f0a6a-0b63-47e0-a8f8-50ceb2d10aea","local_time":"20210219125637","is_ascension_mode":true,"campfire_choices":[{"floor":8,"key":"REST"},{"data":"Footwork","floor":11,"key":"SMITH"},{"data":"Poisoned Stab","floor":15,"key":"SMITH"}],"circlet_count":0,"master_deck":["AscendersBane","Strike_G","Strike_G","Strike_G","Strike_G","Defend_G","Defend_G","Defend_G","Defend_G","Survivor","Neutralize","Quick Slash","Well Laid Plans","Poisoned Stab+1","Footwork+1","Adrenaline","Deflect","Dagger Spray","Doppelganger"],"relics":["Ring of the Snake","Oddly Smooth Stone","The Specimen","CeramicFish","Golden Idol","Ice Cream","Nunchaku"],"acts_visited":["Exordium"],"potions_floor_usage":[12,13],"damage_taken":[{"damage":1,"enemies":"Cultist","floor":1,"turns":4},{"damage":8,"enemies":"Small Slimes","floor":3,"turns":3},{"damage":0,"enemies":"Jaw Worm","floor":5,"turns":5},{"damage":5,"enemies":"Lagavulin","floor":6,"turns":10},{"damage":16,"enemies":"Lots of Slimes","floor":12,"turns":6},{"damage":2,"enemies":"Looter","floor":13,"turns":4},{"damage":18,"enemies":"Gremlin Nob","floor":14,"turns":5},{"damage":34,"enemies":"Hexaghost","floor":16,"turns":12}],"seed_played":"-8929195638029925639","potions_obtained":[{"floor":1,"key":"ColorlessPotion"},{"floor":6,"key":"Energy Potion"},{"floor":12,"key":"Regen Potion"},{"floor":13,"key":"FairyPotion"}],"is_trial":false,"path_per_floor":["M","$","M","?","M","E","?","R","T","$","R","M","M","E","R","B"],"character_chosen":"THE_SILENT","items_purchased":["Oddly Smooth Stone","Well Laid Plans","Poisoned Stab"],"campfire_rested":1,"item_purchase_floors":[2,2,2],"current_hp_per_floor":[62,62,54,36,36,31,16,34,34,34,34,18,28,10,10,0,0],"gold":95,"neow_bonus":"TWO_FIFTY_GOLD","is_daily":false,"chose_seed":false,"campfire_upgraded":2,"win_rate":0.0,"timestamp":1613768197,"path_taken":["M","$","?","?","M","E","?","R","T","$","R","M","M","E","R","BOSS"],"items_purchased_type":["Relic","Card","Card"],"build_version":"2020-12-22","purchased_purges":2,"victory":false,"max_hp_per_floor":[63,63,63,63,63,63,63,63,63,63,63,63,63,63,63,63,63],"relic_stats":{"Nunchaku":[3],"counters":[8,49],"Golden Idol":13,"CeramicFish":36,"obtain_stats":[{"Ice Cream":9,"Nunchaku":14,"The Specimen":4,"Golden Idol":7,"CeramicFish":6,"Oddly Smooth Stone":2,"Ring of the Snake":0},{"Ice Cream":4,"Nunchaku":7,"The Specimen":2,"Golden Idol":4,"CeramicFish":4,"Oddly Smooth Stone":1,"Ring of the Snake":0},{"Ice Cream":22,"Nunchaku":37,"The Specimen":7,"Golden Idol":22,"CeramicFish":22,"Oddly Smooth Stone":4,"Ring of the Snake":0}],"Ring of the Snake":[16]},"card_choices":[{"not_picked":["Calculated Gamble","Slice"],"picked":"Quick Slash","floor":1},{"not_picked":["Deadly Poison","Dodge and Roll"],"picked":"Footwork","floor":3},{"not_picked":["Prepared","Quick Slash","Underhanded Strike"],"picked":"SKIP","floor":5},{"not_picked":["Tactician","Deadly Poison"],"picked":"Adrenaline","floor":6},{"not_picked":["Reflex","Slice"],"picked":"Deflect","floor":12},{"not_picked":["Acrobatics","Backstab"],"picked":"Dagger Spray","floor":13},{"not_picked":["Calculated Gamble","Flechettes"],"picked":"Doppelganger","floor":14}],"player_experience":655802,"relics_obtained":[{"floor":6,"key":"CeramicFish"},{"floor":9,"key":"Ice Cream"},{"floor":14,"key":"Nunchaku"}],"event_choices":[{"damage_healed":0,"gold_gain":0,"player_choice":"Success","damage_taken":18,"relics_obtained":["The Specimen"],"max_hp_gain":0,"max_hp_loss":0,"event_name":"Scrap Ooze","floor":4,"gold_loss":0},{"damage_healed":0,"gold_gain":0,"player_choice":"Take Damage","damage_taken":15,"relics_obtained":["Golden Idol"],"max_hp_gain":0,"max_hp_loss":0,"event_name":"Golden Idol","floor":7,"gold_loss":0}],"is_beta":false,"boss_relics":[],"items_purged_floors":[2,10],"is_endless":false,"potions_floor_spawned":[1,6,12,13],"killed_by":"Hexaghost","ascension_level":10}}