{"host":"oehe2dxjvdgux73m","time":1613741506,"event":{"mods":["AchievementEnabler","BaseMod","Colored Map","Colored Powertips","DeckTracker","Keyboard Shortcuts","Minty Spire (QoL Compilation)","Permanent Neow","Quick Restart","StSLib","SuperFastMode"],"gold_per_floor":[109,120,120,139,158,158,202,235,235,235,282,282,291,136,136,136,136],"floor_reached":16,"language":"KOR","playtime":432,"items_purged":["Strike_G"],"score":220,"play_id":"5813a77f-d478-4af6-b54d-e8e99f5dc467","local_time":"20210219223146","is_ascension_mode":true,"campfire_choices":[{"data":"Bouncing Flask","floor":6.0,"key":"SMITH"},{"data":"Tactician","floor":10.0,"key":"SMITH"},{"floor":12.0,"key":"REST"},{"data":"Prepared","floor":15.0,"key":"SMITH"}],"circlet_count":0,"master_deck":["AscendersBane","Strike_G","Strike_G","Strike_G","Strike_G","Defend_G","Defend_G","Defend_G","Defend_G","Defend_G","Survivor","Neutralize","Blade Dance","Prepared+1","Bouncing Flask+1","Tactician+1","Dagger Spray","Cloak And Dagger","Venomology","Grand Finale"],"relics":["Ring of the Snake","Pen Nib","Golden Idol","CeramicFish","Mango","Kunai"],"acts_visited":["Exordium"],"potions_floor_usage":[16,16],"damage_taken":[{"damage":2.0,"enemies":"Jaw Worm","floor":1.0,"turns":5.0},{"damage":2.0,"enemies":"Small Slimes","floor":2.0,"turns":4.0},{"damage":0.0,"enemies":"Cultist","floor":4.0,"turns":3.0},{"damage":19.0,"enemies":"Large Slime","floor":5.0,"turns":7.0},{"damage":19.0,"enemies":"3 Sentries","floor":7.0,"turns":10.0},{"damage":3.0,"enemies":"3 Louse","floor":8.0,"turns":5.0},{"damage":15.0,"enemies":"Lagavulin","floor":11.0,"turns":6.0},{"damage":39,"enemies":"Hexaghost","floor":16,"turns":9}],"seed_played":"-167782897109012250","potions_obtained":[{"floor":2.0,"key":"EssenceOfSteel"},{"floor":7.0,"key":"Strength Potion"},{"floor":11.0,"key":"DuplicationPotion"}],"is_trial":false,"path_per_floor":["M","M","?","M","M","R","E","M","T","R","E","R","?","$","R","B"],"character_chosen":"THE_SILENT","items_purchased":["Grand Finale"],"campfire_rested":1,"item_purchase_floors":[14],"current_hp_per_floor":[57,55,55,55,36,36,17,14,28,28,13,35,35,35,35,0,0],"gold":136,"neow_bonus":"RANDOM_COMMON_RELIC","is_daily":false,"chose_seed":false,"campfire_upgraded":3,"win_rate":0.0,"timestamp":1613741506,"path_taken":["M","M","?","M","M","R","E","M","T","R","E","R","?","$","R","BOSS"],"items_purchased_type":["Card"],"build_version":"2020-12-22","purchased_purges":1,"victory":false,"max_hp_per_floor":[66,66,60,60,60,60,60,60,74,74,74,74,74,74,74,74,74],"card_choices":[{"not_picked":["Outmaneuver","Endless Agony"],"picked":"Blade Dance","floor":1.0},{"not_picked":["Riddle With Holes","Deflect"],"picked":"Prepared","floor":2.0},{"not_picked":["Quick Slash","Sucker Punch"],"picked":"Bouncing Flask","floor":4.0},{"not_picked":["Prepared","Bane","Poisoned Stab"],"picked":"SKIP","floor":5.0},{"not_picked":["Crippling Poison","Acrobatics"],"picked":"Tactician","floor":7.0},{"not_picked":["Outmaneuver","Deflect"],"picked":"Dagger Spray","floor":8.0},{"not_picked":["Dagger Spray","Choke"],"picked":"Cloak And Dagger","floor":11.0}],"player_experience":480503,"relics_obtained":[{"floor":7.0,"key":"CeramicFish"},{"floor":9.0,"key":"Mango"},{"floor":11.0,"key":"Kunai"}],"event_choices":[{"damage_healed":0.0,"max_hp_gain":0.0,"max_hp_loss":6.0,"gold_gain":0.0,"event_name":"Golden Idol","player_choice":"Lose Max HP","floor":3.0,"gold_loss":0.0,"damage_taken":0.0,"relics_obtained":["Golden Idol"]},{"damage_healed":0.0,"max_hp_gain":0.0,"max_hp_loss":0.0,"gold_gain":0.0,"event_name":"Match and Keep!","player_choice":"1 cards matched","floor":13.0,"gold_loss":0.0,"damage_taken":0.0,"cards_obtained":["Venomology"]}],"is_beta":false,"boss_relics":[],"items_purged_floors":[14],"is_endless":false,"potions_floor_spawned":[2,7,11],"killed_by":"Hexaghost","ascension_level":20}}