{"host":"mithrandi","time":1613766080,"event":{"mods":["BaseMod","Colored Map","Highlight Path","Minty Spire (QoL Compilation)","SuperFastMode"],"gold_per_floor":[112,37,37,50,100,128,128,161,161,195,195,225,225,250,262,345,357,387,414,446,471,483,524,536,548,560,572,598,621,667,690,702,787,849,880,911,971,1002,592,592,619,619,664,693,693,693,693,10,10,10,10,10,10,10,39,39,39],"floor_reached":56,"language":"ENG","playtime":2480,"items_purged":["Defend_R","Defend_R"],"score":2158,"play_id":"fe81dd55-d07f-4db4-a999-a050048d2851","local_time":"20210219222120","is_ascension_mode":true,"campfire_choices":[{"data":"Perfected Strike","floor":7.0,"key":"SMITH"},{"data":"Dropkick","floor":13.0,"key":"SMITH"},{"data":"Flame Barrier","floor":15.0,"key":"SMITH"},{"data":"Demon Form","floor":25.0,"key":"SMITH"},{"data":"Perfected Strike","floor":32.0,"key":"SMITH"},{"data":"Flame Barrier","floor":40.0,"key":"SMITH"},{"floor":42.0,"key":"RECALL"},{"data":"Offering","floor":47.0,"key":"SMITH"},{"data":"Flame Barrier","floor":49.0,"key":"SMITH"},{"data":"Shrug It Off","floor":53.0,"key":"SMITH"}],"circlet_count":0,"master_deck":["AscendersBane","Strike_R","Strike_R","Strike_R","Strike_R","Strike_R","Defend_R","Bash+1","Perfected Strike+1","Dropkick+1","Pommel Strike","Pommel Strike","Flame Barrier+1","Demon Form+1","Shrug It Off+1","Perfected Strike+1","Twin Strike+1","Reaper","Shrug It Off","Perfected Strike+1","Offering+1","Flame Barrier+1","Shockwave","Shrug It Off","Flame Barrier+1","Shrug It Off"],"relics":["Burning Blood","NeowsBlessing","Anchor","Strawberry","Bag of Marbles","Mummified Hand","StoneCalendar","Kunai","MawBank","Snecko Eye","Bag of Preparation","Vajra","TungstenRod","Toy Ornithopter","Tiny House","Unceasing Top","Shuriken","Pen Nib","CeramicFish","Ice Cream","Pantograph","Akabeko"],"acts_visited":["Exordium","TheCity","TheBeyond","TheEnding"],"potions_floor_usage":[],"damage_taken":[{"damage":0.0,"enemies":"Small Slimes","floor":1.0,"turns":1.0},{"damage":0.0,"enemies":"Jaw Worm","floor":4.0,"turns":1.0},{"damage":0.0,"enemies":"Lagavulin","floor":6.0,"turns":1.0},{"damage":8.0,"enemies":"Gremlin Nob","floor":8.0,"turns":3.0},{"damage":22.0,"enemies":"Lagavulin","floor":10.0,"turns":4.0},{"damage":8.0,"enemies":"Gremlin Nob","floor":12.0,"turns":3.0},{"damage":20.0,"enemies":"3 Sentries","floor":14.0,"turns":5.0},{"damage":26.0,"enemies":"Slime Boss","floor":16.0,"turns":7.0},{"damage":18.0,"enemies":"Spheric Guardian","floor":18.0,"turns":4.0},{"damage":14.0,"enemies":"Shell Parasite","floor":19.0,"turns":3.0},{"damage":15.0,"enemies":"Chosen and Byrds","floor":20.0,"turns":7.0},{"damage":0.0,"enemies":"Centurion and Healer","floor":21.0,"turns":3.0},{"damage":0.0,"enemies":"Slavers","floor":23.0,"turns":2.0},{"damage":0.0,"enemies":"3 Cultists","floor":28.0,"turns":3.0},{"damage":18.0,"enemies":"Sentry and Sphere","floor":29.0,"turns":4.0},{"damage":0.0,"enemies":"Gremlin Leader","floor":30.0,"turns":3.0},{"damage":0.0,"enemies":"Snecko","floor":31.0,"turns":1.0},{"damage":9.0,"enemies":"Collector","floor":33.0,"turns":5.0},{"damage":0.0,"enemies":"Orb Walker","floor":35.0,"turns":1.0},{"damage":7.0,"enemies":"3 Shapes","floor":36.0,"turns":7.0},{"damage":35.0,"enemies":"2 Orb Walkers","floor":37.0,"turns":4.0},{"damage":21.0,"enemies":"Spire Growth","floor":38.0,"turns":3.0},{"damage":0.0,"enemies":"Reptomancer","floor":41.0,"turns":2.0},{"damage":18.0,"enemies":"Nemesis","floor":44.0,"turns":3.0},{"damage":17.0,"enemies":"Time Eater","floor":50.0,"turns":8.0},{"damage":54.0,"enemies":"Donu and Deca","floor":51.0,"turns":8.0},{"damage":62,"enemies":"Shield and Spear","floor":55,"turns":6},{"damage":86,"enemies":"The Heart","floor":56,"turns":5}],"seed_played":"-2366133635491630606","potions_obtained":[{"floor":6.0,"key":"FearPotion"},{"floor":8.0,"key":"ColorlessPotion"},{"floor":16.0,"key":"PowerPotion"},{"floor":18.0,"key":"Dexterity Potion"},{"floor":30.0,"key":"Dexterity Potion"},{"floor":31.0,"key":"SteroidPotion"},{"floor":34.0,"key":"ElixirPotion"},{"floor":36.0,"key":"DuplicationPotion"},{"floor":38.0,"key":"Block Potion"},{"floor":41.0,"key":"Fire Potion"}],"is_trial":false,"path_per_floor":["M","$","?","M","T","E","R","E","T","E","?","E","R","E","R","B",null,"M","M","M","M","?","E","T","R","T","?","M","M","E","M","R","B",null,"M","M","?","M","$","R","E","R","T","E","?","?","R","$","R","B","B",null,"R","$","E","B"],"character_chosen":"IRONCLAD","items_purchased":["Shuriken","Shrug It Off","Flame Barrier","Ice Cream","Pantograph","Shrug It Off"],"campfire_rested":0,"item_purchase_floors":[39,39,48,48,48,48],"current_hp_per_floor":[74,74,74,75,75,82,82,80,80,64,64,62,62,48,48,28,69,57,49,40,46,46,52,52,52,52,57,79,70,82,82,82,82,87,87,86,68,65,65,65,87,87,87,75,75,66,66,66,66,87,66,82,82,82,26,0,0],"gold":39,"neow_bonus":"THREE_ENEMY_KILL","is_daily":false,"chose_seed":false,"campfire_upgraded":9,"win_rate":0.0,"timestamp":1613766080,"path_taken":["M","$","?","M","?","E","R","E","T","E","?","E","R","E","R","BOSS","M","M","?","M","?","E","?","R","T","?","M","?","E","M","R","BOSS","M","M","?","M","$","R","E","R","T","E","?","?","R","$","R","BOSS","BOSS","R","$","E","BOSS"],"items_purchased_type":["Relic","Card","Card","Relic","Relic","Card"],"build_version":"2020-12-18","purchased_purges":2,"victory":false,"max_hp_per_floor":[75,75,75,75,75,82,82,82,82,82,82,82,82,82,82,82,82,82,82,82,82,82,82,82,82,82,82,82,82,82,82,82,82,87,87,87,87,87,87,87,87,87,87,87,87,87,87,87,87,87,87,87,87,87,87,87,87],"card_choices":[{"not_picked":["Warcry","Flex"],"picked":"Perfected Strike","floor":1.0},{"not_picked":["Dark Embrace","Infernal Blade"],"picked":"Dropkick","floor":4.0},{"not_picked":["Carnage","True Grit"],"picked":"Pommel Strike","floor":6.0},{"not_picked":["Havoc","Iron Wave"],"picked":"Clash","floor":8.0},{"not_picked":["Double Tap","Warcry","Cleave"],"picked":"SKIP","floor":10.0},{"not_picked":["Brutality","Headbutt"],"picked":"Pommel Strike","floor":12.0},{"not_picked":["Clash","Seeing Red"],"picked":"Flame Barrier","floor":14.0},{"not_picked":["Offering","Juggernaut"],"picked":"Demon Form","floor":16.0},{"not_picked":["Warcry","Metallicize"],"picked":"Shrug It Off","floor":18.0},{"not_picked":["Second Wind","Sever Soul"],"picked":"Perfected Strike+1","floor":19.0},{"not_picked":["Iron Wave","Havoc","Second Wind"],"picked":"SKIP","floor":20.0},{"not_picked":["Perfected Strike","Cleave"],"picked":"Twin Strike","floor":21.0},{"not_picked":["Clothesline+1","Uppercut"],"picked":"Reaper","floor":23.0},{"not_picked":["Havoc","Whirlwind","True Grit"],"picked":"SKIP","floor":28.0},{"not_picked":["Warcry","Intimidate","Thunderclap"],"picked":"SKIP","floor":29.0},{"not_picked":["Armaments","Sword Boomerang"],"picked":"Shrug It Off","floor":30.0},{"not_picked":["Feel No Pain","Armaments"],"picked":"Perfected Strike","floor":31.0},{"not_picked":["Double Tap","Corruption"],"picked":"Offering","floor":33.0},{"not_picked":["Power Through","Second Wind","Cleave+1"],"picked":"SKIP","floor":35.0},{"not_picked":["True Grit","Combust"],"picked":"Flame Barrier","floor":36.0},{"not_picked":["Headbutt","Clothesline"],"picked":"Shockwave","floor":37.0},{"not_picked":["Ghostly Armor+1","Headbutt","Clothesline"],"picked":"SKIP","floor":38.0},{"not_picked":["Feel No Pain","Bloodletting","Burning Pact+1"],"picked":"SKIP","floor":41.0},{"not_picked":["Havoc","Cleave+1","Infernal Blade"],"picked":"SKIP","floor":44.0},{"not_picked":["Bludgeon","Clash","Perfected Strike"],"picked":"SKIP","floor":55}],"player_experience":3013295,"relics_obtained":[{"floor":5.0,"key":"Anchor"},{"floor":6.0,"key":"Strawberry"},{"floor":8.0,"key":"Bag of Marbles"},{"floor":9.0,"key":"Mummified Hand"},{"floor":10.0,"key":"StoneCalendar"},{"floor":12.0,"key":"Kunai"},{"floor":14.0,"key":"MawBank"},{"floor":23.0,"key":"Bag of Preparation"},{"floor":24.0,"key":"Vajra"},{"floor":26.0,"key":"TungstenRod"},{"floor":30.0,"key":"Toy Ornithopter"},{"floor":37.0,"key":"Unceasing Top"},{"floor":41.0,"key":"Pen Nib"},{"floor":44.0,"key":"CeramicFish"},{"floor":55,"key":"Akabeko"}],"event_choices":[{"cards_removed":["Defend_R"],"damage_healed":0.0,"max_hp_gain":0.0,"max_hp_loss":0.0,"gold_gain":0.0,"event_name":"Living Wall","player_choice":"Forget","floor":3.0,"gold_loss":0.0,"damage_taken":0.0},{"damage_healed":0.0,"max_hp_gain":0.0,"max_hp_loss":0.0,"gold_gain":0.0,"event_name":"Accursed Blacksmith","player_choice":"Forge","floor":11.0,"gold_loss":0.0,"damage_taken":0.0,"cards_upgraded":["Bash"]},{"damage_healed":0.0,"max_hp_gain":0.0,"max_hp_loss":0.0,"gold_gain":0.0,"event_name":"Vampires","player_choice":"Ignored","floor":22.0,"gold_loss":0.0,"damage_taken":0.0},{"cards_removed":["Clash"],"damage_healed":5.0,"max_hp_gain":0.0,"max_hp_loss":0.0,"gold_gain":0.0,"event_name":"Bonfire Elementals","player_choice":"Offered Common","floor":27.0,"gold_loss":0.0,"damage_taken":0.0},{"cards_removed":["Clash"],"damage_healed":5.0,"max_hp_gain":0.0,"max_hp_loss":0.0,"gold_gain":0.0,"event_name":"Bonfire Elementals","player_choice":"Offered Special","floor":27.0,"gold_loss":0.0,"damage_taken":0.0},{"damage_healed":0.0,"max_hp_gain":0.0,"max_hp_loss":0.0,"gold_gain":0.0,"event_name":"Mysterious Sphere","player_choice":"Fight","floor":37.0,"gold_loss":0.0,"damage_taken":0.0},{"damage_healed":0.0,"max_hp_gain":0.0,"max_hp_loss":0.0,"gold_gain":0.0,"event_name":"Tomb of Lord Red Mask","player_choice":"Ignored","floor":45.0,"gold_loss":0.0,"damage_taken":0.0},{"damage_healed":0.0,"max_hp_gain":0.0,"max_hp_loss":0.0,"gold_gain":0.0,"event_name":"SensoryStone","player_choice":"Memory 3","floor":46.0,"gold_loss":0.0,"damage_taken":10.0}],"is_beta":true,"boss_relics":[{"not_picked":["Runic Cube","SacredBark"],"picked":"Snecko Eye"},{"not_picked":["Mark of Pain","Philosopher\u0027s Stone"],"picked":"Tiny House"}],"items_purged_floors":[2,39],"is_endless":false,"potions_floor_spawned":[6,8,16,18,23,30,31,36,38,41],"killed_by":"The Heart","ascension_level":20}}