{"host":"nz11ypxva4e39b7q","time":1613696545,"event":{"mods":["BaseMod","Better Third Choice","Better Vampires","Colored Map","Minty Spire (QoL Compilation)","Quick Restart","Shapeshifter Mod","StSLib"],"gold_per_floor":[116,116,116,216,230,265,288,288,315,315,349,362,382,394,394,494,494,512,285,314,314,326,326,326,353,353,353,370,395,199,234,234,336,336,355,577,527,977,995,995,1020,1032,1044,1091,1121,1133,1170,1198,1210,1222,1234,1246,605,636,636],"floor_reached":56,"language":"ENG","playtime":2815,"items_purged":["StSShapeShifter:ShapeShifter_Strike","StSShapeShifter:Rabid","Bite","Bite"],"score":1681,"play_id":"95819f47-1330-40a6-bdf2-f6b5e4bda35d","local_time":"20210219020225","is_ascension_mode":true,"campfire_choices":[{"data":"StSShapeShifter:StormGryphonForm","floor":8.0,"key":"SMITH"},{"data":"StSShapeShifter:BurstingSpore","floor":10.0,"key":"SMITH"},{"data":"StSShapeShifter:PoisonIvy","floor":15.0,"key":"SMITH"},{"data":"StSShapeShifter:VineHandcuffs","floor":23.0,"key":"SMITH"},{"data":"StSShapeShifter:RitualOfTheElders","floor":27.0,"key":"SMITH"},{"data":"Bite","floor":32.0,"key":"SMITH"},{"data":"StSShapeShifter:Spring","floor":40.0,"key":"SMITH"},{"floor":42.0,"key":"RECALL"},{"data":"StSShapeShifter:Sapling","floor":46,"key":"SMITH"},{"data":"StSShapeShifter:ShapeShifter_Defend","floor":49,"key":"SMITH"},{"data":"Bite","floor":52,"key":"SMITH"}],"circlet_count":0,"master_deck":["StSShapeShifter:ShapeShifter_Defend+1","StSShapeShifter:ShapeShifter_Defend","StSShapeShifter:ShapeShifter_Defend","StSShapeShifter:ShapeShifter_Defend+1","StSShapeShifter:StormGryphonForm+1","StSShapeShifter:PoisonIvy+1","StSShapeShifter:BurstingSpore+1","StSShapeShifter:Spring+1","StSShapeShifter:VineHandcuffs+1","Bite+1","Bite+1","StSShapeShifter:BarkSkin+1","StSShapeShifter:RitualOfTheElders+1","StSShapeShifter:Sapling+1"],"relics":["StSShapeShifter:AnimalHeart","StSShapeShifter:TheShapeShiftersMagnolia","NeowsBlessing","Akabeko","Odd Mushroom","Centennial Puzzle","Runic Pyramid","Art of War","Red Mask","Smiling Mask","Toy Ornithopter","Lantern","Gremlin Horn","Coffee Dripper","MawBank","StSShapeShifter:AlarmClock","Bag of Preparation","StSShapeShifter:DruidicMedallion","ClockworkSouvenir","Bronze Scales","Gambling Chip","Boot"],"acts_visited":["Exordium","TheCity","TheBeyond","TheEnding"],"potions_floor_usage":[55,55],"damage_taken":[{"damage":0.0,"enemies":"Small Slimes","floor":1.0,"turns":1.0},{"damage":0.0,"enemies":"2 Louse","floor":5.0,"turns":1.0},{"damage":0.0,"enemies":"Lagavulin","floor":6.0,"turns":1.0},{"damage":1.0,"enemies":"The Mushroom Lair","floor":7.0,"turns":4.0},{"damage":0.0,"enemies":"3 Sentries","floor":11.0,"turns":4.0},{"damage":0.0,"enemies":"Jaw Worm","floor":12.0,"turns":4.0},{"damage":5.0,"enemies":"3 Louse","floor":13.0,"turns":4.0},{"damage":1.0,"enemies":"Looter","floor":14.0,"turns":3.0},{"damage":15.0,"enemies":"Slime Boss","floor":16.0,"turns":7.0},{"damage":7.0,"enemies":"Chosen","floor":18.0,"turns":4.0},{"damage":24.0,"enemies":"Masked Bandits","floor":20.0,"turns":5.0},{"damage":3.0,"enemies":"2 Thieves","floor":22.0,"turns":4.0},{"damage":20.0,"enemies":"Slavers","floor":25.0,"turns":6.0},{"damage":3.0,"enemies":"Chosen and Byrds","floor":28.0,"turns":6.0},{"damage":10.0,"enemies":"Book of Stabbing","floor":29.0,"turns":7.0},{"damage":19.0,"enemies":"Gremlin Leader","floor":31.0,"turns":7.0},{"damage":17.0,"enemies":"Collector","floor":33.0,"turns":8.0},{"damage":4.0,"enemies":"Orb Walker","floor":35.0,"turns":4.0},{"damage":13.0,"enemies":"3 Darklings","floor":39.0,"turns":6.0},{"damage":22.0,"enemies":"Giant Head","floor":41.0,"turns":10.0},{"damage":34.0,"enemies":"Reptomancer","floor":44.0,"turns":7.0},{"damage":0,"enemies":"Maw","floor":45,"turns":8},{"damage":5,"enemies":"Giant Head","floor":47,"turns":8},{"damage":4,"enemies":"Jaw Worm Horde","floor":48,"turns":4},{"damage":71,"enemies":"Donu and Deca","floor":50,"turns":8},{"damage":14,"enemies":"Shield and Spear","floor":54,"turns":6},{"damage":34,"enemies":"The Heart","floor":55,"turns":11}],"seed_played":"6833600039867770377","potions_obtained":[{"floor":7.0,"key":"Dexterity Potion"},{"floor":11.0,"key":"PowerPotion"},{"floor":12.0,"key":"Weak Potion"},{"floor":25.0,"key":"Block Potion"},{"floor":33.0,"key":"DuplicationPotion"}],"is_trial":false,"path_per_floor":["M","?","?","?","M","E","?","R","T","R","E","M","M","M","R","B",null,"M","$","?","?","M","R","?","E","T","R","M","E","$","E","R","B",null,"M","?","$","?","M","R","E","R","T","E","M","R","E","M","R","B",null,"R","$","E","B",null],"character_chosen":"SHAPESHIFTER","items_purchased":["Art of War","Lantern","ClockworkSouvenir","Bronze Scales","Gambling Chip"],"campfire_rested":0,"item_purchase_floors":[19,30,53,53,53],"current_hp_per_floor":[70,63,47,40,40,40,39,39,39,39,39,41,38,39,39,26,65,60,60,38,38,49,49,49,45,45,45,59,70,70,76,76,90,90,93,93,93,47,58,58,63,63,63,58,97,97,105,108,108,59,98,98,98,105,108],"gold":636,"neow_bonus":"THREE_ENEMY_KILL","is_daily":false,"chose_seed":false,"campfire_upgraded":10,"win_rate":0.0,"timestamp":1613696545,"path_taken":["M","?","?","?","M","E","?","R","T","R","E","?","M","M","R","BOSS","M","$","?","?","M","R","?","E","T","R","M","E","$","E","R","BOSS","M","?","$","?","?","R","E","R","T","E","M","R","E","M","R","BOSS","R","$","E","BOSS"],"items_purchased_type":["Relic","Relic","Relic","Relic","Relic"],"build_version":"2020-12-22","purchased_purges":4,"victory":true,"max_hp_per_floor":[78,78,78,78,78,78,78,78,78,78,78,78,78,78,78,78,78,78,78,78,78,78,78,78,78,78,78,81,84,84,87,87,90,90,93,93,93,93,96,96,96,96,96,99,102,102,105,108,108,111,111,111,111,114,117],"card_choices":[{"not_picked":["StSShapeShifter:BladeOfGrass","StSShapeShifter:Roar"],"picked":"StSShapeShifter:Rabid","floor":1.0},{"not_picked":["StSShapeShifter:LeapingSlash","StSShapeShifter:FlowerShield"],"picked":"StSShapeShifter:PoisonIvy","floor":5.0},{"not_picked":["StSShapeShifter:RaptorForm","StSShapeShifter:PowerShifter"],"picked":"StSShapeShifter:BurstingSpore","floor":6.0},{"not_picked":["StSShapeShifter:Guard","StSShapeShifter:BarkSkin","StSShapeShifter:WaspSwarmForm"],"picked":"SKIP","floor":11.0},{"not_picked":["StSShapeShifter:RockSlide","StSShapeShifter:Rest","StSShapeShifter:SunflowerShuriken"],"picked":"SKIP","floor":12.0},{"not_picked":["StSShapeShifter:Forgiveness","StSShapeShifter:DeerForm","StSShapeShifter:AdaptiveStrikes"],"picked":"SKIP","floor":13.0},{"not_picked":["StSShapeShifter:BladeOfGrass","StSShapeShifter:SquirrelForm","StSShapeShifter:RockSlide"],"picked":"SKIP","floor":14.0},{"not_picked":["StSShapeShifter:PhoenixForm","StSShapeShifter:RitualOfTheExtinct"],"picked":"StSShapeShifter:Spring","floor":16.0},{"not_picked":["StSShapeShifter:PorcupineForm","StSShapeShifter:BearForm"],"picked":"StSShapeShifter:VineHandcuffs","floor":18.0},{"not_picked":["StSShapeShifter:BurstingSpore","StSShapeShifter:Maul"],"picked":"StSShapeShifter:BarkSkin+1","floor":22.0},{"not_picked":["StSShapeShifter:BurstOfLifeEscapeDeath","StSShapeShifter:FlowerShield"],"picked":"StSShapeShifter:RitualOfTheElders","floor":25.0},{"not_picked":["StSShapeShifter:FesteringBite","StSShapeShifter:VineHandcuffs","StSShapeShifter:DeepWound"],"picked":"SKIP","floor":28.0},{"not_picked":["StSShapeShifter:Guard","StSShapeShifter:CosmicShifter","StSShapeShifter:EmbraceTheCycle"],"picked":"SKIP","floor":29.0},{"not_picked":["StSShapeShifter:SquirrelForm+1","StSShapeShifter:BarkSkin","StSShapeShifter:MagicMushrooms"],"picked":"SKIP","floor":31.0},{"not_picked":["StSShapeShifter:Maul+1","StSShapeShifter:Rabid+1","StSShapeShifter:HummingbirdForm"],"picked":"SKIP","floor":35.0},{"not_picked":["StSShapeShifter:DeerForm+1","StSShapeShifter:Hunt","StSShapeShifter:OakBlade"],"picked":"SKIP","floor":39.0},{"not_picked":["StSShapeShifter:ShiftingStrike+1","StSShapeShifter:PoisonIvy","StSShapeShifter:Roar+1"],"picked":"SKIP","floor":41.0},{"not_picked":["StSShapeShifter:MysticalSeed","StSShapeShifter:DeerForm+1"],"picked":"StSShapeShifter:Sapling","floor":44},{"not_picked":["StSShapeShifter:Roar","StSShapeShifter:VileMushroom+1","StSShapeShifter:TopazSkin+1"],"picked":"SKIP","floor":45},{"not_picked":["StSShapeShifter:Maul+1","StSShapeShifter:ThornToss","StSShapeShifter:WiltingWrath"],"picked":"SKIP","floor":47},{"not_picked":["StSShapeShifter:ShiftingStrike","StSShapeShifter:HummingbirdForm+1","StSShapeShifter:Summon_Mountains"],"picked":"SKIP","floor":48},{"not_picked":["StSShapeShifter:ThrashAbout","StSShapeShifter:OakBlade+1","StSShapeShifter:Autumn"],"picked":"SKIP","floor":54}],"player_experience":1070108,"relics_obtained":[{"floor":6.0,"key":"Akabeko"},{"floor":7.0,"key":"Odd Mushroom"},{"floor":9.0,"key":"Centennial Puzzle"},{"floor":11.0,"key":"Blood Vial"},{"floor":20.0,"key":"Red Mask"},{"floor":25.0,"key":"Smiling Mask"},{"floor":29.0,"key":"Toy Ornithopter"},{"floor":31.0,"key":"Gremlin Horn"},{"floor":41.0,"key":"MawBank"},{"floor":43.0,"key":"StSShapeShifter:AlarmClock"},{"floor":44,"key":"Bag of Preparation"},{"floor":47,"key":"StSShapeShifter:DruidicMedallion"},{"floor":54,"key":"Boot"}],"event_choices":[{"damage_healed":63.0,"max_hp_gain":0.0,"max_hp_loss":78.0,"gold_gain":0.0,"event_name":"betterThird:BetterShining","player_choice":"Upgrade","floor":3.0,"gold_loss":0.0,"damage_taken":16.0,"cards_upgraded":["StSShapeShifter:ShapeShifter_Strike","StSShapeShifter:ShapeShifter_Defend"]},{"damage_healed":0.0,"max_hp_gain":0.0,"max_hp_loss":0.0,"gold_gain":0.0,"event_name":"Mushrooms","player_choice":"Fought Mushrooms","floor":7.0,"gold_loss":0.0,"damage_taken":0.0},{"damage_healed":0.0,"max_hp_gain":0.0,"max_hp_loss":0.0,"gold_gain":0.0,"event_name":"Masked Bandits","player_choice":"Fought Bandits","floor":20.0,"gold_loss":0.0,"damage_taken":0.0},{"damage_healed":0.0,"max_hp_gain":0.0,"max_hp_loss":0.0,"gold_gain":0.0,"event_name":"Vampires","player_choice":"Became a vampire (Vial)","floor":21.0,"relics_lost":["Blood Vial"],"gold_loss":0.0,"damage_taken":0.0,"cards_obtained":["Bite","Bite","Bite","Bite"]},{"cards_removed":["StSShapeShifter:ShapeShifter_Defend"],"damage_healed":0.0,"max_hp_gain":0.0,"max_hp_loss":0.0,"gold_gain":0.0,"event_name":"betterThird:BetterWriting","player_choice":"Elegance","floor":24.0,"gold_loss":0.0,"damage_taken":0.0},{"damage_healed":0.0,"max_hp_gain":0.0,"max_hp_loss":0.0,"gold_gain":222.0,"event_name":"Tomb of Lord Red Mask","player_choice":"Wore Mask","floor":36.0,"gold_loss":0.0,"damage_taken":0.0},{"damage_healed":0.0,"max_hp_gain":0.0,"max_hp_loss":0.0,"gold_gain":0.0,"event_name":"betterThird:BetterPortal","player_choice":"Random: Green","floor":38.0,"gold_loss":0.0,"damage_taken":0.0},{"damage_healed":0.0,"max_hp_gain":0.0,"max_hp_loss":0.0,"gold_gain":450.0,"event_name":"Knowing Skull","player_choice":"GOLD GOLD GOLD GOLD GOLD ","floor":38.0,"potions_obtained":[],"gold_loss":0.0,"damage_taken":46.0,"cards_obtained":[]}],"is_beta":false,"boss_relics":[{"not_picked":["Sozu","StSShapeShifter:LemurHeaddress"],"picked":"Runic Pyramid"},{"not_picked":["Fusion Hammer","Snecko Eye"],"picked":"Coffee Dripper"}],"items_purged_floors":[19,30,37,53],"is_endless":false,"potions_floor_spawned":[7,11,12,25,29,33,44,45,48],"ascension_level":6}}