{"host":"u21q392b5xaj11fl","time":1613699407,"event":{"mods":["2.2 Compatiblity","Bard","BaseMod","Better Note","Colored Map","Colored Powertips","Conspire","Custom Start","Downfall","Faster Ascension Climbing","GifTheSpireLib","Gremlin Skip","Highlight Path","Hubris","Infinite Spire","Mad Scientist","Marisa????????","Mimic Mod","Minty Spire (QoL Compilation)","Monster B Gone","Permanent Neow","Potionbrewer","Quick Restart","READ ME - Guardian Mod","Relic Sorter","Replay The Spire","Shop Mod","Somnambulant","StSLib","Stuff the Spire","SuperFastMode","The Construct","The Disciple","The Servant 0.9.4"],"gold_per_floor":[363,363,378,389,189,189,222,272,272,272,324,403,403,454,454,544,544,574,90,117,117,143,143,143],"floor_reached":23,"language":"ENG","playtime":1456,"items_purged":["Strike_Br"],"score":328,"play_id":"151d927b-93cb-4b9c-bbdf-a9445e8e0678","local_time":"20210218195007","is_ascension_mode":true,"campfire_choices":[{"floor":6.0,"key":"REST"},{"floor":10.0,"key":"REST"},{"data":"SlimeSpray","floor":15.0,"key":"SMITH"}],"circlet_count":0,"master_deck":["AscendersBane","Strike_Br","Strike_Br","Defend_Br","Defend_Br","Defend_Br","Defend_Br","SecondHand","PatternShift","PrimeTime","ResonantCall+1","LockedMawBank+1","Engulf","LockedUrn","ReapSow","SlimeSpray+1","Pendulum","LockedWarPaint","ReapSow","Goo+4","Chronoelasticity","AlternateTimeline"],"relics":["Chronometer","Scales?","hubris:ToyBattleship","Guardian:PocketSentry","Black Star","MerchantsRug","conspire:DeflatedDodgeball"],"acts_visited":["Exordium","TheCity"],"potions_floor_usage":[22],"damage_taken":[{"damage":3.0,"enemies":"Jaw Worm","floor":1.0,"turns":6.0},{"damage":0.0,"enemies":"2 Louse","floor":3.0,"turns":3.0},{"damage":1.0,"enemies":"Cultist","floor":4.0,"turns":4.0},{"damage":0.0,"enemies":"3 Louse","floor":7.0,"turns":2.0},{"damage":30.0,"enemies":"Gremlin Nob","floor":8.0,"turns":4.0},{"damage":13.0,"enemies":"Large Slime","floor":11.0,"turns":4.0},{"damage":13.0,"enemies":"2 Fungi Beasts","floor":14.0,"turns":3.0},{"damage":17.0,"enemies":"Hexaghost","floor":16.0,"turns":10.0},{"damage":16.0,"enemies":"3 Byrds","floor":18.0,"turns":3.0},{"damage":16.0,"enemies":"Shell Parasite","floor":20.0,"turns":5.0},{"damage":6,"enemies":"Chosen and Byrds","floor":22,"turns":7},{"damage":29,"enemies":"Slavers","floor":23,"turns":2}],"seed_played":"-465035768070014983","potions_obtained":[{"floor":1.0,"key":"Weak Potion"},{"floor":3.0,"key":"Explosive Potion"},{"floor":4.0,"key":"champ:CounterPotion"},{"floor":14.0,"key":"WardPotion"},{"floor":16.0,"key":"sneckomod:MuddlingPotion"},{"floor":20.0,"key":"Adrenaline Potion"}],"is_trial":false,"path_per_floor":["M","?","M","M","$","R","M","E","T","R","M","?","?","M","R","B",null,"M","$","M","?","M","E"],"character_chosen":"CHRONO_CLASS","items_purchased":["Engulf","Guide Book","MerchantsRug","conspire:DeflatedDodgeball","ReapSow"],"campfire_rested":2,"item_purchase_floors":[5,5,19,19,19],"current_hp_per_floor":[38,38,38,37,37,55,55,25,25,43,34,34,62,49,49,34,55,41,41,27,27,21,0,0],"gold":143,"neow_bonus":"TWO_FIFTY_GOLD","is_daily":false,"chose_seed":false,"campfire_upgraded":1,"win_rate":0.0,"timestamp":1613699407,"path_taken":["M","?","M","M","$","R","M","E","T","R","M","?","?","M","R","BOSS","M","?","M","?","M","E"],"items_purchased_type":["Card","Relic","Relic","Relic","Card"],"build_version":"2020-12-22","purchased_purges":1,"victory":false,"max_hp_per_floor":[62,62,62,62,62,62,62,62,62,62,62,62,62,62,62,62,62,62,62,62,62,62,62,62],"card_choices":[{"not_picked":["BiteCommand","AlternateTimeline"],"picked":"PrimeTime","floor":1.0},{"not_picked":["CrunchTime","LockedAnchor"],"picked":"ResonantCall","floor":3.0},{"not_picked":["FormalWear","LockedScales"],"picked":"LockedMawBank","floor":4.0},{"not_picked":["Break","Echoward"],"picked":"LockedUrn","floor":7.0},{"not_picked":["ExoVibe","TiringSlam"],"picked":"ReapSow","floor":8.0},{"not_picked":["Parity","ReapSow"],"picked":"LockedWarPaint","floor":11.0},{"not_picked":["Recurrance","Echoward"],"picked":"SlimeSpray","floor":14.0},{"not_picked":["RageCommand","Chronoelasticity"],"picked":"Pendulum","floor":16.0},{"not_picked":["Accruing","LockedOrichalcum"],"picked":"LockedWarPaint","floor":18.0},{"not_picked":["TiringSlam","Engulf"],"picked":"Goo+1","floor":20.0},{"not_picked":["WakeUpCall","Tempo"],"picked":"AlternateTimeline","floor":22}],"player_experience":298469,"relics_obtained":[{"floor":8.0,"key":"hubris:ToyBattleship"},{"floor":9.0,"key":"Guardian:PocketSentry"}],"event_choices":[{"damage_healed":0.0,"max_hp_gain":0.0,"max_hp_loss":0.0,"gold_gain":79.0,"event_name":"Golden Wing","player_choice":"Gained Gold","floor":12.0,"gold_loss":0.0,"damage_taken":0.0},{"cards_removed":["LockedWarPaint"],"damage_healed":28.0,"max_hp_gain":0.0,"max_hp_loss":0.0,"gold_gain":0.0,"event_name":"Bonfire Elementals","player_choice":"Offered Uncommon","floor":13.0,"gold_loss":0.0,"damage_taken":0.0},{"damage_healed":0.0,"max_hp_gain":0.0,"max_hp_loss":0.0,"gold_gain":0.0,"cards_transformed":["Strike_Br"],"event_name":"Transmorgrifier","player_choice":"Transformed","floor":21.0,"gold_loss":0.0,"damage_taken":0.0,"cards_obtained":["Chronoelasticity"]}],"is_beta":false,"boss_relics":[{"not_picked":["Ectoplasm","Kintsugi"],"picked":"Black Star"}],"items_purged_floors":[19],"is_endless":false,"potions_floor_spawned":[1,3,4,14,16,20],"killed_by":"Slavers","ascension_level":14}}