{"host":"iudiqz5bwex5meyb","time":1613751339,"event":{"mods":["AchievementEnabler","BaseMod","Block Reminder","Colored Map","Minty Spire (QoL Compilation)","StSLib","ojb\u0027s Better Paths Mod","ojb\u0027s Info Mod"],"gold_per_floor":[113,63,138,148,160,160,172,172,222,250,269,269,269,279,279,379,379,399,399,418,72,83,116,116,127,208,208,242,261,292,292,292],"floor_reached":31,"language":"ENG","playtime":2887,"items_purged":[],"score":401,"play_id":"0572c5ac-3db1-4dc5-9123-2b832fd625fb","local_time":"20210219101539","is_ascension_mode":true,"campfire_choices":[{"data":"Neutralize","floor":6,"key":"SMITH"},{"data":"Poisoned Stab","floor":8,"key":"SMITH"},{"data":"Footwork","floor":15,"key":"SMITH"},{"data":"Deflect","floor":24,"key":"SMITH"}],"circlet_count":0,"master_deck":["Survivor","Neutralize+1","Slice","Dagger Throw","Poisoned Stab+1","Acrobatics+1","Footwork+1","Deflect+1","Corpse Explosion","Backflip","Blade Dance","Dodge and Roll","Bane","Bouncing Flask","Infinite Blades","Backstab","Flechettes","Finisher","Backflip+1","Blur","Well Laid Plans","Violence","Finesse","Dodge and Roll","Deflect+1","Blade Dance+1","Dodge and Roll","Tools of the Trade+1"],"relics":["Ring of the Snake","NeowsBlessing","Blood Vial","Art of War","Omamori","Pandora\u0027s Box","Nilry\u0027s Codex","Membership Card","Frozen Egg 2","White Beast Statue","MutagenicStrength","Bag of Preparation","Mummified Hand"],"acts_visited":["Exordium","TheCity"],"potions_floor_usage":[16,20,20,23,23,23,28,30],"damage_taken":[{"damage":0,"enemies":"Cultist","floor":1,"turns":1},{"damage":0,"enemies":"2 Louse","floor":4,"turns":1},{"damage":0,"enemies":"Jaw Worm","floor":5,"turns":1},{"damage":11,"enemies":"Exordium Wildlife","floor":7,"turns":4},{"damage":9,"enemies":"Gremlin Nob","floor":10,"turns":4},{"damage":0,"enemies":"3 Louse","floor":11,"turns":2},{"damage":3,"enemies":"Looter","floor":14,"turns":3},{"damage":3,"enemies":"The Guardian","floor":16,"turns":13},{"damage":0,"enemies":"Spheric Guardian","floor":18,"turns":1},{"damage":4,"enemies":"2 Thieves","floor":20,"turns":2},{"damage":3,"enemies":"Centurion and Healer","floor":22,"turns":4},{"damage":7,"enemies":"Gremlin Leader","floor":23,"turns":7},{"damage":10,"enemies":"Snake Plant","floor":25,"turns":6},{"damage":21,"enemies":"Slavers","floor":28,"turns":5},{"damage":0,"enemies":"Cultist and Chosen","floor":29,"turns":2},{"damage":7,"enemies":"Book of Stabbing","floor":30,"turns":9},{"damage":10,"enemies":"Snecko","floor":31,"turns":3}],"seed_played":"-4775449260995828177","potions_obtained":[{"floor":4,"key":"Block Potion"},{"floor":7,"key":"GamblersBrew"},{"floor":10,"key":"AttackPotion"},{"floor":11,"key":"DuplicationPotion"},{"floor":18,"key":"Weak Potion"},{"floor":20,"key":"Block Potion"},{"floor":25,"key":"Strength Potion"},{"floor":28,"key":"FearPotion"},{"floor":29,"key":"SkillPotion"},{"floor":30,"key":"Ancient Potion"}],"is_trial":false,"path_per_floor":["M","?","?","M","M","R","M","R","T","E","M","T","?","M","R","B",null,"M","?","M","$","M","E","R","M","T","?","E","M","E","M"],"character_chosen":"THE_SILENT","items_purchased":["Membership Card","Well Laid Plans","CunningPotion","Violence","Finesse"],"campfire_rested":0,"item_purchase_floors":[21,21,21,21,21],"current_hp_per_floor":[63,63,52,52,52,52,41,41,41,34,36,36,22,21,21,20,58,60,44,42,42,41,36,36,28,28,28,9,11,6,0,0],"gold":292,"neow_bonus":"THREE_ENEMY_KILL","is_daily":false,"chose_seed":false,"campfire_upgraded":4,"win_rate":0.0,"timestamp":1613751339,"path_taken":["M","?","?","?","M","R","M","R","T","E","M","?","?","M","R","BOSS","M","?","M","$","M","E","R","M","T","?","E","M","E","M"],"items_purchased_type":["Relic","Card","Potion","Card","Card"],"build_version":"2020-12-22","purchased_purges":0,"victory":false,"max_hp_per_floor":[70,70,70,70,70,70,70,70,70,70,70,70,70,70,70,70,70,70,70,70,70,70,70,70,70,70,70,70,70,70,70,70],"card_choices":[{"not_picked":["Backflip","Bane"],"picked":"Slice","floor":1},{"not_picked":["Riddle With Holes","Backflip"],"picked":"Dagger Throw","floor":4},{"not_picked":["Bouncing Flask","Slice","Predator"],"picked":"SKIP","floor":5},{"not_picked":["Caltrops","Dash"],"picked":"Poisoned Stab","floor":7},{"not_picked":["Night Terror","Outmaneuver"],"picked":"Acrobatics","floor":10},{"not_picked":["Distraction","Backstab"],"picked":"Footwork","floor":11},{"not_picked":["Bane","Dodge and Roll"],"picked":"Deflect","floor":14},{"not_picked":["Bullet Time","Malaise"],"picked":"Corpse Explosion","floor":16},{"not_picked":["Endless Agony+1","Distraction"],"picked":"Backflip+1","floor":18},{"not_picked":["Bane+1","Slice+1"],"picked":"Blur","floor":20},{"not_picked":["Dash","Tactician","Poisoned Stab"],"picked":"SKIP","floor":22},{"not_picked":["Outmaneuver","Dagger Throw+1"],"picked":"Dodge and Roll","floor":23},{"not_picked":["Prepared","Deadly Poison"],"picked":"Deflect+1","floor":25},{"not_picked":["Venomology","Setup"],"picked":"Blade Dance+1","floor":28},{"not_picked":["Tactician+1","Poisoned Stab"],"picked":"Dodge and Roll","floor":29},{"not_picked":["Dagger Throw","Accuracy+1"],"picked":"Tools of the Trade+1","floor":30}],"player_experience":326447,"relics_obtained":[{"floor":9,"key":"Blood Vial"},{"floor":10,"key":"Art of War"},{"floor":12,"key":"Omamori"},{"floor":19,"key":"Nilry\u0027s Codex"},{"floor":23,"key":"Frozen Egg 2"},{"floor":26,"key":"White Beast Statue"},{"floor":28,"key":"Bag of Preparation"},{"floor":30,"key":"Mummified Hand"}],"event_choices":[{"cards_removed":["Strike_G"],"damage_healed":0,"gold_gain":0,"player_choice":"Card Removal","damage_taken":0,"max_hp_gain":0,"max_hp_loss":0,"event_name":"The Cleric","floor":2,"gold_loss":50},{"damage_healed":0,"gold_gain":75,"player_choice":"Gather Gold","damage_taken":11,"max_hp_gain":0,"max_hp_loss":0,"event_name":"World of Goop","floor":3,"gold_loss":0},{"damage_healed":0,"gold_gain":0,"player_choice":"Entered Light","damage_taken":14,"max_hp_gain":0,"max_hp_loss":0,"event_name":"Shining Light","floor":13,"gold_loss":0,"cards_upgraded":["Acrobatics","Defend_G"]},{"damage_healed":0,"gold_gain":0,"player_choice":"Obtained Book","damage_taken":16,"max_hp_gain":0,"max_hp_loss":0,"event_name":"Cursed Tome","floor":19,"gold_loss":0},{"damage_healed":0,"gold_gain":0,"player_choice":"Inject Mutagens","damage_taken":0,"relics_obtained":["MutagenicStrength"],"max_hp_gain":0,"max_hp_loss":0,"event_name":"Drug Dealer","floor":27,"gold_loss":0}],"is_beta":false,"boss_relics":[{"not_picked":["Busted Crown","Empty Cage"],"picked":"Pandora\u0027s Box"}],"items_purged_floors":[],"is_endless":false,"potions_floor_spawned":[4,7,10,11,18,20,25,28,29,30],"killed_by":"Snecko","ascension_level":7}}