{"host":"ty9fb48q9oru32qm","time":1613764777,"event":{"mods":["2.2 Compatiblity","AchievementEnabler","Act Like it!","Astrologer","BaseMod","Beaked The Cultist","Better Synergies","Block Reminder","Colored Powertips","Conspire","DeckTracker","Downfall","Ekko","Elementarium","Friendly Minions","GifTheSpireLib","Hermit","Hubris","Infinite Spire","JesterMod","Jorbs\u0027s Wanderer Trilogy","Marisa????????","Minty Spire (QoL Compilation)","Permanent Neow","Quick Restart","Random Character Button","Reliquary","Replay The Spire","Ruina","Somnambulant","StSLib","Stuff the Spire","The Cursed","The Marked","The Runesmith","TheVacant"],"gold_per_floor":[115,115,127,139,109,140,157,157,157,157,157],"floor_reached":10,"language":"ENG","playtime":1206,"items_purged":[],"score":68,"play_id":"67ad5215-d9ec-4f8b-987e-c8c9181f0e39","local_time":"20210219205937","is_ascension_mode":false,"campfire_choices":[{"floor":8.0,"key":"REST"}],"circlet_count":0,"master_deck":["jesterMod:Strike","jesterMod:Strike","jesterMod:Strike","jesterMod:Strike","jesterMod:Sickle","jesterMod:Defend","jesterMod:Defend+1","jesterMod:Defend","jesterMod:Defend","jesterMod:Dodge","jesterMod:Momentum","jesterMod:Hide+1","jesterMod:Contradiction","jesterMod:Exasperation","jesterMod:Contradiction"],"relics":["jesterMod:JesterCap","Bronze Scales","War Paint"],"acts_visited":["Exordium"],"potions_floor_usage":[],"damage_taken":[{"damage":3.0,"enemies":"Jaw Worm","floor":1.0,"turns":6.0},{"damage":13.0,"enemies":"infinitespire:Voidling","floor":3.0,"turns":6.0},{"damage":1.0,"enemies":"conspire:RoseBush","floor":4.0,"turns":4.0},{"damage":7.0,"enemies":"Looter","floor":5.0,"turns":4.0},{"damage":30.0,"enemies":"Lagavulin","floor":6.0,"turns":20.0},{"damage":12.0,"enemies":"Exordium Thugs","floor":7.0,"turns":4.0},{"damage":28,"enemies":"3 Sentries","floor":10,"turns":10}],"seed_played":"-2995230591007833974","potions_obtained":[{"floor":2.0,"key":"SmokeBomb"},{"floor":2.0,"key":"Doom Potion"},{"floor":2.0,"key":"sneckomod:MuddlingPotion"},{"floor":3.0,"key":"Energy Potion"},{"floor":6.0,"key":"DuplicationPotion"}],"is_trial":false,"path_per_floor":["M","?","M","M","M","E","M","R","T","E"],"character_chosen":"THE_JESTER","items_purchased":[],"campfire_rested":1,"item_purchase_floors":[],"current_hp_per_floor":[67,67,61,60,53,23,11,32,32,4,4],"gold":157,"neow_bonus":"ONE_RANDOM_RARE_CARD","is_daily":false,"chose_seed":false,"campfire_upgraded":0,"win_rate":0.0,"timestamp":1613764777,"path_taken":["M","?","?","M","M","E","M","R","T","E"],"items_purchased_type":[],"build_version":"2020-12-22","purchased_purges":0,"victory":false,"max_hp_per_floor":[70,70,70,70,70,70,70,70,70,70,70],"card_choices":[{"not_picked":["jesterMod:ButterKnife","jesterMod:TrickyDodge"],"picked":"jesterMod:Hide","floor":1.0},{"not_picked":["jesterMod:DancingMad","jesterMod:Hide"],"picked":"jesterMod:Contradiction","floor":3.0},{"not_picked":["jesterMod:Prankster","jesterMod:DesperateStrike"],"picked":"jesterMod:Exasperation","floor":4.0},{"not_picked":["jesterMod:Rebuff","jesterMod:Patience","jesterMod:Feint"],"picked":"SKIP","floor":5.0},{"not_picked":["jesterMod:MudBall","jesterMod:JugglerBlade","jesterMod:Schizophrenia"],"picked":"SKIP","floor":6.0},{"not_picked":["jesterMod:JackInTheBox","jesterMod:QuickStrike"],"picked":"jesterMod:Contradiction","floor":7.0}],"player_experience":323948,"relics_obtained":[{"floor":6.0,"key":"Bronze Scales"},{"floor":9.0,"key":"War Paint"}],"event_choices":[{"damage_healed":0.0,"max_hp_gain":0.0,"max_hp_loss":0.0,"gold_gain":0.0,"event_name":"Lab","player_choice":"Got Potions","floor":2.0,"gold_loss":0.0,"damage_taken":0.0}],"is_beta":false,"boss_relics":[],"items_purged_floors":[],"is_endless":false,"potions_floor_spawned":[3,6],"killed_by":"3 Sentries","ascension_level":0}}