{"host":"f5gffvlv6a66yqkd","time":1613721472,"event":{"mods":["2.2 Compatiblity","BaseMod","Colored Map","Custom Start","DeckTracker","Keyboard Shortcuts","Minty Spire (QoL Compilation)","Permanent Neow","Quick Restart","Relic Stats","StSLib","SuperFastMode"],"gold_per_floor":[110,125,140,140,154,154,170,170,221,233,233,198,198,208,208,287,287,300,311,311,67,67,98,98,112,137,137,137,137],"floor_reached":28,"language":"KOR","playtime":586,"items_purged":["Strike_P"],"score":437,"play_id":"8d836360-9ddb-4bc0-85ed-3a7f82035d88","local_time":"20210219165752","is_ascension_mode":true,"campfire_choices":[{"floor":6.0,"key":"REST"},{"data":"Eruption","floor":8.0,"key":"SMITH"},{"data":"TalkToTheHand","floor":11.0,"key":"SMITH"},{"data":"FollowUp","floor":15.0,"key":"SMITH"},{"data":"Adaptation","floor":24.0,"key":"SMITH"},{"data":"Scrawl","floor":27.0,"key":"SMITH"}],"circlet_count":0,"master_deck":["AscendersBane","Strike_P","Strike_P","Defend_P","Defend_P","Defend_P","Defend_P","Eruption+1","Vigilance","SandsOfTime+1","TalkToTheHand+1","EmptyBody","CutThroughFate","FollowUp+1","Scrawl+1","WheelKick","Adaptation+1"],"relics":["PureWater","Boot","Omamori","Black Star","Membership Card","Eternal Feather","Vajra"],"acts_visited":["Exordium","TheCity"],"potions_floor_usage":[],"damage_taken":[{"damage":1.0,"enemies":"2 Louse","floor":1.0,"turns":2.0},{"damage":8.0,"enemies":"Jaw Worm","floor":2.0,"turns":5.0},{"damage":10.0,"enemies":"Small Slimes","floor":3.0,"turns":4.0},{"damage":33.0,"enemies":"Gremlin Gang","floor":5.0,"turns":4.0},{"damage":6.0,"enemies":"Blue Slaver","floor":7.0,"turns":3.0},{"damage":10.0,"enemies":"Large Slime","floor":10.0,"turns":4.0},{"damage":4.0,"enemies":"Exordium Wildlife","floor":14.0,"turns":4.0},{"damage":9.0,"enemies":"Hexaghost","floor":16.0,"turns":7.0},{"damage":8.0,"enemies":"Shell Parasite","floor":18.0,"turns":4.0},{"damage":0.0,"enemies":"Chosen","floor":19.0,"turns":3.0},{"damage":17.0,"enemies":"Gremlin Leader","floor":23.0,"turns":6.0},{"damage":10.0,"enemies":"Snake Plant","floor":25.0,"turns":3.0},{"damage":37,"enemies":"Shelled Parasite and Fungi","floor":28,"turns":3}],"seed_played":"-3524976291399232036","potions_obtained":[{"floor":1.0,"key":"LiquidMemories"},{"floor":5.0,"key":"Block Potion"},{"floor":7.0,"key":"Dexterity Potion"},{"floor":18.0,"key":"Dexterity Potion"},{"floor":19.0,"key":"FearPotion"},{"floor":23.0,"key":"Weak Potion"}],"is_trial":false,"path_per_floor":["M","M","M","?","M","R","M","R","T","M","R","?","?","M","R","B",null,"M","M","?","$","?","E","R","M","T","R","M"],"character_chosen":"WATCHER","items_purchased":["Membership Card","Adaptation"],"campfire_rested":1,"item_purchase_floors":[21,21],"current_hp_per_floor":[60,52,42,35,2,22,16,16,16,6,6,23,23,19,19,10,54,46,46,46,46,46,29,38,28,28,37,0,0],"gold":137,"neow_bonus":"RANDOM_COMMON_RELIC","is_daily":false,"chose_seed":false,"campfire_upgraded":5,"win_rate":0.0,"timestamp":1613721472,"path_taken":["M","M","M","?","M","R","M","R","T","M","R","?","?","M","R","BOSS","M","?","?","$","?","E","R","M","T","R","M"],"items_purchased_type":["Relic","Card"],"build_version":"2020-12-22","purchased_purges":1,"victory":false,"max_hp_per_floor":[68,68,68,68,68,68,68,68,68,68,68,68,68,68,68,68,68,68,68,68,68,68,68,68,68,68,68,68,68],"relic_stats":{"counters":[13,52],"Eternal Feather":18,"Black Star":1,"Boot":[11],"obtain_stats":[{"Vajra":23,"Eternal Feather":23,"Omamori":9,"Black Star":17,"Membership Card":21,"PureWater":0,"Boot":0},{"Vajra":11,"Eternal Feather":11,"Omamori":5,"Black Star":8,"Membership Card":10,"PureWater":0,"Boot":0},{"Vajra":46,"Eternal Feather":46,"Omamori":18,"Black Star":33,"Membership Card":40,"PureWater":0,"Boot":0}]},"card_choices":[{"not_picked":["Swivel","Vengeance","Evaluate"],"picked":"SKIP","floor":1.0},{"not_picked":["ThirdEye","Sanctity"],"picked":"SandsOfTime","floor":2.0},{"not_picked":["CarveReality","InnerPeace"],"picked":"TalkToTheHand","floor":3.0},{"not_picked":["JustLucky","ClearTheMind","Collect"],"picked":"SKIP","floor":5.0},{"not_picked":["Fasting2","Weave"],"picked":"EmptyBody","floor":7.0},{"not_picked":["PathToVictory","Halt"],"picked":"CutThroughFate","floor":10.0},{"not_picked":["Evaluate","WaveOfTheHand"],"picked":"FollowUp","floor":14.0},{"not_picked":["Omniscience","Devotion"],"picked":"Scrawl","floor":16.0},{"not_picked":["FlyingSleeves","BattleHymn","Prostrate"],"picked":"SKIP","floor":18.0},{"not_picked":["Conclude+1","Prostrate"],"picked":"WheelKick","floor":19.0},{"not_picked":["LikeWater","Evaluate+1","CarveReality"],"picked":"SKIP","floor":23.0},{"not_picked":["Evaluate","ThirdEye+1","Wireheading+1"],"picked":"SKIP","floor":25.0}],"player_experience":1507275,"relics_obtained":[{"floor":9.0,"key":"Omamori"},{"floor":23.0,"key":"Eternal Feather"},{"floor":23.0,"key":"Vajra"}],"event_choices":[{"cards_removed":["Strike_P"],"damage_healed":0.0,"max_hp_gain":0.0,"max_hp_loss":0.0,"gold_gain":0.0,"event_name":"Golden Wing","player_choice":"Card Removal","floor":4.0,"gold_loss":0.0,"damage_taken":7.0},{"damage_healed":17.0,"max_hp_gain":0.0,"max_hp_loss":0.0,"gold_gain":0.0,"event_name":"The Cleric","player_choice":"Healed","floor":12.0,"gold_loss":35.0,"damage_taken":0.0},{"damage_healed":0.0,"max_hp_gain":0.0,"max_hp_loss":0.0,"gold_gain":0.0,"event_name":"Upgrade Shrine","player_choice":"Upgraded","floor":13.0,"gold_loss":0.0,"damage_taken":0.0,"cards_upgraded":["SandsOfTime"]},{"damage_healed":0.0,"max_hp_gain":0.0,"max_hp_loss":0.0,"gold_gain":0.0,"event_name":"The Mausoleum","player_choice":"Ignored","floor":20.0,"gold_loss":0.0,"damage_taken":0.0}],"is_beta":false,"boss_relics":[{"not_picked":["Philosopher\u0027s Stone","Runic Dome"],"picked":"Black Star"}],"items_purged_floors":[21],"is_endless":false,"potions_floor_spawned":[1,5,7,14,18,19,23],"killed_by":"Shelled Parasite and Fungi","ascension_level":18}}