{"host":"kta213tp32cz47du","time":1613750818,"event":{"mods":["BaseMod","Better Altar","Better Match","Better Note","Better Sensory Stone","Better Skull","Better Third Choice","Better Vampires","ChefMod","Colored Map","Colored Powertips","Conspire","Curses Come First","Displayed Cursed Tome","Downfall","Force Act Four","Hermit","Hubris","Infinite Spire","JesterMod","Magitek Elite","Marisa????????","Minty Spire (QoL Compilation)","Permanent Neow","Potion Indicator Mod","QueenMod","Quick Restart","Rare Cards Sparkle","Reliquary","Replay The Spire","Retaliation","Robot Space Explorer","Shade Mod","Shop Mod","Spicy Shops","Spikes Relics","StSLib","The Alterego","The Animator","The Blue Laboratory","The Bug Knight","The Cursed","The Marked","The Servant 0.9.4","TheSwordswoman","TheVelvet","TheWitcher","Virulent Crown"],"gold_per_floor":[115,134,148,161,121,149,149,167,213,230,230,240,270,270,270,375,375,392,317,317,330,330,363,380,380,380,405,405,405,405],"floor_reached":29,"language":"ENG","playtime":2670,"items_purged":["Strike_G"],"score":275,"play_id":"c3944d58-a539-4f1c-bff7-53200ae99182","local_time":"20210219160658","is_ascension_mode":false,"campfire_choices":[{"data":"Deadly Poison","floor":7,"key":"SMITH"},{"data":"conspire:PoisonWeapons","floor":11,"key":"SMITH"},{"floor":15,"key":"DIG"},{"data":"ReplayTheSpireMod:Tripwire","floor":28,"key":"SMITH"}],"circlet_count":0,"master_deck":["Strike_G","Strike_G","Strike_G","Strike_G","Defend_G","Defend_G","Defend_G","Defend_G","Defend_G","Survivor","Neutralize","Deflect","Deadly Poison+1","Infinite Blades","Backstab","conspire:PoisonWeapons+1","Terror","After Image","ReplayTheSpireMod:Tripwire+1","Poisoned Stab","Secret Technique","Adrenaline","Dagger Throw","Master of Strategy+1","infinitespire:DeathsTouch","Blade Dance+1","Bane","Deadly Poison+1","ReplayTheSpireMod:Scrap Shanks"],"relics":["Gem_Box","HollowMod:StagPassRelic","HollowMod:PaleOreRelic","ReplayTheSpireMod:Lightbulb","Pen Nib","Busted Crown","ReplayTheSpireMod:EnergyBall","Smiling Mask","Vajra","infinitespire:Lychee Nut"],"acts_visited":["Exordium","TheCity"],"potions_floor_usage":[5,18,18,23],"damage_taken":[{"damage":1,"enemies":"2 Louse","floor":1,"turns":3},{"damage":0,"enemies":"Cultist","floor":2,"turns":5},{"damage":0,"enemies":"Small Slimes","floor":3,"turns":3},{"damage":2,"enemies":"Exordium Wildlife","floor":4,"turns":5},{"damage":18,"enemies":"3 Sentries","floor":6,"turns":7},{"damage":5,"enemies":"2 Fungi Beasts","floor":8,"turns":3},{"damage":0,"enemies":"Lots of Slimes","floor":10,"turns":4},{"damage":0,"enemies":"Large Slime","floor":12,"turns":5},{"damage":11,"enemies":"Lagavulin","floor":13,"turns":5},{"damage":15,"enemies":"Hexaghost","floor":16,"turns":7},{"damage":7,"enemies":"3 Byrds","floor":18,"turns":5},{"damage":0,"enemies":"Spheric Guardian","floor":21,"turns":3},{"damage":16,"enemies":"Slavers","floor":23,"turns":5},{"damage":0,"enemies":"Snecko","floor":24,"turns":3},{"damage":18,"enemies":"Book of Stabbing","floor":27,"turns":4},{"damage":5,"enemies":"Sentry and Sphere","floor":29,"turns":4}],"seed_played":"-6923441321928237372","potions_obtained":[{"floor":5,"key":"blueLaboratory:LouseDecoction"},{"floor":5,"key":"Fruit Juice"},{"floor":5,"key":"CunningPotion"},{"floor":6,"key":"blueLaboratory:FruitPunch"},{"floor":12,"key":"blueLaboratory:ArtistsPotion"},{"floor":18,"key":"blueLaboratory:PyrophylliteBrew"},{"floor":23,"key":"blueLaboratory:BottledHope"}],"is_trial":false,"path_per_floor":["M","M","M","M","?","E","R","M","T","M","R","M","E","?","R_BF","B",null,"M","?","AVR","M","?","E","M","?","T","E","R","M"],"character_chosen":"THE_SILENT","items_purchased":[],"campfire_rested":0,"item_purchase_floors":[],"current_hp_per_floor":[69,69,69,67,72,54,54,49,49,49,49,49,38,38,38,23,75,70,70,70,70,70,54,54,54,54,36,36,37,37],"gold":405,"neow_bonus":"BOSS_RELIC","is_daily":false,"chose_seed":false,"campfire_upgraded":3,"win_rate":0.0,"timestamp":1613750818,"path_taken":["M","M","M","M","?","E","R","?","T","M","R","M","E","?","R_BF","BOSS","M","?","AVR","M","?","E","M","?","T","E","R","?"],"items_purchased_type":[],"build_version":"2020-12-22","purchased_purges":1,"victory":false,"max_hp_per_floor":[70,70,70,70,75,75,75,75,75,75,75,75,75,75,75,75,75,77,77,77,77,77,77,77,77,77,57,57,57,57],"card_choices":[{"not_picked":["ShadowRift","Prepared"],"picked":"Deflect","floor":1},{"not_picked":["Cloak And Dagger","Blade Dance"],"picked":"Deadly Poison","floor":2},{"not_picked":["Pace","Deflect"],"picked":"Infinite Blades","floor":3},{"not_picked":["Expertise","Setup"],"picked":"Backstab","floor":4},{"not_picked":["Slice","Accuracy"],"picked":"conspire:PoisonWeapons","floor":6},{"not_picked":["Backflip","Quick Slash"],"picked":"Terror","floor":8},{"not_picked":["Caltrops","Terror"],"picked":"After Image","floor":10},{"not_picked":["Underhanded Strike","hubris:SlightOfHand"],"picked":"ReplayTheSpireMod:Tripwire","floor":12},{"not_picked":["hubris:SlightOfHand","Slice"],"picked":"Poisoned Stab","floor":13},{"not_picked":["Survey Options","hubris:Ssssneak"],"picked":"Secret Technique","floor":14},{"not_picked":["Storm of Steel","Bullet Time"],"picked":"Adrenaline","floor":16},{"not_picked":[],"picked":"Dagger Throw","floor":18},{"not_picked":[],"picked":"Master of Strategy+1","floor":19},{"not_picked":["Hidden Blade"],"picked":"SKIP","floor":21},{"not_picked":[],"picked":"Blade Dance+1","floor":23},{"not_picked":[],"picked":"Bane","floor":24},{"not_picked":[],"picked":"ReplayTheSpireMod:Scrap Shanks","floor":27}],"player_experience":349523,"relics_obtained":[{"floor":6,"key":"HollowMod:StagPassRelic"},{"floor":9,"key":"HollowMod:PaleOreRelic"},{"floor":13,"key":"ReplayTheSpireMod:Lightbulb"},{"floor":15,"key":"Pen Nib"},{"floor":23,"key":"Smiling Mask"},{"floor":26,"key":"Vajra"},{"floor":27,"key":"infinitespire:Lychee Nut"}],"event_choices":[{"damage_healed":0,"gold_gain":0,"player_choice":"Bought 3 Potions","damage_taken":0,"max_hp_gain":0,"max_hp_loss":0,"event_name":"The Woman in Blue","floor":5,"gold_loss":0},{"damage_healed":0,"gold_gain":1,"player_choice":"1","damage_taken":0,"max_hp_gain":0,"max_hp_loss":0,"event_name":"betterStone:BetterStone","floor":14,"gold_loss":0},{"damage_healed":0,"gold_gain":0,"player_choice":"2","damage_taken":0,"max_hp_gain":0,"max_hp_loss":0,"event_name":"betterMatch:BetterMatch","floor":19,"gold_loss":0,"cards_obtained":["betterMatch:ColorlessRareCard"]},{"cards_removed":["Defend_G"],"damage_healed":0,"gold_gain":0,"player_choice":"Give","damage_taken":0,"max_hp_gain":0,"max_hp_loss":0,"event_name":"betterNote:BetterNote","floor":22,"gold_loss":0,"cards_obtained":["Defend_R"]},{"damage_healed":0,"gold_gain":0,"player_choice":"Copied","damage_taken":0,"max_hp_gain":0,"max_hp_loss":0,"event_name":"Duplicator","floor":25,"gold_loss":0,"cards_obtained":["Deadly Poison"]}],"is_beta":false,"boss_relics":[{"not_picked":["hubris:HollowSoul","hubris:ScarierMask"],"picked":"Busted Crown"}],"items_purged_floors":[20],"is_endless":false,"potions_floor_spawned":[6,8,12,16,18,23],"killed_by":"Sentry and Sphere","ascension_level":0}}