{"host":"raaimkojny05jekw","time":1613748033,"event":{"mods":["AchievementEnabler","BaseMod","Colored Map","Colored Powertips","DeckTracker","Minty Spire (QoL Compilation)","Quick Restart","Rare Cards Sparkle","everything is the same but u backflip on backflip"],"gold_per_floor":[116,116,41,70,70,70,29,49,49,49,14,36,36,36],"floor_reached":13,"language":"KOR","playtime":316,"items_purged":["Strike_R"],"score":117,"play_id":"acd41741-9d26-4fdb-96e4-d5054b932d0d","local_time":"20210220002033","is_ascension_mode":true,"campfire_choices":[{"floor":6,"key":"REST"},{"data":"Body Slam","floor":10,"key":"SMITH"}],"circlet_count":0,"master_deck":["AscendersBane","Strike_R+1","Strike_R","Strike_R","Strike_R","Defend_R","Defend_R","Defend_R","Defend_R","Bash","Juggernaut","Body Slam+1","Intimidate+1","True Grit","Seeing Red","True Grit"],"relics":["Burning Blood","CeramicFish","Letter Opener"],"acts_visited":["Exordium"],"potions_floor_usage":[13],"damage_taken":[{"damage":8,"enemies":"Jaw Worm","floor":1,"turns":5},{"damage":8,"enemies":"Small Slimes","floor":4,"turns":5},{"damage":3,"enemies":"Cultist","floor":8,"turns":4},{"damage":7,"enemies":"Lots of Slimes","floor":12,"turns":8},{"damage":57,"enemies":"Gremlin Nob","floor":13,"turns":5}],"seed_played":"3478862257164832317","potions_obtained":[{"floor":8,"key":"SteroidPotion"},{"floor":12,"key":"EntropicBrew"}],"is_trial":false,"path_per_floor":["M","?","$","M","?","R","$","M","T","R","?","M","E"],"character_chosen":"IRONCLAD","items_purchased":["True Grit"],"campfire_rested":1,"item_purchase_floors":[7],"current_hp_per_floor":[49,24,24,22,6,30,30,33,33,33,53,52,0,0],"gold":36,"neow_bonus":"THREE_RARE_CARDS","is_daily":false,"chose_seed":false,"campfire_upgraded":1,"win_rate":0.0,"timestamp":1613748033,"path_taken":["M","?","$","M","?","R","?","M","T","R","?","?","E"],"items_purchased_type":["Card"],"build_version":"2020-12-22","purchased_purges":1,"victory":false,"max_hp_per_floor":[80,80,80,80,80,80,80,80,80,80,80,80,80,80],"card_choices":[{"not_picked":["Impervious","Limit Break"],"picked":"Juggernaut","floor":0},{"not_picked":["Cleave","Dual Wield"],"picked":"Body Slam","floor":1},{"not_picked":["Infernal Blade","Dropkick"],"picked":"Intimidate","floor":4},{"not_picked":["Burning Pact","Anger"],"picked":"Seeing Red","floor":8},{"not_picked":["Pommel Strike","Havoc"],"picked":"True Grit","floor":12}],"player_experience":775498,"relics_obtained":[{"floor":9,"key":"Letter Opener"}],"event_choices":[{"damage_healed":0,"gold_gain":0,"player_choice":"Success","damage_taken":25,"relics_obtained":["CeramicFish"],"max_hp_gain":0,"max_hp_loss":0,"event_name":"Scrap Ooze","floor":2,"gold_loss":0},{"damage_healed":0,"gold_gain":0,"player_choice":"Entered Light","damage_taken":16,"max_hp_gain":0,"max_hp_loss":0,"event_name":"Shining Light","floor":5,"gold_loss":0,"cards_upgraded":["Intimidate","Strike_R"]},{"damage_healed":20,"gold_gain":0,"player_choice":"Healed","damage_taken":0,"max_hp_gain":0,"max_hp_loss":0,"event_name":"The Cleric","floor":11,"gold_loss":35}],"is_beta":false,"boss_relics":[],"items_purged_floors":[3],"is_endless":false,"potions_floor_spawned":[8,12],"killed_by":"Gremlin Nob","ascension_level":12}}