{"host":"kh6fvhxn285ncg0o","time":1613756040,"event":{"mods":["Act Like it!","BaseMod","Colored Map","Friendly Minions","Keyboard Shortcuts","Minty Spire (QoL Compilation)","Quick Restart","Relic Stats","StSLib","SuperFastMode","UnlockEverythingMod"],"gold_per_floor":[113,113,113,130,146,146,178,178,178,189,264,66,85,112,112,188,188,207,207,207,221,115,148,4,4,78,106,120,153,165,176,176,247,247,267,267,317,317,327,355,355,382,382,397,423,423,441,455,455,455,455,455,455,69,98,98],"floor_reached":57,"language":"KOR","playtime":1884,"items_purged":["Strike_R","Heavy Blade","Infernal Blade","Pommel Strike+1"],"score":3120,"play_id":"485547af-67e2-41b2-941e-d390d32807c9","local_time":"20210220023400","is_ascension_mode":true,"campfire_choices":[{"data":"Rage","floor":6.0,"key":"SMITH"},{"data":"Dropkick","floor":8.0,"key":"SMITH"},{"data":"Barricade","floor":15.0,"key":"SMITH"},{"data":"Pommel Strike","floor":25.0,"key":"SMITH"},{"data":"Dark Embrace","floor":32.0,"key":"SMITH"},{"data":"Offering","floor":41.0,"key":"SMITH"},{"floor":49.0,"key":"RECALL"},{"data":"Feel No Pain","floor":53.0,"key":"SMITH"}],"circlet_count":0,"master_deck":["AscendersBane","Bash+1","Rage+1","Dropkick+1","Burning Pact","Barricade+1","Corruption+1","Dropkick","Dropkick","Entrench","Exhume","Thunderclap","Burning Pact","Body Slam+1","Battle Trance","Feel No Pain+1","Dark Embrace+1","Offering+1","Second Wind","True Grit+1","Rage+1","Shrug It Off","Burning Pact+1","Shrug It Off"],"relics":["Runic Pyramid","Ornamental Fan","Pantograph","Membership Card","Calipers","Pandora\u0027s Box","Kunai","Bag of Marbles","Happy Flower","Paper Frog","Bird Faced Urn","Du-Vu Doll","Empty Cage","Question Card","Ice Cream","Pen Nib","ClockworkSouvenir","Bronze Scales","Mercury Hourglass","Bottled Tornado"],"acts_visited":["Exordium","TheCity","TheBeyond","TheEnding"],"potions_floor_usage":[55,56],"damage_taken":[{"damage":4.0,"enemies":"Small Slimes","floor":1.0,"turns":4.0},{"damage":7.0,"enemies":"Jaw Worm","floor":4.0,"turns":3.0},{"damage":0.0,"enemies":"Cultist","floor":5.0,"turns":3.0},{"damage":15.0,"enemies":"3 Sentries","floor":7.0,"turns":11.0},{"damage":1.0,"enemies":"Looter","floor":10.0,"turns":3.0},{"damage":7.0,"enemies":"2 Fungi Beasts","floor":13.0,"turns":3.0},{"damage":8.0,"enemies":"Gremlin Nob","floor":14.0,"turns":4.0},{"damage":28.0,"enemies":"Slime Boss","floor":16.0,"turns":12.0},{"damage":12.0,"enemies":"3 Byrds","floor":18.0,"turns":4.0},{"damage":11.0,"enemies":"Spheric Guardian","floor":21.0,"turns":4.0},{"damage":10.0,"enemies":"Book of Stabbing","floor":23.0,"turns":4.0},{"damage":10.0,"enemies":"Gremlin Leader","floor":27.0,"turns":3.0},{"damage":0.0,"enemies":"Snake Plant","floor":28.0,"turns":2.0},{"damage":15.0,"enemies":"Slavers","floor":29.0,"turns":3.0},{"damage":0.0,"enemies":"Centurion and Healer","floor":30.0,"turns":2.0},{"damage":0.0,"enemies":"Chosen and Byrds","floor":31.0,"turns":6.0},{"damage":0.0,"enemies":"Collector","floor":33.0,"turns":4.0},{"damage":15.0,"enemies":"3 Darklings","floor":35.0,"turns":3.0},{"damage":28.0,"enemies":"2 Orb Walkers","floor":37.0,"turns":3.0},{"damage":0.0,"enemies":"3 Shapes","floor":39.0,"turns":6.0},{"damage":6.0,"enemies":"Nemesis","floor":40.0,"turns":3.0},{"damage":6.0,"enemies":"Giant Head","floor":42.0,"turns":3.0},{"damage":6.0,"enemies":"Jaw Worm Horde","floor":44.0,"turns":3.0},{"damage":0.0,"enemies":"Nemesis","floor":45.0,"turns":3.0},{"damage":6.0,"enemies":"4 Shapes","floor":47.0,"turns":3.0},{"damage":0.0,"enemies":"Maw","floor":48.0,"turns":3.0},{"damage":20.0,"enemies":"Donu and Deca","floor":50.0,"turns":3.0},{"damage":33.0,"enemies":"Time Eater","floor":51.0,"turns":5.0},{"damage":18,"enemies":"Shield and Spear","floor":55,"turns":3},{"damage":18,"enemies":"The Heart","floor":56,"turns":5}],"seed_played":"5336233689545887190","potions_obtained":[{"floor":4.0,"key":"Fire Potion"},{"floor":13.0,"key":"ElixirPotion"},{"floor":14.0,"key":"Block Potion"},{"floor":16.0,"key":"BloodPotion"},{"floor":18.0,"key":"Swift Potion"},{"floor":29.0,"key":"FairyPotion"},{"floor":30.0,"key":"LiquidMemories"},{"floor":35.0,"key":"Energy Potion"},{"floor":44.0,"key":"BlessingOfTheForge"},{"floor":45.0,"key":"PowerPotion"}],"is_trial":false,"path_per_floor":["M","?","?","M","M","R","E","R","T","M","?","$","M","E","R","B",null,"M","?","?","M","$","E","$","R","T","E","M","E","M","M","R","B",null,"M","?","?","?","M","E","R","E","T","M","E","?","M","M","R","B","B",null,"R","$","E","B",null],"character_chosen":"IRONCLAD","items_purchased":["Membership Card","BloodPotion","Swift Potion","Happy Flower","ClockworkSouvenir","Bronze Scales","Mercury Hourglass","Shrug It Off"],"campfire_rested":0,"item_purchase_floors":[12,22,22,24,54,54,54,54],"current_hp_per_floor":[64,69,69,62,62,62,47,47,47,46,35,35,28,20,20,17,64,52,29,29,18,35,25,25,25,25,15,17,19,19,25,25,56,78,71,71,49,49,55,57,57,59,59,61,69,69,71,75,75,67,58,78,78,78,66,71],"gold":98,"neow_bonus":"BOSS_RELIC","is_daily":false,"chose_seed":false,"campfire_upgraded":7,"win_rate":0.0,"timestamp":1613756040,"path_taken":["M","?","?","M","M","R","E","R","T","?","?","$","M","E","R","BOSS","M","?","?","M","$","E","$","R","T","E","?","E","M","M","R","BOSS","M","?","?","?","?","E","R","E","T","M","E","?","?","M","R","BOSS","BOSS","R","$","E","BOSS"],"items_purchased_type":["Relic","Potion","Potion","Relic","Relic","Relic","Relic","Card"],"build_version":"2020-12-22","purchased_purges":4,"victory":true,"max_hp_per_floor":[75,80,80,80,80,80,80,80,80,80,80,80,80,80,80,80,80,80,85,85,85,85,85,85,85,85,85,85,85,85,85,85,85,85,85,85,85,85,85,85,85,85,85,85,85,85,85,85,85,85,85,85,85,85,85,85],"relic_stats":{"Happy Flower":[22],"counters":[30,121],"Ornamental Fan":[348],"Pantograph":97,"Bird Faced Urn":[96],"Bronze Scales":[57],"Pandora\u0027s Box":["Flex","Dropkick","Pummel","Dropkick","Heavy Blade","Entrench","Exhume","Pommel Strike"],"Pen Nib":[10],"Kunai":[75],"Question Card":6,"obtain_stats":[{"Ice Cream":42,"Calipers":14,"Happy Flower":24,"Pen Nib":45,"Bottled Tornado":55,"Empty Cage":34,"Question Card":40,"Burning Blood":0,"ClockworkSouvenir":54,"Mercury Hourglass":54,"Du-Vu Doll":29,"Ornamental Fan":7,"Pantograph":9,"Bird Faced Urn":27,"Bronze Scales":54,"Pandora\u0027s Box":17,"Bag of Marbles":23,"Membership Card":12,"Kunai":20,"Runic Pyramid":0,"Paper Frog":26},{"Ice Cream":22,"Calipers":7,"Happy Flower":11,"Pen Nib":24,"Bottled Tornado":29,"Empty Cage":17,"Question Card":21,"Burning Blood":0,"ClockworkSouvenir":28,"Mercury Hourglass":28,"Du-Vu Doll":14,"Ornamental Fan":4,"Pantograph":4,"Bird Faced Urn":12,"Bronze Scales":28,"Pandora\u0027s Box":8,"Bag of Marbles":11,"Membership Card":5,"Kunai":9,"Runic Pyramid":0,"Paper Frog":11},{"Ice Cream":93,"Calipers":31,"Happy Flower":55,"Pen Nib":99,"Bottled Tornado":116,"Empty Cage":75,"Question Card":90,"Burning Blood":0,"ClockworkSouvenir":113,"Mercury Hourglass":113,"Du-Vu Doll":63,"Ornamental Fan":21,"Pantograph":21,"Bird Faced Urn":58,"Bronze Scales":113,"Pandora\u0027s Box":43,"Bag of Marbles":55,"Membership Card":24,"Kunai":47,"Runic Pyramid":0,"Paper Frog":55}],"Mercury Hourglass":[27]},"card_choices":[{"not_picked":["Shrug It Off","Headbutt"],"picked":"Rage","floor":4.0},{"not_picked":["Sword Boomerang","Warcry"],"picked":"Infernal Blade","floor":5.0},{"not_picked":["Thunderclap","Wild Strike"],"picked":"Dropkick","floor":7.0},{"not_picked":["Thunderclap","Pommel Strike"],"picked":"Burning Pact","floor":10.0},{"not_picked":["Armaments","Twin Strike"],"picked":"Barricade","floor":14.0},{"not_picked":["Bludgeon","Demon Form"],"picked":"Corruption","floor":16.0},{"not_picked":["Clothesline+1","Thunderclap","Infernal Blade"],"picked":"SKIP","floor":18.0},{"not_picked":["Clothesline+1","Infernal Blade"],"picked":"Thunderclap","floor":18.0},{"not_picked":["Rage","Pommel Strike"],"picked":"Burning Pact","floor":21.0},{"not_picked":["Wild Strike+1","Fiend Fire"],"picked":"Body Slam+1","floor":23.0},{"not_picked":["Havoc","Perfected Strike","Pommel Strike+1"],"picked":"SKIP","floor":27.0},{"not_picked":["Pommel Strike","True Grit","Warcry"],"picked":"SKIP","floor":28.0},{"not_picked":["Clash","Body Slam"],"picked":"Battle Trance","floor":29.0},{"not_picked":["Spot Weakness","Infernal Blade"],"picked":"Feel No Pain","floor":30.0},{"not_picked":["Heavy Blade+1","Anger"],"picked":"Dark Embrace","floor":31.0},{"not_picked":["Berserk","Demon Form"],"picked":"Offering","floor":33.0},{"not_picked":["Body Slam","Thunderclap"],"picked":"Second Wind","floor":35.0},{"not_picked":["Armaments","Sword Boomerang+1"],"picked":"True Grit+1","floor":37.0},{"not_picked":["Iron Wave","Clothesline","Rupture"],"picked":"SKIP","floor":39.0},{"not_picked":["Carnage","Barricade"],"picked":"Rage+1","floor":40.0},{"not_picked":["Pommel Strike","Warcry","Clothesline"],"picked":"Shrug It Off","floor":42.0},{"not_picked":["Dark Embrace","Flex","Flame Barrier","Twin Strike"],"picked":"SKIP","floor":44.0},{"not_picked":["Wild Strike","Shrug It Off","Double Tap","Heavy Blade"],"picked":"SKIP","floor":45.0},{"not_picked":["True Grit","Body Slam","Iron Wave"],"picked":"Burning Pact+1","floor":47.0},{"not_picked":["Clash","Whirlwind","Dual Wield","Headbutt+1"],"picked":"SKIP","floor":48.0},{"not_picked":["Body Slam","Clash","Headbutt","Twin Strike+1"],"picked":"SKIP","floor":55}],"player_experience":1468639,"relics_obtained":[{"floor":7.0,"key":"Ornamental Fan"},{"floor":9.0,"key":"Pantograph"},{"floor":14.0,"key":"Calipers"},{"floor":20.0,"key":"Kunai"},{"floor":23.0,"key":"Bag of Marbles"},{"floor":26.0,"key":"Paper Frog"},{"floor":27.0,"key":"Bird Faced Urn"},{"floor":29.0,"key":"Du-Vu Doll"},{"floor":40.0,"key":"Question Card"},{"floor":42.0,"key":"Ice Cream"},{"floor":45.0,"key":"Pen Nib"},{"floor":55,"key":"Bottled Tornado"}],"event_choices":[{"damage_healed":0.0,"max_hp_gain":5.0,"max_hp_loss":0.0,"gold_gain":0.0,"event_name":"Big Fish","player_choice":"Donut","floor":2.0,"gold_loss":0.0,"damage_taken":0.0},{"damage_healed":0.0,"max_hp_gain":0.0,"max_hp_loss":0.0,"gold_gain":0.0,"event_name":"Upgrade Shrine","player_choice":"Upgraded","floor":3.0,"gold_loss":0.0,"damage_taken":0.0,"cards_upgraded":["Bash"]},{"damage_healed":0.0,"max_hp_gain":0.0,"max_hp_loss":0.0,"gold_gain":75.0,"event_name":"World of Goop","player_choice":"Gather Gold","floor":11.0,"gold_loss":0.0,"damage_taken":11.0},{"damage_healed":0.0,"max_hp_gain":5.0,"max_hp_loss":0.0,"gold_gain":0.0,"event_name":"Forgotten Altar","player_choice":"Shed Blood","floor":19.0,"gold_loss":0.0,"damage_taken":28.0},{"damage_healed":0.0,"max_hp_gain":0.0,"max_hp_loss":0.0,"gold_gain":0.0,"event_name":"Wheel of Change","player_choice":"Relic","floor":20.0,"gold_loss":0.0,"damage_taken":0.0},{"damage_healed":0.0,"max_hp_gain":0.0,"max_hp_loss":0.0,"gold_gain":0.0,"event_name":"Tomb of Lord Red Mask","player_choice":"Ignored","floor":36.0,"gold_loss":0.0,"damage_taken":0.0},{"damage_healed":0.0,"max_hp_gain":0.0,"max_hp_loss":0.0,"gold_gain":0.0,"event_name":"Mysterious Sphere","player_choice":"Fight","floor":37.0,"gold_loss":0.0,"damage_taken":0.0},{"damage_healed":0.0,"max_hp_gain":0.0,"max_hp_loss":0.0,"gold_gain":0.0,"event_name":"Accursed Blacksmith","player_choice":"Forge","floor":38.0,"gold_loss":0.0,"damage_taken":0.0,"cards_upgraded":["Corruption"]},{"damage_healed":0.0,"max_hp_gain":0.0,"max_hp_loss":0.0,"gold_gain":0.0,"event_name":"SecretPortal","player_choice":"Ignored","floor":46.0,"gold_loss":0.0,"damage_taken":0.0}],"is_beta":false,"boss_relics":[{"not_picked":["SacredBark","Cursed Key"],"picked":"Pandora\u0027s Box"},{"not_picked":["Astrolabe","Black Star"],"picked":"Empty Cage"}],"items_purged_floors":[12,22,24,54],"is_endless":false,"potions_floor_spawned":[4,13,14,16,18,29,30,31,35,37,44,45,48],"ascension_level":20}}