{"host":"dlqyscxstsnu98l1","time":1613728183,"event":{"mods":["AchievementEnabler","BaseMod","Colored Map","Colored Powertips","GifTheSpireLib","Highlight Path","Minty Spire (QoL Compilation)","Random Character Button","SacredBarkPlus","StSLib","everything is the same but u backflip on backflip"],"gold_per_floor":[113,127,138,149,149,179,179,208,278,298,298,313,313,343,343,438,438,452,462,151,151,167,196,196,196,196,196,229,253,276,322,334,446,458,486,498,26,39,1,1,15,41,113,147,147,178,178,196,196,196,196,196,41,71,71,71],"floor_reached":55,"language":"ENG","playtime":8227,"items_purged":[],"score":1394,"play_id":"fad8d57d-94f6-4b47-827a-d1f3f2aa3c34","local_time":"20210219034943","is_ascension_mode":true,"campfire_choices":[{"data":"1","floor":7,"key":"LIFT"},{"data":"2","floor":11,"key":"LIFT"},{"data":"3","floor":15,"key":"LIFT"},{"data":"Protect","floor":24,"key":"SMITH"},{"data":"SandsOfTime","floor":27,"key":"SMITH"},{"floor":32,"key":"REST"},{"floor":40,"key":"RECALL"},{"data":"Devotion","floor":45,"key":"SMITH"},{"data":"Tantrum","floor":47,"key":"SMITH"},{"data":"SandsOfTime","floor":49,"key":"SMITH"},{"floor":52,"key":"REST"}],"circlet_count":0,"master_deck":["Strike_P","Strike_P","Defend_P","Defend_P","Defend_P","Defend_P","Eruption+1","Vigilance+1","FlyingSleeves","CutThroughFate","Consecrate","BowlingBash","Halt+1","FollowUp","Evaluate","Prostrate","DeusExMachina","SandsOfTime+1","Protect+1","Tantrum+1","Pray+1","Wallop+1","CarveReality","SandsOfTime+1","ClearTheMind","ThirdEye+1","EmptyBody+1","Devotion+1","CurseOfTheBell","InnerPeace+1","Halt+1","Prostrate+1","Pray+1","EmptyBody+1","Crescendo+1","Apotheosis+1","Wallop+1"],"relics":["PureWater","Mercury Hourglass","Girya","Art of War","White Beast Statue","War Paint","Snecko Eye","PreservedInsect","Orrery","Blue Candle","CaptainsWheel","Blood Vial","MawBank","Toxic Egg 2","Calling Bell","Bag of Preparation","The Courier","WingedGreaves","Ice Cream","Ancient Tea Set","Damaru","Ornamental Fan","Bronze Scales","Pen Nib","Boot"],"acts_visited":["Exordium","TheCity","TheBeyond","TheEnding"],"potions_floor_usage":[8,8,16,28,28,30,31,33,33,42,44,44,44,50,55,55,55],"damage_taken":[{"damage":0,"enemies":"Small Slimes","floor":1,"turns":2},{"damage":0,"enemies":"2 Louse","floor":2,"turns":2},{"damage":0,"enemies":"Cultist","floor":3,"turns":2},{"damage":0,"enemies":"3 Louse","floor":4,"turns":2},{"damage":0,"enemies":"3 Sentries","floor":6,"turns":2},{"damage":0,"enemies":"Lagavulin","floor":8,"turns":3},{"damage":0,"enemies":"Large Slime","floor":10,"turns":3},{"damage":9,"enemies":"Red Slaver","floor":12,"turns":2},{"damage":0,"enemies":"Gremlin Nob","floor":14,"turns":2},{"damage":14,"enemies":"Hexaghost","floor":16,"turns":7},{"damage":17,"enemies":"Shell Parasite","floor":18,"turns":6},{"damage":7,"enemies":"Chosen","floor":19,"turns":2},{"damage":0,"enemies":"Sentry and Sphere","floor":22,"turns":3},{"damage":0,"enemies":"Book of Stabbing","floor":23,"turns":1},{"damage":0,"enemies":"Gremlin Leader","floor":28,"turns":1},{"damage":9,"enemies":"Snake Plant","floor":29,"turns":4},{"damage":0,"enemies":"Shelled Parasite and Fungi","floor":30,"turns":2},{"damage":15,"enemies":"Slavers","floor":31,"turns":2},{"damage":0,"enemies":"Collector","floor":33,"turns":7},{"damage":1,"enemies":"3 Shapes","floor":35,"turns":3},{"damage":1,"enemies":"Orb Walker","floor":38,"turns":2},{"damage":0,"enemies":"Spire Growth","floor":41,"turns":2},{"damage":0,"enemies":"Giant Head","floor":42,"turns":5},{"damage":0,"enemies":"Reptomancer","floor":44,"turns":2},{"damage":0,"enemies":"Giant Head","floor":46,"turns":5},{"damage":0,"enemies":"4 Shapes","floor":48,"turns":2},{"damage":43,"enemies":"Time Eater","floor":50,"turns":5},{"damage":2,"enemies":"Shield and Spear","floor":54,"turns":3},{"damage":90,"enemies":"The Heart","floor":55,"turns":5}],"seed_played":"7384606327414541121","potions_obtained":[{"floor":1,"key":"AttackPotion"},{"floor":6,"key":"Weak Potion"},{"floor":10,"key":"Regen Potion"},{"floor":12,"key":"Explosive Potion"},{"floor":14,"key":"StancePotion"},{"floor":16,"key":"Swift Potion"},{"floor":22,"key":"Fire Potion"},{"floor":28,"key":"DuplicationPotion"},{"floor":29,"key":"Fruit Juice"},{"floor":30,"key":"Fruit Juice"},{"floor":31,"key":"Swift Potion"},{"floor":33,"key":"BlessingOfTheForge"},{"floor":35,"key":"BlessingOfTheForge"},{"floor":38,"key":"FearPotion"},{"floor":42,"key":"PowerPotion"},{"floor":44,"key":"LiquidMemories"},{"floor":46,"key":"StancePotion"},{"floor":48,"key":"Dexterity Potion"},{"floor":54,"key":"Energy Potion"}],"is_trial":false,"path_per_floor":["M","M","M","M","?","E","R","E","T","M","R","M","?","E","R","B",null,"M","M","$","?","M","E","R","?","T","R","E","M","M","E","R","B",null,"M","?","$","M","$","R","M","E","T","E","R","E","R","M","R","B",null,"R","$","E","B"],"character_chosen":"WATCHER","items_purchased":["PreservedInsect","Orrery","Ice Cream","Ancient Tea Set","Damaru","Halt+1","Apotheosis+1"],"campfire_rested":2,"item_purchase_floors":[20,20,37,37,37,39,53],"current_hp_per_floor":[72,72,72,72,69,69,69,69,69,69,69,60,65,65,65,51,71,54,47,47,47,47,47,47,47,47,47,49,42,49,41,65,67,78,79,79,79,80,80,80,82,87,87,87,87,87,87,87,87,44,76,87,87,85,0,0],"gold":71,"neow_bonus":"UPGRADE_CARD","is_daily":false,"chose_seed":false,"campfire_upgraded":5,"win_rate":0.0,"timestamp":1613728183,"path_taken":["M","M","M","M","?","E","R","E","T","M","R","M","?","E","R","BOSS","M","M","$","?","M","E","R","?","T","R","E","M","M","E","R","BOSS","M","?","$","M","?","R","M","E","T","E","R","E","R","M","R","BOSS","R","$","E","BOSS"],"items_purchased_type":["Relic","Relic","Relic","Relic","Relic","Card","Card"],"build_version":"2020-12-22","purchased_purges":0,"victory":false,"max_hp_per_floor":[72,72,72,72,72,72,72,72,72,72,72,72,77,77,77,77,77,77,77,77,77,77,77,77,77,77,77,77,77,77,82,82,82,82,82,82,82,82,82,82,82,87,87,87,87,87,87,87,87,87,87,87,87,87,87,87],"card_choices":[{"not_picked":["BattleHymn","ThirdEye"],"picked":"FlyingSleeves","floor":1},{"not_picked":["EmptyFist","Nirvana"],"picked":"CutThroughFate","floor":2},{"not_picked":["CutThroughFate","ForeignInfluence"],"picked":"Consecrate","floor":3},{"not_picked":["Adaptation","Protect"],"picked":"BowlingBash","floor":4},{"not_picked":["BowlingBash","CutThroughFate","SashWhip"],"picked":"SKIP","floor":6},{"not_picked":["Collect","JustLucky"],"picked":"Halt","floor":8},{"not_picked":["LikeWater","JustLucky"],"picked":"FollowUp","floor":10},{"not_picked":["Alpha","WreathOfFlame"],"picked":"Evaluate","floor":12},{"not_picked":["Nirvana","ForeignInfluence"],"picked":"Prostrate","floor":14},{"not_picked":["Scrawl","MasterReality"],"picked":"DeusExMachina","floor":16},{"not_picked":["Collect+1","Perseverance+1"],"picked":"SandsOfTime","floor":18},{"not_picked":["PathToVictory","Evaluate","CutThroughFate"],"picked":"SKIP","floor":19},{"not_picked":["Crescendo","FlurryOfBlows"],"picked":"Protect","floor":20},{"not_picked":["Brilliance","PathToVictory"],"picked":"Tantrum","floor":20},{"not_picked":["Swivel","EmptyFist"],"picked":"Pray+1","floor":20},{"not_picked":["JustLucky+1","FlurryOfBlows","SashWhip"],"picked":"SKIP","floor":22},{"not_picked":["EmptyBody","SpiritShield"],"picked":"Wallop+1","floor":23},{"not_picked":["CarveReality","ReachHeaven"],"picked":"ClearTheMind","floor":28},{"not_picked":["Consecrate","Sanctity"],"picked":"ThirdEye+1","floor":29},{"not_picked":["SashWhip","WheelKick","CrushJoints"],"picked":"SKIP","floor":30},{"not_picked":["EmptyFist","Evaluate+1"],"picked":"EmptyBody+1","floor":31},{"not_picked":["Alpha+1","DeusExMachina+1"],"picked":"Devotion","floor":33},{"not_picked":["Consecrate+1","WindmillStrike+1","FlyingSleeves+1"],"picked":"SKIP","floor":35},{"not_picked":["Consecrate+1","SashWhip"],"picked":"InnerPeace+1","floor":38},{"not_picked":["Evaluate+1","Collect+1"],"picked":"Prostrate+1","floor":41},{"not_picked":["Consecrate+1","ForeignInfluence+1","Meditate+1"],"picked":"SKIP","floor":42},{"not_picked":["SashWhip+1","JustLucky"],"picked":"Pray+1","floor":44},{"not_picked":["ThirdEye+1","CrushJoints"],"picked":"EmptyBody+1","floor":46},{"not_picked":["PathToVictory+1","ClearTheMind+1"],"picked":"Crescendo+1","floor":48},{"not_picked":["Tantrum+1","ThirdEye+1"],"picked":"Wallop+1","floor":54}],"player_experience":236735,"relics_obtained":[{"floor":6,"key":"Girya"},{"floor":8,"key":"Art of War"},{"floor":9,"key":"White Beast Statue"},{"floor":14,"key":"War Paint"},{"floor":23,"key":"CaptainsWheel"},{"floor":26,"key":"Blood Vial"},{"floor":28,"key":"MawBank"},{"floor":31,"key":"Toxic Egg 2"},{"floor":34,"key":"Bag of Preparation"},{"floor":34,"key":"The Courier"},{"floor":34,"key":"WingedGreaves"},{"floor":42,"key":"Ornamental Fan"},{"floor":44,"key":"Bronze Scales"},{"floor":46,"key":"Pen Nib"},{"floor":54,"key":"Boot"}],"event_choices":[{"damage_healed":0,"gold_gain":0,"player_choice":"Success","damage_taken":3,"relics_obtained":["Mercury Hourglass"],"max_hp_gain":0,"max_hp_loss":0,"event_name":"Scrap Ooze","floor":5,"gold_loss":0},{"damage_healed":0,"gold_gain":0,"player_choice":"Donut","damage_taken":0,"max_hp_gain":5,"max_hp_loss":0,"event_name":"Big Fish","floor":13,"gold_loss":0},{"damage_healed":0,"gold_gain":0,"player_choice":"Opened","damage_taken":0,"relics_obtained":["Blue Candle"],"max_hp_gain":0,"max_hp_loss":0,"event_name":"The Mausoleum","floor":21,"gold_loss":0},{"damage_healed":0,"gold_gain":0,"cards_transformed":["Strike_P","Strike_P"],"player_choice":"Became Test Subject","damage_taken":0,"max_hp_gain":0,"max_hp_loss":0,"event_name":"Drug Dealer","floor":25,"gold_loss":0,"cards_obtained":["CarveReality","SandsOfTime"]},{"damage_healed":0,"gold_gain":0,"player_choice":"Ignored","damage_taken":0,"max_hp_gain":0,"max_hp_loss":0,"event_name":"SecretPortal","floor":36,"gold_loss":0}],"is_beta":false,"boss_relics":[{"not_picked":["VioletLotus","Busted Crown"],"picked":"Snecko Eye"},{"not_picked":["Runic Pyramid","SlaversCollar"],"picked":"Calling Bell"}],"items_purged_floors":[],"is_endless":false,"potions_floor_spawned":[1,6,10,12,14,16,18,19,22,23,28,29,30,31,33,35,38,41,42,44,46,48,54],"killed_by":"The Heart","ascension_level":5}}