{"host":"ar85q1708ucjvf51","time":1613747149,"event":{"mods":["BaseMod","Minty Spire (QoL Compilation)"],"gold_per_floor":[114,114,131,150,425,425,442,442,442,453,453,487,487,507,507,609,609,619,10,22,22,22],"floor_reached":21,"language":"ENG","playtime":3333,"items_purged":["Strike_B"],"score":181,"play_id":"5e8a641d-341a-418e-b4ea-af22d1fc0235","local_time":"20210219100549","is_ascension_mode":false,"campfire_choices":[{"floor":6.0,"key":"REST"},{"floor":8.0,"key":"REST"},{"floor":13.0,"key":"REST"},{"floor":15.0,"key":"REST"}],"circlet_count":0,"master_deck":["Strike_B","Strike_B","Defend_B","Defend_B","Defend_B","Defend_B","Zap","Dualcast","Darkness","Defragment","Loop","Rebound+1","Redo","Hologram","Meteor Strike+1","Lockon+1","HandOfGreed+1","Loop","Conserve Battery"],"relics":["Cracked Core","Ice Cream","Molten Egg 2","Kunai","Runic Pyramid","Regal Pillow","Medical Kit"],"acts_visited":["Exordium","TheCity"],"potions_floor_usage":[],"damage_taken":[{"damage":7.0,"enemies":"2 Louse","floor":1.0,"turns":3.0},{"damage":6.0,"enemies":"Jaw Worm","floor":3.0,"turns":3.0},{"damage":4.0,"enemies":"Cultist","floor":4.0,"turns":4.0},{"damage":15.0,"enemies":"Blue Slaver","floor":7.0,"turns":4.0},{"damage":31.0,"enemies":"Lots of Slimes","floor":10.0,"turns":7.0},{"damage":25.0,"enemies":"Gremlin Nob","floor":12.0,"turns":4.0},{"damage":10.0,"enemies":"2 Fungi Beasts","floor":14.0,"turns":3.0},{"damage":26.0,"enemies":"The Guardian","floor":16.0,"turns":9.0},{"damage":44.0,"enemies":"3 Byrds","floor":18.0,"turns":5.0},{"damage":25.0,"enemies":"Spheric Guardian","floor":20.0,"turns":5.0},{"damage":19,"enemies":"Centurion and Healer","floor":21,"turns":3}],"seed_played":"9196005951519705867","potions_obtained":[{"floor":1.0,"key":"Swift Potion"},{"floor":10.0,"key":"LiquidBronze"},{"floor":18.0,"key":"FearPotion"}],"is_trial":false,"path_per_floor":["M","?","M","M","?","R","M","R","T","M","?","E","R","M","R","B",null,"M","$","M","M"],"character_chosen":"DEFECT","items_purchased":["HandOfGreed+1","Regal Pillow","Loop","Medical Kit"],"campfire_rested":4,"item_purchase_floors":[19,19,19,19],"current_hp_per_floor":[47,40,34,30,30,52,37,59,59,28,28,3,25,15,37,11,75,31,31,6,0,0],"gold":22,"neow_bonus":"ONE_RARE_RELIC","is_daily":false,"chose_seed":false,"campfire_upgraded":0,"win_rate":0.0,"timestamp":1613747149,"path_taken":["M","?","M","M","?","R","M","R","T","?","?","E","R","M","R","BOSS","M","?","M","M"],"items_purchased_type":["Card","Relic","Card","Relic"],"build_version":"2020-12-22","purchased_purges":1,"victory":false,"max_hp_per_floor":[75,75,75,75,75,75,75,75,75,75,75,75,75,75,75,75,75,75,75,75,75,75],"card_choices":[{"not_picked":["Ball Lightning","Hello World","Cold Snap"],"picked":"SKIP","floor":1.0},{"not_picked":["Beam Cell","Go for the Eyes"],"picked":"Darkness","floor":3.0},{"not_picked":["Streamline","Sweeping Beam"],"picked":"Defragment","floor":4.0},{"not_picked":["Coolheaded","Cold Snap"],"picked":"Loop","floor":7.0},{"not_picked":["Turbo","Machine Learning"],"picked":"Rebound+1","floor":10.0},{"not_picked":["Hologram","Self Repair"],"picked":"Redo","floor":12.0},{"not_picked":["Ball Lightning+1","Fusion"],"picked":"Hologram","floor":14.0},{"not_picked":["Rainbow","Electrodynamics"],"picked":"Meteor Strike+1","floor":16.0},{"not_picked":["Sweeping Beam+1","Glacier"],"picked":"Lockon+1","floor":18.0},{"not_picked":["Heatsinks","Cold Snap+1"],"picked":"Conserve Battery","floor":20.0}],"player_experience":690387,"relics_obtained":[{"floor":9.0,"key":"Molten Egg 2"},{"floor":12.0,"key":"Kunai"}],"event_choices":[{"cards_removed":["Strike_B"],"damage_healed":0.0,"max_hp_gain":0.0,"max_hp_loss":0.0,"gold_gain":0.0,"event_name":"Golden Wing","player_choice":"Card Removal","floor":2.0,"gold_loss":0.0,"damage_taken":7.0},{"damage_healed":0.0,"max_hp_gain":0.0,"max_hp_loss":0.0,"gold_gain":275.0,"event_name":"Golden Shrine","player_choice":"Desecrate","floor":5.0,"gold_loss":0.0,"damage_taken":0.0,"cards_obtained":["Regret"]},{"cards_removed":["Regret"],"damage_healed":0.0,"max_hp_gain":0.0,"max_hp_loss":0.0,"gold_gain":0.0,"event_name":"Purifier","player_choice":"Purged","floor":11.0,"gold_loss":0.0,"damage_taken":0.0}],"is_beta":false,"boss_relics":[{"not_picked":["Busted Crown","Snecko Eye"],"picked":"Runic Pyramid"}],"items_purged_floors":[19],"is_endless":false,"potions_floor_spawned":[1,10,18],"killed_by":"Centurion and Healer","ascension_level":0}}