{"host":"y4fuci1jk2rsxnep","time":1613752003,"event":{"mods":["AchievementEnabler","BaseMod","Colored Powertips","Custom Start","Defuse TimeMaze Blight","Dio Mod","Downfall","Hermit","Hero for Fun","Hubris","Hunter ??","Infinite Spire","Minty Spire (QoL Compilation)","Quick Restart","Reliquary","Remove Card Discount Mod","Replay The Spire","StSLib","The Blackbeard","The Bug Knight","The Mystic","The Runesmith"],"gold_per_floor":[111,127,127,143,157,157,1,1,28,43,55,55,66,78,78,181,181,194,194,194,206,206,206,224,244,269,269,269,286,286,298,298,401,401,416,416,416],"floor_reached":36,"language":"ENG","playtime":3903,"items_purged":[],"score":414,"play_id":"1649a721-557b-466c-be47-a34784c65445","local_time":"20210219172643","is_ascension_mode":true,"campfire_choices":[{"data":"hermit:Covet","floor":6,"key":"SMITH"},{"data":"hermit:FlashPowder","floor":8,"key":"SMITH"},{"floor":15,"key":"REST"},{"data":"infinitespire:Starlight","floor":27,"key":"SMITH"},{"data":"hermit:WideOpen","floor":30,"key":"SMITH"},{"data":"hermit:WideOpen","floor":32,"key":"SMITH"}],"circlet_count":0,"master_deck":["hermit:Strike_Hermit+1","hermit:Strike_Hermit+1","hermit:Strike_Hermit+1","hermit:Strike_Hermit+1","hermit:Defend_Hermit+1","hermit:Defend_Hermit+1","hermit:Defend_Hermit+1","hermit:Defend_Hermit+1","hermit:Snapshot","hermit:Covet+1","hubris:EnhanceAbility","hermit:HoleUp","hermit:GoldenBullet","Regret","hermit:SprayPray","hermit:SprayPray","hermit:FlashPowder+1","hermit:GhostlyPresence","hermit:Deadeye","hermit:FatalDesire","The Bomb+1","hermit:Magnum+1","Looming Evil","hermit:WideOpen+1","infinitespire:Starlight+1","Writhe","hermit:Virtue","hermit:WideOpen+1","hermit:HighCaliber","hermit:HighNoon","hermit:EyeOfTheStorm"],"relics":["hermit:ClaspedLocket","Pen Nib","Bag of Marbles","ReplayTheSpireMod:Ring of Addiction","Potion Belt","Chameleon Ring","Ring of Searing","Astrolabe","Nunchaku","Blue Doll"],"acts_visited":["Exordium","TheCity","TheBeyond"],"potions_floor_usage":[11,16,16,18,21,24,29,31],"damage_taken":[{"damage":9,"enemies":"2 Louse","floor":1,"turns":3},{"damage":7,"enemies":"Jaw Worm","floor":2,"turns":4},{"damage":0,"enemies":"Cultist","floor":4,"turns":4},{"damage":32,"enemies":"Exordium Thugs","floor":5,"turns":8},{"damage":15,"enemies":"Gremlin Gang","floor":10,"turns":5},{"damage":0,"enemies":"Looter","floor":11,"turns":1},{"damage":0,"enemies":"2 Fungi Beasts","floor":13,"turns":2},{"damage":0,"enemies":"Blue Slaver","floor":14,"turns":1},{"damage":5,"enemies":"Fading Forest","floor":16,"turns":11},{"damage":20,"enemies":"Chosen","floor":18,"turns":5},{"damage":20,"enemies":"3 Byrds","floor":21,"turns":5},{"damage":3,"enemies":"Snecko","floor":24,"turns":4},{"damage":8,"enemies":"Cultist and Chosen","floor":25,"turns":7},{"damage":6,"enemies":"3 Cultists","floor":29,"turns":5},{"damage":16,"enemies":"Shelled Parasite and Fungi","floor":31,"turns":7},{"damage":44,"enemies":"Champ","floor":33,"turns":9},{"damage":5,"enemies":"Orb Walker","floor":35,"turns":2},{"damage":66,"enemies":"3 Darklings","floor":36,"turns":5}],"seed_played":"-6389542946359238825","potions_obtained":[{"floor":1,"key":"EssenceOfSteel"},{"floor":2,"key":"SteroidPotion"},{"floor":5,"key":"Dexterity Potion"},{"floor":12,"key":"Elixir"},{"floor":12,"key":"DistilledChaos"},{"floor":12,"key":"PowerPotion"},{"floor":16,"key":"Guardian:BlockOnCardUsePotion"},{"floor":18,"key":"Strength Potion"},{"floor":23,"key":"ColorlessPotion"},{"floor":23,"key":"SneckoOil"},{"floor":25,"key":"GamblersBrew"},{"floor":33,"key":"hermit:Tonic"}],"is_trial":false,"path_per_floor":["M","M","?","M","M","R","$","R","T","M","M","?","M","M","R","B",null,"M","?","AVR","M","?","R","M","M","T","R","?","M","R","M","R","B",null,"M","M"],"character_chosen":"HERMIT","items_purchased":["hermit:FlashPowder","hermit:GhostlyPresence"],"campfire_rested":1,"item_purchase_floors":[7,7],"current_hp_per_floor":[66,59,59,59,27,27,27,27,27,12,12,12,12,12,34,29,73,53,47,47,27,27,27,24,26,26,26,26,35,35,34,34,5,71,64,0,0],"gold":416,"neow_bonus":"RANDOM_COLORLESS_2","is_daily":false,"chose_seed":false,"campfire_upgraded":5,"win_rate":0.0,"timestamp":1613752003,"path_taken":["M","M","?","M","M","R","$","R","T","M","M","?","?","M","R","BOSS","M","?","AVR","?","?","R","M","M","T","R","?","M","R","M","R","BOSS","M","M"],"items_purchased_type":["Card","Card"],"build_version":"2020-12-22","purchased_purges":0,"victory":false,"max_hp_per_floor":[75,75,75,75,75,75,75,75,75,75,75,75,75,75,75,73,73,73,73,73,73,73,73,73,73,73,73,71,71,71,71,71,71,71,69,69,69],"card_choices":[{"not_picked":["ReplayUltimateDefense","Transmutation"],"picked":"hubris:EnhanceAbility","floor":0},{"not_picked":["hermit:Combo","hermit:CalledShot"],"picked":"hermit:HoleUp","floor":1},{"not_picked":["hermit:Shortfuse","hermit:Malice"],"picked":"hermit:GoldenBullet","floor":2},{"not_picked":["hermit:Ricochet","hermit:GoldenBullet"],"picked":"hermit:SprayPray","floor":4},{"not_picked":["hermit:BigShot","hermit:Ricochet"],"picked":"hermit:SprayPray","floor":5},{"not_picked":["hermit:Spite","hermit:CalledShot","hermit:Combo"],"picked":"SKIP","floor":10},{"not_picked":["hermit:LowProfile","hermit:Combo","hermit:Roughhouse"],"picked":"SKIP","floor":11},{"not_picked":["hermit:Snipe","hermit:Spite","hermit:Vantage"],"picked":"SKIP","floor":13},{"not_picked":["hermit:CalledShot","hermit:Misfire"],"picked":"hermit:Deadeye","floor":14},{"not_picked":["hermit:Roughhouse","hermit:Gambit"],"picked":"hermit:FatalDesire","floor":16},{"not_picked":["hermit:HighCaliber","hermit:Vantage"],"picked":"hermit:WideOpen","floor":18},{"not_picked":["hermit:Coalescence","hermit:SprayPray","hermit:Ricochet"],"picked":"SKIP","floor":21},{"not_picked":["hermit:CalledShot","hermit:SprayPray","hermit:Headshot"],"picked":"SKIP","floor":24},{"not_picked":["hermit:Vantage","hermit:Ricochet"],"picked":"hermit:Virtue","floor":25},{"not_picked":["hermit:HighCaliber","hermit:Grudge"],"picked":"hermit:WideOpen","floor":29},{"not_picked":["hermit:Misfire","hermit:Feint+1"],"picked":"hermit:HighCaliber","floor":31},{"not_picked":["hermit:FatalDesire","hermit:Purgatory"],"picked":"hermit:HighNoon","floor":33},{"not_picked":["hermit:TrackingShot","hermit:DeadMansHand+1"],"picked":"hermit:EyeOfTheStorm","floor":35}],"player_experience":656593,"relics_obtained":[{"floor":9,"key":"Bag of Marbles"},{"floor":12,"key":"ReplayTheSpireMod:Ring of Addiction"},{"floor":12,"key":"Potion Belt"},{"floor":12,"key":"Chameleon Ring"},{"floor":12,"key":"Ring of Searing"},{"floor":26,"key":"Blue Doll"}],"event_choices":[{"damage_healed":0,"gold_gain":0,"player_choice":"Box","damage_taken":0,"relics_obtained":["Pen Nib"],"max_hp_gain":0,"max_hp_loss":0,"event_name":"Big Fish","floor":3,"gold_loss":0,"cards_obtained":["Regret"]},{"damage_healed":0,"gold_gain":0,"player_choice":"","damage_taken":6,"max_hp_gain":0,"max_hp_loss":0,"event_name":"Knowing Skull","floor":19,"potions_obtained":[],"gold_loss":0,"cards_obtained":[]},{"damage_healed":0,"gold_gain":0,"player_choice":"Opened","damage_taken":0,"relics_obtained":["Nunchaku"],"max_hp_gain":0,"max_hp_loss":0,"event_name":"The Mausoleum","floor":22,"gold_loss":0,"cards_obtained":["Writhe"]},{"damage_healed":0,"gold_gain":0,"player_choice":"Simplicity","damage_taken":0,"max_hp_gain":0,"max_hp_loss":0,"event_name":"Back to Basics","floor":28,"gold_loss":0,"cards_upgraded":["hermit:Strike_Hermit","hermit:Strike_Hermit","hermit:Strike_Hermit","hermit:Strike_Hermit","hermit:Defend_Hermit","hermit:Defend_Hermit","hermit:Defend_Hermit","hermit:Defend_Hermit"]}],"is_beta":false,"boss_relics":[{"not_picked":["Runic Pyramid","Kintsugi"],"picked":"Astrolabe"},{"not_picked":["reliquary:Ember","Coffee Dripper"],"picked":"hermit:ClaspedLocket"}],"items_purged_floors":[],"is_endless":false,"potions_floor_spawned":[1,2,5,16,18,25,33],"killed_by":"3 Darklings","ascension_level":3}}