{"host":"hbyfssekv6xsfxrf","time":1613748847,"event":{"mods":["Act Like it!","Aspiration","BaseMod","Downfall","Gensokyo","Hallownest","Hermit","Koishi","KomeijiMod","Lobotomy","LobotomyExtend","Minty Spire (QoL Compilation)","Quick Restart","Reimu£®≤©¿ˆ¡È√Œ£©","Remilia£®¿Ÿ√◊¿Ú—«£©","Replay The Spire","StSLib","The Bug Knight","The Cursed","The Hierophant","The Jungle","The Runesmith","The Senshi","The Servant 0.9.4","WarShipGirlsR/’ΩΩ¢…Ÿ≈ÆR mod","Youmu£®ªÍ∆«—˝√Œ£©"],"gold_per_floor":[114,114,114,114,124,124,144,40,40,58,58,69,69,69,69,164,164,164,164],"floor_reached":18,"language":"ZHS","playtime":758,"items_purged":[],"score":200,"play_id":"ae9ea95b-4246-444a-a4ac-2bd34a2d6a5f","local_time":"20210219233407","is_ascension_mode":false,"campfire_choices":[{"floor":6,"key":"RECALL"},{"data":"Barrier","floor":11,"key":"SMITH"},{"data":"ShatteredReality","floor":15,"key":"SMITH"}],"circlet_count":0,"master_deck":["Strike_S","Strike_S","Strike_S","Strike_S","Defend_S","Defend_S","Defend_S","Defend_S","KidneyShot","Dramatic Entrance","Barrier+1","Clumsy","Rewind","TimeWarp","Potential","Collapse","ShatteredReality","Luminosity","ShatteredReality+1","MurderousAura"],"relics":["Uniform","LetterFromLob","Gensokyo:NagashiBinaDoll","Gensokyo:Justice","Gensokyo:OccultBall","Velvet Choker"],"acts_visited":["Gensokyo:Gensokyo","TheCity"],"potions_floor_usage":[],"damage_taken":[{"damage":0,"enemies":"Gensokyo:2_Kodama","floor":1,"turns":2},{"damage":0,"enemies":"Gensokyo:Gryphon","floor":5,"turns":3},{"damage":0,"enemies":"Gensokyo:3_Fairies","floor":7,"turns":4},{"damage":7,"enemies":"Gensokyo:2_Rabbits","floor":10,"turns":2},{"damage":0,"enemies":"Gensokyo:Python_and_Kodama","floor":12,"turns":3},{"damage":0,"enemies":"Gensokyo:Yukari","floor":16,"turns":11}],"seed_played":"-5308662949194257277","potions_obtained":[{"floor":1,"key":"Adrenaline Potion"},{"floor":5,"key":"GamblersBrew"},{"floor":7,"key":"Swift Potion"}],"is_trial":false,"path_per_floor":["M","?","?","?","M","R","M","$","T","M","R","M","?","$","R","B",null,"M"],"character_chosen":"THE_SERVANT","items_purchased":["ShatteredReality","Contraction"],"campfire_rested":0,"item_purchase_floors":[8,8],"current_hp_per_floor":[65,65,65,65,65,65,65,65,65,58,58,58,58,58,58,58,65,65,65],"gold":164,"neow_bonus":"RANDOM_COLORLESS","is_daily":false,"chose_seed":false,"campfire_upgraded":2,"win_rate":0.0,"timestamp":1613748847,"path_taken":["M","?","?","?","M","R","M","$","T","M","R","M","?","?","R","BOSS","M"],"items_purchased_type":["Card","Card"],"build_version":"2020-12-22","purchased_purges":0,"victory":false,"max_hp_per_floor":[65,65,65,65,65,65,65,65,65,65,65,65,65,65,65,65,65,65,65],"card_choices":[{"not_picked":["Bandage Up","Good Instincts"],"picked":"Dramatic Entrance","floor":0},{"not_picked":["ShiftingGears","Revamp"],"picked":"Barrier","floor":1},{"not_picked":["Replace","SpecialFormula"],"picked":"Rewind","floor":4},{"not_picked":["StarChef","Hightail"],"picked":"TimeWarp","floor":4},{"not_picked":["Defy","Starlight"],"picked":"Potential","floor":5},{"not_picked":["Revamp","Alleviate"],"picked":"Collapse","floor":7},{"not_picked":["TimeWarp","RealityMarble"],"picked":"Luminosity","floor":10},{"not_picked":["Unruled","SurpressingFire"],"picked":"ShatteredReality","floor":12},{"not_picked":["Solidify","Duplication"],"picked":"MurderousAura","floor":16}],"player_experience":8314,"relics_obtained":[{"floor":1,"key":"LetterFromLob"},{"floor":16,"key":"Gensokyo:OccultBall"}],"event_choices":[],"is_beta":false,"boss_relics":[{"not_picked":["Runic Pyramid","Black Star"],"picked":"Velvet Choker"}],"items_purged_floors":[],"is_endless":false,"potions_floor_spawned":[1,5,7],"ascension_level":0}}