{"host":"lotd7raz6nz9h4st","time":1613735393,"event":{"mods":["BaseMod","GifTheSpireLib","Lobotomy","Minty Spire (QoL Compilation)","RumiaBox-露米娅的神秘盒子","Spicy Shops","StSLib","【遗物卡牌】REMEMod"],"gold_per_floor":[115,95,95,111,111,111,123,123,123,157,182,182,182,208,208,284,284,300,16,16,16,47,47,47,80,80,113,113,113,38,73,73,150,150,112,126,126,26,45,45,45,74,74,101,101,135,165,175,175,195,195],"floor_reached":52,"language":"ZHS","playtime":4202,"items_purged":["Shame","Writhe"],"score":2412,"play_id":"d4e1e88c-0dee-4637-aa17-1f258d7b0a34","local_time":"20210219194953","daily_mods":["Draft","Colorless Cards","Heirloom","Time Dilation","Flight","DeadlyEvents","Elite Swarm"],"is_ascension_mode":true,"campfire_choices":[{"data":"ParadiseLost","floor":6.0,"key":"SMITH"},{"data":"ParadiseLost+1","floor":8.0,"key":"SMITH"},{"data":"Feed","floor":12.0,"key":"SMITH"},{"data":"REME_ACTH","floor":13.0,"key":"SMITH"},{"data":"Mayhem","floor":15.0,"key":"SMITH"},{"floor":23,"key":"REST"},{"data":"Exhume","floor":24,"key":"SMITH"},{"floor":28,"key":"REST"},{"data":"Infernal Blade","floor":29,"key":"SMITH"},{"data":"Chrysalis","floor":32,"key":"SMITH"},{"data":"Apotheosis","floor":40,"key":"SMITH"},{"data":"Body Slam","floor":41,"key":"SMITH"},{"data":"REME_PuzzleBox","floor":45,"key":"SMITH"},{"data":"Juggernaut","floor":49,"key":"SMITH"}],"circlet_count":0,"master_deck":["AscendersBane","Battle Trance","Infernal Blade","Hemokinesis","Iron Wave","Rage","Shrug It Off","Armaments","Infernal Blade+1","Shrug It Off","Madness","Sentinel","Body Slam","Body Slam+1","Anger","Seeing Red","ParadiseLost+2","Iron Wave","Dramatic Entrance","Dramatic Entrance","REME_ACTH+1","Feed+1","Mayhem+1","Thinking Ahead","Exhume+1","Secret Weapon","Secret Technique","Chrysalis+1","Apotheosis+1","Blind","REME_PuzzleBox+1","Sadistic Nature","Juggernaut+1"],"relics":["Burning Blood","REME_ComplimentaryCards","Mango","Baka","Peace Pipe","Peace Pipe","StrikeDummy","Unceasing Top","Calipers","Du-Vu Doll","EasyGame_NEW","Bottled Tornado","Potion Belt","MutagenicStrength","Lizard Tail","Potion Belt","Boot","Matryoshka","Pen Nib","Prayer Wheel","SoulBox","Centennial Puzzle","Bottled Lightning","GodSword5","MagicDraw1","Ccalipers","REME_IWantAll","Red Skull"],"acts_visited":["Exordium","TheCity","TheBeyond"],"potions_floor_usage":[31,31,42,47,51,51,51,51],"damage_taken":[{"damage":3.0,"enemies":"Small Slimes","floor":1.0,"turns":3.0},{"damage":0.0,"enemies":"Cultist","floor":4.0,"turns":2.0},{"damage":0.0,"enemies":"Jaw Worm","floor":7.0,"turns":2.0},{"damage":0.0,"enemies":"3 Sentries","floor":10.0,"turns":4.0},{"damage":10.0,"enemies":"Gremlin Nob","floor":11.0,"turns":3.0},{"damage":14.0,"enemies":"Lagavulin","floor":14.0,"turns":3.0},{"damage":33.0,"enemies":"Hexaghost","floor":16.0,"turns":5.0},{"damage":11.0,"enemies":"Chosen","floor":18.0,"turns":3.0},{"damage":0.0,"enemies":"Book of Stabbing","floor":22.0,"turns":2.0},{"damage":2,"enemies":"Slavers","floor":25,"turns":1},{"damage":18,"enemies":"Gremlin Leader","floor":27,"turns":3},{"damage":2,"enemies":"Book of Stabbing","floor":31,"turns":2},{"damage":4,"enemies":"Collector","floor":33,"turns":5},{"damage":44,"enemies":"3 Darklings","floor":35,"turns":3},{"damage":21,"enemies":"3 Shapes","floor":36,"turns":1},{"damage":3,"enemies":"Spire Growth","floor":39,"turns":3},{"damage":22,"enemies":"Reptomancer","floor":42,"turns":3},{"damage":17,"enemies":"Nemesis","floor":44,"turns":6},{"damage":0,"enemies":"Reptomancer","floor":46,"turns":2},{"damage":4,"enemies":"Giant Head","floor":47,"turns":5},{"damage":0,"enemies":"Maw","floor":48,"turns":4},{"damage":5,"enemies":"Donu and Deca","floor":50,"turns":4},{"damage":32,"enemies":"Time Eater","floor":51,"turns":3}],"seed_played":"-7800090432929340066","potions_obtained":[{"floor":2.0,"key":"LiquidMemories"},{"floor":4.0,"key":"Ancient Potion"},{"floor":10.0,"key":"Fruit Juice"},{"floor":14.0,"key":"SteroidPotion"},{"floor":16.0,"key":"LiquidBronze"},{"floor":22,"key":"Dexterity Potion"},{"floor":33,"key":"CultistPotion"},{"floor":35,"key":"Explosive Potion"},{"floor":36,"key":"SkillPotion"},{"floor":44,"key":"Fruit Juice"},{"floor":48,"key":"ColorlessPotion"}],"is_trial":true,"path_per_floor":["M","?","$","M","$","R","M","R","T","E","E","R","R","E","R","B",null,"M","$","?","?","E","R","R","E","T","E","R","R","$","E","R","B",null,"M","M","?","$","M","R","R","E","T","E","R","E","E","M","R","B","B",null],"character_chosen":"IRONCLAD","items_purchased":["Bottled Tornado"],"campfire_rested":2,"item_purchase_floors":[19],"current_hp_per_floor":[85,85,85,89,89,89,89,89,89,89,90,90,90,85,85,58,87,92,92,92,92,1,32,32,36,36,28,60,60,60,64,64,70,102,64,53,76,76,79,79,79,63,63,53,53,60,85,97,97,99,74],"gold":195,"neow_bonus":"","is_daily":false,"chose_seed":false,"campfire_upgraded":12,"win_rate":0.0,"timestamp":1613735393,"path_taken":["M","?","?","?","?","R","M","R","T","E","E","R","R","E","R","BOSS","M","$","?","?","?","R","R","E","T","E","R","R","?","E","R","BOSS","M","M","?","$","?","R","R","E","T","E","R","E","E","?","R","BOSS","BOSS"],"items_purchased_type":["Relic"],"build_version":"2020-12-22","purchased_purges":2,"victory":true,"max_hp_per_floor":[89,89,89,89,89,89,89,89,89,89,94,94,94,97,97,97,97,101,101,101,101,105,105,105,105,105,109,109,109,109,109,109,113,113,113,117,117,117,117,117,117,117,117,117,117,117,122,126,126,126,126],"card_choices":[{"not_picked":["Warcry","Thunderclap"],"picked":"Battle Trance","floor":0.0},{"not_picked":["Warcry","Sword Boomerang"],"picked":"Infernal Blade","floor":0.0},{"not_picked":["Warcry","Havoc"],"picked":"Hemokinesis","floor":0.0},{"not_picked":["Headbutt","Cleave"],"picked":"Iron Wave","floor":0.0},{"not_picked":["Havoc","Dual Wield"],"picked":"Rage","floor":0.0},{"not_picked":["Perfected Strike","Anger"],"picked":"Shrug It Off","floor":0.0},{"not_picked":["Flex","Clash"],"picked":"Armaments","floor":0.0},{"not_picked":["Cleave","Shrug It Off"],"picked":"Infernal Blade","floor":0.0},{"not_picked":["Wild Strike","Burning Pact"],"picked":"Shrug It Off","floor":0.0},{"not_picked":["True Grit","Searing Blow"],"picked":"Madness","floor":0.0},{"not_picked":["Mind Blast","Fire Breathing"],"picked":"Sentinel","floor":0.0},{"not_picked":["Hemokinesis","Clash"],"picked":"Body Slam","floor":0.0},{"not_picked":["Hemokinesis","Heavy Blade"],"picked":"Body Slam","floor":0.0},{"not_picked":["True Grit","Flex"],"picked":"Anger","floor":0.0},{"not_picked":["Clothesline","Havoc"],"picked":"Seeing Red","floor":0.0},{"not_picked":["Armaments","Havoc"],"picked":"Iron Wave","floor":1.0},{"not_picked":["Havoc","Battle Trance"],"picked":"Dramatic Entrance","floor":4.0},{"not_picked":["Armaments","Havoc"],"picked":"Dramatic Entrance","floor":7.0},{"not_picked":["REME_BuildACard","Reaper"],"picked":"REME_ACTH","floor":10.0},{"not_picked":["REME_Fury","Violence"],"picked":"Feed","floor":11.0},{"not_picked":["Reaper","Berserk"],"picked":"Mayhem","floor":14.0},{"not_picked":["Reaper","REME_Fury"],"picked":"Thinking Ahead","floor":16.0},{"not_picked":["Whirlwind","Heavy Blade","Headbutt"],"picked":"SKIP","floor":18.0},{"not_picked":["Brutality","Limit Break"],"picked":"Exhume","floor":22},{"not_picked":["REME_BattleFury","The Bomb"],"picked":"Secret Weapon","floor":25},{"not_picked":["Violence","Immolate"],"picked":"Secret Technique","floor":27},{"not_picked":["Master of Strategy","Secret Weapon"],"picked":"Chrysalis","floor":31},{"not_picked":["Bludgeon","Mayhem"],"picked":"Apotheosis","floor":33},{"not_picked":["Disarm+1","Twin Strike+1","Cleave"],"picked":"SKIP","floor":35},{"not_picked":["Flash of Steel","Perfected Strike","Warcry+1"],"picked":"SKIP","floor":35},{"not_picked":["Havoc","Dark Embrace","Body Slam"],"picked":"SKIP","floor":36},{"not_picked":["Flex","Warcry+1","Pummel"],"picked":"SKIP","floor":36},{"not_picked":["Panacea","Reckless Charge"],"picked":"Blind","floor":39},{"not_picked":["Perfected Strike","Headbutt","Anger"],"picked":"SKIP","floor":39},{"not_picked":["Secret Weapon","Apotheosis","Demon Form"],"picked":"SKIP","floor":42},{"not_picked":["Demon Form","REME_Flogging"],"picked":"REME_PuzzleBox","floor":44},{"not_picked":["REME_Fury","Demon Form"],"picked":"Sadistic Nature","floor":46},{"not_picked":["REME_ACTH","Transmutation"],"picked":"Juggernaut","floor":47},{"not_picked":["Shrug It Off+1","Anger+1","Evolve"],"picked":"SKIP","floor":48},{"not_picked":["Iron Wave+1","Perfected Strike","Sword Boomerang"],"picked":"SKIP","floor":48}],"player_experience":150626,"relics_obtained":[{"floor":1.0,"key":"Baka"},{"floor":4.0,"key":"Peace Pipe"},{"floor":4.0,"key":"Peace Pipe"},{"floor":9.0,"key":"StrikeDummy"},{"floor":10.0,"key":"Unceasing Top"},{"floor":11.0,"key":"Calipers"},{"floor":14.0,"key":"Du-Vu Doll"},{"floor":22,"key":"Lizard Tail"},{"floor":25,"key":"Potion Belt"},{"floor":25,"key":"Boot"},{"floor":26,"key":"Matryoshka"},{"floor":27,"key":"Pen Nib"},{"floor":31,"key":"Prayer Wheel"},{"floor":42,"key":"Bottled Lightning"},{"floor":43,"key":"GodSword5"},{"floor":43,"key":"MagicDraw1"},{"floor":44,"key":"Ccalipers"},{"floor":46,"key":"REME_IWantAll"},{"floor":47,"key":"Red Skull"}],"event_choices":[{"damage_healed":0.0,"max_hp_gain":0.0,"max_hp_loss":0.0,"gold_gain":0.0,"event_name":"The Woman in Blue","player_choice":"Bought 1 Potion","floor":2.0,"gold_loss":0.0,"damage_taken":0.0},{"damage_healed":0.0,"max_hp_gain":0.0,"max_hp_loss":0.0,"gold_gain":0.0,"event_name":"Addict","player_choice":"Stole Relic","floor":20.0,"gold_loss":0.0,"damage_taken":0.0,"relics_obtained":["Potion Belt"],"cards_obtained":["Shame"]},{"damage_healed":0.0,"max_hp_gain":0.0,"max_hp_loss":0.0,"gold_gain":0.0,"event_name":"Drug Dealer","player_choice":"Inject Mutagens","floor":21.0,"gold_loss":0.0,"damage_taken":0.0,"relics_obtained":["MutagenicStrength"]},{"damage_healed":23,"gold_gain":0,"player_choice":"Writhe","damage_taken":0,"max_hp_gain":0,"max_hp_loss":0,"event_name":"Winding Halls","floor":37,"gold_loss":0,"cards_obtained":["Writhe"]}],"is_beta":false,"boss_relics":[{"not_picked":["Velvet Choker","SlaversCollar"],"picked":"EasyGame_NEW"},{"not_picked":["Runic Cube","Runic Pyramid"],"picked":"SoulBox"}],"items_purged_floors":[30,38],"is_endless":false,"potions_floor_spawned":[4,10,14,16,22,33,35,36,44,48],"ascension_level":20}}