{"host":"x73jdofm2fk9hsud","time":1613723245,"event":{"mods":["BaseMod","Bestiary","Minty Spire (QoL Compilation)","Relic Stats","ojb\u0027s Better Paths Mod","ojb\u0027s Info Mod"],"gold_per_floor":[110,122,134,152,163,163,14,14,14,34,84,112,112,124,124,198,198,78,78,78,93,93,93,7,7,77,77,90,119,119,146,146,217,217,229,62,62,62],"floor_reached":37,"language":"ENG","playtime":1536,"items_purged":["Strike_B"],"score":860,"play_id":"96f19e38-9934-4aa4-8aa1-1317558cd9c6","local_time":"20210219032725","is_ascension_mode":true,"campfire_choices":[{"data":"Force Field","floor":6.0,"key":"SMITH"},{"data":"Self Repair","floor":8.0,"key":"SMITH"},{"floor":13.0,"key":"REST"},{"data":"Tempest","floor":15.0,"key":"SMITH"},{"data":"Amplify","floor":23,"key":"SMITH"},{"floor":25,"key":"REST"},{"floor":27,"key":"REST"},{"data":"All For One","floor":30,"key":"SMITH"},{"floor":32,"key":"REST"}],"circlet_count":0,"master_deck":["AscendersBane","Strike_B+1","Strike_B+1","Strike_B+1","Defend_B+1","Defend_B+1","Defend_B+1","Defend_B+1","Zap","Dualcast","Self Repair+1","Ball Lightning","Force Field+1","Tempest+1","All For One+1","Compile Driver","Creative AI+1","Amplify+1","Recycle","Cold Snap","Glacier","Conserve Battery+1","Defragment+1","Doom and Gloom+1","Barrage+1","Echo Form+1","Turbo+1"],"relics":["Snecko Eye","Frozen Egg 2","Prayer Wheel","SacredBark","Matryoshka","InkBottle","Darkstone Periapt","Sozu","Bag of Preparation"],"acts_visited":["Exordium","TheCity","TheBeyond"],"potions_floor_usage":[31],"damage_taken":[{"damage":2.0,"enemies":"Cultist","floor":1.0,"turns":4.0},{"damage":8.0,"enemies":"Small Slimes","floor":2.0,"turns":4.0},{"damage":8.0,"enemies":"2 Louse","floor":3.0,"turns":3.0},{"damage":33.0,"enemies":"Large Slime","floor":4.0,"turns":6.0},{"damage":8.0,"enemies":"3 Louse","floor":5.0,"turns":6.0},{"damage":37.0,"enemies":"Lots of Slimes","floor":10.0,"turns":5.0},{"damage":0.0,"enemies":"Gremlin Nob","floor":12.0,"turns":2.0},{"damage":0.0,"enemies":"Exordium Thugs","floor":14.0,"turns":4.0},{"damage":20.0,"enemies":"The Guardian","floor":16.0,"turns":11.0},{"damage":45,"enemies":"2 Thieves","floor":18,"turns":5},{"damage":7,"enemies":"Shell Parasite","floor":21,"turns":6},{"damage":3,"enemies":"Sentry and Sphere","floor":28,"turns":5},{"damage":24,"enemies":"Book of Stabbing","floor":29,"turns":5},{"damage":25,"enemies":"Gremlin Leader","floor":31,"turns":6},{"damage":60,"enemies":"Automaton","floor":33,"turns":10},{"damage":25,"enemies":"3 Darklings","floor":35,"turns":6},{"damage":61,"enemies":"3 Shapes","floor":37,"turns":3}],"seed_played":"375962365883621940","potions_obtained":[{"floor":5.0,"key":"FairyPotion"},{"floor":10.0,"key":"DuplicationPotion"},{"floor":12.0,"key":"Ancient Potion"},{"floor":14.0,"key":"EssenceOfSteel"},{"floor":21,"key":"SneckoOil"},{"floor":33,"key":"SkillPotion"}],"is_trial":false,"path_per_floor":["M","M","M","M","M","R","$","R","T","M","?","E","R","M","R","B",null,"M","?","?","M","?","R","$","R","T","R","M","E","R","E","R","B",null,"M","$","M"],"character_chosen":"DEFECT","items_purchased":["All For One","Defragment+1","Bag of Preparation"],"campfire_rested":4,"item_purchase_floors":[7,24,36],"current_hp_per_floor":[62,61,60,34,33,33,33,33,33,27,27,37,58,68,68,58,68,33,33,33,36,36,36,36,57,57,71,71,67,67,52,71,21,59,54,54,0,0],"gold":62,"neow_bonus":"BOSS_RELIC","is_daily":false,"chose_seed":false,"campfire_upgraded":5,"win_rate":0.0,"timestamp":1613723245,"path_taken":["M","M","M","?","?","R","$","R","T","M","?","E","R","M","R","BOSS","M","?","?","M","?","R","$","R","T","R","M","E","R","E","R","BOSS","M","$","M"],"items_purchased_type":["Card","Card","Relic"],"build_version":"2020-12-22","purchased_purges":1,"victory":false,"max_hp_per_floor":[71,71,71,71,71,71,71,71,71,71,71,71,71,71,71,71,71,71,71,71,71,71,71,71,71,71,71,71,71,71,71,71,71,71,71,71,71,71],"relic_stats":{"Darkstone Periapt":0,"Sozu":1,"counters":[17,91],"Snecko Eye":[155,163,163,167],"Prayer Wheel":5,"Bag of Preparation":[2],"obtain_stats":[{"Darkstone Periapt":31,"Sozu":34,"Matryoshka":26,"SacredBark":17,"Snecko Eye":0,"Prayer Wheel":12,"Bag of Preparation":36,"Frozen Egg 2":9,"Cracked Core":0,"InkBottle":29},{"Darkstone Periapt":14,"Sozu":15,"Matryoshka":11,"SacredBark":9,"Snecko Eye":0,"Prayer Wheel":7,"Bag of Preparation":16,"Frozen Egg 2":5,"Cracked Core":0,"InkBottle":13},{"Darkstone Periapt":72,"Sozu":82,"Matryoshka":56,"SacredBark":45,"Snecko Eye":0,"Prayer Wheel":30,"Bag of Preparation":88,"Frozen Egg 2":23,"Cracked Core":0,"InkBottle":66}],"InkBottle":[11]},"card_choices":[{"not_picked":["Cold Snap","Barrage"],"picked":"Self Repair","floor":1.0},{"not_picked":["Conserve Battery","Barrage"],"picked":"Ball Lightning","floor":2.0},{"not_picked":["Beam Cell","Reprogram","Rebound"],"picked":"SKIP","floor":3.0},{"not_picked":["Fusion","Stack"],"picked":"Force Field","floor":4.0},{"not_picked":["Redo","Beam Cell"],"picked":"Tempest","floor":5.0},{"not_picked":["FTL","Stack"],"picked":"Compile Driver","floor":10.0},{"not_picked":["Streamline","Redo","Double Energy"],"picked":"SKIP","floor":12.0},{"not_picked":["Reprogram","Steam"],"picked":"Creative AI+1","floor":14.0},{"not_picked":["Leap","Streamline","Gash"],"picked":"SKIP","floor":14.0},{"not_picked":["Reboot","Creative AI+1"],"picked":"Amplify","floor":16.0},{"not_picked":["Streamline","Stack"],"picked":"Recycle","floor":18},{"not_picked":["Double Energy","Gash"],"picked":"Cold Snap","floor":18},{"not_picked":["Ball Lightning","BootSequence"],"picked":"Conserve Battery+1","floor":21},{"not_picked":["Sweeping Beam","Steam","Barrage"],"picked":"SKIP","floor":21},{"not_picked":["Steam+1","Core Surge"],"picked":"Doom and Gloom+1","floor":28},{"not_picked":["Redo","Reprogram","Barrage"],"picked":"SKIP","floor":28},{"not_picked":["Sweeping Beam+1","Go for the Eyes","Streamline"],"picked":"SKIP","floor":29},{"not_picked":["Compile Driver","Conserve Battery+1"],"picked":"Barrage+1","floor":31},{"not_picked":["Amplify","All For One"],"picked":"Echo Form+1","floor":33},{"not_picked":["Redo","Gash"],"picked":"Turbo+1","floor":35},{"not_picked":["Sweeping Beam","Compile Driver","Heatsinks+1"],"picked":"SKIP","floor":35}],"player_experience":5389960,"relics_obtained":[{"floor":9.0,"key":"Frozen Egg 2"},{"floor":12.0,"key":"Prayer Wheel"},{"floor":26,"key":"Matryoshka"},{"floor":29,"key":"InkBottle"},{"floor":31,"key":"Darkstone Periapt"}],"event_choices":[{"damage_healed":0.0,"max_hp_gain":0.0,"max_hp_loss":0.0,"gold_gain":50.0,"event_name":"Golden Shrine","player_choice":"Pray","floor":11.0,"gold_loss":0.0,"damage_taken":0.0},{"damage_healed":0,"gold_gain":0,"player_choice":"Read","damage_taken":0,"max_hp_gain":0,"max_hp_loss":0,"event_name":"The Library","floor":20,"gold_loss":0,"cards_obtained":["Glacier"]},{"damage_healed":0,"gold_gain":0,"player_choice":"Simplicity","damage_taken":0,"max_hp_gain":0,"max_hp_loss":0,"event_name":"Back to Basics","floor":22,"gold_loss":0,"cards_upgraded":["Strike_B","Strike_B","Strike_B","Defend_B","Defend_B","Defend_B","Defend_B"]}],"is_beta":false,"boss_relics":[{"not_picked":["Runic Pyramid","Velvet Choker"],"picked":"SacredBark"},{"not_picked":["Calling Bell","Nuclear Battery"],"picked":"Sozu"}],"items_purged_floors":[7],"is_endless":false,"potions_floor_spawned":[5,10,12,14,21,29,33,35],"killed_by":"3 Shapes","ascension_level":20}}