{"host":"or1kyy78tiubr3jv","time":1613773444,"event":{"mods":["2.2 Compatiblity","AchievementEnabler","BaseMod","Bestiary","Better Note","Better Third Choice","BetterRewards","Colored Map","Colored Powertips","DeckTracker","Downfall","Energized Spire","Highlight Path","Infinite Spire","Minty Spire (QoL Compilation)","Quick Restart","Relic Filter","Reworked Bosses","StSLib","The Cursed","The Runesmith","The Showman"],"gold_per_floor":[99,111,131,142,142,156,227,227,227,246,257,274,274,292,302,403,403,403,422,422,522,535,549,549,562,562,562,562],"floor_reached":26,"language":"ENG","playtime":6505,"items_purged":["hexamod:Strike"],"score":227,"play_id":"c73c4b20-b60d-4e52-ba3d-fef23fc0a312","local_time":"20210219172404","is_ascension_mode":true,"campfire_choices":[{"data":"Deep Breath","floor":1,"key":"SMITH"},{"data":"hexamod:ApocalypseNow","floor":8,"key":"SMITH"},{"data":"hexamod:Float","floor":13,"key":"SMITH"},{"data":"hexamod:TurnItUp","floor":18,"key":"SMITH"}],"circlet_count":0,"master_deck":["hexamod:Strike","hexamod:Strike","hexamod:Strike","hexamod:Defend","hexamod:Defend","hexamod:Defend","hexamod:Defend","hexamod:Sear","hexamod:Float+1","Deep Breath+1","hexamod:SpectersWail","hexamod:GhostflameBarrier+1","hexamod:ApocalypseNow+1","hexamod:HeatMetal","hexamod:StepThrough","hexamod:SpectersWail","hexamod:StepThrough","hexamod:TurnItUp+1","hexamod:SpectersWail","infinitespire:UltimateForm","hexamod:NightmareGuise","hexamod:FastForward","hexamod:NightmareStrike+1","hexamod:NecessarySacrifice+1"],"relics":["hexamod:SpiritBrand","infinitespire:FocusingShard","Sozu","Bag of Preparation","Calipers","Blue Candle"],"acts_visited":["Exordium","TheCity"],"potions_floor_usage":[16,16,21,23],"damage_taken":[{"damage":3,"enemies":"Small Slimes","floor":2,"turns":3},{"damage":0,"enemies":"Jaw Worm","floor":3,"turns":4},{"damage":4,"enemies":"infinitespire:Voidling","floor":4,"turns":4},{"damage":0,"enemies":"downfall:LooterAlt","floor":6,"turns":3},{"damage":0,"enemies":"2 Fungi Beasts","floor":10,"turns":2},{"damage":3,"enemies":"Blue Slaver","floor":11,"turns":3},{"damage":1,"enemies":"Exordium Thugs","floor":12,"turns":3},{"damage":1,"enemies":"2 Fungi Beasts","floor":14,"turns":3},{"damage":6,"enemies":"Blue Slaver","floor":15,"turns":4},{"damage":46,"enemies":"WA_ARCHETYPE_RETAIN","floor":16,"turns":9},{"damage":10,"enemies":"Shell Parasite","floor":19,"turns":6},{"damage":6,"enemies":"Colosseum Nobs","floor":21,"turns":3},{"damage":0,"enemies":"Chosen","floor":22,"turns":3},{"damage":26,"enemies":"Snecko","floor":23,"turns":7},{"damage":21,"enemies":"Cultist and Chosen","floor":25,"turns":6},{"damage":15,"enemies":"Shelled Parasite and Fungi","floor":26,"turns":3}],"seed_played":"-5366239445559074536","potions_obtained":[{"floor":2,"key":"ColorlessPotion"},{"floor":4,"key":"Block Potion"},{"floor":6,"key":"PowerPotion"},{"floor":16,"key":"Block Potion"}],"is_trial":false,"path_per_floor":["R","M","M","M","?","M","T","R","?","M","M","M","R","M","M","B",null,"R","M","AVR","?","M","M","T","M","M"],"character_chosen":"THE_SPIRIT","items_purchased":[],"campfire_rested":0,"item_purchase_floors":[],"current_hp_per_floor":[70,67,67,67,67,67,67,67,67,67,64,63,63,62,56,10,70,70,60,60,54,54,28,28,7,0,0,0],"gold":562,"neow_bonus":"RANDOM_COLORLESS","is_daily":false,"chose_seed":false,"campfire_upgraded":4,"win_rate":0.0,"timestamp":1613773444,"path_taken":["R","M","M","M","?","M","T","R","?","M","M","M","R","?","M","BOSS","R","M","AVR","?","M","M","T","M","M"],"items_purchased_type":[],"build_version":"2020-12-22","purchased_purges":1,"victory":false,"max_hp_per_floor":[70,70,70,70,70,70,70,70,70,70,70,70,70,70,70,70,70,70,70,70,70,70,70,70,70,70,70,70],"card_choices":[{"not_picked":["PanicButton","Impatience"],"picked":"Deep Breath","floor":0},{"not_picked":["hexamod:RetreatToShadows","hexamod:NightmareStrike"],"picked":"hexamod:SpectersWail","floor":2},{"not_picked":["hexamod:SwordOfDarkness","hexamod:SuperheatedStrike"],"picked":"hexamod:GhostflameBarrier","floor":3},{"not_picked":["hexamod:InspiringFlames","hexamod:DynamicBlow"],"picked":"hexamod:ApocalypseNow","floor":4},{"not_picked":["hexamod:FlamesFromBeyond","hexamod:AdvancingGuard"],"picked":"hexamod:HeatMetal","floor":6},{"not_picked":["hexamod:SpectersWail","hexamod:ParanormalForm"],"picked":"hexamod:StepThrough","floor":10},{"not_picked":["hexamod:HauntingEcho","hexamod:PowerFromBeyond"],"picked":"hexamod:SpectersWail","floor":11},{"not_picked":["hexamod:GhostShield","hexamod:ExtraCrispy","hexamod:SwordOfDarkness"],"picked":"SKIP","floor":12},{"not_picked":["hexamod:NecessarySacrifice","hexamod:HeatMetal","hexamod:Firestarter"],"picked":"SKIP","floor":14},{"not_picked":["hexamod:FlamesFromBeyond","hexamod:InspiringFlames"],"picked":"hexamod:StepThrough","floor":15},{"not_picked":["hexamod:ParanormalForm","hexamod:GhostOfSpirePresent"],"picked":"hexamod:TurnItUp","floor":16},{"not_picked":["hexamod:SoulSteal","hexamod:ThermalTransfer"],"picked":"hexamod:SpectersWail","floor":19},{"not_picked":["hexamod:DynamicBlow","hexamod:SecondSeal"],"picked":"hexamod:NightmareGuise","floor":21},{"not_picked":["hexamod:GhostShield+1","hexamod:ShieldOfDarkness"],"picked":"hexamod:FastForward","floor":22},{"not_picked":["hexamod:RetreatToShadows","hexamod:GhostOfSpirePast"],"picked":"hexamod:NightmareStrike+1","floor":23},{"not_picked":["hexamod:BurningTouch+1","hexamod:PhantomFireball"],"picked":"hexamod:NecessarySacrifice+1","floor":25}],"player_experience":599449,"relics_obtained":[{"floor":7,"key":"infinitespire:FocusingShard"},{"floor":21,"key":"Calipers"},{"floor":21,"key":"Blue Candle"}],"event_choices":[],"is_beta":false,"boss_relics":[{"not_picked":["Busted Crown","Fusion Hammer"],"picked":"Sozu"}],"items_purged_floors":[20],"is_endless":false,"potions_floor_spawned":[2,4,6,16,19,21,23],"killed_by":"Shelled Parasite and Fungi","ascension_level":2}}