{"host":"eutfwpehtd75iaf6","time":1613713692,"event":{"mods":["BaseMod","Colored Map","Minty Spire (QoL Compilation)","StSLib","The Servant 0.9.4"],"gold_per_floor":[111,130,149,99,99,127,127,127,127,143,158,83,83,83,83,83,83],"floor_reached":16,"language":"ENG","playtime":1033,"items_purged":["Strike_S"],"score":100,"play_id":"fd9f3ec2-043c-40f4-8be1-d47f95144967","local_time":"20210219004812","is_ascension_mode":false,"campfire_choices":[{"data":"Potential","floor":8,"key":"SMITH"},{"floor":15,"key":"REST"}],"circlet_count":0,"master_deck":["Strike_S","Strike_S","Defend_S","Defend_S","Defend_S","Defend_S","KidneyShot","Exchange","Rearm","Revamp+1","Potential+1","Gouge","FastForward"],"relics":["Uniform","NeowsBlessing","Torii","Calipers","Bird Faced Urn"],"acts_visited":["Exordium"],"potions_floor_usage":[11],"damage_taken":[{"damage":0,"enemies":"Jaw Worm","floor":1,"turns":1},{"damage":0,"enemies":"Small Slimes","floor":2,"turns":1},{"damage":0,"enemies":"2 Louse","floor":3,"turns":1},{"damage":20,"enemies":"Lagavulin","floor":6,"turns":9},{"damage":25,"enemies":"Exordium Wildlife","floor":10,"turns":5},{"damage":8,"enemies":"2 Fungi Beasts","floor":11,"turns":3},{"damage":59,"enemies":"Slime Boss","floor":16,"turns":10}],"seed_played":"-7983599754270145957","potions_obtained":[{"floor":2,"key":"FairyPotion"},{"floor":10,"key":"DistilledChaos"}],"is_trial":false,"path_per_floor":["M","M","M","?","?","E","?","R","T","M","M","$","?","$","R","B"],"character_chosen":"THE_SERVANT","items_purchased":[],"campfire_rested":1,"item_purchase_floors":[],"current_hp_per_floor":[65,65,65,65,62,42,42,42,42,17,9,9,9,9,28,0,0],"gold":83,"neow_bonus":"THREE_ENEMY_KILL","is_daily":false,"chose_seed":false,"campfire_upgraded":1,"win_rate":0.0,"timestamp":1613713692,"path_taken":["M","M","M","?","?","E","?","R","T","?","M","$","?","?","R","BOSS"],"items_purchased_type":[],"build_version":"2020-12-22","purchased_purges":1,"victory":false,"max_hp_per_floor":[65,65,65,65,65,65,65,65,65,65,65,65,65,65,65,65,65],"card_choices":[{"not_picked":["DoubleEdge","ShatteredReality"],"picked":"Rearm","floor":1},{"not_picked":["DualDimension","Potential"],"picked":"Revamp","floor":2},{"not_picked":["Defy","DoubleEdge"],"picked":"Potential","floor":3},{"not_picked":["Spin","Read"],"picked":"Gouge","floor":6},{"not_picked":["Replace","SpecialFormula"],"picked":"FastForward","floor":10},{"not_picked":["Read","ForgedInTime","Shuttle"],"picked":"SKIP","floor":11}],"player_experience":122484,"relics_obtained":[{"floor":6,"key":"Calipers"},{"floor":9,"key":"Bird Faced Urn"}],"event_choices":[{"cards_removed":["Strike_S"],"damage_healed":0,"gold_gain":0,"player_choice":"Card Removal","damage_taken":0,"max_hp_gain":0,"max_hp_loss":0,"event_name":"The Cleric","floor":4,"gold_loss":50},{"damage_healed":0,"gold_gain":0,"player_choice":"Success","damage_taken":3,"relics_obtained":["Torii"],"max_hp_gain":0,"max_hp_loss":0,"event_name":"Scrap Ooze","floor":5,"gold_loss":0},{"damage_healed":0,"gold_gain":0,"player_choice":"Grow","damage_taken":0,"max_hp_gain":0,"max_hp_loss":0,"event_name":"Living Wall","floor":7,"gold_loss":0,"cards_upgraded":["Revamp"]},{"damage_healed":0,"gold_gain":0,"player_choice":"Ignored","damage_taken":0,"max_hp_gain":0,"max_hp_loss":0,"event_name":"Golden Idol","floor":13,"gold_loss":0}],"is_beta":false,"boss_relics":[],"items_purged_floors":[12],"is_endless":false,"potions_floor_spawned":[2,10],"killed_by":"Slime Boss","ascension_level":0}}