{"host":"kag8mfq4or8nkqb2","time":1613761350,"event":{"mods":["2.2 Compatiblity","BaseMod","Colored Map","Colored Powertips","Downfall","Minty Spire (QoL Compilation)","Relic Stats","StSLib"],"gold_per_floor":[99,99,115,2,102,102,102,117,133,133,153,180,80,112,126,229,229,229,239,239,239,253,46,46,57,89,106,6,19,33,238,248,351,351,251,267,317,61,61,81,81,81,81,98,130,130,130,145,156,156,156,184,19,19,19,19],"floor_reached":57,"language":"ENG","playtime":3856,"items_purged":["bronze:Strike","bronze:Strike","bronze:Defend","bronze:Defend","bronze:Replicate"],"score":1314,"play_id":"52dfc32d-1b74-413c-acda-2a2412d2d388","local_time":"20210219190230","is_ascension_mode":false,"campfire_choices":[{"data":"bronze:Goto","floor":1,"key":"SMITH"},{"data":"bronze:MaxOutput","floor":6,"key":"SMITH"},{"data":"bronze:OilSpill","floor":10,"key":"SMITH"},{"data":"bronze:OilSpill","floor":13,"key":"SMITH"},{"floor":18,"key":"RECALL"},{"data":"Madness","floor":28,"key":"SMITH"},{"data":"bronze:HardenedForm","floor":35,"key":"SMITH"},{"data":"bronze:Repulsor","floor":42,"key":"SMITH"},{"data":"bronze:Repulsor","floor":47,"key":"SMITH"},{"data":"bronze:Turbo","floor":54,"key":"SMITH"}],"circlet_count":0,"master_deck":["bronze:Defend","bronze:Defend","bronze:Goto+1","bronze:Branch+1","bronze:Repair","bronze:CutThrough+1","bronze:DigitalCarnage+1","bronze:MaxOutput+1","bronze:OilSpill+1","bronze:OilSpill","bronze:OilSpill+1","bronze:Turbo+1","Madness+1","bronze:HardenedForm+1","bronze:Repulsor+1","bronze:Repulsor+1","expansioncontent:AwakenDeath","bronze:BronzeArmor"],"relics":["bronze:PlatinumCore","HornCleat","Du-Vu Doll","downfall:HeartBlessingGreen","Bag of Marbles","Runic Pyramid","Sundial","bronze:BottledCode","Nunchaku","downfall:HeartBlessingRed","downfall:HeartBlessingBlue","Mango","Membership Card","Oddly Smooth Stone","Molten Egg 2","Whetstone","Pen Nib"],"acts_visited":["Exordium","TheCity","TheBeyond","TheEnding"],"potions_floor_usage":[5,33,33,55,56,56],"damage_taken":[{"damage":2,"enemies":"Jaw Worm","floor":3,"turns":4},{"damage":0,"enemies":"downfall:FleeingMerchant","floor":4,"turns":4},{"damage":25,"enemies":"downfall:Heads","floor":5,"turns":7},{"damage":0,"enemies":"Cultist","floor":8,"turns":2},{"damage":0,"enemies":"2 Louse","floor":9,"turns":2},{"damage":0,"enemies":"2 Fungi Beasts","floor":11,"turns":2},{"damage":0,"enemies":"Gremlin Nob","floor":12,"turns":3},{"damage":0,"enemies":"Lagavulin","floor":14,"turns":3},{"damage":0,"enemies":"3 Louse","floor":15,"turns":2},{"damage":6,"enemies":"IC_STATUS_ARCHETYPE","floor":16,"turns":3},{"damage":10,"enemies":"downfall:LooterAlt2","floor":19,"turns":2},{"damage":4,"enemies":"Chosen","floor":22,"turns":3},{"damage":0,"enemies":"downfall:FleeingMerchant","floor":23,"turns":4},{"damage":0,"enemies":"3 Cultists","floor":25,"turns":3},{"damage":12,"enemies":"Slavers","floor":26,"turns":5},{"damage":5,"enemies":"Snake Plant","floor":27,"turns":3},{"damage":0,"enemies":"Shelled Parasite and Fungi","floor":29,"turns":2},{"damage":0,"enemies":"3 Cultists","floor":30,"turns":3},{"damage":0,"enemies":"downfall:FleeingMerchant","floor":31,"turns":3},{"damage":0,"enemies":"Snake Plant","floor":32,"turns":3},{"damage":51,"enemies":"DF_ARCHETYPE_CLAW","floor":33,"turns":8},{"damage":0,"enemies":"3 Shapes","floor":36,"turns":2},{"damage":0,"enemies":"3 Shapes","floor":37,"turns":4},{"damage":0,"enemies":"Orb Walker","floor":40,"turns":2},{"damage":15,"enemies":"Writhing Mass","floor":44,"turns":3},{"damage":0,"enemies":"Giant Head","floor":45,"turns":4},{"damage":4,"enemies":"Spire Growth","floor":48,"turns":2},{"damage":0,"enemies":"Maw","floor":49,"turns":5},{"damage":51,"enemies":"SI_POISON_ARCHETYPE","floor":50,"turns":6},{"damage":39,"enemies":"downfall:CharBossMerchant","floor":52,"turns":6},{"damage":6,"enemies":"downfall:NeowBoss","floor":55,"turns":9},{"damage":40,"enemies":"downfall:NeowBossFinal","floor":56,"turns":10}],"seed_played":"2523242542704708878","potions_obtained":[{"floor":2,"key":"Slimebound:ThreeZeroPotion"},{"floor":2,"key":"FearPotion"},{"floor":2,"key":"SkillPotion"},{"floor":5,"key":"Slimebound:ThreeZeroPotion"},{"floor":33,"key":"AttackPotion"},{"floor":37,"key":"hexamod:SoulburnPotion"},{"floor":45,"key":"ColorlessPotion"},{"floor":52,"key":"DistilledChaos"}],"is_trial":false,"path_per_floor":["R","?","M","$","?","R","T","M","M","R","M","E","R","E","M","B",null,"R","M","?","?","M","$","T","M","E","M","R","M","M","$","M","B",null,"R","M","?","$","?","M","T","R","$","M","E","?","R","M","M","B",null,"E","$","R","B","B",null],"character_chosen":"THE_AUTOMATON","items_purchased":["bronze:CutThrough","Madness","Membership Card","bronze:Repulsor","Pen Nib"],"campfire_rested":0,"item_purchase_floors":[4,23,38,38,53],"current_hp_per_floor":[77,77,75,75,52,52,52,59,59,59,66,66,66,73,73,67,77,77,67,67,67,67,67,67,67,60,62,62,62,67,67,67,16,67,77,77,91,91,91,91,91,91,91,83,90,90,90,91,91,47,91,59,59,59,60,27],"gold":19,"neow_bonus":"TEN_PERCENT_HP_BONUS","is_daily":false,"chose_seed":false,"campfire_upgraded":9,"win_rate":0.0,"timestamp":1613761350,"path_taken":["R","?","M","$","?","R","T","M","M","R","M","E","R","E","M","BOSS","R","M","?","?","M","$","T","M","E","M","R","M","M","$","M","BOSS","R","M","?","$","?","M","T","R","$","M","E","?","R","M","M","BOSS","E","$","R","BOSS","BOSS"],"items_purchased_type":["Card","Card","Relic","Card","Relic"],"build_version":"2020-12-22","purchased_purges":5,"victory":true,"max_hp_per_floor":[77,77,77,77,77,77,77,77,77,77,77,77,77,77,77,77,77,77,77,77,67,67,67,67,67,67,67,67,67,67,67,67,67,67,77,77,91,91,91,91,91,91,91,91,91,91,91,91,91,91,91,91,91,91,91,91],"relic_stats":{"Nunchaku":[21],"counters":[32,124],"Sundial":[48],"Pen Nib":[4],"Whetstone":["bronze:CutThrough","bronze:Branch"],"obtain_stats":[{"bronze:PlatinumCore":34,"bronze:BronzeCore":0,"downfall:HeartBlessingRed":28,"Oddly Smooth Stone":41,"downfall:HeartBlessingGreen":13,"Mango":37,"Pen Nib":53,"Whetstone":52,"Du-Vu Doll":12,"bronze:BottledCode":21,"Nunchaku":26,"HornCleat":7,"Sundial":20,"downfall:HeartBlessingBlue":35,"Molten Egg 2":45,"Bag of Marbles":14,"Membership Card":38,"Runic Pyramid":17},{"bronze:PlatinumCore":21,"bronze:BronzeCore":0,"downfall:HeartBlessingRed":16,"Oddly Smooth Stone":24,"downfall:HeartBlessingGreen":7,"Mango":23,"Pen Nib":30,"Whetstone":30,"Du-Vu Doll":7,"bronze:BottledCode":11,"Nunchaku":15,"HornCleat":3,"Sundial":11,"downfall:HeartBlessingBlue":21,"Molten Egg 2":26,"Bag of Marbles":8,"Membership Card":23,"Runic Pyramid":10},{"bronze:PlatinumCore":71,"bronze:BronzeCore":0,"downfall:HeartBlessingRed":52,"Oddly Smooth Stone":79,"downfall:HeartBlessingGreen":24,"Mango":77,"Pen Nib":105,"Whetstone":105,"Du-Vu Doll":24,"bronze:BottledCode":34,"Nunchaku":49,"HornCleat":15,"Sundial":34,"downfall:HeartBlessingBlue":71,"Molten Egg 2":86,"Bag of Marbles":27,"Membership Card":77,"Runic Pyramid":32}]},"card_choices":[{"not_picked":["bronze:BitShift","bronze:BugBarrage"],"picked":"bronze:Branch","floor":3},{"not_picked":["bronze:BitShift","bronze:Overheat"],"picked":"bronze:Repair","floor":4},{"not_picked":["bronze:CutThrough","bronze:Allocate"],"picked":"bronze:MaxOutput","floor":5},{"not_picked":["bronze:BugBarrage","bronze:Branch"],"picked":"bronze:OilSpill","floor":8},{"not_picked":["bronze:Shield","bronze:Deprecate"],"picked":"bronze:OilSpill","floor":9},{"not_picked":["bronze:DelayedSlice","bronze:FollowUp","bronze:ChosenStrike"],"picked":"SKIP","floor":11},{"not_picked":["bronze:HardenedForm","bronze:Shield"],"picked":"bronze:OilSpill","floor":12},{"not_picked":["bronze:Backtrace","bronze:Repair","bronze:BronzeOrb"],"picked":"SKIP","floor":14},{"not_picked":["bronze:DelayedSlice","bronze:WhirlingStrike","bronze:ItsAFeature"],"picked":"SKIP","floor":15},{"not_picked":["bronze:DelayedGuard","bronze:ChosenStrike+1","bronze:Branch"],"picked":"SKIP","floor":19},{"not_picked":["bronze:BugBarrage","bronze:OilSpill"],"picked":"bronze:Turbo","floor":22},{"not_picked":["bronze:ChildClass","bronze:Invalidate","bronze:CutThrough+1"],"picked":"SKIP","floor":23},{"not_picked":["bronze:DelayedSlice","bronze:Fortify","bronze:Iterate"],"picked":"SKIP","floor":25},{"not_picked":["bronze:ChosenStrike","bronze:ItsAFeature","bronze:DarkDash+1"],"picked":"SKIP","floor":26},{"not_picked":["bronze:ChildClass+1","bronze:RecursiveStrike","bronze:Overheat"],"picked":"SKIP","floor":27},{"not_picked":["bronze:Allocate","bronze:DelayedGuard","bronze:Backtrace"],"picked":"SKIP","floor":29},{"not_picked":["bronze:Turbo","bronze:WildBeam","bronze:BugBarrage"],"picked":"SKIP","floor":30},{"not_picked":["bronze:Boost","bronze:BitShift","bronze:ShipIt"],"picked":"SKIP","floor":31},{"not_picked":["bronze:Invalidate","bronze:Overload","bronze:FineTuning+1"],"picked":"SKIP","floor":32},{"not_picked":["bronze:BurnOut","bronze:Format"],"picked":"bronze:HardenedForm","floor":33},{"not_picked":["bronze:FineTuning+1","bronze:Invalidate","bronze:DelayedSlice+1"],"picked":"SKIP","floor":36},{"not_picked":["bronze:CutThrough","bronze:DelayedGuard","bronze:WildBeam"],"picked":"SKIP","floor":40},{"not_picked":["bronze:BronzeOrb+1","bronze:Branch"],"picked":"bronze:Repulsor","floor":44},{"not_picked":["bronze:Format","bronze:Overheat+1","bronze:Optimize"],"picked":"SKIP","floor":45},{"not_picked":["expansioncontent:GuardianWhirl","expansioncontent:LastStand"],"picked":"expansioncontent:AwakenDeath","floor":46},{"not_picked":["bronze:CutThrough+1","bronze:BitShift","bronze:DarkDash+1"],"picked":"SKIP","floor":48},{"not_picked":["bronze:Boost+1","bronze:BuggyMess","bronze:Invalidate+1"],"picked":"SKIP","floor":49},{"not_picked":["bronze:Safeguard+1","bronze:Philosophize+1"],"picked":"bronze:BronzeArmor","floor":52}],"player_experience":1110309,"relics_obtained":[{"floor":7,"key":"HornCleat"},{"floor":12,"key":"Du-Vu Doll"},{"floor":14,"key":"Bag of Marbles"},{"floor":26,"key":"Nunchaku"},{"floor":37,"key":"Mango"},{"floor":41,"key":"Oddly Smooth Stone"},{"floor":45,"key":"Molten Egg 2"},{"floor":52,"key":"Whetstone"}],"event_choices":[{"damage_healed":0,"gold_gain":0,"player_choice":"Got Potions","damage_taken":0,"max_hp_gain":0,"max_hp_loss":0,"event_name":"Lab","floor":2,"gold_loss":0}],"is_beta":false,"boss_relics":[{"not_picked":["sneckomod:SneckoTalon","Astrolabe"],"picked":"Runic Pyramid"},{"not_picked":["Calling Bell","Tiny House"],"picked":"bronze:PlatinumCore"}],"items_purged_floors":[4,23,31,38,53],"is_endless":false,"potions_floor_spawned":[3,5,9,15,25,26,30,32,33,37,40,45,48,52],"ascension_level":0}}