{"host":"mwb0clku6crgv6yl","time":1613719490,"event":{"mods":["AchievementEnabler","BaseMod","Highlight Path","Minty Spire (QoL Compilation)","StSLib","The Cursed"],"gold_per_floor":[119,194,207,207,29,29,45,70,94,94,94,94,113,113,113,227,299,313,342,342,267,267,267,280,296,365,365,464,491,506,518,518,623,623,637,637,637,637],"floor_reached":37,"language":"ZHS","playtime":1186,"items_purged":["Dark Embrace"],"score":385,"play_id":"7428cdf8-7dd1-4e1b-9e00-54e368adcd3f","local_time":"20210219152450","is_ascension_mode":false,"campfire_choices":[{"data":"Flex","floor":6,"key":"SMITH"},{"data":"Bash","floor":10,"key":"SMITH"},{"data":"Clash","floor":12,"key":"SMITH"},{"floor":15,"key":"RECALL"},{"data":"Whirlwind","floor":23,"key":"SMITH"},{"data":"Fiend Fire","floor":32,"key":"SMITH"}],"circlet_count":0,"master_deck":["Bash+1","Clash+1","Flex+1","Fiend Fire+1","Bloodletting","Reaper","Armaments","Impervious","Brutality","Whirlwind+1","Uppercut"],"relics":["Burning Blood","Orichalcum","Medical Kit","PreservedInsect","MealTicket","CeramicFish","Pandora\u0027s Box","Red Mask","Champion Belt","StrikeDummy","Enchiridion","Oddly Smooth Stone","Black Star"],"acts_visited":["Exordium","TheCity","TheBeyond"],"potions_floor_usage":[33,33,37,37],"damage_taken":[{"damage":0,"enemies":"Small Slimes","floor":1,"turns":3},{"damage":13,"enemies":"Jaw Worm","floor":3,"turns":4},{"damage":5,"enemies":"Cultist","floor":7,"turns":4},{"damage":2,"enemies":"Gremlin Nob","floor":8,"turns":3},{"damage":5,"enemies":"Looter","floor":13,"turns":2},{"damage":46,"enemies":"The Guardian","floor":16,"turns":12},{"damage":24,"enemies":"3 Byrds","floor":18,"turns":4},{"damage":36,"enemies":"Masked Bandits","floor":19,"turns":5},{"damage":9,"enemies":"Spheric Guardian","floor":24,"turns":3},{"damage":22,"enemies":"3 Cultists","floor":25,"turns":4},{"damage":13,"enemies":"Gremlin Leader","floor":29,"turns":3},{"damage":8,"enemies":"Chosen and Byrds","floor":30,"turns":3},{"damage":24,"enemies":"Shelled Parasite and Fungi","floor":31,"turns":4},{"damage":77,"enemies":"Collector","floor":33,"turns":8},{"damage":18,"enemies":"3 Shapes","floor":35,"turns":2},{"damage":110,"enemies":"Awakened One","floor":37,"turns":6}],"seed_played":"-7773590009795467540","potions_obtained":[{"floor":1,"key":"BloodPotion"},{"floor":7,"key":"BlessingOfTheForge"},{"floor":8,"key":"Dexterity Potion"},{"floor":24,"key":"BloodPotion"},{"floor":33,"key":"Energy Potion"}],"is_trial":false,"path_per_floor":["M","?","M","?","$","R","M","E","T","R","T","R","M","?","R","B",null,"M","?","?","$","T","R","M","M","T","?","?","E","M","M","R","B",null,"M","?","B"],"character_chosen":"IRONCLAD","items_purchased":["Medical Kit","Flex"],"campfire_rested":0,"item_purchase_floors":[5,5],"current_hp_per_floor":[80,69,62,62,62,62,63,67,67,67,67,67,68,68,68,28,80,62,44,44,59,59,59,56,64,64,48,48,48,62,52,52,14,80,68,68,0,0],"gold":637,"neow_bonus":"RANDOM_COMMON_RELIC","is_daily":false,"chose_seed":false,"campfire_upgraded":5,"win_rate":0.0,"timestamp":1613719490,"path_taken":["M","?","M","?","$","R","M","E","T","R","?","R","M","?","R","BOSS","M","?","?","$","?","R","M","?","T","?","?","E","M","M","R","BOSS","M","?","BOSS"],"items_purchased_type":["Relic","Card"],"build_version":"2020-12-22","purchased_purges":1,"victory":false,"max_hp_per_floor":[80,80,80,80,80,80,80,80,80,80,80,80,80,80,80,80,80,80,80,80,80,80,80,80,80,80,80,80,80,80,80,80,80,80,80,80,80,80],"card_choices":[{"not_picked":["Cleave","Wild Strike","Combust"],"picked":"SKIP","floor":1},{"not_picked":["Rupture","Shrug It Off"],"picked":"Clash","floor":3},{"not_picked":["Body Slam","Havoc","Barricade"],"picked":"SKIP","floor":7},{"not_picked":["Twin Strike","Berserk","Blood for Blood"],"picked":"SKIP","floor":8},{"not_picked":["Seeing Red","Dropkick","Pommel Strike"],"picked":"SKIP","floor":13},{"not_picked":["Reaper","Exhume"],"picked":"Fiend Fire","floor":16},{"not_picked":["Rupture+1","Burning Pact+1","Body Slam"],"picked":"SKIP","floor":18},{"not_picked":["Shrug It Off+1","Iron Wave+1","Anger"],"picked":"SKIP","floor":24},{"not_picked":["Reaper","Sword Boomerang+1","Warcry"],"picked":"SKIP","floor":25},{"not_picked":["Flex+1","Hemokinesis","Wild Strike+1"],"picked":"SKIP","floor":29},{"not_picked":["Twin Strike","Inflame+1","Pommel Strike"],"picked":"SKIP","floor":30},{"not_picked":["Demon Form","Sever Soul","Heavy Blade"],"picked":"SKIP","floor":31},{"not_picked":["Blood for Blood+1","Sword Boomerang","Anger+1"],"picked":"SKIP","floor":35}],"player_experience":350486,"relics_obtained":[{"floor":8,"key":"PreservedInsect"},{"floor":9,"key":"MealTicket"},{"floor":11,"key":"CeramicFish"},{"floor":19,"key":"Red Mask"},{"floor":22,"key":"Champion Belt"},{"floor":26,"key":"StrikeDummy"},{"floor":27,"key":"Enchiridion"},{"floor":29,"key":"Oddly Smooth Stone"}],"event_choices":[{"damage_healed":0,"gold_gain":75,"player_choice":"Gather Gold","damage_taken":11,"max_hp_gain":0,"max_hp_loss":0,"event_name":"World of Goop","floor":2,"gold_loss":0},{"cards_removed":["Defend_R"],"damage_healed":0,"gold_gain":0,"player_choice":"Forget","damage_taken":0,"max_hp_gain":0,"max_hp_loss":0,"event_name":"Living Wall","floor":4,"gold_loss":0},{"damage_healed":0,"gold_gain":0,"player_choice":"Ignored","damage_taken":0,"max_hp_gain":0,"max_hp_loss":0,"event_name":"NoteForYourself","floor":14,"gold_loss":0},{"damage_healed":0,"gold_gain":0,"player_choice":"Fought Bandits","damage_taken":0,"max_hp_gain":0,"max_hp_loss":0,"event_name":"Masked Bandits","floor":19,"gold_loss":0},{"damage_healed":0,"gold_gain":0,"player_choice":"Ignored","damage_taken":0,"max_hp_gain":0,"max_hp_loss":0,"event_name":"Ghosts","floor":20,"gold_loss":0},{"damage_healed":0,"gold_gain":0,"player_choice":"Obtained Book","damage_taken":16,"max_hp_gain":0,"max_hp_loss":0,"event_name":"Cursed Tome","floor":27,"gold_loss":0},{"damage_healed":0,"gold_gain":99,"player_choice":"Stole From Cult","damage_taken":0,"max_hp_gain":0,"max_hp_loss":0,"event_name":"Nest","floor":28,"gold_loss":0},{"damage_healed":0,"gold_gain":0,"player_choice":"Took Portal","damage_taken":0,"max_hp_gain":0,"max_hp_loss":0,"event_name":"SecretPortal","floor":36,"gold_loss":0}],"is_beta":false,"boss_relics":[{"not_picked":["Velvet Choker","Coffee Dripper"],"picked":"Pandora\u0027s Box"},{"not_picked":["Philosopher\u0027s Stone","Tiny House"],"picked":"Black Star"}],"items_purged_floors":[21],"is_endless":false,"potions_floor_spawned":[1,7,8,19,24,25,33],"killed_by":"Awakened One","ascension_level":0}}