{"host":"utqe55yv0jihe4d6","time":1613708155,"event":{"mods":["2.2 Compatiblity","AchievementEnabler","BaseMod","Block Reminder","Colored Map","Colored Powertips","Minty Spire (QoL Compilation)","Quick Restart","Rare Cards Sparkle","Relic Stats","SuperFastMode"],"gold_per_floor":[109,109,34,44,44,76,76,76,76,94,94,119,119,137,137,214,214,233,233,245,245,256,256,290,205,205,225,260,279,16,116,116,192,192,212,212,223,223,223,223,223],"floor_reached":40,"language":"ENG","playtime":1240,"items_purged":["Pain","Strike_R"],"score":989,"play_id":"bba23fe7-48a5-4c92-b7b4-d376e71dc7b1","local_time":"20210218231555","is_ascension_mode":true,"campfire_choices":[{"data":"Spot Weakness","floor":8.0,"key":"SMITH"},{"data":"Inflame","floor":15.0,"key":"SMITH"},{"floor":23.0,"key":"REST"},{"floor":32,"key":"REST"}],"circlet_count":0,"master_deck":["AscendersBane","Defend_R","Defend_R","Bash","Spot Weakness+1","Clothesline","Twin Strike","Whirlwind","Inflame+1","Uppercut","Feed","Heavy Blade","Feed","Seeing Red","Metallicize","Feel No Pain","Flame Barrier","Armaments","Reaper","Sever Soul+1","Fire Breathing+1","Pommel Strike+1","Blind","Panacea","Finesse"],"relics":["Burning Blood","NeowsBlessing","WarpedTongs","Incense Burner","Paper Frog","Lantern","Runic Pyramid","Charon\u0027s Ashes","Ginger","InkBottle","Bottled Lightning","Medical Kit","Gambling Chip","Self Forming Clay","Astrolabe"],"acts_visited":["Exordium","TheCity","TheBeyond"],"potions_floor_usage":[31,33,40],"damage_taken":[{"damage":0.0,"enemies":"2 Louse","floor":1.0,"turns":1.0},{"damage":0.0,"enemies":"Cultist","floor":4.0,"turns":1.0},{"damage":0.0,"enemies":"Gremlin Nob","floor":6.0,"turns":1.0},{"damage":1.0,"enemies":"Small Slimes","floor":10.0,"turns":4.0},{"damage":16.0,"enemies":"Lagavulin","floor":12.0,"turns":4.0},{"damage":0.0,"enemies":"3 Louse","floor":14.0,"turns":1.0},{"damage":27.0,"enemies":"The Guardian","floor":16.0,"turns":8.0},{"damage":1.0,"enemies":"3 Byrds","floor":18.0,"turns":9.0},{"damage":30.0,"enemies":"2 Thieves","floor":20.0,"turns":5.0},{"damage":32.0,"enemies":"Sentry and Sphere","floor":22.0,"turns":7.0},{"damage":21.0,"enemies":"Gremlin Leader","floor":24.0,"turns":7.0},{"damage":8.0,"enemies":"Centurion and Healer","floor":27.0,"turns":5.0},{"damage":23.0,"enemies":"Book of Stabbing","floor":28.0,"turns":5.0},{"damage":21.0,"enemies":"3 Cultists","floor":29.0,"turns":5.0},{"damage":20,"enemies":"Colosseum Slavers","floor":31,"turns":4},{"damage":6,"enemies":"Colosseum Nobs","floor":31,"turns":3},{"damage":64,"enemies":"Collector","floor":33,"turns":9},{"damage":15,"enemies":"3 Darklings","floor":35,"turns":9},{"damage":16,"enemies":"Orb Walker","floor":37,"turns":4},{"damage":169,"enemies":"Giant Head","floor":40,"turns":9}],"seed_played":"-2639409636711685939","potions_obtained":[{"floor":1.0,"key":"Ancient Potion"},{"floor":10.0,"key":"ColorlessPotion"},{"floor":12.0,"key":"Dexterity Potion"},{"floor":18.0,"key":"EssenceOfSteel"},{"floor":24.0,"key":"Dexterity Potion"},{"floor":28.0,"key":"PowerPotion"},{"floor":29.0,"key":"SteroidPotion"},{"floor":31,"key":"PowerPotion"}],"is_trial":false,"path_per_floor":["M","?","$","M","?","E","?","R","T","M","?","E","?","M","R","B",null,"M","?","M","?","M","R","E","?","T","M","E","M","$","?","R","B",null,"M","?","M","?","?","E"],"character_chosen":"IRONCLAD","items_purchased":["Medical Kit"],"campfire_rested":2,"item_purchase_floors":[30],"current_hp_per_floor":[74,74,74,75,52,58,51,51,51,56,61,51,51,57,57,36,69,78,78,61,61,43,72,61,61,61,66,52,43,43,38,76,22,105,124,124,133,133,123,0,0],"gold":223,"neow_bonus":"THREE_ENEMY_KILL","is_daily":false,"chose_seed":false,"campfire_upgraded":2,"win_rate":0.0,"timestamp":1613708155,"path_taken":["M","?","?","?","?","E","?","R","T","M","?","E","?","M","R","BOSS","M","?","?","?","M","R","E","?","T","M","E","M","$","?","R","BOSS","M","?","?","?","?","E"],"items_purchased_type":["Relic"],"build_version":"2020-12-22","purchased_purges":2,"victory":false,"max_hp_per_floor":[75,75,75,75,75,75,75,75,75,75,80,80,80,80,80,80,80,84,84,91,91,99,99,103,103,103,110,113,119,119,128,128,132,132,136,136,136,136,136,136,136],"relic_stats":{"counters":[20,101],"Self Forming Clay":[39],"Gambling Chip":[3],"Astrolabe":["Sever Soul","Fire Breathing","Pommel Strike"],"Charon\u0027s Ashes":[132],"Ginger":[8],"Medical Kit":[0],"obtain_stats":[{"Lantern":12,"NeowsBlessing":0,"Self Forming Clay":31,"Astrolabe":34,"Charon\u0027s Ashes":24,"Incense Burner":6,"Ginger":25,"Medical Kit":30,"Burning Blood":0,"WarpedTongs":2,"Gambling Chip":31,"Bottled Lightning":28,"InkBottle":26,"Paper Frog":9,"Runic Pyramid":17},{"Lantern":5,"NeowsBlessing":0,"Self Forming Clay":16,"Astrolabe":17,"Charon\u0027s Ashes":11,"Incense Burner":3,"Ginger":11,"Medical Kit":14,"Burning Blood":0,"WarpedTongs":1,"Gambling Chip":16,"Bottled Lightning":13,"InkBottle":11,"Paper Frog":3,"Runic Pyramid":7},{"Lantern":11,"NeowsBlessing":0,"Self Forming Clay":70,"Astrolabe":79,"Charon\u0027s Ashes":48,"Incense Burner":3,"Ginger":48,"Medical Kit":63,"Burning Blood":0,"WarpedTongs":1,"Gambling Chip":70,"Bottled Lightning":58,"InkBottle":48,"Paper Frog":3,"Runic Pyramid":20}],"Burning Blood":109,"InkBottle":[15],"WarpedTongs":[100]},"card_choices":[{"not_picked":["Flex","True Grit"],"picked":"Spot Weakness","floor":1.0},{"not_picked":["Inflame","Clash"],"picked":"Clothesline","floor":4.0},{"not_picked":["Armaments","Sever Soul"],"picked":"Twin Strike","floor":6.0},{"not_picked":["Cleave","Sword Boomerang"],"picked":"Whirlwind","floor":10.0},{"not_picked":["Anger","Sword Boomerang"],"picked":"Inflame","floor":12.0},{"not_picked":["Infernal Blade","Anger"],"picked":"Uppercut","floor":14.0},{"not_picked":["Limit Break","Double Tap"],"picked":"Feed","floor":16.0},{"not_picked":["Clothesline","Iron Wave"],"picked":"Heavy Blade","floor":18.0},{"not_picked":["Thunderclap","Infernal Blade+1","Cleave"],"picked":"SKIP","floor":20.0},{"not_picked":["Reckless Charge","Perfected Strike"],"picked":"Seeing Red","floor":22.0},{"not_picked":["Headbutt","Shrug It Off"],"picked":"Metallicize","floor":24.0},{"not_picked":["Rupture","Pummel+1"],"picked":"Feel No Pain","floor":27.0},{"not_picked":["Perfected Strike","Dual Wield"],"picked":"Flame Barrier","floor":28.0},{"not_picked":["Clash","Iron Wave"],"picked":"Armaments","floor":29.0},{"not_picked":["Corruption","Juggernaut"],"picked":"Reaper","floor":33},{"not_picked":["Dropkick","Cleave","Body Slam+1"],"picked":"SKIP","floor":35},{"not_picked":["Perfected Strike","Inflame","Spot Weakness+1"],"picked":"SKIP","floor":37},{"not_picked":["Trip","Purity"],"picked":"Blind","floor":39},{"not_picked":["Forethought","Dramatic Entrance"],"picked":"Panacea","floor":39},{"not_picked":["Secret Technique","Secret Weapon"],"picked":"Finesse","floor":39}],"player_experience":3094830,"relics_obtained":[{"floor":6.0,"key":"Incense Burner"},{"floor":9.0,"key":"Paper Frog"},{"floor":12.0,"key":"Lantern"},{"floor":24.0,"key":"Charon\u0027s Ashes"},{"floor":26.0,"key":"InkBottle"},{"floor":28.0,"key":"Bottled Lightning"},{"floor":31,"key":"Gambling Chip"},{"floor":31,"key":"Self Forming Clay"}],"event_choices":[{"damage_healed":0.0,"max_hp_gain":0.0,"max_hp_loss":0.0,"gold_gain":0.0,"event_name":"Accursed Blacksmith","player_choice":"Rummage","floor":2.0,"gold_loss":0.0,"damage_taken":0.0,"relics_obtained":["WarpedTongs"],"cards_obtained":["Pain"]},{"damage_healed":0.0,"max_hp_gain":0.0,"max_hp_loss":0.0,"gold_gain":0.0,"event_name":"Shining Light","player_choice":"Entered Light","floor":5.0,"gold_loss":0.0,"damage_taken":23.0,"cards_upgraded":["Strike_R","Strike_R"]},{"cards_removed":["Strike_R"],"damage_healed":0.0,"max_hp_gain":0.0,"max_hp_loss":0.0,"gold_gain":0.0,"event_name":"Golden Wing","player_choice":"Card Removal","floor":7.0,"gold_loss":0.0,"damage_taken":7.0},{"damage_healed":0.0,"max_hp_gain":5.0,"max_hp_loss":0.0,"gold_gain":0.0,"event_name":"Big Fish","player_choice":"Donut","floor":11.0,"gold_loss":0.0,"damage_taken":0.0},{"damage_healed":0.0,"max_hp_gain":0.0,"max_hp_loss":0.0,"gold_gain":0.0,"event_name":"Liars Game","player_choice":"Ignored","floor":13.0,"gold_loss":0.0,"damage_taken":0.0},{"damage_healed":0.0,"max_hp_gain":0.0,"max_hp_loss":0.0,"gold_gain":0.0,"event_name":"Duplicator","player_choice":"Copied","floor":19.0,"gold_loss":0.0,"damage_taken":0.0,"cards_obtained":["Feed"]},{"cards_removed":["Strike_R"],"damage_healed":0.0,"max_hp_gain":0.0,"max_hp_loss":0.0,"gold_gain":0.0,"event_name":"Back to Basics","player_choice":"Elegance","floor":21.0,"gold_loss":0.0,"damage_taken":0.0},{"damage_healed":0.0,"max_hp_gain":0.0,"max_hp_loss":0.0,"gold_gain":0.0,"event_name":"Addict","player_choice":"Obtained Relic","floor":25.0,"gold_loss":85.0,"damage_taken":0.0,"relics_obtained":["Ginger"]},{"damage_healed":0,"gold_gain":0,"player_choice":"Fight","damage_taken":0,"max_hp_gain":0,"max_hp_loss":0,"event_name":"Colosseum","floor":31,"gold_loss":0},{"damage_healed":0,"gold_gain":0,"player_choice":"Fought Nobs","damage_taken":0,"max_hp_gain":0,"max_hp_loss":0,"event_name":"Colosseum","floor":31,"gold_loss":0},{"damage_healed":0,"gold_gain":0,"player_choice":"Ignored","damage_taken":0,"max_hp_gain":0,"max_hp_loss":0,"event_name":"SecretPortal","floor":36,"gold_loss":0},{"cards_removed":["Defend_R"],"damage_healed":0,"gold_gain":0,"player_choice":"Removed Skill","damage_taken":0,"max_hp_gain":0,"max_hp_loss":0,"event_name":"Falling","floor":38,"gold_loss":0},{"damage_healed":0,"gold_gain":0,"player_choice":"Memory 3","damage_taken":10,"max_hp_gain":0,"max_hp_loss":0,"event_name":"SensoryStone","floor":39,"gold_loss":0}],"is_beta":false,"boss_relics":[{"not_picked":["Calling Bell","Tiny House"],"picked":"Runic Pyramid"},{"not_picked":["SacredBark","Velvet Choker"],"picked":"Astrolabe"}],"items_purged_floors":[3,30],"is_endless":false,"potions_floor_spawned":[1,10,12,18,24,28,29,31],"killed_by":"Giant Head","ascension_level":20}}