{"host":"43gh4c2f6tt319we","time":1613753817,"event":{"mods":["ATMod(∞¢Ë™Mod)","Act Like it!","Arknights","BaseMod","Gensokyo","Hallownest","KinomotoSakuraMod(ƒæ÷Æ±æ”£)","Lobotomy","Minty Spire (QoL Compilation)","Pale of the Ancients","Reimu£®≤©¿ˆ¡È√Œ£©","Relic Filter Mod","Remilia£®¿Ÿ√◊¿Ú—«£©","StSLib","The Alterego","The Bug Knight","Yakumo Yukari mod","Youmu£®ªÍ∆«—˝√Œ£©"],"gold_per_floor":[112,128,138,138,150,150,182,202,202,221,40,54,67,67,67,165,165,181,181,198,123,137,137,170,20,101,126,141,141,51,69,69,69,69],"floor_reached":33,"language":"ZHS","playtime":3018,"items_purged":["Hallownest:curseDreamersLament"],"score":416,"play_id":"9a426320-5608-43b7-a672-b78dbc903ecc","local_time":"20210220015657","daily_mods":["Heirloom"],"is_ascension_mode":false,"campfire_choices":[{"data":"AT_FamilyPortrait","floor":6,"key":"SMITH"},{"data":"Mayhem","floor":15,"key":"SMITH"},{"data":"HollowMod:QuickDashStart","floor":23,"key":"SMITH"},{"floor":29,"key":"REST"},{"data":"HollowMod:DashSlash","floor":32,"key":"SMITH"}],"circlet_count":0,"master_deck":["HollowMod:NailStrikeStart","HollowMod:NailStrikeStart","HollowMod:NailStrikeStart","HollowMod:NailStrikeStart","HollowMod:QuickDashStart","HollowMod:QuickDashStart+1","HollowMod:QuickDashStart+1","HollowMod:QuickDashStart+1","HollowMod:FocusHealStart","HollowMod:PogoStrike","AT_FamilyPortrait+1","HollowMod:HowlingWraiths","HollowMod:DashSlash","HollowMod:CycloneSlash","HollowMod:DashSlash","Mayhem+1","HollowMod:Weaversong","HollowMod:SharpenedShadows","HollowMod:SoulMaster","HollowMod:CrystalDash","HollowMod:DashSlash+1","HollowMod:VengefulVoid","HollowMod:LordofShades","HollowMod:MantisMark","Hallownest:attackAdjustingAction","HollowMod:VengefulVoid","HollowMod:CloakDash+1"],"relics":["HollowMod:VoidIdolRelic","AT_ATBox","CaptainsWheel","Hallownest:DreamNailRelic","AT_ForceNature","Matryoshka","Hallownest:WatcherSealRelic","Blood Vial","HollowMod:StagPassRelic","War Paint","HollowMod:StagPassRelic","HollowMod:QueensCombRelic","Hallownest:StagBellRelic1"],"acts_visited":["Exordium","Hallownest:Greenpath"],"potions_floor_usage":[7,7,16,16,27,27,28,28],"damage_taken":[{"damage":0,"enemies":"2_ Uuma","floor":1,"turns":5},{"damage":5,"enemies":"Hallownest:monsterHuskGuard","floor":2,"turns":5},{"damage":0,"enemies":"Hallownest:2_MossCreeps","floor":3,"turns":4},{"damage":1,"enemies":"Hallownest:2_Tiktiks_1_Baldur_1_Crawlid","floor":5,"turns":2},{"damage":2,"enemies":"Hallownest:eliteVengeflyKing","floor":7,"turns":5},{"damage":13,"enemies":"Hallownest:1_Ooma_and_2_Uuma","floor":8,"turns":7},{"damage":9,"enemies":"Hallownest:monsterFoolEater","floor":10,"turns":5},{"damage":0,"enemies":"Hallownest:MossCreep_and_Mosskin","floor":12,"turns":5},{"damage":1,"enemies":"Hallownest:monsterAspidMother","floor":13,"turns":3},{"damage":21,"enemies":"Hallownest:BossFalseKnight","floor":16,"turns":8},{"damage":11,"enemies":"Hallownest:2_Mistakes","floor":18,"turns":8},{"damage":26,"enemies":"Hallownest:3_Youths","floor":20,"turns":5},{"damage":7,"enemies":"Hallownest:Warrior_and_Youth","floor":22,"turns":4},{"damage":33,"enemies":"Hallownest:eliteSoulWarrior","floor":24,"turns":8},{"damage":4,"enemies":"Hallownest:Nosk","floor":27,"turns":9},{"damage":2,"enemies":"Hallownest:monsterMisterMushroom","floor":28,"turns":9},{"damage":23,"enemies":"Hallownest:2_Flukemon","floor":31,"turns":7},{"damage":34,"enemies":"Hallownest:BossMantisLord","floor":33,"turns":7}],"seed_played":"-6988241410847899318","potions_obtained":[{"floor":3,"key":"Explosive Potion"},{"floor":5,"key":"Fruit Juice"},{"floor":7,"key":"CultistPotion"},{"floor":12,"key":"SpeedPotion"},{"floor":13,"key":"Swift Potion"},{"floor":16,"key":"Explosive Potion"},{"floor":20,"key":"Explosive Potion"},{"floor":24,"key":"Block Potion"},{"floor":27,"key":"Strength Potion"},{"floor":31,"key":"Swift Potion"}],"is_trial":true,"path_per_floor":["M","M","M","?","M","R","E","M","T","M","$","M","M","?","R","B",null,"M","?","M","$","M","R","E","?","T","E","M","R","?","M","R","B"],"character_chosen":"THE_BUGKNIGHT","items_purchased":["Mayhem"],"campfire_rested":1,"item_purchase_floors":[11],"current_hp_per_floor":[75,70,70,70,69,69,72,59,59,64,64,64,63,63,63,48,80,69,69,43,43,36,36,9,9,9,7,31,46,46,29,29,1,1],"gold":69,"neow_bonus":"","is_daily":false,"chose_seed":false,"campfire_upgraded":4,"win_rate":0.0,"timestamp":1613753817,"path_taken":["M","M","M","?","?","R","E","?","T","M","$","M","?","?","R","BOSS","M","?","M","$","M","R","E","?","T","E","M","R","?","M","R","BOSS"],"items_purchased_type":["Card"],"build_version":"2020-12-22","purchased_purges":1,"victory":false,"max_hp_per_floor":[75,75,75,75,75,75,80,80,80,80,80,80,80,80,80,80,80,80,80,80,80,80,80,80,80,80,52,52,52,52,52,52,52,52],"card_choices":[{"not_picked":["HollowMod:TaintedHusks","HollowMod:InfectedCysts"],"picked":"HollowMod:HowlingWraiths","floor":1},{"not_picked":["HollowMod:GoodIntentions","HollowMod:AbyssShriek"],"picked":"HollowMod:DashSlash","floor":2},{"not_picked":["HollowMod:GoodIntentions","HollowMod:InfectedAttack","HollowMod:NewJinnsSoul"],"picked":"SKIP","floor":3},{"not_picked":["HollowMod:SharpenedNail","HollowMod:Grubsong","HollowMod:ShadowDash"],"picked":"SKIP","floor":5},{"not_picked":["HollowMod:SiblingsSouls","HollowMod:TaintedHusks","HollowMod:PerfectDash"],"picked":"SKIP","floor":7},{"not_picked":["HollowMod:FallenFury","HollowMod:CornifersMapStart"],"picked":"HollowMod:CycloneSlash","floor":8},{"not_picked":["HollowMod:ShadowDash","HollowMod:InfectedAttack"],"picked":"HollowMod:DashSlash","floor":10},{"not_picked":["HollowMod:NewGlowingWomb","HollowMod:CornifersMapStart"],"picked":"HollowMod:Weaversong","floor":12},{"not_picked":["HollowMod:GoodIntentions","HollowMod:WraithStrike"],"picked":"HollowMod:SharpenedShadows","floor":13},{"not_picked":["HollowMod:AwokenDreamNail","HollowMod:Hiveblood"],"picked":"HollowMod:SoulMaster","floor":16},{"not_picked":["HollowMod:TaintedHusks","HollowMod:SoulStrike+1"],"picked":"HollowMod:CrystalDash","floor":18},{"not_picked":["HollowMod:DoubleDash","HollowMod:HowlingWraiths"],"picked":"HollowMod:DashSlash","floor":20},{"not_picked":["HollowMod:ChannelNail","HollowMod:SiblingsSouls"],"picked":"HollowMod:VengefulVoid","floor":22},{"not_picked":["HollowMod:PerfectDash","HollowMod:WraithStrike"],"picked":"HollowMod:LordofShades","floor":24},{"not_picked":["HollowMod:HornetsHelp","HollowMod:CycloneSlash"],"picked":"HollowMod:MantisMark","floor":27},{"not_picked":["HollowMod:ChannelNail","HollowMod:LifebloodCocoon+1"],"picked":"HollowMod:VengefulVoid","floor":28},{"not_picked":["HollowMod:SiblingsSouls","HollowMod:HowlingWraiths"],"picked":"HollowMod:CloakDash+1","floor":31}],"player_experience":498051,"relics_obtained":[{"floor":7,"key":"AT_ForceNature"},{"floor":9,"key":"Matryoshka"},{"floor":24,"key":"Blood Vial"},{"floor":26,"key":"War Paint"},{"floor":26,"key":"HollowMod:StagPassRelic"},{"floor":27,"key":"HollowMod:QueensCombRelic"}],"event_choices":[],"is_beta":false,"boss_relics":[{"not_picked":["RedLine:ReiMu","AT_TrinityForce"],"picked":"HollowMod:VoidIdolRelic"}],"items_purged_floors":[21],"is_endless":true,"potions_floor_spawned":[3,5,7,12,13,16,20,24,27,31],"killed_by":"Hallownest:BossMantisLord","ascension_level":0}}