{"host":"mnpd8gh7cwxsn5kh","time":1613772270,"event":{"mods":["BaseMod","Bestiary","Block Reminder","Colored Map","Colored Powertips","Highlight Path","Minty Spire (QoL Compilation)","Relic Sorter","Relic Stats"],"gold_per_floor":[116,130,140,140,140,166,176,204,204,223,252,272,237,272,272,344,344,357,96,96,114,114,142,142,175,175,202,202,222,255,270,270,341,341,356,129,79,95,115,145,145,171,196,213,213,138,153,179,179,179],"floor_reached":51,"language":"ENG","playtime":4146,"items_purged":["Decay"],"score":2185,"play_id":"65126f36-d755-4094-9d03-86d4078db093","local_time":"20210219230430","is_ascension_mode":true,"campfire_choices":[{"data":"Buffer","floor":15.0,"key":"SMITH"},{"data":"Defragment","floor":24.0,"key":"SMITH"},{"data":"Zap","floor":28.0,"key":"SMITH"},{"data":"Sunder","floor":32.0,"key":"SMITH"},{"data":"Echo Form","floor":41.0,"key":"SMITH"},{"data":"Defragment","floor":45,"key":"SMITH"},{"data":"Defragment","floor":49,"key":"SMITH"}],"circlet_count":0,"master_deck":["AscendersBane","Defend_B+1","Defend_B+1","Defend_B+1","Defend_B+1","Zap+1","Dualcast+1","Beam Cell+1","Doom and Gloom","Hyperbeam+1","Leap+1","Cold Snap","Chill+1","Buffer+1","Chill+1","Compile Driver+1","Sunder+1","Echo Form+1","BootSequence+1","Lockon+1","Aggregate+1","Fission+1","Defragment+1","Conserve Battery+1","Buffer+1","Reboot+1","Hologram+1","Reboot+1","Chaos+1","Glacier+1","Stack+1","Electrodynamics","Tempest+1","Master of Strategy+1","Tempest+1","Seek+1","Defragment+1","Defragment","Undo+1","Defragment+1"],"relics":["Cracked Core","Mango","Boot","HornCleat","Toxic Egg 2","Akabeko","Incense Burner","Astrolabe","MealTicket","DataDisk","Pocketwatch","Happy Flower","Bottled Lightning","Cursed Key","Blue Candle","Letter Opener","War Paint","Omamori"],"acts_visited":["Exordium","TheCity","TheBeyond"],"potions_floor_usage":[],"damage_taken":[{"damage":1.0,"enemies":"Cultist","floor":1.0,"turns":4.0},{"damage":1.0,"enemies":"Small Slimes","floor":2.0,"turns":3.0},{"damage":5.0,"enemies":"2 Louse","floor":3.0,"turns":3.0},{"damage":11.0,"enemies":"Lagavulin","floor":6.0,"turns":6.0},{"damage":0.0,"enemies":"2 Fungi Beasts","floor":7.0,"turns":2.0},{"damage":6.0,"enemies":"Gremlin Nob","floor":8.0,"turns":3.0},{"damage":4.0,"enemies":"Blue Slaver","floor":10.0,"turns":3.0},{"damage":1.0,"enemies":"Lagavulin","floor":11.0,"turns":5.0},{"damage":0.0,"enemies":"Red Slaver","floor":12.0,"turns":1.0},{"damage":0.0,"enemies":"Gremlin Nob","floor":14.0,"turns":4.0},{"damage":10.0,"enemies":"Hexaghost","floor":16.0,"turns":8.0},{"damage":5.0,"enemies":"2 Thieves","floor":18.0,"turns":3.0},{"damage":0.0,"enemies":"Shell Parasite","floor":21.0,"turns":6.0},{"damage":0.0,"enemies":"Book of Stabbing","floor":23.0,"turns":6.0},{"damage":0.0,"enemies":"Slavers","floor":25.0,"turns":1.0},{"damage":0.0,"enemies":"Book of Stabbing","floor":27.0,"turns":6.0},{"damage":0.0,"enemies":"Chosen and Byrds","floor":29.0,"turns":5.0},{"damage":0.0,"enemies":"Gremlin Leader","floor":30.0,"turns":5.0},{"damage":0.0,"enemies":"Snake Plant","floor":31.0,"turns":4.0},{"damage":0.0,"enemies":"Collector","floor":33.0,"turns":11.0},{"damage":0.0,"enemies":"3 Shapes","floor":35.0,"turns":4.0},{"damage":0.0,"enemies":"Orb Walker","floor":38.0,"turns":3.0},{"damage":0.0,"enemies":"4 Shapes","floor":39.0,"turns":2.0},{"damage":0.0,"enemies":"Giant Head","floor":40.0,"turns":6.0},{"damage":0,"enemies":"Nemesis","floor":42,"turns":5},{"damage":0,"enemies":"Transient","floor":44,"turns":6},{"damage":0,"enemies":"Writhing Mass","floor":47,"turns":4},{"damage":0,"enemies":"Giant Head","floor":48,"turns":5},{"damage":0,"enemies":"Time Eater","floor":50,"turns":8}],"seed_played":"-1492533732528724207","potions_obtained":[{"floor":6.0,"key":"EntropicBrew"},{"floor":7.0,"key":"DuplicationPotion"},{"floor":8.0,"key":"LiquidBronze"},{"floor":10.0,"key":"Fire Potion"}],"is_trial":false,"path_per_floor":["M","M","M","?","?","E","M","E","T","M","E","M","?","E","R","B",null,"M","$","?","M","?","E","R","E","T","E","R","M","E","M","R","B",null,"M","$","?","M","M","E","R","E","T","M","R","$","M","E","R","B",null],"character_chosen":"DEFECT","items_purchased":["Fission+1","Defragment","Tempest+1","Master of Strategy+1"],"campfire_rested":0,"item_purchase_floors":[19,19,36,36],"current_hp_per_floor":[77,76,71,48,48,37,37,31,31,27,26,26,45,45,45,35,67,62,62,62,62,62,62,62,62,62,62,62,62,62,62,62,62,74,74,78,78,78,78,78,78,78,78,78,78,78,78,78,78,78],"gold":179,"neow_bonus":"ONE_RARE_RELIC","is_daily":false,"chose_seed":false,"campfire_upgraded":7,"win_rate":0.0,"timestamp":1613772270,"path_taken":["M","M","M","?","?","E","M","E","T","M","E","M","?","E","R","BOSS","M","$","?","M","?","E","R","E","T","E","R","M","E","M","R","BOSS","M","$","?","M","?","E","R","E","T","M","R","$","M","E","R","BOSS"],"items_purchased_type":["Card","Card","Card","Card"],"build_version":"2020-12-22","purchased_purges":1,"victory":true,"max_hp_per_floor":[78,78,78,78,78,78,78,78,78,78,78,78,78,78,78,78,78,78,78,78,78,78,78,78,78,78,78,78,78,78,78,78,78,78,78,78,78,78,78,78,78,78,78,78,78,78,78,78,78,78],"relic_stats":{"Happy Flower":[22],"counters":[29,132],"Astrolabe":["BootSequence","Lockon","Aggregate"],"Blue Candle":[0],"MealTicket":4,"Letter Opener":[50],"War Paint":["Leap","Dualcast"],"Boot":[42],"Cursed Key":1,"obtain_stats":[{"Happy Flower":27,"Astrolabe":17,"Blue Candle":40,"Mango":0,"Incense Burner":14,"Omamori":48,"Letter Opener":42,"War Paint":43,"Boot":6,"Cursed Key":34,"Akabeko":11,"DataDisk":25,"HornCleat":8,"MealTicket":23,"Bottled Lightning":30,"Toxic Egg 2":9,"Cracked Core":0,"Pocketwatch":26},{"Happy Flower":16,"Astrolabe":11,"Blue Candle":24,"Mango":0,"Incense Burner":10,"Omamori":28,"Letter Opener":25,"War Paint":25,"Boot":4,"Cursed Key":20,"Akabeko":8,"DataDisk":15,"HornCleat":6,"MealTicket":14,"Bottled Lightning":18,"Toxic Egg 2":6,"Cracked Core":0,"Pocketwatch":15},{"Happy Flower":64,"Astrolabe":42,"Blue Candle":104,"Mango":0,"Incense Burner":34,"Omamori":124,"Letter Opener":109,"War Paint":109,"Boot":16,"Cursed Key":89,"Akabeko":29,"DataDisk":58,"HornCleat":21,"MealTicket":57,"Bottled Lightning":74,"Toxic Egg 2":21,"Cracked Core":0,"Pocketwatch":58}],"Pocketwatch":[33]},"card_choices":[{"not_picked":["Hologram","Stack"],"picked":"Beam Cell","floor":1.0},{"not_picked":["Sweeping Beam","Leap"],"picked":"Doom and Gloom","floor":2.0},{"not_picked":["Darkness","Barrage"],"picked":"Hyperbeam","floor":3.0},{"not_picked":["Rainbow","Reprogram"],"picked":"Cold Snap","floor":6.0},{"not_picked":["Coolheaded","Stack","Beam Cell"],"picked":"SKIP","floor":7.0},{"not_picked":["Leap","Consume"],"picked":"Chill","floor":8.0},{"not_picked":["Streamline","Stack+1"],"picked":"Buffer","floor":10.0},{"not_picked":["Doom and Gloom","Redo+1"],"picked":"Chill+1","floor":11.0},{"not_picked":["Gash","Sweeping Beam"],"picked":"Compile Driver","floor":12.0},{"not_picked":["Loop","Meteor Strike"],"picked":"Sunder","floor":14.0},{"not_picked":["Electrodynamics","Amplify+1"],"picked":"Echo Form","floor":16.0},{"not_picked":["Redo+1","Cold Snap","Heatsinks"],"picked":"SKIP","floor":18.0},{"not_picked":["Rebound","Barrage"],"picked":"Conserve Battery+1","floor":21.0},{"not_picked":["Rip and Tear","Sweeping Beam+1"],"picked":"Reboot+1","floor":23.0},{"not_picked":["Steam+1","Fusion+1"],"picked":"Hologram+1","floor":25.0},{"not_picked":["Rebound","Coolheaded+1"],"picked":"Reboot+1","floor":27.0},{"not_picked":["Loop","Force Field+1"],"picked":"Chaos+1","floor":29.0},{"not_picked":["Reboot+1","Double Energy+1"],"picked":"Glacier+1","floor":30.0},{"not_picked":["Streamline","Reprogram+1"],"picked":"Stack+1","floor":31.0},{"not_picked":["Buffer","Echo Form"],"picked":"Electrodynamics","floor":33.0},{"not_picked":["Cold Snap+1","Compile Driver","Scrape+1"],"picked":"SKIP","floor":35.0},{"not_picked":["Reprogram+1","Beam Cell","Turbo+1"],"picked":"SKIP","floor":38.0},{"not_picked":["Force Field+1","BootSequence+1"],"picked":"Tempest+1","floor":39.0},{"not_picked":["Redo+1","Conserve Battery+1"],"picked":"Seek+1","floor":40.0},{"not_picked":["Genetic Algorithm+1","Beam Cell"],"picked":"Defragment","floor":42},{"not_picked":["Beam Cell+1","Defragment","Static Discharge"],"picked":"SKIP","floor":44},{"not_picked":["Beam Cell+1","Static Discharge"],"picked":"Defragment","floor":44},{"not_picked":["Cold Snap","Rebound"],"picked":"Undo+1","floor":47},{"not_picked":["Redo+1","White Noise+1"],"picked":"Defragment","floor":48}],"player_experience":623479,"relics_obtained":[{"floor":6.0,"key":"Boot"},{"floor":8.0,"key":"HornCleat"},{"floor":9.0,"key":"Toxic Egg 2"},{"floor":11.0,"key":"Akabeko"},{"floor":14.0,"key":"Incense Burner"},{"floor":23.0,"key":"MealTicket"},{"floor":25.0,"key":"DataDisk"},{"floor":26.0,"key":"Pocketwatch"},{"floor":27.0,"key":"Happy Flower"},{"floor":30.0,"key":"Bottled Lightning"},{"floor":40.0,"key":"Blue Candle"},{"floor":42,"key":"Letter Opener"},{"floor":43,"key":"War Paint"},{"floor":48,"key":"Omamori"}],"event_choices":[{"damage_healed":0.0,"max_hp_gain":0.0,"max_hp_loss":0.0,"gold_gain":0.0,"event_name":"Shining Light","player_choice":"Entered Light","floor":4.0,"gold_loss":0.0,"damage_taken":23.0,"cards_upgraded":["Hyperbeam","Beam Cell"]},{"damage_healed":0.0,"max_hp_gain":0.0,"max_hp_loss":0.0,"gold_gain":0.0,"cards_transformed":["Strike_B"],"event_name":"Living Wall","player_choice":"Change","floor":5.0,"gold_loss":0.0,"damage_taken":0.0,"cards_obtained":["Leap"]},{"damage_healed":19.0,"max_hp_gain":0.0,"max_hp_loss":0.0,"gold_gain":0.0,"event_name":"The Cleric","player_choice":"Healed","floor":13.0,"gold_loss":35.0,"damage_taken":0.0},{"damage_healed":0.0,"max_hp_gain":0.0,"max_hp_loss":0.0,"gold_gain":0.0,"event_name":"Back to Basics","player_choice":"Simplicity","floor":20.0,"gold_loss":0.0,"damage_taken":0.0,"cards_upgraded":["Defend_B","Defend_B","Defend_B","Defend_B"]},{"damage_healed":0.0,"max_hp_gain":0.0,"max_hp_loss":0.0,"gold_gain":0.0,"event_name":"Duplicator","player_choice":"Copied","floor":22.0,"gold_loss":0.0,"damage_taken":0.0,"cards_obtained":["Buffer"]},{"damage_healed":0.0,"max_hp_gain":0.0,"max_hp_loss":0.0,"gold_gain":0.0,"event_name":"Designer","player_choice":"Upgraded Two","floor":37.0,"gold_loss":50.0,"damage_taken":0.0,"cards_upgraded":["Chill","Compile Driver"]}],"is_beta":false,"boss_relics":[{"not_picked":["Empty Cage","Inserter"],"picked":"Astrolabe"},{"not_picked":["Runic Pyramid","Calling Bell"],"picked":"Cursed Key"}],"items_purged_floors":[46],"is_endless":false,"potions_floor_spawned":[6,7,8,10,21,23,27,31,35,39,42],"ascension_level":19}}