{"host":"dwyzfvnzfcqffr30","time":1613776670,"event":{"mods":["2.2 Compatiblity","Act Like it!","Aspiration","BaseMod","Beaked The Cultist","Better Altar","Better Match","Better Note","Better Sensory Stone","Better Skull","Better Third Choice","Clockwork Mod","Colored Map","Colored Powertips","Conspire","Downfall","Elementarium","GifTheSpireLib","Halation","Hermit","Hubris","Infinite Spire","Ironclad Rager","Jedi Mod","Menagerie","Mimic Mod","Minty Spire (QoL Compilation)","Permanent Neow","Random Character Button","Relic Filter Mod","Reliquary","Replay The Spire","Shapeshifter Mod","Spicy Shops","Spikes Relics","StSLib","Stuff the Spire","The Construct","The Disciple","The Druid","The Marked","TheFirefly","Trackpad","Wandering Minibosses"],"gold_per_floor":[123,147,184,215,140,176,207,247,272,302,337,70,70,108,108,192,192,219,144,144,172,172,172,218,218,218,258,292,329,39,39,39,77,77,154,154,177,209,248,291,338,338,399,399,399,89,110,69,69,136,136,136,136,136,28,77,107],"floor_reached":58,"language":"ENG","playtime":29421,"items_purged":["Dualcast+1","Strike_B+1","Strike_B+1","Strike_B+1","Pain"],"score":2862,"play_id":"348dae78-a9f0-44dc-adc8-130b864802f6","local_time":"20210219151750","is_ascension_mode":true,"campfire_choices":[{"floor":23,"key":"RECALL"},{"data":"jedi:meditation+1","floor":34,"key":"SMITH"},{"data":"jedi:meditation+2","floor":42,"key":"SMITH"},{"floor":49,"key":"REST"},{"data":"jedi:meditation+3","floor":51,"key":"SMITH"},{"data":"jedi:meditation+4","floor":54,"key":"SMITH"}],"circlet_count":0,"master_deck":["AscendersBane","Clockwork:Improve+1","Defend_B+1","Defend_B+1","Defend_B+1","Zap+1","BasicCrystalCard+1","Apotheosis+1","MasterReality+1","Hologram+1","Barrage+1","RefreshScreen+1","Redo+1","StuffTheSpire:Coldhearted+1","Capacitor+1","Menagerie:SagesJudgement+1","jedi:meditation+5","Leap+1","wanderingMiniBosses:FinaleOfPromise+1","Chaos+1","StuffTheSpire:Synthwave+1","Crystallizer+1","ReplayTheSpireMod:Reroute Power+1","jedi:overflow+1","conspire:SpireCoStock+1","Electrodynamics+1"],"relics":["Cracked Core","Frozen Egg 2","Toxic Egg 2","Molten Egg 2","Quantum Egg","infinitespire:EvilPickle","conspire:InfiniteJournal","SacredBark","hubris:TinFlute","halation:Prosthetics","Bottled Tornado","Raider\u0027s Mask","reliquary:TatteredRug","Singing Bowl","infinitespire:Freezer","Medical Kit","CherryCoatedStake","hubris:Backtick","jedi:heavyjacket","CeramicFish","wanderingMiniBosses:Blackblade","jedi:paperfaux","trackpad:CultistFigurine","reliquary:Knoch","trackpad:ToughGloves","Empty Cage","Onion Ring","halation:EternalFortune","Akabeko","hubris:BallOfYels","ReplayTheSpireMod:Shallot","Oddly Smooth Stone","jedi:gremlinknob"],"acts_visited":["Menagerie:Menagerie","TheCity","TheBeyond","TheEnding"],"potions_floor_usage":[7,14,16,21,29,37,39,52,56,57,57],"damage_taken":[{"damage":0,"enemies":"Menagerie:WhisperingWraith","floor":1,"turns":3},{"damage":0,"enemies":"Menagerie:MonstrousExperiment","floor":2,"turns":4},{"damage":1,"enemies":"Menagerie:2_RABBITS","floor":4,"turns":3},{"damage":0,"enemies":"Menagerie:Hydra","floor":6,"turns":4},{"damage":16,"enemies":"Menagerie:DREAD_MOTH_AND_GRAFTED_WORMS","floor":7,"turns":8},{"damage":1,"enemies":"Menagerie:MaskedSummoner","floor":8,"turns":10},{"damage":0,"enemies":"Menagerie:RedMage","floor":10,"turns":7},{"damage":6,"enemies":"Menagerie:MeltingSalamander","floor":11,"turns":3},{"damage":6,"enemies":"Menagerie:VoidReaper","floor":14,"turns":5},{"damage":0,"enemies":"Menagerie:Chimera","floor":16,"turns":6},{"damage":0,"enemies":"conspire:FuzzyDice","floor":18,"turns":5},{"damage":0,"enemies":"Chosen","floor":21,"turns":3},{"damage":7,"enemies":"Replay:Snechameleon","floor":24,"turns":5},{"damage":0,"enemies":"Gremlin Leader","floor":27,"turns":7},{"damage":1,"enemies":"Sentry and Sphere","floor":28,"turns":6},{"damage":0,"enemies":"3 Cultists","floor":29,"turns":5},{"damage":0,"enemies":"Book of Stabbing","floor":33,"turns":5},{"damage":0,"enemies":"conspire:MysteriousRune","floor":35,"turns":6},{"damage":1,"enemies":"3 Darklings","floor":37,"turns":6},{"damage":0,"enemies":"3 Shapes","floor":38,"turns":5},{"damage":0,"enemies":"Jaw Worm Horde","floor":39,"turns":4},{"damage":16,"enemies":"3 Darklings","floor":40,"turns":5},{"damage":10,"enemies":"Spire Growth","floor":41,"turns":5},{"damage":15,"enemies":"Nemesis","floor":43,"turns":5},{"damage":0,"enemies":"4 Shapes","floor":47,"turns":5},{"damage":0,"enemies":"Giant Head","floor":50,"turns":7},{"damage":0,"enemies":"Donu and Deca","floor":52,"turns":3},{"damage":24,"enemies":"Shield and Spear","floor":56,"turns":6},{"damage":34,"enemies":"The Heart","floor":57,"turns":7}],"seed_played":"-624690829001740792","potions_obtained":[{"floor":1,"key":"LiquidBronze"},{"floor":3,"key":"construct:ShiftPotion"},{"floor":7,"key":"Reflective Coating"},{"floor":14,"key":"Energy Potion"},{"floor":21,"key":"construct:ShiftPotion"},{"floor":27,"key":"Strength Potion"},{"floor":35,"key":"Weak Potion"},{"floor":38,"key":"FocusPotion"},{"floor":41,"key":"Energy Potion"}],"is_trial":false,"path_per_floor":["M","M","?","M","$","E","M","E","T","M","M","$","?","E","R_BF","B",null,"M","?","AVR","M","?","R","E","?","T","E","M","M","$","PTL","PTL","E","R","B",null,"M","M","M","M","M","R","E","?","T","$","M","?","R","E","R","B",null,"R","$","E","B",null],"character_chosen":"DEFECT","items_purchased":["Medical Kit","reliquary:Knoch","hubris:BallOfYels","ReplayTheSpireMod:Shallot","hexamod:SoulburnPotion"],"campfire_rested":1,"item_purchase_floors":[12,30,46,46,55],"current_hp_per_floor":[36,36,22,21,21,21,5,36,36,38,32,32,25,21,33,35,42,44,44,44,46,46,46,41,41,41,50,52,54,54,54,54,54,54,56,56,58,60,60,44,34,34,19,22,22,22,33,33,52,52,52,52,62,62,62,42,8],"gold":107,"neow_bonus":"THREE_CARDS","is_daily":false,"chose_seed":false,"campfire_upgraded":4,"win_rate":0.0,"timestamp":1613776670,"path_taken":["M","M","?","M","$","E","M","E","T","M","M","$","?","E","R_BF","BOSS","M","?","AVR","M","?","R","E","?","T","E","M","M","$","PTL","PTL","E","R","BOSS","M","M","M","M","M","R","E","?","T","$","M","?","R","E","R","BOSS","R","$","E","BOSS"],"items_purchased_type":["Relic","Relic","Relic","Relic","Potion"],"build_version":"2020-12-22","purchased_purges":5,"victory":true,"max_hp_per_floor":[36,36,36,36,36,36,36,38,38,40,40,40,40,42,42,44,44,44,44,44,46,46,46,48,48,48,50,52,54,54,54,54,54,54,56,56,58,60,60,60,60,60,60,63,63,63,65,65,65,65,65,65,65,65,65,67,67],"card_choices":[{"not_picked":["Panic Button","Turbo"],"picked":"BasicCrystalCard","floor":0},{"not_picked":["Steam+1","Gash+1"],"picked":"Hologram+1","floor":1},{"not_picked":["Rip and Tear+1","Panic Button+1"],"picked":"Barrage+1","floor":2},{"not_picked":["conspire:Rain+1","ReplayTheSpireMod:System Scan+1"],"picked":"RefreshScreen+1","floor":3},{"not_picked":["Go for the Eyes+1","Steam+1"],"picked":"Cold Snap+1","floor":4},{"not_picked":["White Noise+1","jedi:BurstFrost+1"],"picked":"Redo+1","floor":6},{"not_picked":["StuffTheSpire:SnapShoot+1","Go for the Eyes+1"],"picked":"StuffTheSpire:Coldhearted+1","floor":7},{"not_picked":["Steam Power+1","Lockon+1","conspire:SharedLibrary+1"],"picked":"Singing Bowl","floor":8},{"not_picked":["Stack+1","Cold Snap+1","Streamline+1"],"picked":"Singing Bowl","floor":10},{"not_picked":["Coolheaded+1","jedi:BurstLightning+1"],"picked":"Capacitor+1","floor":11},{"not_picked":["StuffTheSpire:Plugnplay+1","Conserve Battery+1","Echo Form+1"],"picked":"Singing Bowl","floor":14},{"not_picked":["Mirror Shield+1","jedi:gatheringstorm+1","Machine Learning+1"],"picked":"Singing Bowl","floor":16},{"not_picked":["Sweeping Beam+1","Compile Driver+1"],"picked":"Leap+1","floor":18},{"not_picked":[],"picked":"wanderingMiniBosses:FinaleOfPromise","floor":21},{"not_picked":["Time Bomb+1","Blizzard+1","jedi:BurstLightning+1"],"picked":"Singing Bowl","floor":21},{"not_picked":["StuffTheSpire:Rend+1","Go for the Eyes+1","jedi:sharpshooter+1"],"picked":"Singing Bowl","floor":24},{"not_picked":["FTL+1","Ball Lightning+1","Beam Cell+1"],"picked":"Singing Bowl","floor":27},{"not_picked":["Turbo+1","Undo+1","Conserve Battery+1"],"picked":"Singing Bowl","floor":28},{"not_picked":["Beam Cell+1","Ball Lightning+1","StuffTheSpire:Plugnplay+1"],"picked":"Singing Bowl","floor":29},{"not_picked":["jedi:BurstLightning+1","Hello World+1"],"picked":"Chaos+1","floor":33},{"not_picked":["hubris:DoWhile+1","jedi:darknesscall+1","ReplayRNGCard+1"],"picked":"Singing Bowl","floor":35},{"not_picked":["Ball Lightning+1","Gash+1","Conserve Battery+1"],"picked":"Singing Bowl","floor":37},{"not_picked":["StuffTheSpire:CleanHardDrive+1","Scrape+1","StuffTheSpire:NuclearReactor+1"],"picked":"Singing Bowl","floor":38},{"not_picked":["Sweeping Beam+1","jedi:blockon+1"],"picked":"StuffTheSpire:Synthwave+1","floor":39},{"not_picked":["Steam+1","Loop+1"],"picked":"Crystallizer+1","floor":40},{"not_picked":["Rebound+1","Beam Cell+1"],"picked":"ReplayTheSpireMod:Reroute Power+1","floor":41},{"not_picked":["Sweeping Beam+1","Cold Snap+1"],"picked":"jedi:overflow+1","floor":43},{"not_picked":["Rebound+1","Ball Lightning+1","jedi:BurstLightning+1"],"picked":"Singing Bowl","floor":47},{"not_picked":["Aggregate+1","Ball Lightning+1"],"picked":"Electrodynamics+1","floor":50},{"not_picked":["Rebound+1","Capacitor+1","Stack+1"],"picked":"Singing Bowl","floor":56}],"player_experience":3333166,"relics_obtained":[{"floor":6,"key":"reliquary:TatteredRug"},{"floor":8,"key":"Singing Bowl"},{"floor":9,"key":"infinitespire:Freezer"},{"floor":14,"key":"CherryCoatedStake"},{"floor":21,"key":"wanderingMiniBosses:Blackblade"},{"floor":24,"key":"jedi:paperfaux"},{"floor":27,"key":"trackpad:CultistFigurine"},{"floor":33,"key":"trackpad:ToughGloves"},{"floor":43,"key":"Onion Ring"},{"floor":45,"key":"Akabeko"},{"floor":50,"key":"Oddly Smooth Stone"},{"floor":56,"key":"jedi:gremlinknob"}],"event_choices":[{"damage_healed":0,"gold_gain":0,"player_choice":"Simplicity","damage_taken":0,"max_hp_gain":0,"max_hp_loss":8,"event_name":"betterThird:BetterWriting","floor":0,"gold_loss":0},{"damage_healed":0,"gold_gain":0,"player_choice":"Help the mage","damage_taken":7,"max_hp_gain":0,"max_hp_loss":0,"event_name":"Menagerie:MageAndMonster","floor":13,"gold_loss":0,"cards_obtained":["Menagerie:SagesJudgement"]},{"cards_removed":["Strike_B"],"damage_healed":0,"gold_gain":0,"player_choice":"Gave Gold","damage_taken":0,"max_hp_gain":0,"max_hp_loss":0,"event_name":"Beggar","floor":19,"gold_loss":75},{"damage_healed":0,"gold_gain":0,"player_choice":"Ignored","damage_taken":0,"max_hp_gain":0,"max_hp_loss":0,"event_name":"Vampires","floor":25,"gold_loss":0},{"damage_healed":0,"gold_gain":0,"player_choice":"Invest 1","damage_taken":0,"max_hp_gain":0,"max_hp_loss":0,"event_name":"conspire:Investor","floor":48,"gold_loss":0}],"is_beta":false,"boss_relics":[{"not_picked":["Sozu","Philosopher\u0027s Stone"],"picked":"hubris:Backtick"},{"not_picked":["Calling Bell","hubris:RunicObelisk"],"picked":"Empty Cage"}],"items_purged_floors":[5,12,20,30,46],"is_endless":false,"potions_floor_spawned":[1,7,8,11,14,21,27,29,35,38,41,43],"ascension_level":18}}