{"host":"51qmnr9isyv85d0p","time":1613721823,"event":{"mods":["AchievementEnabler","BaseMod","Colored Map","Colored Powertips","Curses Come First","Downfall","Minty Spire (QoL Compilation)","Red Circlet Mod","Relic Stats","Replay The Spire","StSLib","TestMod"],"gold_per_floor":[114,64,64,64,25848,25872,25888,25888,25912,24997,24997,24997,24997,25006,25006,25100,25100,25111,25127,25127,25037,24550,24550,24076,24101,24124,24137,24137,24171,24171,23789,23789,23883,23883,23896,23896,23523,23537,23215,23250,23250,23268,23268,22998,22998,23013,23037,23101,23101,23101],"floor_reached":51,"language":"ZHS","playtime":1584,"items_purged":["Strike_G","Defend_G","Defend_G","Strike_G","Defend_G+1"],"score":948,"play_id":"1cd8444b-1606-4d80-bbe3-9c514509a81b","local_time":"20210219160343","is_ascension_mode":true,"campfire_choices":[{"data":"Thinking Ahead","floor":8,"key":"SMITH"},{"data":"Envenom","floor":11,"key":"SMITH"},{"data":"Strike_G","floor":13,"key":"PURGE"},{"data":"Defend_G","floor":15,"key":"PURGE"},{"data":"After Image","floor":23,"key":"SMITH"},{"data":"After Image","floor":28,"key":"SMITH"},{"data":"Envenom","floor":32,"key":"SMITH"},{"data":"testmod-ComboMaster","floor":41,"key":"SMITH"},{"data":"Dramatic Entrance","floor":45,"key":"SMITH"},{"data":"testmod-DeathImprint","floor":49,"key":"SMITH"}],"circlet_count":0,"master_deck":["Strike_G+1","Neutralize","Flechettes+1","Finisher","Slice","Deflect","Thinking Ahead+1","Backflip","Envenom+1","Blade Dance+1","After Image+1","Bane","Dramatic Entrance+1","After Image+1","Violence+1","Masterful Stab","Envenom+1","Slice","Poisoned Stab","testmod-ComboMaster+1","Distraction+1","testmod-DeathImprint+1"],"relics":["testmod-TestBox","testmod-Alchemist","Coffee Dripper","White Beast Statue","hexamod:Sixitude","Bag of Marbles","testmod-Charity","Snake Skull","Nunchaku","Peace Pipe","Calipers","Membership Card","testmod-DeterminationOfClimber","Singing Bowl","testmod-CrystalShield","DollysMirror","Happy Flower","Pen Nib","Toolbox","Bottled Tornado","Replay:Baseball","testmod-LifeArmor","testmod-AssaultLearning","Toy Ornithopter","Chemical X","testmod-EnergyCheck","testmod-RainbowHikingShoes","Replay:WaspNest","Strange Spoon","Onion Ring","Frozen Eye","War Paint","Ice Cream","Mercury Hourglass","Blue Doll","testmod-Antiphasic","ClockworkSouvenir","Pet Ghost"],"acts_visited":["Exordium","TheCity","TheBeyond"],"potions_floor_usage":[6,24,25,33,33],"damage_taken":[{"damage":5,"enemies":"2 Louse","floor":1,"turns":2},{"damage":0,"enemies":"Gremlin Nob","floor":6,"turns":2},{"damage":0,"enemies":"Cultist","floor":7,"turns":2},{"damage":0,"enemies":"Jaw Worm","floor":14,"turns":1},{"damage":29,"enemies":"The Guardian","floor":16,"turns":7},{"damage":0,"enemies":"Chosen","floor":18,"turns":1},{"damage":0,"enemies":"2 Thieves","floor":19,"turns":2},{"damage":0,"enemies":"Book of Stabbing","floor":25,"turns":1},{"damage":0,"enemies":"Cultist and Chosen","floor":27,"turns":1},{"damage":0,"enemies":"Slavers","floor":29,"turns":1},{"damage":0,"enemies":"Collector","floor":33,"turns":1},{"damage":0,"enemies":"3 Shapes","floor":35,"turns":1},{"damage":0,"enemies":"Orb Walker","floor":38,"turns":1},{"damage":0,"enemies":"R_Hoarder","floor":40,"turns":2},{"damage":0,"enemies":"Writhing Mass","floor":42,"turns":1},{"damage":0,"enemies":"4 Shapes","floor":46,"turns":1},{"damage":0,"enemies":"Nemesis","floor":47,"turns":1},{"damage":0,"enemies":"Replay:Hell Engine","floor":50,"turns":1}],"seed_played":"-781403050336212844","potions_obtained":[{"floor":1,"key":"Fire Potion"},{"floor":6,"key":"FearPotion"},{"floor":7,"key":"Energy Potion"},{"floor":25,"key":"Fire Potion"},{"floor":27,"key":"SteroidPotion"},{"floor":29,"key":"Strength Potion"},{"floor":33,"key":"DistilledChaos"},{"floor":35,"key":"FearPotion"}],"is_trial":false,"path_per_floor":["M","?","?","?","$","E","M","R","T","$","R","?","R","M","R","B",null,"M","M","?","?","$","R","$","E","T","M","R","E","?","$","R","B",null,"M","?","$","M","$","E","R","M","T","$","R","M","E","?","R","B",null],"character_chosen":"THE_SILENT","items_purchased":["Finisher","hexamod:Sixitude","Bag of Marbles","testmod-Charity","Slimebound:ThreeZeroPotion","PowerPotion","Fire Potion","Slice","Deflect","Thinking Ahead","Peace Pipe","Calipers","Membership Card","Envenom","Blade Dance","Singing Bowl","testmod-CrystalShield","Dramatic Entrance","testmod-SpacePotion","DollysMirror","Happy Flower","Pen Nib","Toolbox","Violence","Masterful Stab","EntropicBrew","testmod-AssaultLearning","Toy Ornithopter","Chemical X","Envenom","Slice","testmod-RainbowHikingShoes","Replay:WaspNest","Strange Spoon","Poisoned Stab","Onion Ring","Frozen Eye","testmod-ComboMaster","War Paint","Blue Doll","testmod-Antiphasic","ClockworkSouvenir","testmod-DeathImprint"],"campfire_rested":0,"item_purchase_floors":[5,5,5,5,5,5,5,5,5,5,10,10,10,10,10,22,22,22,22,22,24,24,24,24,24,24,31,31,31,31,31,37,37,37,37,39,39,39,39,44,44,44,44],"current_hp_per_floor":[65,65,51,48,48,49,50,50,51,51,51,51,51,52,52,24,75,82,88,88,88,88,88,88,98,99,109,109,120,95,95,95,126,137,146,146,146,153,153,167,167,178,178,178,178,188,198,122,122,142],"gold":23101,"neow_bonus":"BOSS_RELIC","is_daily":false,"chose_seed":false,"campfire_upgraded":8,"win_rate":0.0,"timestamp":1613721823,"path_taken":["M","?","?","?","$","E","M","R","T","$","R","?","R","?","R","BOSS","M","M","?","?","$","R","$","E","T","?","R","E","?","?","R","BOSS","M","?","$","M","$","E","R","M","T","$","R","M","E","?","R","BOSS"],"items_purchased_type":["Card","Relic","Relic","Relic","Potion","Potion","Potion","Card","Card","Card","Relic","Relic","Relic","Card","Card","Relic","Relic","Card","Potion","Relic","Relic","Relic","Relic","Card","Card","Potion","Relic","Relic","Relic","Card","Card","Relic","Relic","Relic","Card","Relic","Relic","Card","Relic","Relic","Relic","Relic","Card"],"build_version":"2020-12-22","purchased_purges":5,"victory":true,"max_hp_per_floor":[70,70,70,70,70,71,72,72,73,73,73,73,73,74,74,75,75,82,88,88,88,88,88,88,98,99,109,109,120,125,125,125,137,137,146,146,146,153,153,167,167,178,178,178,178,188,198,201,201,211],"relic_stats":{"Singing Bowl":20,"Happy Flower":[4],"counters":[18,29],"Snake Skull":[166],"Pen Nib":[10],"War Paint":["Blade Dance","Violence"],"Mercury Hourglass":[16],"Peace Pipe":2,"Strange Spoon":[6],"Nunchaku":[14],"Chemical X":[1],"obtain_stats":[{"Ice Cream":40,"Calipers":10,"Singing Bowl":22,"Blue Doll":44,"Snake Skull":6,"testmod-LifeArmor":29,"Bottled Tornado":25,"testmod-RainbowHikingShoes":37,"testmod-Charity":5,"Pet Ghost":47,"ClockworkSouvenir":44,"Frozen Eye":39,"Nunchaku":9,"testmod-CrystalShield":22,"testmod-Alchemist":0,"DollysMirror":22,"Toolbox":24,"testmod-DeterminationOfClimber":17,"Chemical X":31,"Ring of the Snake":0,"testmod-TestBox":0,"Happy Flower":24,"hexamod:Sixitude":5,"Pen Nib":24,"Replay:WaspNest":37,"War Paint":39,"White Beast Statue":4,"Mercury Hourglass":43,"Peace Pipe":10,"Strange Spoon":37,"testmod-Antiphasic":44,"Replay:Baseball":26,"testmod-AssaultLearning":31,"Onion Ring":39,"Coffee Dripper":0,"Bag of Marbles":5,"Membership Card":10,"testmod-EnergyCheck":34,"Toy Ornithopter":31},{"Ice Cream":14,"Calipers":3,"Singing Bowl":7,"Blue Doll":15,"Snake Skull":2,"testmod-LifeArmor":10,"Bottled Tornado":8,"testmod-RainbowHikingShoes":12,"testmod-Charity":1,"Pet Ghost":17,"ClockworkSouvenir":15,"Frozen Eye":13,"Nunchaku":3,"testmod-CrystalShield":7,"testmod-Alchemist":0,"DollysMirror":7,"Toolbox":7,"testmod-DeterminationOfClimber":5,"Chemical X":10,"Ring of the Snake":0,"testmod-TestBox":0,"Happy Flower":7,"hexamod:Sixitude":1,"Pen Nib":7,"Replay:WaspNest":12,"War Paint":13,"White Beast Statue":1,"Mercury Hourglass":15,"Peace Pipe":3,"Strange Spoon":12,"testmod-Antiphasic":15,"Replay:Baseball":8,"testmod-AssaultLearning":10,"Onion Ring":13,"Coffee Dripper":0,"Bag of Marbles":1,"Membership Card":3,"testmod-EnergyCheck":11,"Toy Ornithopter":10},{"Ice Cream":25,"Calipers":6,"Singing Bowl":17,"Blue Doll":26,"Snake Skull":4,"testmod-LifeArmor":20,"Bottled Tornado":18,"testmod-RainbowHikingShoes":22,"testmod-Charity":2,"Pet Ghost":28,"ClockworkSouvenir":26,"Frozen Eye":23,"Nunchaku":6,"testmod-CrystalShield":17,"testmod-Alchemist":0,"DollysMirror":17,"Toolbox":17,"testmod-DeterminationOfClimber":14,"Chemical X":20,"Ring of the Snake":0,"testmod-TestBox":0,"Happy Flower":17,"hexamod:Sixitude":2,"Pen Nib":17,"Replay:WaspNest":22,"War Paint":23,"White Beast Statue":2,"Mercury Hourglass":26,"Peace Pipe":6,"Strange Spoon":22,"testmod-Antiphasic":26,"Replay:Baseball":18,"testmod-AssaultLearning":20,"Onion Ring":23,"Coffee Dripper":0,"Bag of Marbles":2,"Membership Card":6,"testmod-EnergyCheck":21,"Toy Ornithopter":20}],"Toy Ornithopter":10},"card_choices":[{"not_picked":["Dagger Throw","Underhanded Strike"],"picked":"Flechettes","floor":1},{"not_picked":["Bullet Time","Acrobatics","Outmaneuver"],"picked":"SKIP","floor":6},{"not_picked":["Flying Knee","ReplayTheSpireMod:Exploit Weakness"],"picked":"Backflip","floor":7},{"not_picked":["Backflip","Poisoned Stab","Dagger Spray"],"picked":"SKIP","floor":14},{"not_picked":["Adrenaline","Poison Darts"],"picked":"After Image","floor":16},{"not_picked":["Dodge and Roll","Flying Knee+1","Dagger Spray"],"picked":"SKIP","floor":18},{"not_picked":["Deadly Poison","Poisoned Stab"],"picked":"Bane","floor":19},{"not_picked":["Bane","Flechettes","Skewer+1"],"picked":"Singing Bowl","floor":25},{"not_picked":["Flying Knee","Fluid Movement+1","Deadly Poison"],"picked":"Singing Bowl","floor":27},{"not_picked":["Flying Knee","Acrobatics","Noxious Fumes"],"picked":"Singing Bowl","floor":29},{"not_picked":["Unload","Wraith Form v2","Die Die Die"],"picked":"Singing Bowl","floor":33},{"not_picked":["Bouncing Flask","PiercingWail","Eviscerate+1"],"picked":"Singing Bowl","floor":35},{"not_picked":["ReplayTheSpireMod:The Works","Deadly Poison+1","Bane"],"picked":"Singing Bowl","floor":38},{"not_picked":["Hidden Blade","Expertise"],"picked":"Distraction+1","floor":40},{"not_picked":["Hidden Blade+1","Backflip+1","Deflect+1"],"picked":"Singing Bowl","floor":42},{"not_picked":["Prepared+1","Distraction+1","Blade Dance"],"picked":"Singing Bowl","floor":46},{"not_picked":["Slice+1","Sneak Up+1","Dodge and Roll"],"picked":"Singing Bowl","floor":47},{"not_picked":["Dash+1","ReplayTheSpireMod:From All Sides","Bane"],"picked":"Singing Bowl","floor":48}],"player_experience":127709,"relics_obtained":[{"floor":6,"key":"Snake Skull"},{"floor":9,"key":"Nunchaku"},{"floor":25,"key":"Bottled Tornado"},{"floor":26,"key":"Replay:Baseball"},{"floor":29,"key":"testmod-LifeArmor"},{"floor":40,"key":"Ice Cream"},{"floor":43,"key":"Mercury Hourglass"},{"floor":47,"key":"Pet Ghost"}],"event_choices":[{"cards_removed":["Defend_G"],"damage_healed":0,"gold_gain":0,"player_choice":"Card Removal","damage_taken":0,"max_hp_gain":0,"max_hp_loss":0,"event_name":"The Cleric","floor":2,"gold_loss":50},{"damage_healed":0,"gold_gain":0,"player_choice":"Entered Light","damage_taken":14,"max_hp_gain":0,"max_hp_loss":0,"event_name":"Shining Light","floor":3,"gold_loss":0,"cards_upgraded":["Strike_G","Defend_G"]},{"damage_healed":0,"gold_gain":0,"player_choice":"Success","damage_taken":3,"relics_obtained":["White Beast Statue"],"max_hp_gain":0,"max_hp_loss":0,"event_name":"Scrap Ooze","floor":4,"gold_loss":0},{"damage_healed":0,"gold_gain":0,"player_choice":"Got Potions","damage_taken":0,"max_hp_gain":0,"max_hp_loss":0,"event_name":"Lab","floor":12,"gold_loss":0},{"damage_healed":0,"gold_gain":0,"player_choice":"Ignored","damage_taken":0,"max_hp_gain":0,"max_hp_loss":0,"event_name":"Ghosts","floor":20,"gold_loss":0},{"cards_removed":["Strike_G"],"damage_healed":0,"gold_gain":0,"player_choice":"Upgrade and Remove","damage_taken":0,"max_hp_gain":0,"max_hp_loss":0,"event_name":"Designer","floor":21,"gold_loss":90,"cards_upgraded":["Flechettes"]},{"damage_healed":0,"gold_gain":0,"player_choice":"Shed Blood","damage_taken":30,"max_hp_gain":5,"max_hp_loss":0,"event_name":"Forgotten Altar","floor":30,"gold_loss":0},{"cards_removed":["Survivor"],"damage_healed":0,"gold_gain":0,"player_choice":"Removed Skill","damage_taken":0,"max_hp_gain":0,"max_hp_loss":0,"event_name":"Falling","floor":36,"gold_loss":0}],"is_beta":false,"boss_relics":[{"not_picked":["testmod-GoldenSoul","testmod-DreamHouse"],"picked":"testmod-DeterminationOfClimber"},{"not_picked":["Kintsugi","Empty Cage"],"picked":"testmod-EnergyCheck"}],"items_purged_floors":[5,10,22,24,31],"is_endless":false,"potions_floor_spawned":[1,6,7,14,16,18,19,25,27,29,33,35,38,40,42,46,47],"ascension_level":1}}