{"host":"am0cr9xwekqmrere","time":1613699546,"event":{"mods":["AchievementEnabler","Act Like it!","BaseMod","Better Altar","Better Match","Better Note","Better Sensory Stone","Better Skull","Better Third Choice","BetterRewards","Conspire","Downfall","Hubris","Infinite Spire","Marisa????????","Minty Spire (QoL Compilation)","Rare Cards Sparkle","Spicy Shops","StSLib","The Servant 0.9.4","Unceasing Turn Reminder"],"gold_per_floor":[109,125,135,151,121,121,3,21,21,51,51,51,51,71,71,175,175,195,45,45,45,58,58,76,91,144,419,419,419,419],"floor_reached":29,"language":"ENG","playtime":1323,"items_purged":[],"score":225,"play_id":"e4de34b5-8698-40c3-a318-c7d2de55e01a","local_time":"20210218195226","is_ascension_mode":false,"campfire_choices":[{"data":"Luminosity","floor":6.0,"key":"SMITH"},{"floor":13,"key":"REST"},{"floor":15,"key":"REST"},{"floor":23,"key":"REST"},{"floor":28,"key":"REST"}],"circlet_count":0,"master_deck":["Strike_S","Strike_S","Strike_S","Strike_S","Defend_S","Defend_S","Defend_S+1","Defend_S","KidneyShot","Exchange+1","Defy","Starlight","Luminosity+1","Potential","GearUp","Gouge+1","Rearm","Finesse","BestPractice","SilverBlades+1","Defy","Initiator","Moondial","Luminosity","RealityMarble","Manipulate","Regret"],"relics":["Uniform","Art of War","conspire:SpecialSausage","Guardian:PocketSentry","CultistMask","Toy Ornithopter","Strawberry","infinitespire:Satchel","hubris:ToyBattleship"],"acts_visited":["Exordium","TheCity"],"potions_floor_usage":[16,18,22,25],"damage_taken":[{"damage":5.0,"enemies":"2 Louse","floor":1.0,"turns":2.0},{"damage":0.0,"enemies":"Cultist","floor":2.0,"turns":3.0},{"damage":0.0,"enemies":"Small Slimes","floor":3.0,"turns":2.0},{"damage":1.0,"enemies":"3 Louse","floor":4.0,"turns":4.0},{"damage":5.0,"enemies":"Exordium Thugs","floor":8.0,"turns":4.0},{"damage":9.0,"enemies":"3 Sentries","floor":10.0,"turns":12.0},{"damage":17,"enemies":"Large Slime","floor":14,"turns":3},{"damage":35,"enemies":"Slime Boss","floor":16,"turns":10},{"damage":0,"enemies":"conspire:FuzzyDice","floor":18,"turns":5},{"damage":7,"enemies":"3 Byrds","floor":22,"turns":6},{"damage":22,"enemies":"Centurion and Healer","floor":24,"turns":7},{"damage":16,"enemies":"Cultist and Chosen","floor":25,"turns":6},{"damage":26,"enemies":"Snake Plant","floor":29,"turns":3}],"seed_played":"-7529338434276853000","potions_obtained":[{"floor":1.0,"key":"Energy Potion"},{"floor":2.0,"key":"SteroidPotion"},{"floor":5.0,"key":"SteroidPotion"},{"floor":5.0,"key":"Swift Potion"},{"floor":8.0,"key":"Block Potion"},{"floor":14,"key":"SkillPotion"},{"floor":16,"key":"Slimebound:ThreeZeroPotion"},{"floor":24,"key":"Block Potion"}],"is_trial":false,"path_per_floor":["M","M","M","M","?","R","$","M","T","E","?","?","R","M","R","B",null,"M","$","?","?","M","R","M","M","T","?","R","M"],"character_chosen":"THE_SERVANT","items_purchased":["Defy","Starlight","Rearm","Finesse","Guardian:PocketSentry"],"campfire_rested":4,"item_purchase_floors":[0,0,7,7,19],"current_hp_per_floor":[60,60,60,59,59,59,59,54,54,45,32,32,51,34,53,18,65,65,65,65,15,13,34,12,1,1,1,22,0,0],"gold":419,"neow_bonus":"","is_daily":false,"chose_seed":false,"campfire_upgraded":1,"win_rate":0.0,"timestamp":1613699546,"path_taken":["M","M","M","M","?","R","?","M","T","E","?","?","R","M","R","BOSS","M","$","?","?","M","R","M","M","T","?","R","M"],"items_purchased_type":["Card","Card","Card","Card","Relic"],"build_version":"2020-12-22","purchased_purges":0,"victory":false,"max_hp_per_floor":[65,65,65,65,65,65,65,65,65,65,65,65,65,65,65,65,65,65,65,65,72,72,72,72,72,72,72,72,72,72],"card_choices":[{"not_picked":["BottledTime","Rewind"],"picked":"Luminosity","floor":1.0},{"not_picked":["SpecialFormula","Rearm"],"picked":"Potential","floor":2.0},{"not_picked":["Unruled","WasteNot"],"picked":"GearUp","floor":3.0},{"not_picked":["Replace","Rewind"],"picked":"Gouge","floor":4.0},{"not_picked":["Defy","DoubleEdge"],"picked":"BestPractice","floor":8.0},{"not_picked":["Defy","BottledTime"],"picked":"SilverBlades","floor":10.0},{"not_picked":["Replace","FastForward"],"picked":"Defy","floor":14},{"not_picked":["ForgedInTime","Deny"],"picked":"Initiator","floor":16},{"not_picked":["Ricochet","Starlight"],"picked":"Moondial","floor":18},{"not_picked":["SilverBlades","RealityMarble"],"picked":"Luminosity","floor":22},{"not_picked":["BottledTime+1","Comet+1"],"picked":"RealityMarble","floor":24},{"not_picked":["Alleviate+1","Rearm"],"picked":"Manipulate","floor":25}],"player_experience":2826509,"relics_obtained":[{"floor":10.0,"key":"Art of War"},{"floor":26,"key":"hubris:ToyBattleship"}],"event_choices":[{"damage_healed":0.0,"max_hp_gain":0.0,"max_hp_loss":0.0,"gold_gain":0.0,"event_name":"The Woman in Blue","player_choice":"Bought 2 Potions","floor":5.0,"gold_loss":0.0,"damage_taken":0.0},{"damage_healed":45,"gold_gain":0,"player_choice":"Upgrade","damage_taken":13,"max_hp_gain":0,"max_hp_loss":65,"event_name":"betterThird:BetterShining","floor":11,"gold_loss":0,"cards_upgraded":["Defend_S","Gouge"]},{"damage_healed":0,"gold_gain":0,"player_choice":"Upgraded","damage_taken":0,"max_hp_gain":0,"max_hp_loss":0,"event_name":"Upgrade Shrine","floor":12,"gold_loss":0,"cards_upgraded":["SilverBlades"]},{"damage_healed":0,"gold_gain":0,"player_choice":"Trade","damage_taken":0,"relics_obtained":["CultistMask"],"max_hp_gain":0,"max_hp_loss":0,"event_name":"FaceTrader","floor":20,"gold_loss":0},{"damage_healed":0,"gold_gain":0,"player_choice":"RE RE UP RE ","damage_taken":65,"relics_obtained":["Toy Ornithopter","Strawberry","infinitespire:Satchel"],"max_hp_gain":0,"max_hp_loss":0,"event_name":"betterSkull:BetterSkull","floor":21,"gold_loss":0,"cards_upgraded":["Exchange"]},{"damage_healed":0,"gold_gain":275,"player_choice":"Desecrate","damage_taken":0,"max_hp_gain":0,"max_hp_loss":0,"event_name":"Golden Shrine","floor":27,"gold_loss":0,"cards_obtained":["Regret"]}],"is_beta":false,"boss_relics":[{"not_picked":["Runic Dome","hubris:GrandSneckoEye"],"picked":"conspire:SpecialSausage"}],"items_purged_floors":[],"is_endless":false,"potions_floor_spawned":[1,2,8,14,16,24],"killed_by":"Snake Plant","ascension_level":0}}