{"host":"nlbr7nnijupf3yfg","time":1613704185,"event":{"mods":["AchievementEnabler","BaseMod","BetterRewards","Card Forge","Colored Powertips","DeckTracker","Downfall","Hubris","Infinite Spire","Minty Spire (QoL Compilation)","Quick Restart","Relic Stats","Replay The Spire","Shop Mod","StSLib","SuperFastMode"],"gold_per_floor":[113,135,146,146,160,193,193,227,227,227,254,254,187,206,206,311,311,324,238,256,256,156,156,185,185,185,218,218,229,241,275,275,376,376,391,351,362,119,119,146,146,146,169,180,206,55,75,110,110,214,214,230,239,239,250,320,344,351,382,409,470,472,472,747,746,746,832,832,837,837,853,853,853,853,883,883,883,877,877,752,760,785,785,912,912,954,954,954,954,954,998,1073,1073,1096,1196,1196,1293,1339,1420,1420,1606,1606,1724,1853,1247,1344,1434,1434,1542,1492,1492,1492,1589,1710,1710,1710,1710,1902,1902,2028,2145,2145,2145,2294,2473,2473,2627,2699,2699,2639,2836,3036,3244,3244,3535,3535,3768,4031,4312,4610,4610,4610,4932,4832,4884,4900,5245,5207,5207],"floor_reached":148,"language":"ENG","playtime":2524,"items_purged":["infinitespire:Pacifist","Strike_G","Regret","Survivor"],"score":4564,"play_id":"a035eba7-4eb2-4c80-bc47-045cb4f79c59","local_time":"20210218220945","is_ascension_mode":true,"campfire_choices":[{"floor":7,"key":"REST"},{"floor":10,"key":"REST"},{"data":"Skewer","floor":12,"key":"SMITH"},{"data":"Wraith Form v2","floor":15,"key":"SMITH"},{"data":"Envenom","floor":23,"key":"SMITH"},{"data":"Backstab","floor":32,"key":"SMITH"},{"data":"infinitespire:FutureSight","floor":41,"key":"SMITH"},{"data":"Outmaneuver","floor":49,"key":"SMITH"},{"data":"Dodge and Roll","floor":63,"key":"SMITH"},{"data":"Deadly Poison","floor":66,"key":"SMITH"},{"data":"Deadly Poison","floor":74,"key":"SMITH"},{"data":"Venomology","floor":76,"key":"SMITH"},{"floor":83,"key":"REST"},{"floor":100,"key":"REST"},{"data":"hubris:InfiniteBlow+1342","floor":108,"key":"SMITH"},{"data":"1","floor":126,"key":"LIFT"},{"data":"2","floor":129,"key":"LIFT"},{"floor":134,"key":"DIG"},{"data":"3","floor":142,"key":"LIFT"}],"circlet_count":0,"master_deck":["Skewer+1","Deadly Poison+1","Blade Dance+1","Endless Agony","Venomology+1","Flying Knee+1","Wraith Form v2+1","hubris:InfiniteBlow+1342","infinitespire:FutureSight+1","Prepared+1","Backstab+1","Deadly Poison+1","Poisoned Stab+1","hubris:InfiniteBlow+1343","Outmaneuver+1","Poisoned Stab+1","Tactician+1","Dodge and Roll+1","Outmaneuver+1","Replay:Poison Smokescreen+1","Fluid Movement+1","Dodge and Roll+1","infinitespire:Collect+1","Blade Dance+1","Tactician+1","Backflip+1"],"relics":["Ring of the Snake","Hammer of Thor","Seething Fire","Anvil of the Gods","NeowsBlessing","Byrd Skull","Slimebound:PreparedRelic","Replay:Rubber Ducky","infinitespire:Lychee Nut","Blood Vial","ReplayTheSpireMod:CursedCoin","Busted Crown","infinitespire:CheckeredPen","Centennial Puzzle","FossilizedHelix","Tough Bandages","Ancient Tea Set","hubris:ToyBattleship","Mummified Hand","hubris:TerracottaHorce","hubris:SphereOfDissonance","Matryoshka","hubris:Potato","infinitespire:FocusingShard","Blue Doll","Gremlin Food","sneckomod:BlankCard","Thread and Needle","Astrolabe","Toxic Egg 2","ReplayTheSpireMod:Ninjato","Art of War","Anchor","Simple Rune","Dream Catcher","Snecko Eye","ReplayTheSpireMod:DimensionalGlitch","Happy Flower","ReplayTheSpireMod:Ring of Collecting","ReplayTheSpireMod:Ring of Addiction","White Beast Statue","Chameleon Ring","hubris:Teleporter","ReplayTheSpireMod:Ring of Exchange","Replay:Baseball","The Courier","infinitespire:EvilPickle","Replay:Drink Me","hubris:OldNail","hubris:Icosahedron","hubris:BundleOfHerbs","ReplayTheSpireMod:Ring of Challenge","Oddly Smooth Stone","Replay:Bottled Steam","StoneCalendar","ChewingGum","BargainBundle","Bag of Preparation","Snake Skull","Singing Bowl","hubris:SlimyHat","Ring of Peace","Meat on the Bone","ReplayTheSpireMod:TigerMarble","Sling","Philosopher\u0027s Stone","Girya","hubris:Towel","Bronze Scales","Mirror","Ring of Fury","Onion Ring","PreservedInsect","infinitespire:Lucky Rock","Ice Cream","hubris:BlackHole","hubris:Metronome","Ring of Fangs","Replay:Mystery Machine","champ:DuelingGlove","Bird Faced Urn"],"acts_visited":["Exordium","TheCity","TheBeyond","Exordium","TheCity","TheBeyond","Exordium","TheCity","TheBeyond"],"potions_floor_usage":[11,16,18,20,27,29,33,37,50,50,84,148],"damage_taken":[{"damage":0,"enemies":"2 Louse","floor":1,"turns":1},{"damage":0,"enemies":"Small Slimes","floor":3,"turns":1},{"damage":0,"enemies":"Jaw Worm","floor":5,"turns":1},{"damage":40,"enemies":"3 Sentries","floor":6,"turns":9},{"damage":12,"enemies":"Replay:BlueRogue","floor":8,"turns":6},{"damage":10,"enemies":"3 Sentries","floor":11,"turns":7},{"damage":0,"enemies":"Red Slaver","floor":14,"turns":2},{"damage":32,"enemies":"Hexaghost","floor":16,"turns":12},{"damage":4,"enemies":"Shell Parasite","floor":18,"turns":2},{"damage":10,"enemies":"2 Thieves","floor":20,"turns":2},{"damage":0,"enemies":"Book of Stabbing","floor":24,"turns":1},{"damage":0,"enemies":"Slavers","floor":27,"turns":7},{"damage":9,"enemies":"3 Cultists","floor":29,"turns":4},{"damage":0,"enemies":"Snake Plant","floor":30,"turns":1},{"damage":0,"enemies":"Gremlin Leader","floor":31,"turns":5},{"damage":1,"enemies":"Automaton","floor":33,"turns":6},{"damage":0,"enemies":"3 Darklings","floor":35,"turns":3},{"damage":0,"enemies":"Orb Walker","floor":37,"turns":2},{"damage":0,"enemies":"R_Hoarder","floor":40,"turns":1},{"damage":0,"enemies":"4 Shapes","floor":44,"turns":2},{"damage":0,"enemies":"Nightmare","floor":45,"turns":1},{"damage":0,"enemies":"Sphere and 2 Shapes","floor":47,"turns":4},{"damage":0,"enemies":"R_Hoarder","floor":48,"turns":1},{"damage":0,"enemies":"Awakened One","floor":50,"turns":4},{"damage":0,"enemies":"Small Slimes","floor":52,"turns":1},{"damage":0,"enemies":"2 Louse","floor":53,"turns":1},{"damage":0,"enemies":"Cultist","floor":55,"turns":2},{"damage":0,"enemies":"Lagavulin","floor":57,"turns":2},{"damage":0,"enemies":"3 Louse","floor":58,"turns":2},{"damage":0,"enemies":"Gremlin Nob","floor":59,"turns":2},{"damage":0,"enemies":"Gremlin Nob","floor":61,"turns":1},{"damage":0,"enemies":"Red Slaver","floor":62,"turns":2},{"damage":0,"enemies":"Blue Slaver","floor":65,"turns":2},{"damage":0,"enemies":"Hexaghost","floor":67,"turns":1},{"damage":0,"enemies":"Shell Parasite","floor":69,"turns":2},{"damage":0,"enemies":"2 Thieves","floor":70,"turns":2},{"damage":0,"enemies":"Snecko","floor":71,"turns":1},{"damage":0,"enemies":"Gremlin Leader","floor":75,"turns":1},{"damage":16,"enemies":"Snake Plant","floor":78,"turns":3},{"damage":0,"enemies":"Cultist and Chosen","floor":79,"turns":1},{"damage":0,"enemies":"Centurion and Healer","floor":81,"turns":1},{"damage":0,"enemies":"Nightmare","floor":82,"turns":1},{"damage":0,"enemies":"Pondfish","floor":84,"turns":4},{"damage":0,"enemies":"3 Darklings","floor":86,"turns":4},{"damage":0,"enemies":"3 Shapes","floor":91,"turns":3},{"damage":0,"enemies":"Spire Growth","floor":92,"turns":1},{"damage":0,"enemies":"Nightmare","floor":95,"turns":1},{"damage":0,"enemies":"Jaw Worm Horde","floor":97,"turns":1},{"damage":0,"enemies":"Mind Bloom Boss Battle","floor":98,"turns":1},{"damage":0,"enemies":"Sphere and 2 Shapes","floor":99,"turns":3},{"damage":0,"enemies":"Time Eater","floor":101,"turns":1},{"damage":0,"enemies":"Jaw Worm","floor":103,"turns":1},{"damage":0,"enemies":"Small Slimes","floor":104,"turns":1},{"damage":0,"enemies":"2 Louse","floor":106,"turns":1},{"damage":0,"enemies":"Exordium Thugs","floor":107,"turns":1},{"damage":0,"enemies":"Lagavulin","floor":109,"turns":2},{"damage":0,"enemies":"3 Sentries","floor":113,"turns":3},{"damage":0,"enemies":"Large Slime","floor":114,"turns":1},{"damage":0,"enemies":"The Guardian","floor":118,"turns":1},{"damage":0,"enemies":"Spheric Guardian","floor":120,"turns":2},{"damage":0,"enemies":"3 Byrds","floor":121,"turns":3},{"damage":0,"enemies":"Shelled Parasite and Fungi","floor":124,"turns":2},{"damage":0,"enemies":"Book of Stabbing","floor":125,"turns":1},{"damage":0,"enemies":"Slavers","floor":127,"turns":4},{"damage":0,"enemies":"Gremlin Leader","floor":131,"turns":1},{"damage":0,"enemies":"Sentry and Sphere","floor":132,"turns":1},{"damage":0,"enemies":"Slavers","floor":133,"turns":2},{"damage":0,"enemies":"Automaton","floor":135,"turns":2},{"damage":0,"enemies":"3 Darklings","floor":137,"turns":1},{"damage":0,"enemies":"Orb Walker","floor":138,"turns":1},{"damage":0,"enemies":"Transient","floor":139,"turns":1},{"damage":0,"enemies":"Maw","floor":140,"turns":1},{"damage":0,"enemies":"R_Hoarder","floor":143,"turns":1},{"damage":9,"enemies":"Mind Bloom Boss Battle","floor":146,"turns":4},{"damage":0,"enemies":"Reptomancer","floor":147,"turns":1},{"damage":0,"enemies":"infinitespire:Three Voidlings","floor":148,"turns":2},{"damage":92,"enemies":"Nightmare_Alpha","floor":148,"turns":5}],"seed_played":"379570906842726089","potions_obtained":[{"floor":1,"key":"FearPotion"},{"floor":14,"key":"Fire Potion"},{"floor":16,"key":"sneckomod:MuddlingPotion"},{"floor":18,"key":"PowerPotion"},{"floor":27,"key":"champ:CounterPotion"},{"floor":31,"key":"PowerPotion"},{"floor":50,"key":"CultistPotion"},{"floor":53,"key":"bronze:BurnAndBuffPotion"},{"floor":57,"key":"EntropicBrew"},{"floor":96,"key":"DuplicationPotion"}],"is_trial":false,"path_per_floor":["M","?","M","?","M","E","R","E","T","R","E","R","$","M","R","B",null,"M","?","M","AVR","$","R","E","?","T","E","?","M","M","E","R","B",null,"M","?","M","$","?","E","R","AVR","T","M","NM","$","M","E","R","B",null,"M","M","AVR","M","?","E","M","E","T","?","M","R","?","M","R","B",null,"M","M","M","AVR","?","R","E","R","T","M","M","$","M","NM","R","B",null,"M","AVR","?","?","?","M","M","?","T","NM","R","M","?","M","R","B",null,"M","M","$","M","M","R","E","?","T","?","E","M","R","AVR","R","B",null,"M","M","?","?","M","E","R","E","T","R","?","E","M","E","R","B",null,"M","M","M","M","$","R","E","NS","T","?","E","?"],"character_chosen":"THE_SILENT","items_purchased":["ReplayTheSpireMod:CursedCoin","Wraith Form v2","hubris:SphereOfDissonance","sneckomod:BlankCard","BargainBundle","Bag of Preparation","Snake Skull","Singing Bowl"],"campfire_rested":4,"item_purchase_floors":[13,13,38,46,105,105,105,105],"current_hp_per_floor":[70,70,70,70,70,30,51,39,39,52,43,43,43,48,48,21,52,48,48,42,42,42,42,44,44,44,52,52,43,45,52,52,51,52,52,52,52,52,52,52,52,52,52,52,52,52,52,52,52,52,52,52,52,52,52,52,52,52,52,52,52,52,52,52,52,52,52,52,52,52,52,52,52,52,52,52,50,34,37,37,38,39,46,46,35,35,35,33,33,33,31,31,31,29,29,29,27,27,27,25,25,25,23,23,23,21,23,23,23,23,23,31,33,33,31,31,31,31,31,33,33,33,33,33,35,35,35,35,35,33,35,37,37,37,39,37,39,41,41,43,43,41,43,43,41,34,37,0,0],"gold":5207,"neow_bonus":"THREE_ENEMY_KILL","is_daily":false,"chose_seed":false,"campfire_upgraded":11,"win_rate":0.0,"timestamp":1613704185,"path_taken":["M","?","M","?","M","E","R","E","T","R","E","R","$","M","R","BOSS","M","?","M","AVR","?","R","E","?","T","E","?","M","M","E","R","BOSS","M","?","?","$","?","E","R","AVR","T","?","NM","$","M","E","R","BOSS","M","M","AVR","M","?","E","M","E","T","?","M","R","?","M","R","BOSS","M","M","?","AVR","?","R","E","R","T","M","M","$","M","NM","R","BOSS","M","AVR","?","?","?","M","M","?","T","NM","R","?","?","M","R","BOSS","M","M","$","M","M","R","E","?","T","?","E","?","R","AVR","R","BOSS","M","M","?","?","M","E","R","E","T","R","?","E","M","E","R","BOSS","M","M","M","M","?","R","E","NS","T","?","E","?"],"items_purchased_type":["Relic","Card","Relic","Relic","Relic","Relic","Relic","Relic"],"build_version":"2020-12-22","purchased_purges":4,"victory":false,"max_hp_per_floor":[70,70,70,70,70,70,70,70,52,52,52,52,52,52,52,52,52,52,52,52,52,52,52,52,52,52,52,52,52,52,52,52,52,52,52,52,52,52,52,52,52,52,52,52,52,52,52,52,52,52,52,52,52,52,52,52,52,52,52,52,52,52,52,52,52,52,52,52,52,52,52,52,52,52,52,52,50,50,50,48,48,48,46,46,35,35,35,33,33,33,31,31,31,29,29,29,27,27,27,25,25,25,23,23,23,21,23,23,23,23,23,31,33,33,31,31,31,31,31,33,33,33,33,33,35,35,35,35,35,33,35,37,37,37,39,37,39,41,41,43,43,41,43,43,41,43,45,43,43],"relic_stats":{"Happy Flower":[24],"Singing Bowl":40,"counters":[77,178],"Astrolabe":["Setup","Concentrate","Tactician"],"StoneCalendar":[0],"Snake Skull":[78],"PreservedInsect":566,"Bag of Preparation":[13],"Blood Vial":20,"Centennial Puzzle":[16],"Tough Bandages":[174],"Dream Catcher":2,"Busted Crown":316,"Mummified Hand":[42],"Bronze Scales":[29],"Bird Faced Urn":[3],"Snecko Eye":[201,181,185,212],"Art of War":[5],"obtain_stats":[{"Ice Cream":134,"champ:DuelingGlove":146,"Hammer of Thor":0,"Sling":116,"hubris:TerracottaHorce":34,"Blood Vial":11,"Centennial Puzzle":21,"Philosopher\u0027s Stone":119,"Toxic Egg 2":54,"Byrd Skull":2,"Replay:Bottled Steam":95,"Girya":122,"hubris:Teleporter":75,"Happy Flower":72,"ReplayTheSpireMod:CursedCoin":13,"Astrolabe":51,"ReplayTheSpireMod:Ring of Addiction":73,"hubris:SphereOfDissonance":38,"Oddly Smooth Stone":94,"infinitespire:EvilPickle":84,"Replay:Baseball":77,"Anvil of the Gods":0,"infinitespire:Lychee Nut":9,"ReplayTheSpireMod:Ring of Collecting":73,"Bronze Scales":125,"Bird Faced Urn":147,"Snecko Eye":68,"Simple Rune":60,"Onion Ring":128,"Slimebound:PreparedRelic":6,"hubris:ToyBattleship":28,"ReplayTheSpireMod:TigerMarble":113,"ReplayTheSpireMod:DimensionalGlitch":72,"Mirror":127,"Meat on the Bone":111,"ReplayTheSpireMod:Ring of Exchange":77,"hubris:Metronome":143,"Singing Bowl":105,"sneckomod:BlankCard":46,"Blue Doll":43,"StoneCalendar":98,"Snake Skull":105,"Bag of Preparation":105,"hubris:SlimyHat":109,"Replay:Mystery Machine":145,"Ancient Tea Set":27,"Replay:Rubber Ducky":8,"hubris:BlackHole":136,"Tough Bandages":26,"Dream Catcher":61,"Matryoshka":40,"Chameleon Ring":73,"hubris:Icosahedron":90,"Ring of Fangs":145,"Mummified Hand":31,"Ring of Peace":111,"Replay:Drink Me":85,"Ring of the Snake":0,"Gremlin Food":45,"BargainBundle":105,"ReplayTheSpireMod:Ninjato":57,"NeowsBlessing":0,"Thread and Needle":48,"infinitespire:FocusingShard":43,"The Courier":82,"PreservedInsect":131,"Seething Fire":0,"infinitespire:CheckeredPen":19,"infinitespire:Lucky Rock":133,"hubris:Towel":123,"White Beast Statue":73,"Anchor":60,"Busted Crown":17,"ChewingGum":102,"Ring of Fury":128,"hubris:BundleOfHerbs":93,"Art of War":59,"ReplayTheSpireMod:Ring of Challenge":94,"FossilizedHelix":24,"hubris:Potato":42,"hubris:OldNail":87},{"Ice Cream":67,"champ:DuelingGlove":74,"Hammer of Thor":0,"Sling":58,"hubris:TerracottaHorce":16,"Blood Vial":6,"Centennial Puzzle":10,"Philosopher\u0027s Stone":59,"Toxic Egg 2":26,"Byrd Skull":1,"Replay:Bottled Steam":47,"Girya":61,"hubris:Teleporter":38,"Happy Flower":37,"ReplayTheSpireMod:CursedCoin":6,"Astrolabe":24,"ReplayTheSpireMod:Ring of Addiction":37,"hubris:SphereOfDissonance":18,"Oddly Smooth Stone":46,"infinitespire:EvilPickle":43,"Replay:Baseball":38,"Anvil of the Gods":0,"infinitespire:Lychee Nut":5,"ReplayTheSpireMod:Ring of Collecting":37,"Bronze Scales":63,"Bird Faced Urn":75,"Snecko Eye":34,"Simple Rune":30,"Onion Ring":64,"Slimebound:PreparedRelic":4,"hubris:ToyBattleship":12,"ReplayTheSpireMod:TigerMarble":57,"ReplayTheSpireMod:DimensionalGlitch":37,"Mirror":64,"Meat on the Bone":56,"ReplayTheSpireMod:Ring of Exchange":38,"hubris:Metronome":73,"Singing Bowl":53,"sneckomod:BlankCard":21,"Blue Doll":19,"StoneCalendar":49,"Snake Skull":53,"Bag of Preparation":53,"hubris:SlimyHat":56,"Replay:Mystery Machine":73,"Ancient Tea Set":12,"Replay:Rubber Ducky":5,"hubris:BlackHole":68,"Tough Bandages":11,"Dream Catcher":31,"Matryoshka":19,"Chameleon Ring":37,"hubris:Icosahedron":44,"Ring of Fangs":73,"Mummified Hand":15,"Ring of Peace":56,"Replay:Drink Me":43,"Ring of the Snake":0,"Gremlin Food":21,"BargainBundle":53,"ReplayTheSpireMod:Ninjato":28,"NeowsBlessing":0,"Thread and Needle":23,"infinitespire:FocusingShard":19,"The Courier":42,"PreservedInsect":65,"Seething Fire":0,"infinitespire:CheckeredPen":9,"infinitespire:Lucky Rock":67,"hubris:Towel":61,"White Beast Statue":37,"Anchor":30,"Busted Crown":8,"ChewingGum":51,"Ring of Fury":64,"hubris:BundleOfHerbs":46,"Art of War":30,"ReplayTheSpireMod:Ring of Challenge":46,"FossilizedHelix":11,"hubris:Potato":19,"hubris:OldNail":44},{"Ice Cream":159,"champ:DuelingGlove":170,"Hammer of Thor":0,"Sling":142,"hubris:TerracottaHorce":67,"Blood Vial":25,"Centennial Puzzle":43,"Philosopher\u0027s Stone":143,"Toxic Egg 2":87,"Byrd Skull":1,"Replay:Bottled Steam":126,"Girya":148,"hubris:Teleporter":107,"Happy Flower":106,"ReplayTheSpireMod:CursedCoin":25,"Astrolabe":85,"ReplayTheSpireMod:Ring of Addiction":106,"hubris:SphereOfDissonance":72,"Oddly Smooth Stone":125,"infinitespire:EvilPickle":117,"Replay:Baseball":107,"Anvil of the Gods":0,"infinitespire:Lychee Nut":18,"ReplayTheSpireMod:Ring of Collecting":106,"Bronze Scales":151,"Bird Faced Urn":171,"Snecko Eye":101,"Simple Rune":95,"Onion Ring":155,"Slimebound:PreparedRelic":12,"hubris:ToyBattleship":51,"ReplayTheSpireMod:TigerMarble":141,"ReplayTheSpireMod:DimensionalGlitch":106,"Mirror":155,"Meat on the Bone":138,"ReplayTheSpireMod:Ring of Exchange":107,"hubris:Metronome":166,"Singing Bowl":134,"sneckomod:BlankCard":76,"Blue Doll":73,"StoneCalendar":128,"Snake Skull":134,"Bag of Preparation":134,"hubris:SlimyHat":138,"Replay:Mystery Machine":166,"Ancient Tea Set":51,"Replay:Rubber Ducky":18,"hubris:BlackHole":161,"Tough Bandages":44,"Dream Catcher":96,"Matryoshka":73,"Chameleon Ring":106,"hubris:Icosahedron":121,"Ring of Fangs":166,"Mummified Hand":61,"Ring of Peace":138,"Replay:Drink Me":117,"Ring of the Snake":0,"Gremlin Food":76,"BargainBundle":134,"ReplayTheSpireMod:Ninjato":91,"NeowsBlessing":0,"Thread and Needle":81,"infinitespire:FocusingShard":73,"The Courier":113,"PreservedInsect":156,"Seething Fire":0,"infinitespire:CheckeredPen":41,"infinitespire:Lucky Rock":159,"hubris:Towel":148,"White Beast Statue":106,"Anchor":95,"Busted Crown":39,"ChewingGum":132,"Ring of Fury":155,"hubris:BundleOfHerbs":125,"Art of War":95,"ReplayTheSpireMod:Ring of Challenge":125,"FossilizedHelix":44,"hubris:Potato":73,"hubris:OldNail":121}],"Ring of the Snake":[140],"Meat on the Bone":0},"card_choices":[{"not_picked":["Underhanded Strike","Dodge and Roll"],"picked":"Skewer","floor":1},{"not_picked":["ReplayTheSpireMod:Scrap Shanks","ReplayTheSpireMod:Tripwire"],"picked":"Deadly Poison","floor":2},{"not_picked":["Hidden Blade","Backflip"],"picked":"Blade Dance","floor":3},{"not_picked":["Acrobatics","Quick Slash"],"picked":"Endless Agony","floor":5},{"not_picked":["hubris:TrickCloak","Terror"],"picked":"Tactician","floor":6},{"not_picked":["Acrobatics","All Out Attack"],"picked":"Venomology","floor":8},{"not_picked":["Quick Slash","Blur"],"picked":"Flying Knee","floor":11},{"not_picked":["Sucker Punch","Reflex"],"picked":"Riddle With Holes","floor":14},{"not_picked":["Venomology","Die Die Die"],"picked":"Envenom","floor":16},{"not_picked":[],"picked":"Blade Dance","floor":18},{"not_picked":["hubris:SlightOfHand"],"picked":"SKIP","floor":20},{"not_picked":["Underhanded Strike"],"picked":"SKIP","floor":24},{"not_picked":["infinitespire:Collect","infinitespire:Punishment"],"picked":"infinitespire:FutureSight","floor":25},{"not_picked":[],"picked":"Prepared+1","floor":27},{"not_picked":["Prepared"],"picked":"SKIP","floor":29},{"not_picked":["Reflex"],"picked":"SKIP","floor":30},{"not_picked":[],"picked":"Backstab","floor":31},{"not_picked":[],"picked":"Deadly Poison","floor":35},{"not_picked":[],"picked":"Poisoned Stab+1","floor":37},{"not_picked":[],"picked":"Outmaneuver","floor":40},{"not_picked":["Calculated Gamble"],"picked":"SKIP","floor":44},{"not_picked":[],"picked":"Poisoned Stab+1","floor":45},{"not_picked":["Dagger Spray"],"picked":"SKIP","floor":47},{"not_picked":["Unload"],"picked":"SKIP","floor":48},{"not_picked":["Sucker Punch"],"picked":"SKIP","floor":52},{"not_picked":[],"picked":"Dodge and Roll","floor":53},{"not_picked":["Underhanded Strike"],"picked":"SKIP","floor":55},{"not_picked":[],"picked":"Outmaneuver+1","floor":57},{"not_picked":["Dagger Spray"],"picked":"SKIP","floor":58},{"not_picked":["ReplayTheSpireMod:Scrap Shanks"],"picked":"SKIP","floor":59},{"not_picked":[],"picked":"Replay:Poison Smokescreen+1","floor":61},{"not_picked":["Eviscerate"],"picked":"SKIP","floor":62},{"not_picked":["Underhanded Strike"],"picked":"SKIP","floor":65},{"not_picked":["Poisoned Stab"],"picked":"SKIP","floor":69},{"not_picked":["Underhanded Strike"],"picked":"SKIP","floor":70},{"not_picked":["Sucker Punch+1"],"picked":"SKIP","floor":71},{"not_picked":["Deflect+1"],"picked":"SKIP","floor":75},{"not_picked":["hubris:SlightOfHand+1"],"picked":"SKIP","floor":78},{"not_picked":[],"picked":"Fluid Movement+1","floor":79},{"not_picked":[],"picked":"Dodge and Roll+1","floor":81},{"not_picked":["Dagger Spray+1"],"picked":"SKIP","floor":82},{"not_picked":[],"picked":"Poison Darts+1","floor":84},{"not_picked":["ReplayTheSpireMod:Echoes of Time","ReplayTheSpireMod:Book of Names"],"picked":"infinitespire:Collect","floor":85},{"not_picked":["Poisoned Stab"],"picked":"SKIP","floor":86},{"not_picked":["Slice+1"],"picked":"SKIP","floor":91},{"not_picked":[],"picked":"Blade Dance+1","floor":92},{"not_picked":[],"picked":"Tactician+1","floor":95},{"not_picked":[],"picked":"Backflip+1","floor":97},{"not_picked":["Deadly Poison+1"],"picked":"SKIP","floor":99},{"not_picked":["Slice"],"picked":"SKIP","floor":103},{"not_picked":["Noxious Fumes"],"picked":"SKIP","floor":104},{"not_picked":["Cloak And Dagger+1"],"picked":"SKIP","floor":106},{"not_picked":["Quick Slash"],"picked":"Singing Bowl","floor":107},{"not_picked":["Endless Agony"],"picked":"Singing Bowl","floor":109},{"not_picked":["Slice"],"picked":"Singing Bowl","floor":113},{"not_picked":["Hidden Blade+1"],"picked":"SKIP","floor":114},{"not_picked":["After Image"],"picked":"Singing Bowl","floor":118},{"not_picked":["Draining Mist+1"],"picked":"Singing Bowl","floor":120},{"not_picked":["Sucker Punch"],"picked":"Singing Bowl","floor":121},{"not_picked":["Poisoned Stab"],"picked":"Singing Bowl","floor":124},{"not_picked":["ReplayTheSpireMod:Shiv Toss+1"],"picked":"Singing Bowl","floor":125},{"not_picked":["Replay:Bag of Tricks+1"],"picked":"Singing Bowl","floor":127},{"not_picked":["Bane"],"picked":"Singing Bowl","floor":131},{"not_picked":["Quick Slash"],"picked":"Singing Bowl","floor":132},{"not_picked":["PiercingWail+1"],"picked":"Singing Bowl","floor":133},{"not_picked":["Wraith Form v2"],"picked":"Singing Bowl","floor":135},{"not_picked":["Leg Sweep+1"],"picked":"Singing Bowl","floor":137},{"not_picked":["ReplayTheSpireMod:The Works+1"],"picked":"Singing Bowl","floor":138},{"not_picked":["Bane"],"picked":"Singing Bowl","floor":139},{"not_picked":["Catalyst+1"],"picked":"Singing Bowl","floor":140},{"not_picked":["Underhanded Strike+1"],"picked":"Singing Bowl","floor":143},{"not_picked":["Finisher+1"],"picked":"Singing Bowl","floor":146},{"not_picked":["Concentrate+1"],"picked":"Singing Bowl","floor":147}],"player_experience":107922,"relics_obtained":[{"floor":2,"key":"Byrd Skull"},{"floor":6,"key":"Slimebound:PreparedRelic"},{"floor":8,"key":"Replay:Rubber Ducky"},{"floor":9,"key":"infinitespire:Lychee Nut"},{"floor":11,"key":"Blood Vial"},{"floor":24,"key":"FossilizedHelix"},{"floor":26,"key":"Tough Bandages"},{"floor":27,"key":"Ancient Tea Set"},{"floor":31,"key":"Mummified Hand"},{"floor":40,"key":"Matryoshka"},{"floor":43,"key":"infinitespire:FocusingShard"},{"floor":43,"key":"Blue Doll"},{"floor":45,"key":"Gremlin Food"},{"floor":48,"key":"Thread and Needle"},{"floor":57,"key":"ReplayTheSpireMod:Ninjato"},{"floor":59,"key":"Art of War"},{"floor":60,"key":"Anchor"},{"floor":60,"key":"Simple Rune"},{"floor":61,"key":"Dream Catcher"},{"floor":73,"key":"ReplayTheSpireMod:Ring of Collecting"},{"floor":73,"key":"ReplayTheSpireMod:Ring of Addiction"},{"floor":73,"key":"White Beast Statue"},{"floor":73,"key":"Chameleon Ring"},{"floor":75,"key":"hubris:Teleporter"},{"floor":77,"key":"ReplayTheSpireMod:Ring of Exchange"},{"floor":77,"key":"Replay:Baseball"},{"floor":82,"key":"The Courier"},{"floor":94,"key":"ReplayTheSpireMod:Ring of Challenge"},{"floor":94,"key":"Oddly Smooth Stone"},{"floor":95,"key":"Replay:Bottled Steam"},{"floor":98,"key":"StoneCalendar"},{"floor":109,"key":"hubris:SlimyHat"},{"floor":111,"key":"Ring of Peace"},{"floor":111,"key":"Meat on the Bone"},{"floor":113,"key":"ReplayTheSpireMod:TigerMarble"},{"floor":125,"key":"Bronze Scales"},{"floor":127,"key":"Mirror"},{"floor":128,"key":"Ring of Fury"},{"floor":128,"key":"Onion Ring"},{"floor":131,"key":"PreservedInsect"},{"floor":133,"key":"infinitespire:Lucky Rock"},{"floor":134,"key":"Ice Cream"},{"floor":143,"key":"hubris:Metronome"},{"floor":145,"key":"Ring of Fangs"},{"floor":145,"key":"Replay:Mystery Machine"},{"floor":146,"key":"champ:DuelingGlove"},{"floor":147,"key":"Bird Faced Urn"}],"event_choices":[{"cards_removed":["ReplayTheSpireMod:Splinters"],"damage_healed":0,"gold_gain":0,"player_choice":"Purged","damage_taken":0,"max_hp_gain":0,"max_hp_loss":0,"event_name":"Purifier","floor":4,"gold_loss":0},{"damage_healed":0,"gold_gain":0,"player_choice":"Paid Gold","damage_taken":0,"relics_obtained":["infinitespire:CheckeredPen"],"max_hp_gain":0,"max_hp_loss":0,"event_name":"WeMeetAgain","floor":19,"gold_loss":86},{"damage_healed":0,"gold_gain":0,"player_choice":"Upgraded Two","damage_taken":0,"max_hp_gain":0,"max_hp_loss":0,"event_name":"Designer","floor":36,"gold_loss":40,"cards_upgraded":["Defend_G","Flying Knee"]},{"damage_healed":0,"gold_gain":0,"player_choice":"Copied","damage_taken":0,"max_hp_gain":0,"max_hp_loss":0,"event_name":"Duplicator","floor":39,"gold_loss":0,"cards_obtained":["hubris:InfiniteBlow"]},{"damage_healed":0,"gold_gain":70,"player_choice":"Gained Gold","damage_taken":0,"max_hp_gain":0,"max_hp_loss":0,"event_name":"Golden Wing","floor":56,"gold_loss":0},{"damage_healed":0,"gold_gain":30,"player_choice":"Searched \u00272\u0027 times","damage_taken":0,"max_hp_gain":0,"max_hp_loss":0,"event_name":"Dead Adventurer","floor":61,"gold_loss":0},{"damage_healed":0,"gold_gain":275,"player_choice":"Desecrate","damage_taken":0,"max_hp_gain":0,"max_hp_loss":0,"event_name":"Golden Shrine","floor":64,"gold_loss":0,"cards_obtained":["Regret"]},{"cards_removed":["Envenom"],"damage_healed":0,"gold_gain":0,"player_choice":"Removed Power","damage_taken":0,"max_hp_gain":0,"max_hp_loss":0,"event_name":"Falling","floor":88,"gold_loss":0},{"damage_healed":0,"gold_gain":0,"player_choice":"Ignored","damage_taken":0,"max_hp_gain":0,"max_hp_loss":0,"event_name":"Tomb of Lord Red Mask","floor":89,"gold_loss":0},{"damage_healed":0,"gold_gain":0,"player_choice":"Gave Potion","damage_taken":0,"relics_obtained":["hubris:BundleOfHerbs"],"max_hp_gain":0,"max_hp_loss":0,"event_name":"WeMeetAgain","floor":93,"gold_loss":0},{"damage_healed":0,"gold_gain":0,"player_choice":"Fight","damage_taken":0,"max_hp_gain":0,"max_hp_loss":0,"event_name":"MindBloom","floor":98,"gold_loss":0},{"cards_removed":["Riddle With Holes"],"damage_healed":0,"gold_gain":0,"player_choice":"Card Removal","damage_taken":0,"max_hp_gain":0,"max_hp_loss":0,"event_name":"The Cleric","floor":110,"gold_loss":50},{"cards_removed":["Poison Darts"],"damage_healed":0,"gold_gain":0,"player_choice":"Offered Rare","damage_taken":0,"max_hp_gain":10,"max_hp_loss":0,"event_name":"Bonfire Elementals","floor":112,"gold_loss":0},{"damage_healed":0,"gold_gain":0,"player_choice":"Opened","damage_taken":0,"relics_obtained":["Girya"],"max_hp_gain":0,"max_hp_loss":0,"event_name":"The Mausoleum","floor":122,"gold_loss":0},{"cards_removed":["Strike_G"],"damage_healed":0,"gold_gain":0,"player_choice":"Single Remove","damage_taken":0,"max_hp_gain":0,"max_hp_loss":0,"event_name":"Designer","floor":130,"gold_loss":60},{"damage_healed":0,"gold_gain":0,"player_choice":"Fight","damage_taken":0,"max_hp_gain":0,"max_hp_loss":0,"event_name":"MindBloom","floor":146,"gold_loss":0}],"is_beta":false,"boss_relics":[{"not_picked":["Velvet Choker","hubris:CrackedHourglass"],"picked":"Busted Crown"},{"not_picked":["Ring of the Serpent","Philosopher\u0027s Stone"],"picked":"hubris:TerracottaHorce"},{"not_picked":["hubris:RunicObelisk","hubris:ScarierMask"],"picked":"Astrolabe"},{"not_picked":["bronze:MakeshiftBattery","Kintsugi"],"picked":"Snecko Eye"},{"not_picked":["Medical Kit","OrangePellets"],"picked":"Replay:Drink Me"},{"not_picked":["TheAbacus","ReplayTheSpireMod:SealedPack"],"picked":"ChewingGum"},{"not_picked":["Replay:Ancient Bell","Painkiller Herb"],"picked":"Philosopher\u0027s Stone"},{"not_picked":["Calling Bell","Abe\u0027s Treasure"],"picked":"hubris:BlackHole"}],"items_purged_floors":[13,22,80,105],"is_endless":true,"potions_floor_spawned":[1,14,16,18,27,31,37,44,45,48,50,53,57,59,65,70,75,78,79,81,82,84,86,91,92,95,97,98,99,101,103,104,106,107,109,113,114,118,120,121,124,125,127,131,132,133,135,137,138,139,140,143,146,147,148],"killed_by":"Nightmare_Alpha","ascension_level":1}}