{"host":"i0avyit1s6jb1siw","time":1613766639,"event":{"mods":["BaseMod","DeckTracker","Dota2Spire","Highlight Path","Minty Spire (QoL Compilation)","Quick Restart","StSLib","SuperFastMode"],"gold_per_floor":[109,121,121,139,159,159,188,188,188,188,232,232,254,279,321,321,402,402,429,439,448,141,151,151,169,169,195,218,218,260,260,90,122,122,205,205,230,294,169,203,222,222,252,302,302,351,351,413,427,501,512,512,542,572],"floor_reached":55,"language":"ENG","playtime":1132,"items_purged":["Strike_R","Strike_R","Strike_R"],"score":2655,"play_id":"bdc8f836-e723-4f13-acca-02acc3776a1c","local_time":"20210219213039","is_ascension_mode":true,"campfire_choices":[{"data":"Uppercut","floor":6.0,"key":"SMITH"},{"data":"Evolve","floor":8.0,"key":"SMITH"},{"floor":12.0,"key":"REST"},{"data":"Corruption","floor":16.0,"key":"SMITH"},{"data":"Dark Embrace","floor":24.0,"key":"SMITH"},{"data":"Whirlwind","floor":26.0,"key":"SMITH"},{"data":"Bloodletting","floor":31.0,"key":"SMITH"},{"data":"Body Slam","floor":34.0,"key":"SMITH"},{"data":"Feel No Pain","floor":42.0,"key":"SMITH"},{"floor":52.0,"key":"RECALL"}],"circlet_count":0,"master_deck":["AscendersBane","Defend_R","Defend_R","Defend_R","Defend_R","Bash","Cleave","Evolve+1","Uppercut+1","Impervious","Flame Barrier","True Grit","Spot Weakness","Corruption+1","Impervious","Body Slam+1","Dark Embrace+1","Whirlwind+1","Blood for Blood","Combust","Bloodletting+1","Shrug It Off","Feel No Pain+1","Offering","Armaments+1","Flex+1","Shrug It Off+1","Shrug It Off","Second Wind+1"],"relics":["Dota2Spire:RefresherOrb","Letter Opener","Blood Vial","Matryoshka","CeramicFish","Eternal Feather","Pantograph","Coffee Dripper","Dota2Spire:EchoSabre","Dota2Spire:UrnOfShadows","Dota2Spire:DrumOfEndurance","Omamori","Akabeko","Snecko Eye","Mango","Lizard Tail","Dota2Spire:HandOfMidas","Dota2Spire:Mjollnir","Oddly Smooth Stone","Dota2Spire:LotusOrb","Mercury Hourglass"],"acts_visited":["Exordium","TheCity","TheBeyond"],"potions_floor_usage":[],"damage_taken":[{"damage":4.0,"enemies":"Jaw Worm","floor":1.0,"turns":4.0},{"damage":0.0,"enemies":"Cultist","floor":2.0,"turns":2.0},{"damage":3.0,"enemies":"2 Louse","floor":4.0,"turns":2.0},{"damage":8.0,"enemies":"Blue Slaver","floor":5.0,"turns":3.0},{"damage":20.0,"enemies":"3 Sentries","floor":7.0,"turns":5.0},{"damage":25.0,"enemies":"Lagavulin","floor":11.0,"turns":5.0},{"damage":0.0,"enemies":"3 Louse","floor":13.0,"turns":4.0},{"damage":0.0,"enemies":"Exordium Wildlife","floor":14.0,"turns":3.0},{"damage":27.0,"enemies":"Gremlin Nob","floor":15.0,"turns":4.0},{"damage":0.0,"enemies":"Slime Boss","floor":17.0,"turns":8.0},{"damage":23.0,"enemies":"Shell Parasite","floor":19.0,"turns":5.0},{"damage":14.0,"enemies":"2 Thieves","floor":20.0,"turns":4.0},{"damage":0.0,"enemies":"Centurion and Healer","floor":23.0,"turns":5.0},{"damage":0.0,"enemies":"Snake Plant","floor":28.0,"turns":2.0},{"damage":4.0,"enemies":"Slavers","floor":30.0,"turns":2.0},{"damage":3.0,"enemies":"Gremlin Leader","floor":33.0,"turns":3.0},{"damage":9.0,"enemies":"Champ","floor":35.0,"turns":6.0},{"damage":4.0,"enemies":"Orb Walker","floor":37.0,"turns":3.0},{"damage":9.0,"enemies":"2 Orb Walkers","floor":38.0,"turns":1.0},{"damage":3.0,"enemies":"Mind Bloom Boss Battle","floor":40.0,"turns":3.0},{"damage":19.0,"enemies":"3 Darklings","floor":41.0,"turns":3.0},{"damage":20.0,"enemies":"Reptomancer","floor":43.0,"turns":3.0},{"damage":6.0,"enemies":"Jaw Worm Horde","floor":44.0,"turns":3.0},{"damage":3.0,"enemies":"Giant Head","floor":48.0,"turns":3.0},{"damage":6.0,"enemies":"Writhing Mass","floor":49.0,"turns":4.0},{"damage":6.0,"enemies":"Reptomancer","floor":50.0,"turns":2.0},{"damage":9.0,"enemies":"Spire Growth","floor":51.0,"turns":3.0},{"damage":9.0,"enemies":"Awakened One","floor":53.0,"turns":5.0},{"damage":9,"enemies":"Donu and Deca","floor":54,"turns":3}],"seed_played":"8367014181741175696","potions_obtained":[{"floor":1.0,"key":"GamblersBrew"},{"floor":4.0,"key":"ElixirPotion"},{"floor":11.0,"key":"SkillPotion"},{"floor":14.0,"key":"LiquidMemories"},{"floor":19.0,"key":"Dota2Spire:HealingSalve"},{"floor":23.0,"key":"Block Potion"},{"floor":30.0,"key":"BloodPotion"},{"floor":37.0,"key":"DuplicationPotion"},{"floor":49.0,"key":"FearPotion"}],"is_trial":false,"path_per_floor":["M","M","?","M","M","R","E","R","T","T","E","R","M","M","E","R","B",null,"M","M","?","$","M","R","?","R","T","M","?","E","R","$","E","R","B",null,"M","?","$","?","M","R","E","M","T","T","?","E","M","E","M","R","B","B",null],"character_chosen":"IRONCLAD","items_purchased":["Dota2Spire:EchoSabre","Whirlwind","Feel No Pain"],"campfire_rested":1,"item_purchase_floors":[22,22,32],"current_hp_per_floor":[64,64,64,61,53,53,33,33,33,33,10,41,43,45,20,29,56,70,49,37,37,37,39,51,51,63,63,65,65,63,75,75,72,75,66,73,75,80,80,86,69,84,66,62,62,62,62,61,57,53,46,61,79,80],"gold":572,"neow_bonus":"BOSS_RELIC","is_daily":false,"chose_seed":false,"campfire_upgraded":8,"win_rate":0.0,"timestamp":1613766639,"path_taken":["M","M","?","M","M","R","E","R","T","T","E","R","?","M","E","R","BOSS","M","M","?","$","M","R","?","R","T","M","?","E","R","?","E","R","BOSS","M","?","$","?","M","R","E","M","T","T","?","E","M","E","M","R","BOSS","BOSS"],"items_purchased_type":["Relic","Card","Card"],"build_version":"2020-12-22","purchased_purges":3,"victory":true,"max_hp_per_floor":[75,75,75,75,75,75,75,75,75,75,75,75,75,75,75,75,75,75,75,75,75,75,75,75,75,75,75,75,75,75,75,75,75,75,75,75,75,89,89,89,89,89,89,89,89,89,89,89,89,89,89,89,89,89],"card_choices":[{"not_picked":["Warcry","Dropkick"],"picked":"Cleave","floor":1.0},{"not_picked":["Iron Wave","Feel No Pain"],"picked":"Evolve","floor":2.0},{"not_picked":["Headbutt","Sentinel"],"picked":"Uppercut","floor":4.0},{"not_picked":["Iron Wave","Combust","Rupture"],"picked":"SKIP","floor":5.0},{"not_picked":["Thunderclap","Power Through"],"picked":"Impervious","floor":7.0},{"not_picked":["Entrench","Combust"],"picked":"Flame Barrier","floor":11.0},{"not_picked":["Dual Wield","Anger"],"picked":"True Grit","floor":13.0},{"not_picked":["Havoc","Anger"],"picked":"Spot Weakness","floor":14.0},{"not_picked":["Warcry","Whirlwind"],"picked":"Corruption","floor":15.0},{"not_picked":["Exhume","Fiend Fire"],"picked":"Impervious","floor":17.0},{"not_picked":["Clothesline+1","Cleave"],"picked":"Body Slam","floor":19.0},{"not_picked":["Warcry+1","Cleave+1","Headbutt"],"picked":"SKIP","floor":20.0},{"not_picked":["Heavy Blade","Anger","True Grit"],"picked":"SKIP","floor":23.0},{"not_picked":["Pummel","Bludgeon"],"picked":"Bloodletting","floor":28.0},{"not_picked":["Twin Strike","Havoc"],"picked":"Shrug It Off","floor":30.0},{"not_picked":["Iron Wave","Whirlwind","Dark Embrace"],"picked":"SKIP","floor":33.0},{"not_picked":["Exhume","Bludgeon"],"picked":"Offering","floor":35.0},{"not_picked":["Cleave+1","Twin Strike"],"picked":"Armaments+1","floor":37.0},{"not_picked":["Metallicize","Cleave"],"picked":"Flex+1","floor":38.0},{"not_picked":["Iron Wave+1","Metallicize"],"picked":"Shrug It Off+1","floor":40.0},{"not_picked":["Thunderclap","Warcry"],"picked":"Shrug It Off","floor":41.0},{"not_picked":["Pommel Strike+1","Bludgeon","Dropkick"],"picked":"SKIP","floor":43.0},{"not_picked":["Rage","Perfected Strike","True Grit"],"picked":"SKIP","floor":44.0},{"not_picked":["Armaments","Clash","Iron Wave"],"picked":"SKIP","floor":48.0},{"not_picked":["Rampage","Clothesline","Perfected Strike"],"picked":"SKIP","floor":49.0},{"not_picked":["Rage+1","Reckless Charge"],"picked":"Second Wind+1","floor":50.0},{"not_picked":["Searing Blow","Uppercut","Rampage+1"],"picked":"SKIP","floor":51.0}],"player_experience":2471775,"relics_obtained":[{"floor":7.0,"key":"Blood Vial"},{"floor":9.0,"key":"Matryoshka"},{"floor":10.0,"key":"CeramicFish"},{"floor":11.0,"key":"Eternal Feather"},{"floor":15.0,"key":"Pantograph"},{"floor":27.0,"key":"Dota2Spire:UrnOfShadows"},{"floor":27.0,"key":"Dota2Spire:DrumOfEndurance"},{"floor":30.0,"key":"Omamori"},{"floor":33.0,"key":"Akabeko"},{"floor":38.0,"key":"Mango"},{"floor":40.0,"key":"Lizard Tail"},{"floor":43.0,"key":"Dota2Spire:HandOfMidas"},{"floor":45.0,"key":"Dota2Spire:Mjollnir"},{"floor":46.0,"key":"Oddly Smooth Stone"},{"floor":48.0,"key":"Dota2Spire:LotusOrb"},{"floor":50.0,"key":"Mercury Hourglass"}],"event_choices":[{"damage_healed":0.0,"max_hp_gain":0.0,"max_hp_loss":0.0,"gold_gain":0.0,"event_name":"WeMeetAgain","player_choice":"Gave Potion","floor":3.0,"gold_loss":0.0,"damage_taken":0.0,"relics_obtained":["Letter Opener"]},{"damage_healed":0.0,"max_hp_gain":0.0,"max_hp_loss":0.0,"gold_gain":0.0,"event_name":"The Library","player_choice":"Read","floor":21.0,"gold_loss":0.0,"damage_taken":0.0,"cards_obtained":["Dark Embrace"]},{"damage_healed":0.0,"max_hp_gain":0.0,"max_hp_loss":0.0,"gold_gain":0.0,"cards_transformed":["Strike_R","Strike_R"],"event_name":"Drug Dealer","player_choice":"Became Test Subject","floor":25.0,"gold_loss":0.0,"damage_taken":0.0,"cards_obtained":["Blood for Blood","Combust"]},{"damage_healed":0.0,"max_hp_gain":0.0,"max_hp_loss":0.0,"gold_gain":0.0,"event_name":"The Mausoleum","player_choice":"Ignored","floor":29.0,"gold_loss":0.0,"damage_taken":0.0},{"damage_healed":0.0,"max_hp_gain":0.0,"max_hp_loss":0.0,"gold_gain":0.0,"event_name":"Mysterious Sphere","player_choice":"Fight","floor":38.0,"gold_loss":0.0,"damage_taken":0.0},{"damage_healed":0.0,"max_hp_gain":0.0,"max_hp_loss":0.0,"gold_gain":0.0,"event_name":"MindBloom","player_choice":"Fight","floor":40.0,"gold_loss":0.0,"damage_taken":0.0},{"damage_healed":0.0,"max_hp_gain":0.0,"max_hp_loss":0.0,"gold_gain":0.0,"event_name":"SecretPortal","player_choice":"Ignored","floor":47.0,"gold_loss":0.0,"damage_taken":0.0}],"is_beta":false,"boss_relics":[{"not_picked":["Tiny House","Runic Dome"],"picked":"Coffee Dripper"},{"not_picked":["Sozu","SlaversCollar"],"picked":"Snecko Eye"}],"items_purged_floors":[22,32,39],"is_endless":false,"potions_floor_spawned":[1,4,11,14,19,23,30,35,37,38,40,49,51],"ascension_level":20}}