{"host":"2lo6hma6kymb0g9i","time":1613719318,"event":{"mods":["BaseMod","Colored Map","DeckTracker","Minty Spire (QoL Compilation)"],"gold_per_floor":[119,44,55,55,73,108,108,134,184,184,212,228,259,2,2,77,77,91,103,103,103,103,128,128,141,215,240,240,240,274,374,374,446,446,461,461,472,472,347,347,358,378,424,434,459,489,69,122,122,122,122,122,122,122,154,154],"floor_reached":57,"language":"JPN","playtime":3003,"items_purged":["Strike_R","Strike_R","Strike_R","Strike_R+1"],"score":2903,"play_id":"1a617b62-afad-4b3d-bf6b-b059adc07b8e","local_time":"20210219162158","is_ascension_mode":true,"campfire_choices":[{"data":"1","floor":10,"key":"LIFT"},{"data":"Limit Break","floor":15,"key":"SMITH"},{"data":"Heavy Blade","floor":24,"key":"SMITH"},{"data":"2","floor":29,"key":"LIFT"},{"data":"3","floor":32,"key":"LIFT"},{"floor":40,"key":"RECALL"},{"floor":49,"key":"REST"},{"floor":53,"key":"REST"}],"circlet_count":0,"master_deck":["AscendersBane","Strike_R+1","Defend_R","Defend_R","Defend_R","Defend_R","Bash+1","Sword Boomerang","Feel No Pain","Pommel Strike+1","Demon Form","Heavy Blade+1","Flame Barrier","Limit Break+1","Impervious","Flame Barrier","Flame Barrier","Necronomicurse","Fire Breathing","Impervious","Apotheosis","Headbutt+1","Reaper","Headbutt+1"],"relics":["Burning Blood","NeowsBlessing","Girya","Matryoshka","Whetstone","InkBottle","Anchor","Strawberry","Mercury Hourglass","Snecko Eye","MutagenicStrength","Ornamental Fan","Kunai","Pear","Regal Pillow","Necronomicon","Calipers","Magic Flower","Bottled Flame","Fusion Hammer","Bag of Preparation","Bird Faced Urn","Nunchaku","Bottled Lightning","Turnip","Boot"],"acts_visited":["Exordium","TheCity","TheBeyond","TheEnding"],"potions_floor_usage":[12,16,33,56,56,56],"damage_taken":[{"damage":0.0,"enemies":"Cultist","floor":1.0,"turns":1.0},{"damage":0.0,"enemies":"Jaw Worm","floor":3.0,"turns":1.0},{"damage":0.0,"enemies":"2 Louse","floor":5.0,"turns":1.0},{"damage":32.0,"enemies":"Gremlin Nob","floor":6.0,"turns":4.0},{"damage":23.0,"enemies":"3 Sentries","floor":8.0,"turns":14.0},{"damage":8,"enemies":"Gremlin Nob","floor":11,"turns":3},{"damage":11,"enemies":"2 Fungi Beasts","floor":12,"turns":4},{"damage":20,"enemies":"3 Sentries","floor":13,"turns":8},{"damage":15,"enemies":"Hexaghost","floor":16,"turns":5},{"damage":0,"enemies":"2 Thieves","floor":18,"turns":3},{"damage":0,"enemies":"Chosen","floor":19,"turns":4},{"damage":0,"enemies":"Book of Stabbing","floor":23,"turns":3},{"damage":0,"enemies":"3 Cultists","floor":25,"turns":4},{"damage":6,"enemies":"Slavers","floor":27,"turns":6},{"damage":0,"enemies":"Book of Stabbing","floor":30,"turns":2},{"damage":0,"enemies":"Colosseum Slavers","floor":31,"turns":3},{"damage":0,"enemies":"Colosseum Nobs","floor":31,"turns":3},{"damage":23,"enemies":"Collector","floor":33,"turns":4},{"damage":0,"enemies":"Orb Walker","floor":35,"turns":2},{"damage":0,"enemies":"3 Shapes","floor":37,"turns":3},{"damage":13,"enemies":"Spire Growth","floor":41,"turns":4},{"damage":11,"enemies":"4 Shapes","floor":42,"turns":3},{"damage":0,"enemies":"Transient","floor":44,"turns":6},{"damage":0,"enemies":"Mind Bloom Boss Battle","floor":45,"turns":3},{"damage":0,"enemies":"Giant Head","floor":46,"turns":3},{"damage":17,"enemies":"2 Orb Walkers","floor":48,"turns":4},{"damage":36,"enemies":"Time Eater","floor":50,"turns":7},{"damage":39,"enemies":"Donu and Deca","floor":51,"turns":5},{"damage":25,"enemies":"Shield and Spear","floor":55,"turns":6},{"damage":82,"enemies":"The Heart","floor":56,"turns":8}],"seed_played":"-3576594152790868068","potions_obtained":[{"floor":3.0,"key":"PowerPotion"},{"floor":6.0,"key":"BloodPotion"},{"floor":11,"key":"AttackPotion"},{"floor":16,"key":"SpeedPotion"},{"floor":18,"key":"FearPotion"},{"floor":27,"key":"DuplicationPotion"},{"floor":30,"key":"PowerPotion"},{"floor":33,"key":"Fire Potion"},{"floor":41,"key":"Energy Potion"},{"floor":45,"key":"EntropicBrew"}],"is_trial":false,"path_per_floor":["M","$","M","?","M","E","T","E","T","R","E","M","E","$","R","B",null,"M","M","?","T","$","E","R","M","T","E","?","R","E","?","R","B",null,"M","?","M","?","$","R","M","M","T","M","?","E","$","?","R","B","B",null,"R","$","E","B",null],"character_chosen":"IRONCLAD","items_purchased":["Limit Break","Bottled Lightning"],"campfire_rested":2,"item_purchase_floors":[14,47],"current_hp_per_floor":[74,74,75,52,58,32,32,15,15,15,20,31,17,17,17,8,64,70,76,76,76,76,92,92,92,92,92,71,71,77,89,89,75,88,92,87,87,77,77,77,73,71,71,80,87,87,87,79,87,87,87,87,87,87,74,37],"gold":154,"neow_bonus":"THREE_ENEMY_KILL","is_daily":false,"chose_seed":false,"campfire_upgraded":2,"win_rate":0.0,"timestamp":1613719318,"path_taken":["M","$","?","?","M","E","?","E","T","R","E","M","E","$","R","BOSS","M","M","?","?","?","E","R","M","T","E","?","R","E","?","R","BOSS","M","?","M","?","$","R","M","M","T","M","?","E","$","?","R","BOSS","BOSS","R","$","E","BOSS"],"items_purchased_type":["Card","Relic"],"build_version":"2020-12-22","purchased_purges":4,"victory":true,"max_hp_per_floor":[75,75,75,75,75,75,75,75,75,75,82,82,82,82,82,82,82,82,82,82,82,82,92,92,92,92,92,92,92,92,92,92,92,92,92,87,87,87,87,87,87,87,87,87,87,87,87,87,87,87,87,87,87,87,87,87],"card_choices":[{"not_picked":["Flex","Rupture"],"picked":"Sword Boomerang","floor":1.0},{"not_picked":["Perfected Strike","True Grit"],"picked":"Feel No Pain","floor":3.0},{"not_picked":["Blood for Blood","Feel No Pain"],"picked":"Pommel Strike","floor":5.0},{"not_picked":["Rampage","Evolve","Warcry"],"picked":"SKIP","floor":6.0},{"not_picked":["Searing Blow","Warcry","Pommel Strike"],"picked":"SKIP","floor":8},{"not_picked":["Rage","Dark Embrace"],"picked":"Demon Form","floor":11},{"not_picked":["Iron Wave","True Grit"],"picked":"Heavy Blade","floor":12},{"not_picked":["Iron Wave","Headbutt"],"picked":"Flame Barrier","floor":13},{"not_picked":["Fiend Fire","Double Tap"],"picked":"Impervious","floor":16},{"not_picked":["True Grit","Intimidate","Rage"],"picked":"SKIP","floor":18},{"not_picked":["Ghostly Armor","Sword Boomerang"],"picked":"Flame Barrier","floor":19},{"not_picked":["Perfected Strike","Body Slam"],"picked":"Flame Barrier","floor":23},{"not_picked":["Rage+1","Body Slam","Iron Wave"],"picked":"SKIP","floor":25},{"not_picked":["Fire Breathing","Pommel Strike","Dark Embrace"],"picked":"SKIP","floor":27},{"not_picked":["Intimidate","Carnage","Armaments"],"picked":"SKIP","floor":30},{"not_picked":["Feel No Pain","Wild Strike"],"picked":"Fire Breathing","floor":31},{"not_picked":["Double Tap","Immolate"],"picked":"Impervious","floor":33},{"not_picked":["Dark Embrace","Heavy Blade","Havoc+1"],"picked":"SKIP","floor":35},{"not_picked":["Dropkick+1","Fire Breathing+1","Inflame"],"picked":"SKIP","floor":37},{"not_picked":["Impatience","Panacea"],"picked":"Apotheosis","floor":38},{"not_picked":["Twin Strike+1","Feel No Pain+1","Headbutt"],"picked":"SKIP","floor":41},{"not_picked":["Burning Pact","Power Through","Headbutt"],"picked":"SKIP","floor":42},{"not_picked":["Sentinel","Cleave+1","Power Through"],"picked":"SKIP","floor":44},{"not_picked":["Clash","True Grit+1"],"picked":"Headbutt+1","floor":45},{"not_picked":["Flame Barrier","Juggernaut"],"picked":"Reaper","floor":46},{"not_picked":["Fire Breathing","Armaments"],"picked":"Headbutt+1","floor":55}],"player_experience":1221895,"relics_obtained":[{"floor":6.0,"key":"Girya"},{"floor":7.0,"key":"Matryoshka"},{"floor":8,"key":"Whetstone"},{"floor":9,"key":"InkBottle"},{"floor":9,"key":"Anchor"},{"floor":11,"key":"Strawberry"},{"floor":13,"key":"Mercury Hourglass"},{"floor":21,"key":"Ornamental Fan"},{"floor":21,"key":"Kunai"},{"floor":23,"key":"Pear"},{"floor":27,"key":"Regal Pillow"},{"floor":28,"key":"Necronomicon"},{"floor":30,"key":"Calipers"},{"floor":31,"key":"Magic Flower"},{"floor":31,"key":"Bottled Flame"},{"floor":43,"key":"Bag of Preparation"},{"floor":45,"key":"Bird Faced Urn"},{"floor":46,"key":"Nunchaku"},{"floor":48,"key":"Turnip"},{"floor":55,"key":"Boot"}],"event_choices":[{"damage_healed":0.0,"max_hp_gain":0.0,"max_hp_loss":0.0,"gold_gain":0.0,"event_name":"Shining Light","player_choice":"Entered Light","floor":4.0,"gold_loss":0.0,"damage_taken":23.0,"cards_upgraded":["Bash","Strike_R"]},{"damage_healed":0,"gold_gain":0,"player_choice":"Inject Mutagens","damage_taken":0,"relics_obtained":["MutagenicStrength"],"max_hp_gain":0,"max_hp_loss":0,"event_name":"Drug Dealer","floor":20,"gold_loss":0},{"damage_healed":0,"gold_gain":0,"player_choice":"Obtained Book","damage_taken":21,"max_hp_gain":0,"max_hp_loss":0,"event_name":"Cursed Tome","floor":28,"gold_loss":0},{"damage_healed":0,"gold_gain":0,"player_choice":"Fight","damage_taken":0,"max_hp_gain":0,"max_hp_loss":0,"event_name":"Colosseum","floor":31,"gold_loss":0},{"damage_healed":0,"gold_gain":0,"player_choice":"Fought Nobs","damage_taken":0,"max_hp_gain":0,"max_hp_loss":0,"event_name":"Colosseum","floor":31,"gold_loss":0},{"damage_healed":0,"gold_gain":0,"player_choice":"Max HP","damage_taken":0,"max_hp_gain":0,"max_hp_loss":5,"event_name":"Winding Halls","floor":36,"gold_loss":0},{"damage_healed":0,"gold_gain":0,"player_choice":"Memory 3","damage_taken":10,"max_hp_gain":0,"max_hp_loss":0,"event_name":"SensoryStone","floor":38,"gold_loss":0},{"damage_healed":0,"gold_gain":0,"player_choice":"Fight","damage_taken":0,"max_hp_gain":0,"max_hp_loss":0,"event_name":"MindBloom","floor":45,"gold_loss":0},{"damage_healed":0,"gold_gain":0,"player_choice":"Fight","damage_taken":0,"max_hp_gain":0,"max_hp_loss":0,"event_name":"Mysterious Sphere","floor":48,"gold_loss":0}],"is_beta":false,"boss_relics":[{"not_picked":["SlaversCollar","Astrolabe"],"picked":"Snecko Eye"},{"not_picked":["Calling Bell","SacredBark"],"picked":"Fusion Hammer"}],"items_purged_floors":[2,14,39,47],"is_endless":false,"potions_floor_spawned":[3,6,11,16,18,27,30,33,41,45],"ascension_level":20}}