{"host":"cpsutu8lprjuipd6","time":1613724092,"event":{"mods":["BaseMod","Colored Map","Minty Spire (QoL Compilation)","Permanent Neow","Quick Restart","StSLib","SuperFastMode","The Bug Knight","Together in Spire"],"gold_per_floor":[113,127,52,67,67,67,67,67,67,67,67,67,84,102,102,205,205,219,144,44,56,56,56,73,107,131,144,144,19,29,128,128,230,230,244,244,257,107,107,107,107],"floor_reached":40,"language":"KOR","playtime":2296,"items_purged":["Strike_R","Defend_R","Defend_R","Strike_R"],"score":393,"play_id":"9b6b2571-8019-4f46-a2d4-e3a5b161ec2b","local_time":"20210219174132","is_ascension_mode":true,"campfire_choices":[{"floor":6,"key":"REST"},{"floor":8,"key":"RECALL"},{"data":"Bash","floor":10,"key":"SMITH"},{"data":"Dual Wield","floor":15,"key":"SMITH"},{"data":"Immolate","floor":23,"key":"SMITH"},{"floor":28,"key":"REST"},{"data":"Clash","floor":32,"key":"SMITH"}],"circlet_count":0,"master_deck":["Strike_R+1","Defend_R+1","Bash+1","Immolate+1","Dual Wield+1","Clash+1"],"relics":["Black Blood","Lantern","Red Mask","Regal Pillow"],"acts_visited":["Exordium","TheCity","TheBeyond"],"potions_floor_usage":[18,30,33,40,40],"damage_taken":[{"damage":8,"enemies":"Cultist","floor":1,"turns":6},{"damage":0,"enemies":"2 Louse","floor":2,"turns":2},{"damage":15,"enemies":"Jaw Worm","floor":4,"turns":4},{"damage":0,"enemies":"2 Fungi Beasts","floor":13,"turns":2},{"damage":0,"enemies":"3 Louse","floor":14,"turns":1},{"damage":27,"enemies":"Slime Boss","floor":16,"turns":9},{"damage":15,"enemies":"2 Thieves","floor":18,"turns":2},{"damage":6,"enemies":"Chosen","floor":21,"turns":4},{"damage":13,"enemies":"Snake Plant","floor":24,"turns":3},{"damage":8,"enemies":"Masked Bandits","floor":25,"turns":3},{"damage":7,"enemies":"3 Cultists","floor":27,"turns":3},{"damage":13,"enemies":"Shelled Parasite and Fungi","floor":30,"turns":3},{"damage":59,"enemies":"Collector","floor":33,"turns":6},{"damage":20,"enemies":"Orb Walker","floor":35,"turns":3},{"damage":11,"enemies":"3 Darklings","floor":37,"turns":3},{"damage":94,"enemies":"Nemesis","floor":40,"turns":8}],"seed_played":"-8111245502448276089","potions_obtained":[{"floor":1,"key":"Energy Potion"},{"floor":2,"key":"LiquidMemories"},{"floor":4,"key":"Explosive Potion"},{"floor":24,"key":"BlessingOfTheForge"},{"floor":25,"key":"FairyPotion"},{"floor":30,"key":"Regen Potion"},{"floor":33,"key":"SmokeBomb"},{"floor":37,"key":"AttackPotion"}],"is_trial":false,"path_per_floor":["M","M","$","M","?","R","$","R","T","R","?","$","M","M","R","B",null,"M","?","$","M","?","R","M","?","T","M","R","$","M","?","R","B",null,"M","?","M","$","?","E"],"character_chosen":"IRONCLAD","items_purchased":[],"campfire_rested":2,"item_purchase_floors":[],"current_hp_per_floor":[78,80,80,71,64,80,80,80,80,80,64,64,70,76,76,55,80,71,71,71,71,56,56,49,47,47,46,85,85,78,78,78,25,85,77,77,78,78,78,23,23],"gold":107,"neow_bonus":"TRANSFORM_CARD","is_daily":false,"chose_seed":false,"campfire_upgraded":4,"win_rate":0.0,"timestamp":1613724092,"path_taken":["M","?","?","M","?","R","$","R","T","R","?","$","M","M","R","BOSS","M","?","$","M","?","R","M","?","T","?","R","$","M","?","R","BOSS","M","?","M","$","?","E"],"items_purchased_type":[],"build_version":"2020-12-22","purchased_purges":4,"victory":false,"max_hp_per_floor":[80,80,80,80,80,80,80,80,80,80,80,80,80,80,80,80,80,80,80,80,80,85,85,85,85,85,85,85,85,85,85,85,85,85,85,85,85,85,85,85,85],"card_choices":[{"not_picked":["Entrench","Cleave","Heavy Blade"],"picked":"SKIP","floor":1},{"not_picked":["Whirlwind","Infernal Blade","Intimidate"],"picked":"SKIP","floor":2},{"not_picked":["Wild Strike","Headbutt","Inflame"],"picked":"SKIP","floor":4},{"not_picked":["Battle Trance","Headbutt","Body Slam"],"picked":"SKIP","floor":13},{"not_picked":["Inflame","Twin Strike"],"picked":"Dual Wield","floor":14},{"not_picked":["Power Through","Clothesline","Hemokinesis+1"],"picked":"SKIP","floor":18},{"not_picked":["Seeing Red+1","Blood for Blood","Ghostly Armor"],"picked":"SKIP","floor":21},{"not_picked":["Heavy Blade","Flex","Power Through+1"],"picked":"SKIP","floor":24},{"not_picked":["Inflame+1","Body Slam"],"picked":"Clash","floor":27},{"not_picked":["Metallicize+1","Heavy Blade+1","True Grit"],"picked":"SKIP","floor":30},{"not_picked":["Infernal Blade+1","Heavy Blade","Disarm+1"],"picked":"SKIP","floor":35},{"not_picked":["Anger+1","Inflame","Havoc"],"picked":"SKIP","floor":37}],"player_experience":118786,"relics_obtained":[{"floor":9,"key":"Lantern"},{"floor":25,"key":"Red Mask"},{"floor":26,"key":"Regal Pillow"}],"event_choices":[{"cards_removed":["Defend_R"],"damage_healed":0,"gold_gain":0,"player_choice":"Card Removal","damage_taken":7,"max_hp_gain":0,"max_hp_loss":0,"event_name":"Golden Wing","floor":5,"gold_loss":0},{"damage_healed":0,"gold_gain":0,"player_choice":"Entered Light","damage_taken":16,"max_hp_gain":0,"max_hp_loss":0,"event_name":"Shining Light","floor":11,"gold_loss":0,"cards_upgraded":["Defend_R","Strike_R"]},{"cards_removed":["Strike_R"],"damage_healed":0,"gold_gain":0,"player_choice":"Gave Gold","damage_taken":0,"max_hp_gain":0,"max_hp_loss":0,"event_name":"Beggar","floor":19,"gold_loss":75},{"damage_healed":0,"gold_gain":0,"player_choice":"Shed Blood","damage_taken":20,"max_hp_gain":5,"max_hp_loss":0,"event_name":"Forgotten Altar","floor":22,"gold_loss":0},{"damage_healed":0,"gold_gain":0,"player_choice":"Fought Bandits","damage_taken":0,"max_hp_gain":0,"max_hp_loss":0,"event_name":"Masked Bandits","floor":25,"gold_loss":0},{"damage_healed":0,"gold_gain":99,"player_choice":"Stole From Cult","damage_taken":0,"max_hp_gain":0,"max_hp_loss":0,"event_name":"Nest","floor":31,"gold_loss":0},{"damage_healed":0,"gold_gain":0,"player_choice":"Ignored","damage_taken":0,"max_hp_gain":0,"max_hp_loss":0,"event_name":"Mysterious Sphere","floor":36,"gold_loss":0},{"damage_healed":0,"gold_gain":0,"player_choice":"Ignored","damage_taken":0,"max_hp_gain":0,"max_hp_loss":0,"event_name":"Accursed Blacksmith","floor":39,"gold_loss":0}],"is_beta":false,"boss_relics":[{"not_picked":["Cursed Key","Runic Pyramid","Mark of Pain"]},{"not_picked":["Busted Crown","Coffee Dripper"],"picked":"Black Blood"}],"items_purged_floors":[3,20,29,38],"is_endless":false,"potions_floor_spawned":[1,2,4,24,25,30,33,37],"killed_by":"Nemesis","ascension_level":1}}