{"host":"rb2p2z6v6vieend5","time":1613693266,"event":{"mods":["BaseMod","Block Reminder","Colored Map","DeckTracker","Highlight Path","Minty Spire (QoL Compilation)","Random Character Button","Relic Stats"],"gold_per_floor":[115,115,128,139,139,139,151,183,183,208,220,248,248,266,266,339,339,339,339,339,339,339,339,339,339,339,339,339,339,339,339,339,339,339,339,339,339,339,339,339,339,339,339,339,339,339,339,339,339,339],"floor_reached":51,"language":"ENG","playtime":2425,"items_purged":[],"score":1402,"play_id":"16477ba5-ff3c-40d9-a95c-dae960c12788","local_time":"20210219010746","is_ascension_mode":true,"campfire_choices":[{"data":"Bash","floor":6,"key":"SMITH"},{"data":"Perfected Strike","floor":13,"key":"SMITH"},{"data":"Perfected Strike","floor":15,"key":"SMITH"},{"data":"Perfected Strike","floor":23,"key":"SMITH"},{"data":"Perfected Strike","floor":30,"key":"SMITH"},{"data":"Metallicize","floor":32,"key":"SMITH"},{"data":"Perfected Strike","floor":40,"key":"SMITH"},{"data":"Metallicize","floor":44,"key":"SMITH"},{"data":"Perfected Strike","floor":49,"key":"SMITH"}],"circlet_count":0,"master_deck":["AscendersBane","Strike_R","Strike_R","Strike_R","Strike_R","Strike_R","Defend_R","Defend_R","Defend_R","Defend_R","Bash+1","Clash","Cleave","Feel No Pain","Reaper","Perfected Strike+1","Perfected Strike+1","Perfected Strike+1","Feed","Metallicize+1","Perfected Strike+1","Uppercut","Perfected Strike+1","Twin Strike","Clash+1","Shockwave","Ghostly Armor","Metallicize+1","Dropkick","Clash","Twin Strike","Impervious","Battle Trance+1","Perfected Strike+1","Perfected Strike+1","Pommel Strike+1","Twin Strike","Shrug It Off","Shrug It Off","Whirlwind+1"],"relics":["Burning Blood","NeowsBlessing","Orichalcum","Kunai","StrikeDummy","Champion Belt","Odd Mushroom","Ectoplasm","Eternal Feather","Turnip","Prayer Wheel","Coffee Dripper","Calipers","Ancient Tea Set","Incense Burner"],"acts_visited":["Exordium","TheCity","TheBeyond"],"potions_floor_usage":[10,11,24,28,33,50,50],"damage_taken":[{"damage":0,"enemies":"Jaw Worm","floor":1,"turns":1},{"damage":0,"enemies":"Cultist","floor":3,"turns":1},{"damage":0,"enemies":"Small Slimes","floor":4,"turns":1},{"damage":8,"enemies":"Red Slaver","floor":7,"turns":2},{"damage":15,"enemies":"3 Sentries","floor":8,"turns":11},{"damage":14,"enemies":"Lagavulin","floor":10,"turns":5},{"damage":16,"enemies":"Lots of Slimes","floor":11,"turns":4},{"damage":10,"enemies":"The Mushroom Lair","floor":12,"turns":3},{"damage":0,"enemies":"2 Fungi Beasts","floor":14,"turns":3},{"damage":3,"enemies":"Slime Boss","floor":16,"turns":6},{"damage":0,"enemies":"Chosen","floor":18,"turns":3},{"damage":15,"enemies":"Shell Parasite","floor":20,"turns":3},{"damage":12,"enemies":"Snecko","floor":21,"turns":3},{"damage":2,"enemies":"3 Cultists","floor":22,"turns":4},{"damage":48,"enemies":"Gremlin Leader","floor":24,"turns":6},{"damage":5,"enemies":"Chosen and Byrds","floor":25,"turns":4},{"damage":16,"enemies":"Book of Stabbing","floor":27,"turns":3},{"damage":7,"enemies":"Centurion and Healer","floor":28,"turns":3},{"damage":0,"enemies":"Snake Plant","floor":29,"turns":2},{"damage":7,"enemies":"Shelled Parasite and Fungi","floor":31,"turns":3},{"damage":42,"enemies":"Collector","floor":33,"turns":9},{"damage":12,"enemies":"3 Darklings","floor":35,"turns":4},{"damage":20,"enemies":"2 Orb Walkers","floor":36,"turns":3},{"damage":3,"enemies":"3 Shapes","floor":37,"turns":3},{"damage":0,"enemies":"Sphere and 2 Shapes","floor":38,"turns":3},{"damage":17,"enemies":"3 Darklings","floor":42,"turns":9},{"damage":3,"enemies":"Transient","floor":45,"turns":6},{"damage":40,"enemies":"Reptomancer","floor":47,"turns":6},{"damage":32,"enemies":"Maw","floor":48,"turns":6},{"damage":40,"enemies":"Time Eater","floor":50,"turns":8}],"seed_played":"-1916686147630089801","potions_obtained":[{"floor":2,"key":"DistilledChaos"},{"floor":2,"key":"AttackPotion"},{"floor":14,"key":"BlessingOfTheForge"},{"floor":16,"key":"Weak Potion"},{"floor":20,"key":"CultistPotion"},{"floor":24,"key":"Block Potion"},{"floor":38,"key":"CultistPotion"},{"floor":45,"key":"Dexterity Potion"}],"is_trial":false,"path_per_floor":["M","?","M","M","?","R","M","E","T","E","M","?","R","M","R","B",null,"M","?","M","M","M","R","E","M","T","E","M","M","R","M","R","B",null,"M","?","M","M","?","R","?","M","T","R","M","?","E","M","R","B",null],"character_chosen":"IRONCLAD","items_purchased":[],"campfire_rested":0,"item_purchase_floors":[],"current_hp_per_floor":[74,74,75,75,40,40,38,29,29,21,23,27,27,33,33,36,65,71,71,62,60,67,67,25,32,32,22,21,31,49,51,69,69,78,75,61,64,70,70,80,80,69,69,80,80,80,46,20,44,17],"gold":339,"neow_bonus":"THREE_ENEMY_KILL","is_daily":false,"chose_seed":false,"campfire_upgraded":9,"win_rate":0.0,"timestamp":1613693266,"path_taken":["M","?","?","M","?","R","M","E","T","E","M","?","R","M","R","BOSS","M","?","?","M","?","R","E","M","T","E","M","M","R","M","R","BOSS","M","?","M","M","?","R","?","M","T","R","M","?","E","M","R","BOSS"],"items_purchased_type":[],"build_version":"2020-12-22","purchased_purges":0,"victory":true,"max_hp_per_floor":[75,75,75,75,75,75,75,75,75,75,75,75,75,75,75,75,75,75,75,75,75,78,78,78,78,78,78,78,78,78,81,81,81,81,84,84,84,84,80,80,80,80,80,80,80,80,80,80,80,80],"relic_stats":{"counters":[30,128],"Eternal Feather":81,"Prayer Wheel":9,"Ectoplasm":463,"Turnip":[19],"Kunai":[42],"Champion Belt":[29],"Orichalcum":[450],"obtain_stats":[{"Calipers":36,"NeowsBlessing":0,"Eternal Feather":24,"Incense Burner":47,"Orichalcum":5,"Odd Mushroom":12,"Ancient Tea Set":43,"Burning Blood":0,"Prayer Wheel":27,"Ectoplasm":17,"Turnip":26,"Coffee Dripper":34,"Kunai":8,"Champion Belt":10,"StrikeDummy":9},{"Calipers":23,"NeowsBlessing":0,"Eternal Feather":15,"Incense Burner":28,"Orichalcum":3,"Odd Mushroom":8,"Ancient Tea Set":26,"Burning Blood":0,"Prayer Wheel":17,"Ectoplasm":10,"Turnip":16,"Coffee Dripper":21,"Kunai":5,"Champion Belt":6,"StrikeDummy":5},{"Calipers":87,"NeowsBlessing":0,"Eternal Feather":56,"Incense Burner":114,"Orichalcum":3,"Odd Mushroom":28,"Ancient Tea Set":102,"Burning Blood":0,"Prayer Wheel":63,"Ectoplasm":37,"Turnip":60,"Coffee Dripper":80,"Kunai":16,"Champion Belt":21,"StrikeDummy":16}],"Burning Blood":166},"card_choices":[{"not_picked":["Havoc","Armaments"],"picked":"Clash","floor":1},{"not_picked":["Havoc","Wild Strike"],"picked":"Cleave","floor":3},{"not_picked":["Combust","Wild Strike"],"picked":"Feel No Pain","floor":4},{"not_picked":["Rupture","Wild Strike","Body Slam"],"picked":"SKIP","floor":7},{"not_picked":["Headbutt","Rampage"],"picked":"Evolve","floor":8},{"not_picked":["Sever Soul","Dropkick"],"picked":"Reaper","floor":10},{"not_picked":["Heavy Blade","Headbutt"],"picked":"Perfected Strike","floor":11},{"not_picked":["Thunderclap","Carnage"],"picked":"Perfected Strike","floor":12},{"not_picked":["Heavy Blade","Reckless Charge"],"picked":"Perfected Strike","floor":14},{"not_picked":["Barricade","Exhume"],"picked":"Feed","floor":16},{"not_picked":["Combust","Sentinel"],"picked":"Metallicize","floor":18},{"not_picked":["Wild Strike+1","Iron Wave"],"picked":"Uppercut","floor":20},{"not_picked":["Whirlwind","Headbutt"],"picked":"Perfected Strike","floor":21},{"not_picked":["Clothesline","Iron Wave","Body Slam"],"picked":"SKIP","floor":22},{"not_picked":["Berserk","Iron Wave"],"picked":"Twin Strike","floor":24},{"not_picked":["Dual Wield","Burning Pact"],"picked":"Clash+1","floor":25},{"not_picked":["Whirlwind","Body Slam"],"picked":"Shockwave","floor":27},{"not_picked":["Bloodletting","Hemokinesis+1"],"picked":"Ghostly Armor","floor":28},{"not_picked":["Wild Strike","Havoc","Bloodletting"],"picked":"SKIP","floor":28},{"not_picked":["Feel No Pain","Iron Wave+1"],"picked":"Metallicize","floor":29},{"not_picked":["Iron Wave","Limit Break"],"picked":"Dropkick","floor":29},{"not_picked":["Headbutt","Havoc"],"picked":"Clash","floor":31},{"not_picked":["Combust","Warcry"],"picked":"Twin Strike","floor":31},{"not_picked":["Corruption","Immolate"],"picked":"Impervious","floor":33},{"not_picked":["Heavy Blade","Evolve+1"],"picked":"Battle Trance+1","floor":35},{"not_picked":["Rampage","Spot Weakness"],"picked":"Perfected Strike","floor":35},{"not_picked":["Rampage","Twin Strike"],"picked":"Perfected Strike","floor":37},{"not_picked":["Infernal Blade","Body Slam+1"],"picked":"Pommel Strike+1","floor":37},{"not_picked":["Evolve","Thunderclap"],"picked":"Twin Strike","floor":38},{"not_picked":["Iron Wave","Wild Strike"],"picked":"Shrug It Off","floor":38},{"not_picked":["Sword Boomerang","Headbutt"],"picked":"Shrug It Off","floor":42},{"not_picked":["Anger+1","True Grit+1","Exhume"],"picked":"SKIP","floor":42},{"not_picked":["Clothesline+1","Searing Blow","Uppercut"],"picked":"SKIP","floor":45},{"not_picked":["Body Slam","Sword Boomerang","Sentinel+1"],"picked":"SKIP","floor":45},{"not_picked":["Battle Trance","Searing Blow"],"picked":"Whirlwind+1","floor":47},{"not_picked":["Cleave","True Grit","Sword Boomerang"],"picked":"SKIP","floor":48},{"not_picked":["Dual Wield+1","Body Slam","Inflame"],"picked":"SKIP","floor":48}],"player_experience":775372,"relics_obtained":[{"floor":8,"key":"Kunai"},{"floor":9,"key":"StrikeDummy"},{"floor":10,"key":"Champion Belt"},{"floor":12,"key":"Odd Mushroom"},{"floor":24,"key":"Eternal Feather"},{"floor":26,"key":"Turnip"},{"floor":27,"key":"Prayer Wheel"},{"floor":36,"key":"Calipers"},{"floor":43,"key":"Ancient Tea Set"},{"floor":47,"key":"Incense Burner"}],"event_choices":[{"damage_healed":0,"gold_gain":0,"player_choice":"Got Potions","damage_taken":0,"max_hp_gain":0,"max_hp_loss":0,"event_name":"Lab","floor":2,"gold_loss":0},{"damage_healed":0,"gold_gain":0,"player_choice":"Success","damage_taken":35,"relics_obtained":["Orichalcum"],"max_hp_gain":0,"max_hp_loss":0,"event_name":"Scrap Ooze","floor":5,"gold_loss":0},{"damage_healed":0,"gold_gain":0,"player_choice":"Fought Mushrooms","damage_taken":0,"max_hp_gain":0,"max_hp_loss":0,"event_name":"Mushrooms","floor":12,"gold_loss":0},{"damage_healed":0,"gold_gain":0,"player_choice":"Copied","damage_taken":0,"max_hp_gain":0,"max_hp_loss":0,"event_name":"Duplicator","floor":19,"gold_loss":0,"cards_obtained":["Perfected Strike"]},{"damage_healed":0,"gold_gain":0,"player_choice":"Fight","damage_taken":0,"max_hp_gain":0,"max_hp_loss":0,"event_name":"Mysterious Sphere","floor":36,"gold_loss":0},{"damage_healed":0,"gold_gain":0,"player_choice":"Max HP","damage_taken":0,"max_hp_gain":0,"max_hp_loss":4,"event_name":"Winding Halls","floor":39,"gold_loss":0},{"damage_healed":0,"gold_gain":0,"player_choice":"Ignored","damage_taken":0,"max_hp_gain":0,"max_hp_loss":0,"event_name":"Tomb of Lord Red Mask","floor":41,"gold_loss":0},{"cards_removed":["Evolve"],"damage_healed":0,"gold_gain":0,"player_choice":"Removed Power","damage_taken":0,"max_hp_gain":0,"max_hp_loss":0,"event_name":"Falling","floor":46,"gold_loss":0}],"is_beta":false,"boss_relics":[{"not_picked":["Philosopher\u0027s Stone","Calling Bell"],"picked":"Ectoplasm"},{"not_picked":["Cursed Key","Tiny House"],"picked":"Coffee Dripper"}],"items_purged_floors":[],"is_endless":false,"potions_floor_spawned":[7,14,16,20,24,25,27,38,45,48],"ascension_level":18}}