{"host":"4qp30tywltrhkmjj","time":1613743969,"event":{"mods":["2.2 Compatiblity","AchievementEnabler","Act Like it!","Ascension Unlocker","Aspiration","BaseMod","Beaked The Cultist","Bestiary","Better Altar","Better Match","Better Note","Better Skull","Better Third Choice","BetterRewards","CCEM2","CapriCore","Challenge The Spire","Colored Map","Colored Powertips","Conjunction","Conspire","Defuse TimeMaze Blight","Displayed Cursed Tome","Downfall","EXCEPTION","Emptier Cage","Energized Spire","Exacting","Gold Saver","Halation","Highlight Path","Hubris","Infinite Spire","Jedi Mod","Lobotomy","LobotomyExtend","Minty Spire (QoL Compilation)","Poor People Problems","Replay The Spire","Reworked Bosses","Ruina","SacredBarkPlus","Shop Mod","Spicy Shops","Spire Arcade","StSLib","The Animator","The Blue Laboratory","Transform Curses","Uncapped","Unceasing Turn Reminder","Wandering Minibosses","Yuri Mod"],"gold_per_floor":[293,293,293,321,321,321,349,349,349,255,255,290,368,69,69,69,69],"floor_reached":16,"language":"ENG","playtime":778,"items_purged":[],"score":138,"play_id":"7386887c-ae50-4210-aea4-4ad2c0dc6deb","local_time":"20210219151249","is_ascension_mode":true,"campfire_choices":[{"data":"animator:Tyuule","floor":6,"key":"SMITH"},{"data":"animator:DolaRiku","floor":8,"key":"SMITH"},{"data":"animator:Defend_HitsugiNoChaika","floor":11,"key":"SMITH"},{"data":"animator:NivaLada","floor":15,"key":"SMITH"}],"circlet_count":0,"master_deck":["animator:Strike_HitsugiNoChaika","animator:Defend_HitsugiNoChaika+1","animator:AcuraAkari+1","animator:Gillette","HereticApostle","animator:Tyuule+1","Injury","animator:DolaRiku+1","animator:Strike_Elsword+1","animator:Strike_GoblinSlayer+1","animator:Defend_Katanagatari","animator:Defend_Overlord","animator:Defend_MadokaMagica","animator:NivaLada+1","LongBird","animator:AcuraTooru+1"],"relics":["animator:TheMissingPiece","animator:PurgingStone","CogitoBucket","LetterFromLob","Molten Egg 2","CCEMRelics:CocoNut","Replay:Baseball","animator:CursedGlyph","conspire:GlowingRock","Quantum Egg","MerchantsRug","halation:Jellyphish","Toolbox","CCEMRelics:HeliumBalloon"],"acts_visited":["Exordium"],"potions_floor_usage":[13],"damage_taken":[{"damage":0,"enemies":"Cultist","floor":1,"turns":4},{"damage":5,"enemies":"Small Slimes","floor":4,"turns":3},{"damage":8,"enemies":"Replay:BlueRogue","floor":7,"turns":7},{"damage":8,"enemies":"Jaw Worm","floor":12,"turns":2},{"damage":18,"enemies":"3 Sentries","floor":13,"turns":10},{"damage":27,"enemies":"Slime Boss","floor":16,"turns":7}],"seed_played":"-1844986655585879266","potions_obtained":[{"floor":12,"key":"EssenceOfSteel"}],"is_trial":false,"path_per_floor":["M","?","?","M","?","R","E","R","T","?","R","M","E","$","R","B"],"character_chosen":"THE_ANIMATOR","items_purchased":["MerchantsRug","halation:Jellyphish","Toolbox"],"campfire_rested":0,"item_purchase_floors":[14,14,14],"current_hp_per_floor":[66,59,59,54,54,54,51,51,51,51,51,43,25,25,25,0,0],"gold":69,"neow_bonus":"","is_daily":false,"chose_seed":false,"campfire_upgraded":4,"win_rate":0.0,"timestamp":1613743969,"path_taken":["M","?","?","?","?","R","E","R","T","?","R","M","E","?","R","BOSS"],"items_purchased_type":["Relic","Relic","Relic"],"build_version":"2020-12-22","purchased_purges":0,"victory":false,"max_hp_per_floor":[66,66,66,66,66,66,71,71,71,71,71,67,67,67,67,67,67],"card_choices":[{"not_picked":["CherryBlossoms","ShyLook","UniverseFragment"],"picked":"Singing Bowl","floor":1},{"not_picked":["OSAHOGD","Bloodbath"],"picked":"WhiteNight","floor":1},{"not_picked":["animator:Mitsuba","animator:KyokoSakura","animator:Guy"],"picked":"SKIP","floor":1},{"not_picked":["CherryBlossoms","Laetitia","BeautyBeast"],"picked":"Singing Bowl","floor":4},{"not_picked":["animator:CrowleyEusford","animator:Pride"],"picked":"animator:Tyuule","floor":4},{"not_picked":["animator:AcuraAkari","animator:Benimaru+1"],"picked":"animator:DolaRiku","floor":7},{"not_picked":["VoidDream","CrumblingArmor","Bloodbath"],"picked":"Singing Bowl","floor":7},{"not_picked":["animator:Gillette+1","animator:ChaikaBohdan+1"],"picked":"animator:NivaLada","floor":12},{"not_picked":["Variant","PunishingBird"],"picked":"LongBird","floor":13},{"not_picked":["animator:Shuna","animator:Millim+1"],"picked":"animator:AcuraTooru+1","floor":13}],"player_experience":568088,"relics_obtained":[{"floor":1,"key":"LetterFromLob"},{"floor":7,"key":"CCEMRelics:CocoNut"},{"floor":9,"key":"Replay:Baseball"},{"floor":12,"key":"animator:CursedGlyph"},{"floor":13,"key":"conspire:GlowingRock"},{"floor":13,"key":"Quantum Egg"}],"event_choices":[{"cards_removed":["animator:Strike"],"damage_healed":0,"gold_gain":0,"player_choice":"Card Removal","damage_taken":7,"max_hp_gain":0,"max_hp_loss":0,"event_name":"Golden Wing","floor":2,"gold_loss":0},{"damage_healed":0,"gold_gain":0,"player_choice":"Upgraded","damage_taken":0,"max_hp_gain":0,"max_hp_loss":0,"event_name":"Upgrade Shrine","floor":3,"gold_loss":0,"cards_upgraded":["animator:AcuraAkari"]}],"is_beta":false,"boss_relics":[],"items_purged_floors":[],"is_endless":false,"potions_floor_spawned":[12],"killed_by":"Slime Boss","ascension_level":1}}