{"host":"7cp3z5w0tcrrm8ys","time":1613715279,"event":{"mods":["AchievementEnabler","BaseMod","DeckTracker","Minty Spire (QoL Compilation)","StSLib","SuperFastMode"],"gold_per_floor":[113,127,145,115,133,133,133,133,188,188,25,25,52,63,63,140,140,158,174,194,194,65,65,98,116,116,116,0,33,43,55,55,55,55],"floor_reached":33,"language":"KOR","playtime":875,"items_purged":["Strike_R"],"score":624,"play_id":"b8e16654-4ce9-464a-9167-4f535e7ce776","local_time":"20210219151439","is_ascension_mode":true,"campfire_choices":[{"data":"Perfected Strike","floor":6.0,"key":"SMITH"},{"data":"Bash","floor":8.0,"key":"SMITH"},{"data":"Twin Strike","floor":10.0,"key":"SMITH"},{"data":"Disarm","floor":15.0,"key":"SMITH"},{"data":"Perfected Strike","floor":23,"key":"SMITH"},{"data":"Perfected Strike","floor":27,"key":"SMITH"},{"data":"Rage","floor":32,"key":"SMITH"}],"circlet_count":0,"master_deck":["AscendersBane","Strike_R","Strike_R","Defend_R","Defend_R+1","Defend_R","Defend_R+1","Bash+1","Twin Strike+1","Combust","Disarm+1","Perfected Strike+1","Twin Strike","Perfected Strike+1","Reaper","Flame Barrier+1","Cleave","Perfected Strike+1","Shrug It Off+1","Warcry+1","Intimidate","Rage+1"],"relics":["Burning Blood","Juzu Bracelet","Sling","Red Skull","Velvet Choker","MutagenicStrength","Unceasing Top","Meat on the Bone","The Courier"],"acts_visited":["Exordium","TheCity"],"potions_floor_usage":[16,16,24,24,29,29,33],"damage_taken":[{"damage":0.0,"enemies":"2 Louse","floor":1.0,"turns":6.0},{"damage":1.0,"enemies":"Cultist","floor":2.0,"turns":3.0},{"damage":10.0,"enemies":"Small Slimes","floor":3.0,"turns":4.0},{"damage":8.0,"enemies":"2 Fungi Beasts","floor":5.0,"turns":4.0},{"damage":0.0,"enemies":"Gremlin Nob","floor":13.0,"turns":1.0},{"damage":3.0,"enemies":"Large Slime","floor":14.0,"turns":3.0},{"damage":36,"enemies":"Hexaghost","floor":16,"turns":5},{"damage":44,"enemies":"3 Byrds","floor":18,"turns":5},{"damage":0,"enemies":"Spheric Guardian","floor":19,"turns":3},{"damage":27,"enemies":"Snake Plant","floor":20,"turns":3},{"damage":1,"enemies":"Gremlin Leader","floor":24,"turns":4},{"damage":1,"enemies":"Centurion and Healer","floor":25,"turns":5},{"damage":20,"enemies":"Slavers","floor":29,"turns":5},{"damage":37,"enemies":"Shelled Parasite and Fungi","floor":30,"turns":7},{"damage":11,"enemies":"3 Cultists","floor":31,"turns":5},{"damage":66,"enemies":"Champ","floor":33,"turns":9}],"seed_played":"8497895537806903267","potions_obtained":[{"floor":1.0,"key":"Strength Potion"},{"floor":4.0,"key":"SneckoOil"},{"floor":14.0,"key":"LiquidMemories"},{"floor":20,"key":"Strength Potion"},{"floor":24,"key":"LiquidBronze"},{"floor":25,"key":"Weak Potion"},{"floor":31,"key":"DuplicationPotion"}],"is_trial":false,"path_per_floor":["M","M","M","?","M","R","?","R","T","R","$","?","E","M","R","B",null,"M","M","M","?","$","R","E","M","T","R","?","E","M","M","R","B"],"character_chosen":"IRONCLAD","items_purchased":["Sling","Swift Potion"],"campfire_rested":0,"item_purchase_floors":[11,22],"current_hp_per_floor":[74,75,71,71,69,69,62,62,62,62,62,39,45,48,48,18,61,23,29,15,15,15,15,61,72,72,72,72,62,50,53,53,0,0],"gold":55,"neow_bonus":"REMOVE_CARD","is_daily":false,"chose_seed":false,"campfire_upgraded":7,"win_rate":0.0,"timestamp":1613715279,"path_taken":["M","M","M","?","?","R","?","R","T","R","$","?","E","M","R","BOSS","M","M","M","?","$","R","E","M","T","R","?","E","M","M","R","BOSS"],"items_purchased_type":["Relic","Potion"],"build_version":"2020-12-22","purchased_purges":1,"victory":false,"max_hp_per_floor":[75,75,75,75,75,75,75,75,75,75,75,75,75,75,75,75,75,75,75,75,75,75,75,75,75,75,75,75,75,75,75,75,75,75],"card_choices":[{"not_picked":["Sentinel","Havoc"],"picked":"Twin Strike","floor":1.0},{"not_picked":["Bloodletting","Second Wind"],"picked":"Combust","floor":2.0},{"not_picked":["Shrug It Off","Perfected Strike"],"picked":"Disarm","floor":3.0},{"not_picked":["Battle Trance","Shrug It Off"],"picked":"Perfected Strike","floor":5.0},{"not_picked":["Feed","Battle Trance"],"picked":"Twin Strike","floor":13.0},{"not_picked":["Shrug It Off","Seeing Red"],"picked":"Perfected Strike","floor":14.0},{"not_picked":["Corruption","Juggernaut"],"picked":"Reaper","floor":16},{"not_picked":["Power Through+1","Shockwave"],"picked":"Flame Barrier+1","floor":18},{"not_picked":["Thunderclap","Blood for Blood"],"picked":"Cleave","floor":19},{"not_picked":["Anger+1","Carnage"],"picked":"Perfected Strike","floor":20},{"not_picked":["Rupture+1","Iron Wave"],"picked":"Shrug It Off+1","floor":24},{"not_picked":["Seeing Red","Heavy Blade","Body Slam"],"picked":"SKIP","floor":25},{"not_picked":["Headbutt","Armaments"],"picked":"Warcry+1","floor":29},{"not_picked":["Anger","Power Through"],"picked":"Intimidate","floor":30},{"not_picked":["Dual Wield","Disarm"],"picked":"Rage","floor":31}],"player_experience":823630,"relics_obtained":[{"floor":9.0,"key":"Juzu Bracelet"},{"floor":13.0,"key":"Red Skull"},{"floor":24,"key":"Unceasing Top"},{"floor":26,"key":"Meat on the Bone"},{"floor":29,"key":"The Courier"}],"event_choices":[{"damage_healed":0.0,"max_hp_gain":0.0,"max_hp_loss":0.0,"gold_gain":0.0,"event_name":"The Woman in Blue","player_choice":"Bought 2 Potions","floor":4.0,"gold_loss":0.0,"damage_taken":0.0},{"cards_removed":["Strike_R"],"damage_healed":0.0,"max_hp_gain":0.0,"max_hp_loss":0.0,"gold_gain":0.0,"event_name":"Golden Wing","player_choice":"Card Removal","floor":7.0,"gold_loss":0.0,"damage_taken":7.0},{"damage_healed":0.0,"max_hp_gain":0.0,"max_hp_loss":0.0,"gold_gain":0.0,"event_name":"Shining Light","player_choice":"Entered Light","floor":12.0,"gold_loss":0.0,"damage_taken":23.0,"cards_upgraded":["Defend_R","Defend_R"]},{"damage_healed":0,"gold_gain":0,"player_choice":"Inject Mutagens","damage_taken":0,"relics_obtained":["MutagenicStrength"],"max_hp_gain":0,"max_hp_loss":0,"event_name":"Drug Dealer","floor":21,"gold_loss":0},{"damage_healed":0,"gold_gain":0,"player_choice":"Paid Fearfully","damage_taken":0,"max_hp_gain":0,"max_hp_loss":0,"event_name":"Masked Bandits","floor":28,"gold_loss":116}],"is_beta":false,"boss_relics":[{"not_picked":["Ectoplasm","Fusion Hammer"],"picked":"Velvet Choker"}],"items_purged_floors":[22],"is_endless":false,"potions_floor_spawned":[1,14,20,24,25,31],"killed_by":"Champ","ascension_level":20}}