{"host":"8m7is3yylgn0pnts","time":1613716237,"event":{"mods":["ATMod(阿瑾Mod)","Act Like it!","Arknights","BaseMod","Downfall","Gensokyo","Hallownest","KinomotoSakuraMod(木之本樱)","Koishi","Lobotomy","Marisa（F雨　魔理沙）","Minty Spire (QoL Compilation)","Remilia_Scarlet Moed（蕾米莉亚・斯卡雷特）3.3.5","Remilia（蕾米莉亚）","StSLib","The Animator","The Gatherer","Waifu the Spire","WarShipGirlsR/战舰少女R mod","Yakumo Yukari mod"],"gold_per_floor":[123,123,123,20,39,70,195,195,195,195,328,355,485,505,505,709,709,749,749,749,763,1017,1144,1199,1199,1267,1267,1267,1017,493,509,509,912,962,976,991,991,1008,1025,1025,525,656,682,682,700,16,16,38,38,142,142,142,678,678,678],"floor_reached":54,"language":"ZHS","playtime":5942,"items_purged":["animator:Defend","animator:Strike","animator:Strike"],"score":863,"play_id":"568c327c-dbe8-4be2-9f8d-376ba3a0a2fc","local_time":"20210219143037","is_ascension_mode":false,"campfire_choices":[{"floor":15,"key":"RECALL"},{"floor":25,"key":"REST"},{"data":"animator:Cocytus","floor":28,"key":"SMITH"},{"data":"animator:Vesta","floor":32,"key":"SMITH"},{"floor":40,"key":"REST"},{"floor":44,"key":"REST"},{"floor":47,"key":"REST"},{"data":"animator:Sora","floor":49,"key":"SMITH"},{"data":"animator:Tyuule","floor":52,"key":"SMITH"}],"circlet_count":0,"master_deck":["animator:Strike_Konosuba","animator:Defend_Konosuba","animator:Strike","animator:Defend","animator:Defend+1","animator:Kazuma","animator:Aqua","AT_FamilyPortrait","animator:Mitsurugi","animator:TukaLunaMarceau","animator:Cocytus","animator:NarberalGamma","animator:Verdia","animator:Mitsurugi","animator:YunYun","animator:Kaijin","animator:Entoma+2","animator:Wiz","animator:Hakurou","animator:Hans","animator:Darkness","animator:GazelDwargon","animator:Vesta","animator:DolaSchwi","animator:YaoHaDucy+1","animator:CrowleyEusford","animator:Darkness","animator:ItamiYouji","animator:Shigure","animator:Shuna","animator:Chris","animator:Yuuichirou","animator:Darkness","animator:IzunaHatsuse","animator:CrowleyEusford","animator:Sora","animator:Shion","animator:Tyuule"],"relics":["animator:TheEgnaroPiece","animator:AncientMedallion"],"acts_visited":["Hallownest:Greenpath","Hallownest:CityofTears","Hallownest:KingdomsEdge","TheEnding","EYB:TheUnnamedReign"],"potions_floor_usage":[16,16,16,24,24],"damage_taken":[{"damage":0,"enemies":"Hallownest:2_Tiktiks_and_1_Crawlid","floor":1,"turns":2},{"damage":0,"enemies":"Hallownest:monsterHuskGuard","floor":5,"turns":1},{"damage":0,"enemies":"Hallownest:eliteVengeflyKing","floor":6,"turns":1},{"damage":8,"enemies":"Hallownest:eliteCrystalGuardian","floor":7,"turns":5},{"damage":7,"enemies":"Hallownest:eliteCrystalGuardian","floor":11,"turns":6},{"damage":0,"enemies":"2_ Uuma","floor":12,"turns":4},{"damage":1,"enemies":"Hallownest:eliteVengeflyKing","floor":13,"turns":4},{"damage":0,"enemies":"Hallownest:monsterMossCharger","floor":14,"turns":2},{"damage":39,"enemies":"Hallownest:BossFalseKnight","floor":16,"turns":7},{"damage":14,"enemies":"Hallownest:Guard_and_Sentry","floor":18,"turns":4},{"damage":3,"enemies":"Hallownest:Flukemon_and_Top","floor":21,"turns":5},{"damage":13,"enemies":"Hallownest:eliteSoulWarrior","floor":23,"turns":9},{"damage":19,"enemies":"Hallownest:Glutton_and_Coward","floor":24,"turns":5},{"damage":6,"enemies":"Hallownest:Master_and_Novice","floor":31,"turns":5},{"damage":7,"enemies":"Hallownest:BossMantisLord","floor":33,"turns":6},{"damage":4,"enemies":"Hallownest:3_Siblings","floor":35,"turns":6},{"damage":30,"enemies":"Hallownest:2_Littles","floor":36,"turns":5},{"damage":1,"enemies":"Hallownest:2_Great","floor":38,"turns":6},{"damage":14,"enemies":"Hallownest:2_Wing_and_1_Kings","floor":39,"turns":6},{"damage":31,"enemies":"Hallownest:StalkingDevout","floor":42,"turns":6},{"damage":4,"enemies":"Hallownest:2_Soldiers_and_1_Guardian","floor":45,"turns":6},{"damage":11,"enemies":"Hallownest:Shield_Sturdy","floor":48,"turns":5},{"damage":24,"enemies":"Hallownest:Radiance","floor":50,"turns":8},{"damage":7,"enemies":"animator:TRIPLE_SHAPES_WEAK","floor":54,"turns":2}],"seed_played":"7757927199444081289","potions_obtained":[{"floor":12,"key":"Slimebound:ThreeZeroPotion"},{"floor":13,"key":"Strength Potion"},{"floor":14,"key":"Explosive Potion"},{"floor":16,"key":"Weak Potion"},{"floor":18,"key":"bronze:BurnAndBuffPotion"},{"floor":21,"key":"PowerPotion"},{"floor":24,"key":"Fire Potion"},{"floor":31,"key":"Regen Potion"},{"floor":33,"key":"PowerPotion"},{"floor":34,"key":"DuplicationPotion"},{"floor":35,"key":"champ:CounterPotion"},{"floor":38,"key":"Regen Potion"}],"is_trial":false,"path_per_floor":["M","?","?","$","M","E","?","?","T","?","E","M","E","M","R","B",null,"M","?","?","M","?","E","M","R","T","?","R","?","$","M","R","B",null,"M","M","?","M","M","R","$","E","T","R","M","$","R","M","R","B",null,"R","??","M"],"character_chosen":"THE_ANIMATOR","items_purchased":["animator:TukaLunaMarceau","animator:Cocytus","animator:GazelDwargon+1","animator:Entoma","animator:Vesta","AT_SunfireAegis","Orrery","Bottled Tornado","animator:Yuuichirou","animator:Darkness+1","AT_LudenTempest","animator:CerealBox","animator:Sora"],"campfire_rested":4,"item_purchase_floors":[4,4,30,30,30,30,30,41,41,41,46,46,46],"current_hp_per_floor":[66,56,56,56,56,56,52,60,60,60,56,56,58,61,61,28,76,70,70,77,79,79,71,55,81,81,81,81,81,81,78,78,76,94,96,71,69,73,62,92,92,66,66,96,97,97,105,99,99,82,107,107,98,91,91],"gold":678,"neow_bonus":"THREE_ENEMY_KILL","is_daily":false,"chose_seed":false,"campfire_upgraded":4,"win_rate":0.0,"timestamp":1613716237,"path_taken":["M","?","?","$","M","E","?","?","T","?","E","?","E","M","R","BOSS","M","?","?","?","?","E","M","R","T","?","R","?","$","M","R","BOSS","M","?","?","?","?","R","$","E","T","R","M","$","R","M","R","BOSS","R","??","M"],"items_purchased_type":["Card","Card","Card","Card","Card","Relic","Relic","Relic","Card","Card","Relic","Relic","Card"],"build_version":"2020-12-22","purchased_purges":3,"victory":false,"max_hp_per_floor":[66,66,66,66,66,66,67,75,75,75,75,75,75,75,75,76,76,76,76,83,85,85,87,87,87,87,87,87,87,87,87,87,89,94,97,99,99,101,101,101,101,103,103,103,105,105,105,107,107,107,107,107,98,98,98],"card_choices":[{"not_picked":["animator:Hakurou","animator:Mikaela"],"picked":"animator:Mitsurugi","floor":1},{"not_picked":["animator:Shigure","animator:Tet"],"picked":"animator:NarberalGamma","floor":5},{"not_picked":["animator:Kazuma","animator:Jibril","animator:RoryMercury"],"picked":"SKIP","floor":6},{"not_picked":["animator:Mitsurugi","animator:Kazuma"],"picked":"animator:Verdia","floor":7},{"not_picked":["animator:GuildGirl+1","animator:Ainz+1"],"picked":"animator:Mitsurugi","floor":11},{"not_picked":["animator:Tyuule","animator:LeleiLaLalena"],"picked":"animator:YunYun","floor":12},{"not_picked":["animator:Bozes","animator:DwarfShaman"],"picked":"animator:Kaijin+1","floor":13},{"not_picked":["animator:Cocytus","animator:PandorasActor"],"picked":"animator:Entoma","floor":14},{"not_picked":["animator:Ainz+1","animator:FeridBathory+1"],"picked":"animator:Wiz","floor":16},{"not_picked":["animator:Kuribayashi+1","animator:NarberalGamma"],"picked":"animator:Megumin","floor":18},{"not_picked":["animator:Yoichi+1","animator:Tyuule"],"picked":"animator:Hakurou","floor":21},{"not_picked":["animator:Shigure+1","animator:Souei"],"picked":"animator:Hans+1","floor":23},{"not_picked":["animator:Vanir","animator:Verdia"],"picked":"animator:Darkness+1","floor":24},{"not_picked":["animator:DolaStephanie","animator:Priestess"],"picked":"animator:DolaSchwi+1","floor":30},{"not_picked":["animator:Cocytus","animator:Rimuru"],"picked":"animator:Entoma","floor":30},{"not_picked":["animator:Mitsurugi","animator:Hakurou"],"picked":"animator:YaoHaDucy","floor":30},{"not_picked":["animator:Shion","animator:Souei"],"picked":"animator:CrowleyEusford","floor":30},{"not_picked":["animator:LeleiLaLalena","animator:Jibril"],"picked":"animator:Darkness+1","floor":31},{"not_picked":["animator:FeridBathory+1","animator:Albedo"],"picked":"animator:ItamiYouji","floor":33},{"not_picked":["animator:Souei","animator:DolaCouronne"],"picked":"animator:Shigure","floor":35},{"not_picked":["animator:HiiragiShinya+1","animator:Millim"],"picked":"animator:Shuna","floor":36},{"not_picked":["animator:Verdia","animator:Darkness+1"],"picked":"animator:Chris","floor":38},{"not_picked":["animator:LizardPriest+1","animator:Arpeggio+1","animator:Bozes+1"],"picked":"SKIP","floor":39},{"not_picked":["animator:Sebas","animator:Arpeggio+1"],"picked":"animator:IzunaHatsuse","floor":42},{"not_picked":["animator:Benimaru+1","animator:Shigure+1"],"picked":"animator:CrowleyEusford+1","floor":44},{"not_picked":["animator:HiiragiShinya+1","animator:KrulTepes","animator:Millim+1"],"picked":"SKIP","floor":45},{"not_picked":["animator:PandorasActor+1","animator:DwarfShaman"],"picked":"animator:Shion+1","floor":47},{"not_picked":["animator:YaoHaDucy","animator:TukaLunaMarceau"],"picked":"animator:Tyuule","floor":48}],"player_experience":58437,"relics_obtained":[{"floor":6,"key":"AT_TheCollector"},{"floor":7,"key":"Omamori"},{"floor":9,"key":"AT_ForceNature"},{"floor":11,"key":"White Beast Statue"},{"floor":13,"key":"Torii"},{"floor":23,"key":"Anchor"},{"floor":26,"key":"AT_DeathDance"},{"floor":42,"key":"Dream Catcher"},{"floor":53,"key":"animator:TheEgnaroPiece"},{"floor":53,"key":"animator:AncientMedallion"}],"event_choices":[],"is_beta":false,"boss_relics":[{"not_picked":["Philosopher\u0027s Stone","Cursed Key"],"picked":"SlaversCollar"},{"not_picked":["Velvet Choker","Coffee Dripper"],"picked":"Tiny House"}],"items_purged_floors":[30,41,46],"is_endless":false,"potions_floor_spawned":[11,12,13,14,16,18,21,23,24,31,33,35,36,38,39,42,45,48],"killed_by":"animator:TRIPLE_SHAPES_WEAK","ascension_level":0}}