{"host":"350rh84kbmtekt58","time":1613693235,"event":{"mods":["AchievementEnabler","Act Like it!","BaseMod","Better Synergies","Block Reminder","CapriCore","Challenge The Spire","Colored Map","Colored Powertips","Communication Mod","Downfall","Energized Spire","Friendly Minions","GifTheSpireLib","Highlight Path","Minty Spire (QoL Compilation)","Quick Restart","Replay The Spire","Shop Mod","StSLib","The Animator","The Disciple","The Immortal","The Marked","The Runesmith","The Servant 0.9.4","The Wild Card","Transform Curses","yUi"],"gold_per_floor":[112,187,205,223,223,248,248,258,284,304,304,34,34,46,46,143,143,160,160,85,85,85,116,116,129,129,146,158,158,158,168,168,266,266,286,298,310,310,330,363,363,376,376,424,42,56,56,74,74,74,74,74,0,27,27,27],"floor_reached":55,"language":"ENG","playtime":5194,"items_purged":["downfall:Bewildered"],"score":763,"play_id":"4f4d60ce-40e3-40fc-b5f1-6964839eec93","local_time":"20210218180715","is_ascension_mode":true,"campfire_choices":[{"floor":7,"key":"REST"},{"data":"theWildCard:Metatron","floor":11,"key":"SMITH"},{"floor":13,"key":"REST"},{"data":"Bash","floor":15,"key":"SMITH"},{"floor":30,"key":"REST"},{"floor":32,"key":"DIG"},{"floor":41,"key":"REST"},{"data":"Apotheosis","floor":47,"key":"SMITH"},{"floor":49,"key":"RECALL"},{"data":"Inflame","floor":52,"key":"SMITH"}],"circlet_count":0,"master_deck":["Strike_R","Strike_R","Strike_R","Strike_R","Strike_R","Defend_R","Defend_R","Defend_R","Defend_R","Bash+1","AbeCurse","Cleave","Headbutt","Perfected Strike","theWildCard:Metatron+1","Heavy Blade","Power Through+1","Anger","ReplayTheSpireMod:Uncanny Aura","Shrug It Off","Twin Strike","Barricade","Inflame+1","GremboGang","Rage","Armaments","Entrench","ReplayTheSpireMod:Muscle Training+1","RitualDagger","Shrug It Off","Demon Form","Defy Death+1","Pommel Strike+1","Decay","Clothesline+1","Thunderclap+1","Bloodletting+1","Apotheosis+1","Metallicize+1","Impervious","Carnage","Infernal Blade","Shrug It Off+1"],"relics":["Abe\u0027s Treasure","Regal Pillow","Tiny Chest","Honey Jar","sneckomod:BabySnecko","MealTicket","HornCleat","ReplayTheSpireMod:Ninjato","Red Skull","Replay:Bronze Core","Pen Nib","King of Hearts","Happy Flower","Strawberry"],"acts_visited":["Exordium","TheCity","TheBeyond","TheEnding"],"potions_floor_usage":[16,16,18,25,33,37,39,39,48,55],"damage_taken":[{"damage":7,"enemies":"2 Louse","floor":1,"turns":2},{"damage":0,"enemies":"Small Slimes","floor":3,"turns":2},{"damage":7,"enemies":"Jaw Worm","floor":4,"turns":3},{"damage":14,"enemies":"Gremlin Nob","floor":6,"turns":3},{"damage":8,"enemies":"Large Slime","floor":8,"turns":3},{"damage":6,"enemies":"3 Louse","floor":10,"turns":2},{"damage":6,"enemies":"Exordium Thugs","floor":14,"turns":2},{"damage":10,"enemies":"Fading Forest","floor":16,"turns":11},{"damage":20,"enemies":"Chosen","floor":18,"turns":5},{"damage":37,"enemies":"Book of Stabbing","floor":23,"turns":5},{"damage":5,"enemies":"2 Thieves","floor":25,"turns":2},{"damage":0,"enemies":"Centurion and Healer","floor":27,"turns":5},{"damage":0,"enemies":"3 Cultists","floor":28,"turns":4},{"damage":12,"enemies":"Sentry and Sphere","floor":31,"turns":5},{"damage":14,"enemies":"Automaton","floor":33,"turns":9},{"damage":14,"enemies":"3 Shapes","floor":35,"turns":3},{"damage":0,"enemies":"3 Darklings","floor":36,"turns":3},{"damage":0,"enemies":"Sphere and 2 Shapes","floor":37,"turns":3},{"damage":19,"enemies":"Spire Growth","floor":39,"turns":4},{"damage":5,"enemies":"Nemesis","floor":40,"turns":7},{"damage":20,"enemies":"3 Darklings","floor":42,"turns":2},{"damage":4,"enemies":"Maw","floor":46,"turns":6},{"damage":19,"enemies":"Writhing Mass","floor":48,"turns":4},{"damage":4,"enemies":"Time Eater","floor":50,"turns":11},{"damage":24,"enemies":"Shield and Spear","floor":54,"turns":5},{"damage":71,"enemies":"The Heart","floor":55,"turns":6}],"seed_played":"4081494881130163468","potions_obtained":[{"floor":4,"key":"hexamod:SoulburnPotion"},{"floor":6,"key":"champ:CounterPotion"},{"floor":16,"key":"AttackPotion"},{"floor":23,"key":"BloodPotion"},{"floor":27,"key":"Death Potion"},{"floor":33,"key":"sneckomod:MuddlingPotion"},{"floor":35,"key":"Block Potion"},{"floor":37,"key":"Block Potion"},{"floor":46,"key":"SpeedPotion"},{"floor":48,"key":"Fruit Juice"}],"is_trial":false,"path_per_floor":["M","?","M","M","?","E","R","M","T","M","R","$","R","M","R","B",null,"M","?","$","?","?","E","T","M","T","M","M","?","R","M","R_BF","B",null,"M","M","M","?","M","E","R","M","T","T","$","M","R","M","R","B",null,"R","$","E","B"],"character_chosen":"IRONCLAD","items_purchased":["Gremlin Food","ReplayTheSpireMod:Uncanny Aura","Shrug It Off","Apotheosis","Happy Flower","Metallicize+1","Infernal Blade"],"campfire_rested":4,"item_purchase_floors":[12,12,12,45,45,45,53],"current_hp_per_floor":[73,62,62,55,55,41,80,72,72,66,66,66,80,74,74,64,80,60,60,60,60,60,23,23,34,34,34,34,28,67,55,55,41,80,66,66,66,66,47,42,80,60,60,60,75,71,71,57,57,53,85,85,85,68,0,0],"gold":27,"neow_bonus":"BOSS_RELIC","is_daily":false,"chose_seed":false,"campfire_upgraded":4,"win_rate":0.0,"timestamp":1613693235,"path_taken":["M","?","M","M","?","E","R","M","T","M","R","$","R","M","R","BOSS","M","?","$","?","?","E","?","M","T","M","?","?","R","M","R_BF","BOSS","M","M","M","?","M","E","R","M","T","?","$","M","R","M","R","BOSS","R","$","E","BOSS"],"items_purchased_type":["Relic","Card","Card","Card","Relic","Card","Card"],"build_version":"2020-12-22","purchased_purges":1,"victory":false,"max_hp_per_floor":[80,80,80,80,80,80,80,80,80,80,80,80,80,80,80,80,80,80,80,80,80,80,80,80,80,80,80,80,80,80,80,80,80,80,80,80,80,80,80,80,80,80,80,80,80,80,80,85,85,85,85,85,85,92,92,92],"card_choices":[{"not_picked":["Wild Strike","Sever Soul"],"picked":"Cleave","floor":1},{"not_picked":["Disarm","Warcry"],"picked":"Headbutt","floor":3},{"not_picked":["Havoc","Pommel Strike"],"picked":"Perfected Strike","floor":4},{"not_picked":["Dark Embrace","Headbutt"],"picked":"Heavy Blade","floor":6},{"not_picked":["Life Link","Immolate"],"picked":"Power Through","floor":8},{"not_picked":["Thunderclap","Twin Strike"],"picked":"Anger","floor":10},{"not_picked":["Blood for Blood","Anger"],"picked":"Twin Strike","floor":14},{"not_picked":["Double Tap","Offering"],"picked":"Barricade","floor":16},{"not_picked":["Warcry","ReplayTheSpireMod:Limb From Limb+1","Perfected Strike"],"picked":"Inflame","floor":18},{"not_picked":["ReplayTheSpireMod:Corrosion Curse+1","Heavy Blade","Body Slam"],"picked":"Rage","floor":23},{"not_picked":["True Grit","Rampage","Thunderclap+1"],"picked":"Armaments","floor":25},{"not_picked":["Cleave+1","Perfected Strike","Body Slam"],"picked":"Entrench","floor":27},{"not_picked":["ReplayTheSpireMod:Strike From Hell","Limit Break","Twin Strike"],"picked":"ReplayTheSpireMod:Muscle Training+1","floor":28},{"not_picked":["Heavy Blade","Combust","Sword Boomerang"],"picked":"Shrug It Off","floor":31},{"not_picked":["Fiend Fire","Hemogenesis","Replay:Many Hands"],"picked":"Demon Form","floor":33},{"not_picked":["Body Slam","Life Link+1","Cleave+1"],"picked":"Defy Death+1","floor":35},{"not_picked":["ReplayTheSpireMod:Strike From Hell+1","Warcry","Burning Pact"],"picked":"Pommel Strike+1","floor":36},{"not_picked":["Heavy Blade","Havoc","Abandon+1","Immolate"],"picked":"SKIP","floor":37},{"not_picked":["Run Through","Second Wind+1","Flex"],"picked":"Clothesline+1","floor":39},{"not_picked":["Havoc+1","Flex","Power Through"],"picked":"Thunderclap+1","floor":40},{"not_picked":["Havoc","Replay:Undeath\u0027s Touch+1","ReplayTheSpireMod:Limb From Limb+1"],"picked":"Bloodletting+1","floor":42},{"not_picked":["Wild Strike","Anger","Perfected Strike+1"],"picked":"Impervious","floor":46},{"not_picked":["Sword Boomerang+1","Warcry+1","Run Through+1"],"picked":"Carnage","floor":48},{"not_picked":["Heavy Blade","Burning Pact","ReplayTheSpireMod:Strike From Hell"],"picked":"Shrug It Off+1","floor":54}],"player_experience":264142,"relics_obtained":[{"floor":6,"key":"Regal Pillow"},{"floor":9,"key":"Tiny Chest"},{"floor":23,"key":"MealTicket"},{"floor":24,"key":"HornCleat"},{"floor":26,"key":"ReplayTheSpireMod:Ninjato"},{"floor":32,"key":"Red Skull"},{"floor":40,"key":"Pen Nib"},{"floor":44,"key":"King of Hearts"},{"floor":54,"key":"Strawberry"}],"event_choices":[{"damage_healed":0,"gold_gain":75,"player_choice":"Gather Gold","damage_taken":11,"max_hp_gain":0,"max_hp_loss":0,"event_name":"World of Goop","floor":2,"gold_loss":0},{"damage_healed":0,"gold_gain":0,"player_choice":"Ignored","damage_taken":0,"max_hp_gain":0,"max_hp_loss":0,"event_name":"Beggar","floor":21,"gold_loss":0},{"damage_healed":0,"gold_gain":0,"player_choice":"Joined the Cult","damage_taken":6,"max_hp_gain":0,"max_hp_loss":0,"event_name":"Nest","floor":29,"gold_loss":0,"cards_obtained":["RitualDagger"]},{"damage_healed":0,"gold_gain":0,"player_choice":"Cursed","damage_taken":0,"max_hp_gain":0,"max_hp_loss":0,"event_name":"Wheel of Change","floor":38,"gold_loss":0,"cards_obtained":["Decay"]}],"is_beta":false,"boss_relics":[{"not_picked":["energizedSpire:TabascoSauce","Tiny House"],"picked":"Honey Jar"},{"not_picked":["Fusion Hammer","energizedSpire:RedRose"],"picked":"Replay:Bronze Core"}],"items_purged_floors":[20],"is_endless":false,"potions_floor_spawned":[4,6,16,23,27,33,35,37,46,48],"killed_by":"The Heart","ascension_level":2}}