{"host":"uv5ws9rdk87e8i5k","time":1613696258,"event":{"mods":["AchievementEnabler","BaseMod","Colored Map","Minty Spire (QoL Compilation)","Permanent Neow","Quick Restart","StSLib","SuperFastMode","The Necromancer"],"gold_per_floor":[117,117,135,151,169,203,203,223,223,253,253,267,280,297,297,394,394,412,412,412,412,137,167,167,167,167,167,167],"floor_reached":27,"language":"ENG","playtime":572,"items_purged":["Strike_B"],"score":396,"play_id":"2ba6d9f1-2cd1-4d19-9410-40c4d045facd","local_time":"20210218185738","is_ascension_mode":true,"campfire_choices":[{"floor":7,"key":"REST"},{"data":"Creative AI","floor":11,"key":"SMITH"},{"floor":15,"key":"REST"},{"floor":25,"key":"REST"}],"circlet_count":0,"master_deck":["Strike_B+1","Strike_B+1","Defend_B","Defend_B","Defend_B","Defend_B","Zap","Dualcast","Creative AI+1","Turbo","Defragment","Self Repair","Seek","Defragment","Darkness","Skim","FTL","Rainbow","Capacitor","Coolheaded","Capacitor"],"relics":["FrozenCore","Toy Ornithopter","Whetstone","Strawberry","Sundial","The Courier","Meat on the Bone","Bronze Scales","Akabeko","Enchiridion","Nunchaku"],"acts_visited":["Exordium","TheCity"],"potions_floor_usage":[6,10,13,14,14,23,27],"damage_taken":[{"damage":5,"enemies":"2 Louse","floor":1,"turns":2},{"damage":12,"enemies":"Small Slimes","floor":3,"turns":3},{"damage":8,"enemies":"Jaw Worm","floor":4,"turns":4},{"damage":11,"enemies":"Looter","floor":5,"turns":4},{"damage":18,"enemies":"Gremlin Nob","floor":6,"turns":5},{"damage":14,"enemies":"Exordium Wildlife","floor":8,"turns":4},{"damage":20,"enemies":"Lagavulin","floor":10,"turns":6},{"damage":19,"enemies":"2 Fungi Beasts","floor":12,"turns":3},{"damage":13,"enemies":"Red Slaver","floor":13,"turns":4},{"damage":24,"enemies":"Exordium Wildlife","floor":14,"turns":3},{"damage":0,"enemies":"Slime Boss","floor":16,"turns":9},{"damage":23,"enemies":"Spheric Guardian","floor":18,"turns":5},{"damage":51,"enemies":"Book of Stabbing","floor":23,"turns":7},{"damage":54,"enemies":"Slavers","floor":27,"turns":6}],"seed_played":"922831659526656154","potions_obtained":[{"floor":4,"key":"Swift Potion"},{"floor":5,"key":"Block Potion"},{"floor":6,"key":"CultistPotion"},{"floor":12,"key":"Dexterity Potion"},{"floor":13,"key":"Fruit Juice"},{"floor":14,"key":"SpeedPotion"},{"floor":18,"key":"Fire Potion"}],"is_trial":false,"path_per_floor":["M","?","M","M","M","E","R","M","T","E","R","M","M","M","R","B",null,"M","?","?","T","$","E","?","R","T","E"],"character_chosen":"DEFECT","items_purchased":["Capacitor","Coolheaded","Bronze Scales"],"campfire_rested":3,"item_purchase_floors":[22,22,22],"current_hp_per_floor":[63,60,48,40,29,23,45,38,45,37,37,25,24,15,41,48,77,61,61,61,61,61,34,18,44,44,0,0],"gold":167,"neow_bonus":"TRANSFORM_CARD","is_daily":false,"chose_seed":false,"campfire_upgraded":1,"win_rate":0.0,"timestamp":1613696258,"path_taken":["M","?","M","M","M","E","R","M","T","E","R","M","M","M","R","BOSS","M","?","?","?","$","E","?","R","T","E"],"items_purchased_type":["Card","Card","Relic"],"build_version":"2020-12-22","purchased_purges":1,"victory":false,"max_hp_per_floor":[75,75,75,75,75,75,75,75,82,82,82,82,82,87,87,87,87,87,87,87,87,87,87,87,87,87,87,87],"card_choices":[{"not_picked":["Compile Driver","Reinforced Body"],"picked":"Turbo","floor":1},{"not_picked":["Static Discharge","Redo"],"picked":"Defragment","floor":3},{"not_picked":["Rebound","Turbo","Consume"],"picked":"SKIP","floor":4},{"not_picked":["Recycle","Go for the Eyes"],"picked":"Self Repair","floor":5},{"not_picked":["BootSequence","Auto Shields"],"picked":"Seek","floor":6},{"not_picked":["Undo","Stack"],"picked":"Defragment","floor":8},{"not_picked":["Lockon","Biased Cognition"],"picked":"Darkness","floor":10},{"not_picked":["Scrape","Streamline","Storm"],"picked":"SKIP","floor":12},{"not_picked":["Steam","Go for the Eyes"],"picked":"Skim","floor":13},{"not_picked":["Chaos","Leap"],"picked":"FTL","floor":14},{"not_picked":["Core Surge","Reboot"],"picked":"Rainbow","floor":16},{"not_picked":["Ball Lightning","Barrage","Streamline"],"picked":"SKIP","floor":18},{"not_picked":["Double Energy","Storm"],"picked":"Capacitor","floor":23}],"player_experience":223148,"relics_obtained":[{"floor":6,"key":"Whetstone"},{"floor":9,"key":"Strawberry"},{"floor":10,"key":"Sundial"},{"floor":21,"key":"Meat on the Bone"},{"floor":23,"key":"Akabeko"},{"floor":24,"key":"Enchiridion"},{"floor":26,"key":"Nunchaku"}],"event_choices":[{"damage_healed":0,"gold_gain":0,"player_choice":"Success","damage_taken":3,"relics_obtained":["Toy Ornithopter"],"max_hp_gain":0,"max_hp_loss":0,"event_name":"Scrap Ooze","floor":2,"gold_loss":0},{"damage_healed":0,"gold_gain":0,"player_choice":"Ignored","damage_taken":0,"max_hp_gain":0,"max_hp_loss":0,"event_name":"Ghosts","floor":19,"gold_loss":0},{"damage_healed":0,"gold_gain":0,"player_choice":"Opened","damage_taken":0,"relics_obtained":["The Courier"],"max_hp_gain":0,"max_hp_loss":0,"event_name":"The Mausoleum","floor":20,"gold_loss":0},{"damage_healed":0,"gold_gain":0,"player_choice":"Obtained Book","damage_taken":16,"max_hp_gain":0,"max_hp_loss":0,"event_name":"Cursed Tome","floor":24,"gold_loss":0}],"is_beta":false,"boss_relics":[{"not_picked":["Ectoplasm","Philosopher\u0027s Stone"],"picked":"FrozenCore"}],"items_purged_floors":[22],"is_endless":false,"potions_floor_spawned":[4,5,6,12,13,14,18],"killed_by":"Slavers","ascension_level":7}}