{"host":"fbdlh90rovbiajun","time":1613716479,"event":{"mods":["AchievementEnabler","BaseMod","Colored Map","Keyboard Shortcuts","Minty Spire (QoL Compilation)","SuperFastMode"],"gold_per_floor":[114,64,64,64,82,82,7,7,7,18,30,30,43,60,60,159,159,172,190,140,157,172,200,200,200,200],"floor_reached":25,"language":"KOR","playtime":485,"items_purged":["Strike_P"],"score":278,"play_id":"b93384e8-9edd-4b99-aea8-ef2e69215d13","local_time":"20210219153439","is_ascension_mode":true,"campfire_choices":[{"data":"Eruption","floor":6,"key":"SMITH"},{"data":"Alpha","floor":15,"key":"SMITH"},{"data":"CrushJoints","floor":24,"key":"SMITH"}],"circlet_count":0,"master_deck":["Strike_P","Strike_P","Strike_P","Defend_P","Defend_P","Eruption+1","Vigilance+1","Alpha+1","WheelKick","CrushJoints+1"],"relics":["PureWater","NeowsBlessing","HornCleat","Philosopher\u0027s Stone","Mummified Hand"],"acts_visited":["Exordium","TheCity"],"potions_floor_usage":[],"damage_taken":[{"damage":0,"enemies":"2 Louse","floor":1,"turns":1},{"damage":0,"enemies":"Cultist","floor":5,"turns":1},{"damage":0,"enemies":"Jaw Worm","floor":10,"turns":1},{"damage":12,"enemies":"Exordium Thugs","floor":11,"turns":3},{"damage":10,"enemies":"Looter","floor":13,"turns":3},{"damage":26,"enemies":"Red Slaver","floor":14,"turns":2},{"damage":0,"enemies":"Slime Boss","floor":16,"turns":5},{"damage":7,"enemies":"Chosen","floor":18,"turns":3},{"damage":0,"enemies":"Spheric Guardian","floor":19,"turns":3},{"damage":17,"enemies":"Centurion and Healer","floor":21,"turns":3},{"damage":0,"enemies":"Snecko","floor":22,"turns":4},{"damage":24,"enemies":"Slavers","floor":23,"turns":3},{"damage":26,"enemies":"Book of Stabbing","floor":25,"turns":3}],"seed_played":"-6990982045080511578","potions_obtained":[{"floor":5,"key":"SkillPotion"},{"floor":11,"key":"Fire Potion"},{"floor":16,"key":"PowerPotion"}],"is_trial":false,"path_per_floor":["M","?","?","$","M","R","$","?","T","M","M","$","M","M","R","B",null,"M","M","?","M","M","E","R","E"],"character_chosen":"WATCHER","items_purchased":[],"campfire_rested":0,"item_purchase_floors":[],"current_hp_per_floor":[72,72,72,72,72,72,72,72,72,72,60,60,50,24,24,24,72,65,65,65,48,48,24,24,0,0],"gold":200,"neow_bonus":"THREE_ENEMY_KILL","is_daily":false,"chose_seed":false,"campfire_upgraded":3,"win_rate":0.0,"timestamp":1613716479,"path_taken":["M","?","?","$","?","R","$","?","T","M","?","?","M","M","R","BOSS","M","M","?","M","M","E","R","E"],"items_purchased_type":[],"build_version":"2020-12-22","purchased_purges":1,"victory":false,"max_hp_per_floor":[72,72,72,72,72,72,72,72,72,72,72,72,72,72,72,72,72,72,72,72,72,72,72,72,72,72],"card_choices":[{"not_picked":["EmptyFist","ClearTheMind","BowlingBash"],"picked":"SKIP","floor":1},{"not_picked":["Evaluate","Fasting2","FollowUp"],"picked":"SKIP","floor":5},{"not_picked":["Omniscience","Wireheading"],"picked":"WheelKick","floor":10},{"not_picked":["Prostrate","FlurryOfBlows","ThirdEye"],"picked":"SKIP","floor":11},{"not_picked":["Weave","EmptyBody"],"picked":"CrushJoints","floor":13},{"not_picked":["EmptyFist","SignatureMove","EmptyBody"],"picked":"SKIP","floor":14},{"not_picked":["Crescendo","Vengeance+1","DeceiveReality+1"],"picked":"SKIP","floor":18},{"not_picked":["Consecrate","FlyingSleeves","SashWhip+1"],"picked":"SKIP","floor":19},{"not_picked":["EmptyBody","ClearTheMind","CrushJoints"],"picked":"SKIP","floor":21},{"not_picked":["PathToVictory","ClearTheMind","Crescendo+1"],"picked":"SKIP","floor":22},{"not_picked":["PathToVictory","ClearTheMind","Crescendo+1"],"picked":"SKIP","floor":22},{"not_picked":["Ragnarok","ReachHeaven","ThirdEye"],"picked":"SKIP","floor":23}],"player_experience":88127,"relics_obtained":[{"floor":9,"key":"HornCleat"},{"floor":23,"key":"Mummified Hand"}],"event_choices":[{"cards_removed":["Defend_P"],"damage_healed":0,"gold_gain":0,"player_choice":"Card Removal","damage_taken":0,"max_hp_gain":0,"max_hp_loss":0,"event_name":"The Cleric","floor":2,"gold_loss":50},{"damage_healed":0,"gold_gain":0,"cards_transformed":["Defend_P"],"player_choice":"Transformed","damage_taken":0,"max_hp_gain":0,"max_hp_loss":0,"event_name":"Transmorgrifier","floor":3,"gold_loss":0,"cards_obtained":["Alpha"]},{"damage_healed":0,"gold_gain":0,"player_choice":"Upgraded","damage_taken":0,"max_hp_gain":0,"max_hp_loss":0,"event_name":"Upgrade Shrine","floor":8,"gold_loss":0,"cards_upgraded":["Vigilance"]},{"damage_healed":0,"gold_gain":0,"player_choice":"Bet on Owner","damage_taken":0,"max_hp_gain":0,"max_hp_loss":0,"event_name":"The Joust","floor":20,"gold_loss":50}],"is_beta":false,"boss_relics":[{"not_picked":["Runic Pyramid","Cursed Key"],"picked":"Philosopher\u0027s Stone"}],"items_purged_floors":[7],"is_endless":false,"potions_floor_spawned":[5,11,16,18],"killed_by":"Book of Stabbing","ascension_level":1}}