{"host":"cfqfeqi6u2qx5u0e","time":1613732447,"event":{"mods":["AchievementEnabler","BaseMod","Colored Powertips","Minty Spire (QoL Compilation)","Quick Restart","StSLib"],"gold_per_floor":[118,68,82,157,4610,4610,4642,4656,4656,3929,3957,3957,3977,3993,3993,4095,4095,4110,4124,3265,3277,3287,3320,3340,3366,3437,3362,3375,2424,2424,2438,2438,2540,2540,2554,1591,1591,1608,1618,1618,1652,849,901,931,948,973,179,234,234,234,234,234,4553,4584,4584],"floor_reached":56,"language":"ENG","playtime":3516,"items_purged":[],"score":1611,"play_id":"cc48ca80-447f-4f02-862b-497693daba8d","local_time":"20210219030047","is_ascension_mode":true,"campfire_choices":[{"floor":6,"key":"RECALL"},{"data":"Fire Breathing","floor":12,"key":"SMITH"},{"data":"Offering","floor":15,"key":"SMITH"},{"data":"Double Tap","floor":30,"key":"SMITH"},{"data":"Bludgeon","floor":32,"key":"SMITH"},{"data":"Infinite Blades","floor":40,"key":"SMITH"},{"floor":49,"key":"REST"},{"data":"Perfected Strike","floor":52,"key":"SMITH"}],"circlet_count":0,"master_deck":["Strike_R","Strike_R","Strike_R","Strike_R+1","Strike_R","Defend_R+1","Defend_R","Defend_R","Bash","Infernal Blade+1","Perfected Strike","Pummel","Fire Breathing+1","Sword Boomerang","Uppercut","Magnetism","Offering+1","Corruption","Perfected Strike","Bludgeon+1","Twin Strike","Warcry","Double Tap+1","Combust","Reckless Charge","Perfected Strike+1","Twin Strike","Brutality","Feel No Pain+1","Perfected Strike+1","Fire Breathing","Offering","Immolate","Inflame","Berserk","Thunderclap+1","Demon Form","Feed","Heavy Blade","Pain","Infinite Blades+1","Barricade","Perfected Strike+1","Mayhem","Offering+1","Body Slam+1","Vault+1","Prostrate+1","Sword Boomerang+1","Metallicize","Armaments+1","Ghostly Armor+1"],"relics":["Burning Blood","Ice Cream","Meat on the Bone","Oddly Smooth Stone","Shuriken","White Beast Statue","Anchor","Toolbox","Pear","Eternal Feather","Black Star","Vajra","Darkstone Periapt","Chemical X","Bag of Preparation","Lantern","Pantograph","StrikeDummy","HandDrill","Centennial Puzzle","HornCleat","Philosopher\u0027s Stone","Toxic Egg 2","PreservedInsect","PrismaticShard","WarpedTongs","Regal Pillow","Boot","Orichalcum","Juzu Bracelet","TheAbacus","Whetstone","Mango","Prayer Wheel","Molten Egg 2","FossilizedHelix","Pen Nib","Mercury Hourglass","OrangePellets","Gambling Chip","Strange Spoon","Bronze Scales","Nunchaku","War Paint","Blood Vial"],"acts_visited":["Exordium","TheCity","TheBeyond","TheEnding"],"potions_floor_usage":[11,16,16,16,18,21,21,22,23,23,24,25,31,33,35,38,39,39,44,45,46,46,46,48,48,48,50,55,55,55],"damage_taken":[{"damage":12,"enemies":"Jaw Worm","floor":1,"turns":3},{"damage":6,"enemies":"2 Louse","floor":3,"turns":2},{"damage":48,"enemies":"Gremlin Nob","floor":7,"turns":5},{"damage":0,"enemies":"Cultist","floor":8,"turns":2},{"damage":27,"enemies":"3 Sentries","floor":11,"turns":5},{"damage":12,"enemies":"Lots of Slimes","floor":13,"turns":3},{"damage":3,"enemies":"Blue Slaver","floor":14,"turns":2},{"damage":51,"enemies":"The Guardian","floor":16,"turns":7},{"damage":5,"enemies":"Chosen","floor":18,"turns":3},{"damage":17,"enemies":"Spheric Guardian","floor":19,"turns":3},{"damage":30,"enemies":"Centurion and Healer","floor":21,"turns":4},{"damage":26,"enemies":"Snake Plant","floor":22,"turns":2},{"damage":12,"enemies":"Gremlin Leader","floor":23,"turns":3},{"damage":6,"enemies":"Cultist and Chosen","floor":24,"turns":3},{"damage":20,"enemies":"Slavers","floor":25,"turns":3},{"damage":24,"enemies":"Centurion and Healer","floor":28,"turns":4},{"damage":8,"enemies":"Sentry and Sphere","floor":31,"turns":3},{"damage":32,"enemies":"Champ","floor":33,"turns":5},{"damage":7,"enemies":"3 Darklings","floor":35,"turns":2},{"damage":32,"enemies":"3 Shapes","floor":38,"turns":3},{"damage":4,"enemies":"Sphere and 2 Shapes","floor":39,"turns":3},{"damage":28,"enemies":"Reptomancer","floor":41,"turns":3},{"damage":24,"enemies":"Giant Head","floor":44,"turns":3},{"damage":10,"enemies":"Spire Growth","floor":45,"turns":2},{"damage":80,"enemies":"Reptomancer","floor":46,"turns":4},{"damage":0,"enemies":"2 Orb Walkers","floor":48,"turns":2},{"damage":80,"enemies":"Donu and Deca","floor":50,"turns":6},{"damage":71,"enemies":"Shield and Spear","floor":54,"turns":4},{"damage":81,"enemies":"The Heart","floor":55,"turns":7}],"seed_played":"-2853001244104426464","potions_obtained":[{"floor":3,"key":"Dexterity Potion"},{"floor":11,"key":"Block Potion"},{"floor":13,"key":"BloodPotion"},{"floor":14,"key":"Regen Potion"},{"floor":16,"key":"SkillPotion"},{"floor":18,"key":"BloodPotion"},{"floor":19,"key":"Energy Potion"},{"floor":21,"key":"AttackPotion"},{"floor":22,"key":"EssenceOfSteel"},{"floor":23,"key":"Weak Potion"},{"floor":24,"key":"Strength Potion"},{"floor":25,"key":"ElixirPotion"},{"floor":28,"key":"DuplicationPotion"},{"floor":31,"key":"DistilledChaos"},{"floor":33,"key":"ColorlessPotion"},{"floor":35,"key":"LiquidBronze"},{"floor":38,"key":"CultistPotion"},{"floor":39,"key":"Regen Potion"},{"floor":41,"key":"CultistPotion"},{"floor":44,"key":"Energy Potion"},{"floor":45,"key":"FearPotion"},{"floor":46,"key":"Swift Potion"},{"floor":48,"key":"BloodPotion"},{"floor":54,"key":"BlessingOfTheForge"}],"is_trial":false,"path_per_floor":["M","?","M","?","$","R","E","M","T","$","E","R","M","M","R","B",null,"M","M","$","M","M","E","M","E","T","?","M","$","R","M","R","B",null,"M","$","?","M","M","R","E","$","T","E","M","E","$","?","R","B",null,"R","$","E","B",null],"character_chosen":"IRONCLAD","items_purchased":["Meat on the Bone","Oddly Smooth Stone","Pummel","Fire Breathing","Anchor","Toolbox","Pear","Magnetism","Vajra","Darkstone Periapt","Chemical X","Double Tap","Combust","CultistPotion","HandDrill","Centennial Puzzle","HornCleat","Fire Breathing","Offering","Immolate","BloodPotion","Toxic Egg 2","PreservedInsect","PrismaticShard","Demon Form","Feed","Heavy Blade","DistilledChaos","Mayhem","Offering+1","Orichalcum","Juzu Bracelet","TheAbacus","Pen Nib","Mercury Hourglass","OrangePellets","Metallicize","CultistPotion","DistilledChaos","Strange Spoon","EssenceOfSteel","Bronze Scales","Nunchaku","HeartOfIron","Explosive Potion"],"campfire_rested":1,"item_purchase_floors":[5,5,5,5,10,10,10,10,20,20,20,20,20,20,29,29,29,29,29,29,29,36,36,36,36,36,36,36,42,42,42,42,42,47,47,47,47,47,47,53,53,53,53,53,53],"current_hp_per_floor":[74,74,74,63,63,63,33,51,51,61,52,61,55,58,70,57,87,87,76,76,69,61,55,55,53,53,53,47,47,65,63,81,61,87,86,86,92,66,68,92,70,70,70,75,74,34,34,52,110,70,110,110,110,57,21],"gold":4584,"neow_bonus":"ONE_RARE_RELIC","is_daily":false,"chose_seed":false,"campfire_upgraded":6,"win_rate":0.0,"timestamp":1613732447,"path_taken":["M","?","M","?","?","R","E","M","T","$","E","R","M","?","R","BOSS","M","?","$","M","M","E","M","E","T","?","M","$","R","M","R","BOSS","M","$","?","M","?","R","E","?","T","E","M","E","$","?","R","BOSS","R","$","E","BOSS"],"items_purchased_type":["Relic","Relic","Card","Card","Relic","Relic","Relic","Card","Relic","Relic","Relic","Card","Card","Potion","Relic","Relic","Relic","Card","Card","Card","Potion","Relic","Relic","Relic","Card","Card","Card","Potion","Card","Card","Relic","Relic","Relic","Relic","Relic","Relic","Card","Potion","Potion","Relic","Potion","Relic","Relic","Potion","Potion"],"build_version":"2020-12-22","purchased_purges":0,"victory":true,"max_hp_per_floor":[80,77,77,77,77,77,77,77,77,87,87,87,87,87,87,87,87,87,87,87,87,87,87,87,87,87,87,87,87,87,87,87,87,87,87,87,93,93,93,93,93,93,93,107,110,110,110,110,110,110,110,110,110,110,110],"card_choices":[{"not_picked":["Pummel","Flex"],"picked":"Infernal Blade","floor":1},{"not_picked":["Intimidate","True Grit"],"picked":"Perfected Strike","floor":3},{"not_picked":["Burning Pact","Clash"],"picked":"Sword Boomerang","floor":7},{"not_picked":["Fire Breathing","Twin Strike"],"picked":"Uppercut","floor":8},{"not_picked":["Twin Strike","Anger"],"picked":"Offering","floor":11},{"not_picked":["Anger","Pommel Strike"],"picked":"Corruption","floor":13},{"not_picked":["Hemokinesis","Headbutt"],"picked":"Perfected Strike","floor":14},{"not_picked":["Corruption","Brutality"],"picked":"Bludgeon","floor":16},{"not_picked":["Iron Wave","Anger"],"picked":"Twin Strike","floor":18},{"not_picked":["Shrug It Off","Clash"],"picked":"Warcry","floor":19},{"not_picked":["Twin Strike","Sever Soul"],"picked":"Reckless Charge","floor":21},{"not_picked":["Dual Wield+1","Burning Pact"],"picked":"Perfected Strike+1","floor":22},{"not_picked":["Clash","Warcry+1"],"picked":"Twin Strike","floor":23},{"not_picked":["Power Through+1","Anger"],"picked":"Brutality","floor":24},{"not_picked":["Power Through","Anger"],"picked":"Feel No Pain+1","floor":25},{"not_picked":["Clash","Headbutt"],"picked":"Perfected Strike","floor":28},{"not_picked":["Twin Strike","Pommel Strike"],"picked":"Inflame","floor":31},{"not_picked":["Juggernaut","Impervious"],"picked":"Berserk","floor":33},{"not_picked":["Wild Strike+1","Pommel Strike+1"],"picked":"Thunderclap+1","floor":35},{"not_picked":["Rebound+1","Loop"],"picked":"Infinite Blades","floor":38},{"not_picked":["Disarm+1","Prostrate+1"],"picked":"Barricade","floor":39},{"not_picked":["Defragment+1","Cloak And Dagger+1"],"picked":"Perfected Strike","floor":41},{"not_picked":["Underhanded Strike+1","Evaluate+1"],"picked":"Body Slam+1","floor":44},{"not_picked":["WreathOfFlame+1","PiercingWail+1"],"picked":"Vault+1","floor":45},{"not_picked":["Panacea+1","Bouncing Flask+1"],"picked":"Prostrate+1","floor":45},{"not_picked":["Protect+1","Flex+1"],"picked":"Sword Boomerang+1","floor":46},{"not_picked":["Beam Cell+1","Flying Knee+1"],"picked":"Armaments+1","floor":48},{"not_picked":["PathToVictory+1","Glacier+1"],"picked":"Ghostly Armor+1","floor":54}],"player_experience":99163,"relics_obtained":[{"floor":7,"key":"Shuriken"},{"floor":9,"key":"White Beast Statue"},{"floor":11,"key":"Eternal Feather"},{"floor":23,"key":"Bag of Preparation"},{"floor":23,"key":"Lantern"},{"floor":25,"key":"Pantograph"},{"floor":25,"key":"StrikeDummy"},{"floor":41,"key":"Regal Pillow"},{"floor":41,"key":"Boot"},{"floor":43,"key":"Whetstone"},{"floor":44,"key":"Mango"},{"floor":44,"key":"Prayer Wheel"},{"floor":46,"key":"Molten Egg 2"},{"floor":46,"key":"FossilizedHelix"},{"floor":48,"key":"Gambling Chip"},{"floor":54,"key":"War Paint"},{"floor":54,"key":"Blood Vial"}],"event_choices":[{"cards_removed":["Parasite"],"damage_healed":0,"gold_gain":0,"player_choice":"Card Removal","damage_taken":0,"max_hp_gain":0,"max_hp_loss":0,"event_name":"The Cleric","floor":2,"gold_loss":50},{"damage_healed":0,"gold_gain":75,"player_choice":"Gather Gold","damage_taken":11,"max_hp_gain":0,"max_hp_loss":0,"event_name":"World of Goop","floor":4,"gold_loss":0},{"cards_removed":["Defend_R"],"damage_healed":0,"gold_gain":0,"player_choice":"Gave Gold","damage_taken":0,"max_hp_gain":0,"max_hp_loss":0,"event_name":"Beggar","floor":27,"gold_loss":75},{"damage_healed":0,"gold_gain":0,"player_choice":"Rummage","damage_taken":0,"relics_obtained":["WarpedTongs"],"max_hp_gain":0,"max_hp_loss":0,"event_name":"Accursed Blacksmith","floor":37,"gold_loss":0,"cards_obtained":["Pain"]},{"damage_healed":0,"gold_gain":0,"player_choice":"Fight","damage_taken":0,"max_hp_gain":0,"max_hp_loss":0,"event_name":"Mysterious Sphere","floor":48,"gold_loss":0}],"is_beta":false,"boss_relics":[{"not_picked":["SacredBark","Runic Cube"],"picked":"Black Star"},{"not_picked":["Runic Dome","Tiny House"],"picked":"Philosopher\u0027s Stone"}],"items_purged_floors":[],"is_endless":false,"potions_floor_spawned":[3,11,13,14,16,18,19,21,22,23,24,25,28,31,33,35,38,39,41,44,45,46,48,54],"ascension_level":2}}