{"host":"42xf941fomyavgzy","time":1613732673,"event":{"mods":["Act Like it!","Astrologer","BaseMod","Colored Map","Koishi","Minty Spire (QoL Compilation)","Shop Mod","StSLib","SuperFastMode","The Cursed"],"gold_per_floor":[113,113,63,138,157,157,157,176,176,23,33,33,64,84,84,183,183,200,213,213,213,213,213,213,213],"floor_reached":24,"language":"JPN","playtime":938,"items_purged":[],"score":252,"play_id":"ae35451d-1bb7-4a84-b451-9feeeecf0d79","local_time":"20210219200433","is_ascension_mode":true,"campfire_choices":[{"data":"Deadly Poison","floor":6,"key":"SMITH"},{"data":"Underhanded Strike","floor":12,"key":"SMITH"},{"data":"Concentrate","floor":15,"key":"SMITH"},{"data":"Envenom","floor":23,"key":"SMITH"}],"circlet_count":0,"master_deck":["Strike_G","Strike_G","Strike_G","Defend_G","Defend_G","Defend_G","Defend_G","Defend_G","Survivor","Neutralize","Dagger Throw","Deadly Poison+1","Bouncing Flask","PiercingWail","Underhanded Strike+1","Concentrate+1","Crippling Poison","Envenom+1","Leg Sweep","PiercingWail+1"],"relics":["Ring of the Snake","StoneCalendar","TwistedFunnel","Unceasing Top","Sozu"],"acts_visited":["Exordium","TheCity"],"potions_floor_usage":[19],"damage_taken":[{"damage":3,"enemies":"Jaw Worm","floor":1,"turns":5},{"damage":3,"enemies":"2 Louse","floor":5,"turns":3},{"damage":3,"enemies":"Small Slimes","floor":8,"turns":3},{"damage":1,"enemies":"Exordium Wildlife","floor":11,"turns":3},{"damage":11,"enemies":"Lagavulin","floor":13,"turns":5},{"damage":0,"enemies":"2 Fungi Beasts","floor":14,"turns":2},{"damage":10,"enemies":"The Guardian","floor":16,"turns":7},{"damage":40,"enemies":"Chosen","floor":18,"turns":6},{"damage":16,"enemies":"2 Thieves","floor":19,"turns":3},{"damage":32,"enemies":"Slavers","floor":24,"turns":4}],"seed_played":"-3551331893761495455","potions_obtained":[{"floor":1,"key":"DuplicationPotion"}],"is_trial":false,"path_per_floor":["M","?","?","?","M","R","?","M","T","$","M","R","E","M","R","B",null,"M","M","?","?","?","R","E"],"character_chosen":"THE_SILENT","items_purchased":["TwistedFunnel"],"campfire_rested":0,"item_purchase_floors":[10],"current_hp_per_floor":[60,65,65,54,51,51,51,48,48,48,47,47,36,36,36,26,63,23,7,32,32,32,32,0,0],"gold":213,"neow_bonus":"THREE_CARDS","is_daily":false,"chose_seed":false,"campfire_upgraded":4,"win_rate":0.0,"timestamp":1613732673,"path_taken":["M","?","?","?","M","R","?","M","T","$","M","R","E","M","R","BOSS","M","M","?","?","?","R","E"],"items_purchased_type":["Relic"],"build_version":"2020-12-22","purchased_purges":0,"victory":false,"max_hp_per_floor":[70,75,75,75,75,75,75,75,75,75,75,75,75,75,75,75,75,75,75,75,75,75,75,75,75],"card_choices":[{"not_picked":["Reflex","Flying Knee"],"picked":"Dagger Throw","floor":0},{"not_picked":["Setup","Dagger Spray"],"picked":"Deadly Poison","floor":1},{"not_picked":["Flying Knee","Dagger Spray"],"picked":"Bouncing Flask","floor":5},{"not_picked":["Poisoned Stab","Outmaneuver"],"picked":"PiercingWail","floor":8},{"not_picked":["Heel Hook","Backflip"],"picked":"Underhanded Strike","floor":11},{"not_picked":["Underhanded Strike","Die Die Die"],"picked":"Concentrate","floor":13},{"not_picked":["Skewer","Slice"],"picked":"Crippling Poison","floor":14},{"not_picked":["A Thousand Cuts","Doppelganger"],"picked":"Envenom","floor":16},{"not_picked":["Tactician+1","Setup"],"picked":"Leg Sweep","floor":18},{"not_picked":["Slice","Blade Dance"],"picked":"PiercingWail+1","floor":19}],"player_experience":496801,"relics_obtained":[{"floor":9,"key":"StoneCalendar"},{"floor":13,"key":"Unceasing Top"}],"event_choices":[{"damage_healed":0,"gold_gain":0,"player_choice":"Donut","damage_taken":0,"max_hp_gain":5,"max_hp_loss":0,"event_name":"Big Fish","floor":2,"gold_loss":0},{"cards_removed":["Strike_G"],"damage_healed":0,"gold_gain":0,"player_choice":"Card Removal","damage_taken":0,"max_hp_gain":0,"max_hp_loss":0,"event_name":"The Cleric","floor":3,"gold_loss":50},{"damage_healed":0,"gold_gain":75,"player_choice":"Gather Gold","damage_taken":11,"max_hp_gain":0,"max_hp_loss":0,"event_name":"World of Goop","floor":4,"gold_loss":0},{"damage_healed":0,"gold_gain":0,"player_choice":"Ignored","damage_taken":0,"max_hp_gain":0,"max_hp_loss":0,"event_name":"Shining Light","floor":7,"gold_loss":0},{"damage_healed":25,"gold_gain":0,"player_choice":"Heal","damage_taken":0,"max_hp_gain":0,"max_hp_loss":0,"event_name":"The Library","floor":20,"gold_loss":0},{"damage_healed":0,"gold_gain":0,"player_choice":"Ignored","damage_taken":0,"max_hp_gain":0,"max_hp_loss":0,"event_name":"Vampires","floor":21,"gold_loss":0},{"cards_removed":["Strike_G"],"damage_healed":0,"gold_gain":0,"player_choice":"Offered Basic","damage_taken":0,"max_hp_gain":0,"max_hp_loss":0,"event_name":"Bonfire Elementals","floor":22,"gold_loss":0}],"is_beta":false,"boss_relics":[{"not_picked":["WristBlade","Runic Dome"],"picked":"Sozu"}],"items_purged_floors":[],"is_endless":false,"potions_floor_spawned":[1,18],"killed_by":"Slavers","ascension_level":6}}