{"host":"5n1fl7z5i1vf7jan","time":1613704192,"event":{"mods":["BaseMod","Minty Spire (QoL Compilation)","Quick Restart","Relic Stats"],"gold_per_floor":[110,110,121,137,151,151,35,65,138,154,172,197,197,209,209,282,282,298,315,73,34,34,59,59,90,141,141,141,158,59,59,59,138,188,208,224,273,273,273],"floor_reached":38,"language":"ENG","playtime":1320,"items_purged":["Pain","Strike_B"],"score":848,"play_id":"903c3c30-e9f9-4959-8d64-30a172ff2c3c","local_time":"20210218190952","is_ascension_mode":true,"campfire_choices":[{"data":"Coolheaded","floor":6.0,"key":"SMITH"},{"floor":13.0,"key":"REST"},{"data":"Defragment","floor":15.0,"key":"SMITH"},{"floor":24.0,"key":"REST"},{"data":"Defragment","floor":28.0,"key":"SMITH"},{"floor":32.0,"key":"REST"}],"circlet_count":0,"master_deck":["AscendersBane","Strike_B+1","Strike_B+1","Strike_B+1","Defend_B+1","Defend_B+1","Defend_B+1","Defend_B+1","Zap","Dualcast","Reinforced Body","Coolheaded+1","Turbo","Cold Snap","Defragment+1","Go for the Eyes","Cold Snap","Leap","Self Repair","Electrodynamics","Compile Driver","Sweeping Beam","Capacitor+1","Barrage","Defragment+1","Capacitor","White Noise+1","Clumsy","Loop","Defragment","Decay","Core Surge","Chill","Shame"],"relics":["Cracked Core","NeowsBlessing","WarpedTongs","Peace Pipe","Mercury Hourglass","PreservedInsect","Cursed Key","Tiny Chest","Letter Opener","Tiny House","Omamori"],"acts_visited":["Exordium","TheCity","TheBeyond"],"potions_floor_usage":[],"damage_taken":[{"damage":0.0,"enemies":"Small Slimes","floor":1.0,"turns":1.0},{"damage":0.0,"enemies":"Cultist","floor":3.0,"turns":1.0},{"damage":0.0,"enemies":"Jaw Worm","floor":4.0,"turns":1.0},{"damage":16.0,"enemies":"Large Slime","floor":5.0,"turns":5.0},{"damage":11.0,"enemies":"3 Sentries","floor":8.0,"turns":8.0},{"damage":4.0,"enemies":"Looter","floor":10.0,"turns":4.0},{"damage":2.0,"enemies":"Exordium Wildlife","floor":11.0,"turns":3.0},{"damage":4.0,"enemies":"Lagavulin","floor":12.0,"turns":8.0},{"damage":1.0,"enemies":"3 Louse","floor":14.0,"turns":3.0},{"damage":11.0,"enemies":"The Guardian","floor":16.0,"turns":12.0},{"damage":0.0,"enemies":"Chosen","floor":18.0,"turns":4.0},{"damage":10.0,"enemies":"Shell Parasite","floor":19.0,"turns":5.0},{"damage":32.0,"enemies":"Book of Stabbing","floor":23.0,"turns":5.0},{"damage":13.0,"enemies":"Slavers","floor":25.0,"turns":5.0},{"damage":30.0,"enemies":"Snake Plant","floor":29.0,"turns":5.0},{"damage":13.0,"enemies":"Champ","floor":33.0,"turns":10.0},{"damage":0.0,"enemies":"Orb Walker","floor":35.0,"turns":3.0},{"damage":22.0,"enemies":"3 Shapes","floor":36.0,"turns":5.0},{"damage":55,"enemies":"Spire Growth","floor":38,"turns":3}],"seed_played":"-3444145993704530327","potions_obtained":[{"floor":3.0,"key":"Dexterity Potion"},{"floor":4.0,"key":"CultistPotion"},{"floor":10.0,"key":"DistilledChaos"},{"floor":16.0,"key":"ColorlessPotion"},{"floor":19.0,"key":"Dexterity Potion"},{"floor":23.0,"key":"Block Potion"},{"floor":33.0,"key":"Explosive Potion"}],"is_trial":false,"path_per_floor":["M","?","M","M","M","R","$","E","T","M","M","E","R","M","R","B",null,"M","M","$","$","?","E","R","E","T","?","R","M","$","?","R","B",null,"M","M","T","M"],"character_chosen":"DEFECT","items_purchased":["Defragment","Capacitor","Barrage","Defragment","Defragment","Block Potion"],"campfire_rested":3,"item_purchase_floors":[7,20,20,21,30,30],"current_hp_per_floor":[64,64,64,64,48,48,48,37,37,33,31,27,48,47,47,46,65,71,68,68,68,68,43,64,58,58,58,58,35,35,35,56,50,71,71,49,49,0,0],"gold":273,"neow_bonus":"THREE_ENEMY_KILL","is_daily":false,"chose_seed":false,"campfire_upgraded":3,"win_rate":0.0,"timestamp":1613704192,"path_taken":["M","?","M","M","M","R","$","E","T","M","M","E","R","M","R","BOSS","M","M","?","$","?","E","R","E","T","?","R","M","?","?","R","BOSS","M","M","?","M"],"items_purchased_type":["Card","Card","Card","Card","Card","Potion"],"build_version":"2020-12-22","purchased_purges":2,"victory":false,"max_hp_per_floor":[71,71,71,71,71,71,71,71,71,71,71,71,71,71,71,71,71,71,71,71,71,71,71,71,71,71,71,71,71,71,71,71,71,76,76,76,76,76,76],"relic_stats":{"Peace Pipe":0,"counters":[19,90],"Tiny Chest":1,"PreservedInsect":83,"Letter Opener":[30],"Cursed Key":2,"obtain_stats":[{"Peace Pipe":8,"Tiny House":34,"NeowsBlessing":0,"Tiny Chest":23,"PreservedInsect":12,"Omamori":37,"Letter Opener":25,"Cracked Core":0,"Cursed Key":17,"WarpedTongs":2,"Mercury Hourglass":9},{"Peace Pipe":5,"Tiny House":16,"NeowsBlessing":0,"Tiny Chest":13,"PreservedInsect":8,"Omamori":18,"Letter Opener":14,"Cracked Core":0,"Cursed Key":10,"WarpedTongs":1,"Mercury Hourglass":5},{"Peace Pipe":16,"Tiny House":79,"NeowsBlessing":0,"Tiny Chest":59,"PreservedInsect":31,"Omamori":87,"Letter Opener":64,"Cracked Core":0,"Cursed Key":45,"WarpedTongs":1,"Mercury Hourglass":16}],"WarpedTongs":[88],"Mercury Hourglass":[229]},"card_choices":[{"not_picked":["Turbo","Skim"],"picked":"Reinforced Body","floor":1.0},{"not_picked":["Barrage","Recycle"],"picked":"Coolheaded","floor":3.0},{"not_picked":["Steam Power","Redo"],"picked":"Turbo","floor":4.0},{"not_picked":["Redo","Conserve Battery"],"picked":"Cold Snap","floor":5.0},{"not_picked":["Consume","Redo","Skim"],"picked":"SKIP","floor":8.0},{"not_picked":["Fission","Steam Power"],"picked":"Go for the Eyes","floor":10.0},{"not_picked":["Heatsinks","Go for the Eyes"],"picked":"Cold Snap","floor":11.0},{"not_picked":["Blizzard","Cold Snap"],"picked":"Leap","floor":12.0},{"not_picked":["Tempest","Aggregate"],"picked":"Self Repair","floor":14.0},{"not_picked":["Fission","All For One"],"picked":"Electrodynamics","floor":16.0},{"not_picked":["Hologram+1","Conserve Battery"],"picked":"Compile Driver","floor":18.0},{"not_picked":["Gash","Coolheaded"],"picked":"Sweeping Beam","floor":19.0},{"not_picked":["Sweeping Beam","Steam"],"picked":"Capacitor","floor":23.0},{"not_picked":["Ball Lightning","Storm+1"],"picked":"White Noise+1","floor":25.0},{"not_picked":["Aggregate","Barrage"],"picked":"Loop","floor":29.0},{"not_picked":["Rainbow","Machine Learning"],"picked":"Core Surge","floor":33.0},{"not_picked":["Cold Snap","Rebound"],"picked":"Chill","floor":34.0},{"not_picked":["Undo","Redo","Stack"],"picked":"SKIP","floor":35.0},{"not_picked":["Streamline","Leap","Gash"],"picked":"SKIP","floor":36.0}],"player_experience":360363,"relics_obtained":[{"floor":8.0,"key":"Peace Pipe"},{"floor":9.0,"key":"Mercury Hourglass"},{"floor":12.0,"key":"PreservedInsect"},{"floor":23.0,"key":"Tiny Chest"},{"floor":25.0,"key":"Letter Opener"},{"floor":37.0,"key":"Omamori"}],"event_choices":[{"damage_healed":0.0,"max_hp_gain":0.0,"max_hp_loss":0.0,"gold_gain":0.0,"event_name":"Accursed Blacksmith","player_choice":"Rummage","floor":2.0,"gold_loss":0.0,"damage_taken":0.0,"relics_obtained":["WarpedTongs"],"cards_obtained":["Pain"]},{"damage_healed":0.0,"max_hp_gain":0.0,"max_hp_loss":0.0,"gold_gain":0.0,"event_name":"Ghosts","player_choice":"Ignored","floor":22.0,"gold_loss":0.0,"damage_taken":0.0},{"damage_healed":0.0,"max_hp_gain":0.0,"max_hp_loss":0.0,"gold_gain":0.0,"event_name":"Back to Basics","player_choice":"Simplicity","floor":27.0,"gold_loss":0.0,"damage_taken":0.0,"cards_upgraded":["Strike_B","Strike_B","Strike_B","Defend_B","Defend_B","Defend_B","Defend_B"]},{"damage_healed":0.0,"max_hp_gain":0.0,"max_hp_loss":0.0,"gold_gain":0.0,"event_name":"Forgotten Altar","player_choice":"Smashed Altar","floor":31.0,"gold_loss":0.0,"damage_taken":0.0,"cards_obtained":["Decay"]}],"is_beta":false,"boss_relics":[{"not_picked":["Busted Crown","Calling Bell"],"picked":"Cursed Key"},{"not_picked":["Astrolabe","Pandora\u0027s Box"],"picked":"Tiny House"}],"items_purged_floors":[7,20],"is_endless":false,"potions_floor_spawned":[3,4,5,10,12,16,19,23,33],"killed_by":"Spire Growth","ascension_level":20}}