{"host":"q6ff4ns2kep02ti6","time":1613767590,"event":{"mods":["AchievementEnabler","BaseMod","Minty Spire (QoL Compilation)","Relic Stats","StSLib","Unceasing Turn Reminder"],"gold_per_floor":[110,121,136,148,148,175,190,190,190,190,205,236,63,78,78,154,154,171,189,37,37,55,55,55],"floor_reached":23,"language":"ENG","playtime":2980,"items_purged":["Strike_R"],"score":410,"play_id":"3c266928-8915-48d8-8d2f-a07d4bc39e44","local_time":"20210219214630","is_ascension_mode":true,"campfire_choices":[{"floor":8,"key":"REST"},{"data":"Uppercut","floor":15,"key":"SMITH"}],"circlet_count":0,"master_deck":["AscendersBane","Strike_R","Strike_R","Strike_R","Defend_R","Defend_R","Defend_R","Defend_R","Bash","Cleave","Armaments","Combust","Headbutt","Feed","Pommel Strike","Dual Wield","Hemokinesis","Uppercut+1","Immolate","Battle Trance","Evolve","Exhume","Inflame","Ghostly","Ghostly","Ghostly","Dual Wield+1"],"relics":["Burning Blood","WingedGreaves","Darkstone Periapt","Bottled Flame","Busted Crown"],"acts_visited":["Exordium","TheCity"],"potions_floor_usage":[11,12,16,23],"damage_taken":[{"damage":12,"enemies":"Small Slimes","floor":1,"turns":5},{"damage":6,"enemies":"Cultist","floor":2,"turns":3},{"damage":0,"enemies":"2 Louse","floor":3,"turns":4},{"damage":28,"enemies":"Large Slime","floor":4,"turns":6},{"damage":41,"enemies":"Lagavulin","floor":6,"turns":7},{"damage":8,"enemies":"Lots of Slimes","floor":7,"turns":2},{"damage":16,"enemies":"Blue Slaver","floor":11,"turns":5},{"damage":38,"enemies":"Gremlin Nob","floor":12,"turns":4},{"damage":0,"enemies":"3 Louse","floor":14,"turns":1},{"damage":53,"enemies":"Slime Boss","floor":16,"turns":7},{"damage":32,"enemies":"Spheric Guardian","floor":18,"turns":5},{"damage":24,"enemies":"2 Thieves","floor":19,"turns":4},{"damage":15,"enemies":"Cultist and Chosen","floor":22,"turns":7},{"damage":36,"enemies":"Book of Stabbing","floor":23,"turns":3}],"seed_played":"3261393858186406673","potions_obtained":[{"floor":4,"key":"Fruit Juice"},{"floor":7,"key":"Regen Potion"},{"floor":11,"key":"FairyPotion"},{"floor":12,"key":"SneckoOil"},{"floor":14,"key":"DistilledChaos"},{"floor":18,"key":"LiquidBronze"}],"is_trial":false,"path_per_floor":["M","M","M","M","?","E","M","R","T","?","M","E","$","M","R","B",null,"M","M","$","?","M","E"],"character_chosen":"IRONCLAD","items_purchased":["Immolate","Battle Trance","Inflame"],"campfire_rested":1,"item_purchase_floors":[13,13,20],"current_hp_per_floor":[62,62,68,46,46,14,15,39,39,39,47,23,23,29,29,26,76,50,35,35,35,30,0,0],"gold":55,"neow_bonus":"THREE_CARDS","is_daily":false,"chose_seed":false,"campfire_upgraded":1,"win_rate":0.0,"timestamp":1613767590,"path_taken":["M","M","M","M","?","E","M","R","T","?","?","E","$","M","R","BOSS","M","M","$","?","M","E"],"items_purchased_type":["Card","Card","Card"],"build_version":"2020-12-22","purchased_purges":1,"victory":false,"max_hp_per_floor":[75,75,75,75,75,78,81,81,81,81,85,93,93,93,93,93,93,93,96,96,48,52,52,52],"relic_stats":{"Darkstone Periapt":0,"Busted Crown":6,"counters":[14,63],"obtain_stats":[{"Darkstone Periapt":9,"Bottled Flame":12,"Busted Crown":17,"WingedGreaves":6,"Burning Blood":0},{"Darkstone Periapt":6,"Bottled Flame":8,"Busted Crown":10,"WingedGreaves":5,"Burning Blood":0},{"Darkstone Periapt":27,"Bottled Flame":36,"Busted Crown":44,"WingedGreaves":25,"Burning Blood":0}],"Burning Blood":78},"card_choices":[{"not_picked":["True Grit","Twin Strike"],"picked":"Cleave","floor":0},{"not_picked":["Shrug It Off","True Grit"],"picked":"Armaments","floor":1},{"not_picked":["Perfected Strike","Clash"],"picked":"Combust","floor":2},{"not_picked":["Sever Soul","Pommel Strike"],"picked":"Headbutt","floor":3},{"not_picked":["Heavy Blade","Hemokinesis"],"picked":"Feed","floor":4},{"not_picked":["Limit Break","Anger"],"picked":"Pommel Strike","floor":6},{"not_picked":["Infernal Blade","Perfected Strike"],"picked":"Dual Wield","floor":7},{"not_picked":["Twin Strike","Warcry"],"picked":"Hemokinesis","floor":11},{"not_picked":["Heavy Blade","Reckless Charge"],"picked":"Uppercut","floor":12},{"not_picked":["Warcry","Rage"],"picked":"Evolve","floor":14},{"not_picked":["Reaper","Double Tap"],"picked":"Exhume","floor":16},{"not_picked":["Anger"],"picked":"SKIP","floor":18},{"not_picked":["Pommel Strike"],"picked":"SKIP","floor":19},{"not_picked":[],"picked":"Dual Wield+1","floor":22}],"player_experience":1086229,"relics_obtained":[{"floor":6,"key":"WingedGreaves"},{"floor":9,"key":"Darkstone Periapt"},{"floor":12,"key":"Bottled Flame"}],"event_choices":[{"damage_healed":0,"gold_gain":0,"player_choice":"Ignored","damage_taken":0,"max_hp_gain":0,"max_hp_loss":0,"event_name":"Liars Game","floor":5,"gold_loss":0},{"cards_removed":["Strike_R"],"damage_healed":0,"gold_gain":0,"player_choice":"Purged","damage_taken":0,"max_hp_gain":0,"max_hp_loss":0,"event_name":"Purifier","floor":10,"gold_loss":0},{"damage_healed":0,"gold_gain":0,"player_choice":"Became a Ghost","damage_taken":0,"max_hp_gain":0,"max_hp_loss":48,"event_name":"Ghosts","floor":21,"gold_loss":0,"cards_obtained":["Ghostly","Ghostly","Ghostly"]}],"is_beta":false,"boss_relics":[{"not_picked":["Runic Cube","Runic Pyramid"],"picked":"Busted Crown"}],"items_purged_floors":[20],"is_endless":false,"potions_floor_spawned":[4,7,11,12,14,18],"killed_by":"Book of Stabbing","ascension_level":20}}