{"host":"2hea6pl5vmah38iy","time":1613727221,"event":{"mods":["AchievementEnabler","BaseMod","Colored Map","DeckTracker","Keyboard Shortcuts","Minty Spire (QoL Compilation)","Rare Cards Sparkle","StSLib","SuperFastMode","everything is the same but u backflip on backflip"],"gold_per_floor":[360,376,376,394,87,87,121,148,223,223,258,270,294,313,313,313,313],"floor_reached":16,"language":"KOR","playtime":498,"items_purged":["Strike_B"],"score":222,"play_id":"475285f8-ce57-4c86-b4cb-fd59724857bc","local_time":"20210219183341","is_ascension_mode":true,"campfire_choices":[{"data":"Streamline","floor":6.0,"key":"SMITH"},{"data":"Turbo","floor":15.0,"key":"SMITH"}],"circlet_count":0,"master_deck":["AscendersBane","Strike_B","Strike_B","Strike_B","Defend_B","Defend_B","Defend_B","Defend_B","Zap","Dualcast","Turbo+1","Streamline+1","Ball Lightning","Rebound","Violence","Hologram","Coolheaded","Genetic Algorithm","Echo Form","Double Energy"],"relics":["Cracked Core","Mango","CeramicFish","Blue Candle","Blood Vial"],"acts_visited":["Exordium"],"potions_floor_usage":[16],"damage_taken":[{"damage":1.0,"enemies":"Cultist","floor":1.0,"turns":3.0},{"damage":0.0,"enemies":"2 Louse","floor":2.0,"turns":2.0},{"damage":0.0,"enemies":"Small Slimes","floor":4.0,"turns":2.0},{"damage":32.0,"enemies":"Gremlin Nob","floor":7.0,"turns":4.0},{"damage":3.0,"enemies":"Blue Slaver","floor":8.0,"turns":2.0},{"damage":15.0,"enemies":"Lagavulin","floor":11.0,"turns":5.0},{"damage":3.0,"enemies":"Gremlin Gang","floor":12.0,"turns":3.0},{"damage":6.0,"enemies":"Looter","floor":13.0,"turns":2.0},{"damage":3.0,"enemies":"Blue Slaver","floor":14.0,"turns":3.0},{"damage":18,"enemies":"Hexaghost","floor":16,"turns":5}],"seed_played":"789138488457789084","potions_obtained":[{"floor":4.0,"key":"Fire Potion"},{"floor":8.0,"key":"EssenceOfSteel"},{"floor":14.0,"key":"LiquidBronze"}],"is_trial":false,"path_per_floor":["M","M","?","M","$","R","E","M","T","?","E","M","M","M","R","B"],"character_chosen":"DEFECT","items_purchased":["Rebound","Violence"],"campfire_rested":0,"item_purchase_floors":[5,5],"current_hp_per_floor":[63,63,72,72,72,72,40,37,37,42,27,26,22,21,21,5,5],"gold":313,"neow_bonus":"TWO_FIFTY_GOLD","is_daily":false,"chose_seed":false,"campfire_upgraded":2,"win_rate":0.0,"timestamp":1613727221,"path_taken":["M","M","?","M","$","R","E","M","T","?","E","M","M","M","R","BOSS"],"items_purchased_type":["Card","Card"],"build_version":"2020-12-22","purchased_purges":1,"victory":false,"max_hp_per_floor":[64,64,78,78,78,78,78,78,78,83,83,83,83,83,83,83,83],"card_choices":[{"not_picked":["Conserve Battery","Skim"],"picked":"Turbo","floor":1.0},{"not_picked":["Leap","Turbo"],"picked":"Streamline","floor":2.0},{"not_picked":["Redo","Rip and Tear"],"picked":"Ball Lightning","floor":4.0},{"not_picked":["Stack","Coolheaded"],"picked":"Hologram","floor":7.0},{"not_picked":["Rip and Tear","Ball Lightning"],"picked":"Coolheaded","floor":8.0},{"not_picked":["Melter","Heatsinks"],"picked":"Genetic Algorithm","floor":11.0},{"not_picked":["Steam Power","Cold Snap","Compile Driver"],"picked":"SKIP","floor":12.0},{"not_picked":["Ball Lightning","Compile Driver"],"picked":"Echo Form","floor":13.0},{"not_picked":["Go for the Eyes","Stack"],"picked":"Double Energy","floor":14.0}],"player_experience":599357,"relics_obtained":[{"floor":7.0,"key":"CeramicFish"},{"floor":9.0,"key":"Blue Candle"},{"floor":11.0,"key":"Blood Vial"}],"event_choices":[{"damage_healed":0.0,"max_hp_gain":0.0,"max_hp_loss":0.0,"gold_gain":0.0,"event_name":"Scrap Ooze","player_choice":"Success","floor":3.0,"gold_loss":0.0,"damage_taken":5.0,"relics_obtained":["Mango"]},{"damage_healed":0.0,"max_hp_gain":5.0,"max_hp_loss":0.0,"gold_gain":0.0,"event_name":"Big Fish","player_choice":"Donut","floor":10.0,"gold_loss":0.0,"damage_taken":0.0}],"is_beta":false,"boss_relics":[],"items_purged_floors":[5],"is_endless":false,"potions_floor_spawned":[4,8,14],"killed_by":"Hexaghost","ascension_level":19}}