{"host":"5rycm1ajjg5acc5q","time":1613751326,"event":{"mods":["BaseMod","Better Third Choice","Downfall","Highlight Path","Minty Spire (QoL Compilation)","Replay The Spire","StSLib"],"gold_per_floor":[99,112,212,204,231,258,258,293,293,293,330,330,14,36,64,176,176,176,195,206,47,75,124,124,124,124,124,160,160,178,210,233,351,351,51,78,22,40,73,124,124,124,115,115,215,241,93,104,121,121,121,166,9,9,9,9],"floor_reached":57,"language":"ENG","playtime":6381,"items_purged":[],"score":1367,"play_id":"637154b5-770b-491d-8013-d9edca1c573c","local_time":"20210219101526","is_ascension_mode":true,"campfire_choices":[{"data":"hexamod:Float","floor":1.0,"key":"SMITH"},{"data":"hexamod:HeatShield","floor":9.0,"key":"SMITH"},{"data":"hexamod:EtherealExpedition","floor":12.0,"key":"SMITH"},{"data":"hexamod:GhostOfSpirePast","floor":18.0,"key":"SMITH"},{"floor":25.0,"key":"RECALL"},{"data":"hexamod:EtherealExpedition","floor":29.0,"key":"SMITH"},{"data":"hexamod:ForkedFlame","floor":35.0,"key":"SMITH"},{"data":"hexamod:UnlimitedPower","floor":44.0,"key":"SMITH"},{"floor":54,"key":"REST"}],"circlet_count":0,"master_deck":["hexamod:Strike+1","hexamod:Strike+1","hexamod:Strike+1","hexamod:Strike+1","hexamod:Defend+1","hexamod:Defend+1","hexamod:Defend+1","hexamod:Defend+1","hexamod:Sear+1","hexamod:Float+1","hexamod:FourthSeal","hexamod:SecondSeal","hexamod:FirstSeal","hexamod:HexaLevel+1","hexamod:HeatShield+1","hexamod:EtherealExpedition+1","hexamod:FlameSwitch+1","Flash of Steel+1","hexamod:EmpoweredFlame+1","hexamod:GhostOfSpirePast+1","hexamod:DynamicBlow+1","hexamod:HexaLevel+1","hexamod:Hexaguard+1","hexamod:RainOfEmbers+1","hexamod:SecondSeal","hexamod:SpectralSpark+1","RitualDagger+1","hexamod:EtherealExpedition+1","hexamod:GhostflameInferno+1","hexamod:RetreatToShadows+1","hexamod:GhostOfSpireFuture+1","hexamod:ForkedFlame+1","AbeCurse","hexamod:FlamesFromBeyond+1","hexamod:ExtraCrispy+1","hexamod:ExtraCrispy+1","hexamod:SoulSteal+1","hexamod:InspiringFlames+1","hexamod:GhostLash","expansioncontent:QuickStudy","hexamod:UnlimitedPower+1","hexamod:BacktrackSmack+1","hexamod:UnlimitedPower+1","hexamod:GhostLash+1","hexamod:SpectralSpark"],"relics":["hexamod:SpiritBrand","Mummified Hand","Thread and Needle","Anchor","ReplayTheSpireMod:Lightbulb","Guide Book","Ring of Chaos","ClockworkSouvenir","Replay:Bottled Snecko","Replay:Grab Bag","Abe\u0027s Treasure","Replay:Bronze Core","SlaversCollar","hexamod:SoulConsumer","FossilizedHelix","DollysMirror","Shuriken","Medical Kit"],"acts_visited":["Exordium","TheCity","TheBeyond","TheEnding"],"potions_floor_usage":[55,55,55,56,56,56],"damage_taken":[{"damage":0.0,"enemies":"Cultist","floor":2.0,"turns":3.0},{"damage":11.0,"enemies":"Jaw Worm","floor":5.0,"turns":4.0},{"damage":12.0,"enemies":"2 Louse","floor":6.0,"turns":3.0},{"damage":1.0,"enemies":"Gremlin Nob","floor":8.0,"turns":4.0},{"damage":0.0,"enemies":"Lagavulin","floor":11.0,"turns":7.0},{"damage":1.0,"enemies":"downfall:FleeingMerchant","floor":13.0,"turns":4.0},{"damage":0.0,"enemies":"Exordium Wildlife","floor":14.0,"turns":6.0},{"damage":0.0,"enemies":"Lots of Slimes","floor":15.0,"turns":2.0},{"damage":23.0,"enemies":"DF_ARCHETYPE_STREAMLINE","floor":16.0,"turns":7.0},{"damage":5.0,"enemies":"Spheric Guardian","floor":19.0,"turns":8.0},{"damage":0.0,"enemies":"Shell Parasite","floor":20.0,"turns":6.0},{"damage":1.0,"enemies":"downfall:FleeingMerchant","floor":21.0,"turns":4.0},{"damage":0.0,"enemies":"Snake Plant","floor":22.0,"turns":3.0},{"damage":14.0,"enemies":"Book of Stabbing","floor":23.0,"turns":7.0},{"damage":8.0,"enemies":"Snecko","floor":28.0,"turns":5.0},{"damage":9.0,"enemies":"Shelled Parasite and Fungi","floor":30.0,"turns":5.0},{"damage":7.0,"enemies":"3 Cultists","floor":31.0,"turns":6.0},{"damage":8.0,"enemies":"Centurion and Healer","floor":32.0,"turns":6.0},{"damage":41.0,"enemies":"WA_ARCHETYPE_CALM","floor":33.0,"turns":11.0},{"damage":0.0,"enemies":"3 Shapes","floor":36.0,"turns":6.0},{"damage":5.0,"enemies":"downfall:FleeingMerchant","floor":37.0,"turns":5.0},{"damage":4.0,"enemies":"Orb Walker","floor":38.0,"turns":3.0},{"damage":0.0,"enemies":"Sphere and 2 Shapes","floor":39.0,"turns":5.0},{"damage":6.0,"enemies":"Giant Head","floor":40.0,"turns":6.0},{"damage":0.0,"enemies":"downfall:FleeingMerchant","floor":43.0,"turns":3.0},{"damage":3.0,"enemies":"3 Darklings","floor":46.0,"turns":6.0},{"damage":0.0,"enemies":"Writhing Mass","floor":48.0,"turns":5.0},{"damage":0.0,"enemies":"Sphere and 2 Shapes","floor":49.0,"turns":3.0},{"damage":7.0,"enemies":"SI_POISON_ARCHETYPE","floor":50.0,"turns":6.0},{"damage":35,"enemies":"downfall:CharBossMerchant","floor":52,"turns":7},{"damage":0,"enemies":"downfall:NeowBoss","floor":55,"turns":13},{"damage":48,"enemies":"downfall:NeowBossFinal","floor":56,"turns":10}],"seed_played":"1208171350182128874","potions_obtained":[{"floor":0.0,"key":"EntropicBrew"},{"floor":0.0,"key":"Cursed Concoction"},{"floor":0.0,"key":"FearPotion"},{"floor":5.0,"key":"Swift Potion"},{"floor":8.0,"key":"SneckoOil"},{"floor":8.0,"key":"Energy Potion"},{"floor":11.0,"key":"Explosive Potion"},{"floor":13.0,"key":"Toxic Potion"},{"floor":14.0,"key":"hexamod:SoulburnPotion"},{"floor":14.0,"key":"FearPotion"},{"floor":15.0,"key":"BlessingOfTheForge"},{"floor":16.0,"key":"EssenceOfSteel"},{"floor":19.0,"key":"hexamod:EctoCoolerPotion"},{"floor":22.0,"key":"SkillPotion"},{"floor":23.0,"key":"Strength Potion"},{"floor":28.0,"key":"Milkshake"},{"floor":30.0,"key":"Fruit Juice"},{"floor":30.0,"key":"Strength Potion"},{"floor":31.0,"key":"champ:CounterPotion"},{"floor":31.0,"key":"Elixir"},{"floor":32.0,"key":"Strength Potion"},{"floor":36.0,"key":"hexamod:InfernoChargePotion"},{"floor":37.0,"key":"ColorlessPotion"},{"floor":38.0,"key":"DuplicationPotion"},{"floor":40.0,"key":"Dexterity Potion"},{"floor":40.0,"key":"LiquidBronze"},{"floor":46.0,"key":"SpeedPotion"},{"floor":48.0,"key":"SpeedPotion"},{"floor":52,"key":"ColorlessPotion"}],"is_trial":false,"path_per_floor":["R","M","?","?","M","M","T","E","R","T","E","R","$","M","M","B",null,"R","M","M","$","M","E","T","R","?","?","M","R","M","M","M","B",null,"R","M","$","M","M","E","T","?","$","R","?","M","$","M","M","B",null,"E","$","R","B","B",null],"character_chosen":"THE_SPIRIT","items_purchased":["Guide Book","Flash of Steel","hexamod:EmpoweredFlame","ClockworkSouvenir","hexamod:ExtraCrispy","expansioncontent:QuickStudy","hexamod:UnlimitedPower","DollysMirror","Medical Kit"],"campfire_rested":1,"item_purchase_floors":[13,13,13,21,37,43,43,47,53],"current_hp_per_floor":[70,70,70,63,59,54,54,60,60,60,67,67,70,70,70,54,70,70,70,70,70,70,63,63,63,57,57,56,56,59,59,58,24,75,85,85,85,81,85,85,85,75,75,75,75,75,75,75,75,72,75,51,51,73,75,38],"gold":9,"neow_bonus":"THREE_SMALL_POTIONS","is_daily":false,"chose_seed":false,"campfire_upgraded":7,"win_rate":0.0,"timestamp":1613751326,"path_taken":["R","M","?","?","M","M","T","E","R","?","E","R","$","?","M","BOSS","R","M","M","$","M","E","T","R","?","?","M","R","?","M","M","BOSS","R","M","?","?","M","E","T","?","$","R","?","?","?","M","M","BOSS","E","$","R","BOSS","BOSS"],"items_purchased_type":["Relic","Card","Card","Relic","Card","Card","Card","Relic","Relic"],"build_version":"2020-12-22","purchased_purges":0,"victory":true,"max_hp_per_floor":[70,70,70,70,70,70,70,70,70,70,70,70,70,70,70,70,70,70,70,70,70,70,70,70,70,70,70,70,70,75,75,75,75,75,85,85,85,85,85,85,85,75,75,75,75,75,75,75,75,75,75,75,75,75,75,75],"card_choices":[{"not_picked":["hexamod:Hexaguard","hexamod:AdvancingGuard"],"picked":"hexamod:FourthSeal","floor":2.0},{"not_picked":["hexamod:GhostLash","hexamod:NecessarySacrifice"],"picked":"hexamod:HexaLevel","floor":5.0},{"not_picked":["hexamod:HeatMetal","hexamod:GhostShield","hexamod:FastForward"],"picked":"SKIP","floor":6.0},{"not_picked":["hexamod:SpectralAdrenaline","hexamod:BurningTouch"],"picked":"hexamod:HeatShield","floor":8.0},{"not_picked":["hexamod:NightmareGuise","hexamod:FourthSeal"],"picked":"hexamod:EtherealExpedition","floor":11.0},{"not_picked":["hexamod:FastForward","hexamod:SpectersWail"],"picked":"hexamod:FlameSwitch","floor":13.0},{"not_picked":["hexamod:FastForward","hexamod:SpectersWail"],"picked":"hexamod:GhostOfSpirePast","floor":14.0},{"not_picked":["hexamod:HeatMetal","hexamod:AdvancingGuard"],"picked":"hexamod:DynamicBlow","floor":15.0},{"not_picked":["hexamod:SearingWound","hexamod:Toasty"],"picked":"hexamod:HexaLevel","floor":16.0},{"not_picked":["hexamod:GhostLash+1","hexamod:SwordOfDarkness","hexamod:SuperheatedStrike"],"picked":"SKIP","floor":19.0},{"not_picked":["hexamod:NightmareStrike","hexamod:SwordOfDarkness"],"picked":"hexamod:Hexaguard+1","floor":20.0},{"not_picked":["hexamod:RecurringNightmare","hexamod:BurningTouch"],"picked":"hexamod:RainOfEmbers+1","floor":21.0},{"not_picked":["hexamod:BurningTouch","hexamod:FourthSeal"],"picked":"hexamod:SecondSeal","floor":22.0},{"not_picked":["hexamod:Hexaguard","hexamod:FlamesFromBeyond+1"],"picked":"hexamod:SpectralSpark+1","floor":23.0},{"not_picked":["hexamod:FirstSeal","hexamod:ShieldOfDarkness"],"picked":"hexamod:EtherealExpedition","floor":28.0},{"not_picked":["hexamod:SuperheatedStrike","hexamod:GhostShield"],"picked":"hexamod:GhostflameInferno","floor":30.0},{"not_picked":["hexamod:FastForward","hexamod:ThermalTransfer+1"],"picked":"hexamod:RetreatToShadows","floor":31.0},{"not_picked":["hexamod:SwordOfDarkness","hexamod:ThermalTransfer+1"],"picked":"hexamod:GhostOfSpireFuture","floor":32.0},{"not_picked":["hexamod:UnleashSpirits","hexamod:TurnItUp"],"picked":"hexamod:ForkedFlame","floor":33.0},{"not_picked":["hexamod:GhostShield+1","hexamod:ShieldOfDarkness+1","hexamod:NightmareGuise"],"picked":"SKIP","floor":36.0},{"not_picked":["hexamod:SpectralAdrenaline+1","hexamod:GhostLash+1"],"picked":"hexamod:FlamesFromBeyond+1","floor":37.0},{"not_picked":["hexamod:FastForward","hexamod:GhostOfSpirePast+1"],"picked":"hexamod:SoulSteal","floor":38.0},{"not_picked":["hexamod:FastForward","hexamod:AdvancingGuard","hexamod:Haunt"],"picked":"SKIP","floor":39.0},{"not_picked":["hexamod:TurnItUp","hexamod:Firestarter"],"picked":"hexamod:InspiringFlames+1","floor":40.0},{"not_picked":["hexamod:InspiringFlames+1","hexamod:SpectersWail"],"picked":"hexamod:GhostLash","floor":43.0},{"not_picked":["hexamod:HeatShield","hexamod:HauntingEcho"],"picked":"hexamod:BacktrackSmack+1","floor":46.0},{"not_picked":["hexamod:PhantomCloak+1","hexamod:GhostShield"],"picked":"hexamod:GhostLash+1","floor":48.0},{"not_picked":["hexamod:FourthSeal","hexamod:HeatMetal","hexamod:InspiringFlames+1"],"picked":"SKIP","floor":49.0},{"not_picked":["hexamod:SuperheatedStrike+1","hexamod:GiftsFromTheDead"],"picked":"hexamod:SpectralSpark","floor":52}],"player_experience":641886,"relics_obtained":[{"floor":7.0,"key":"Mummified Hand"},{"floor":8.0,"key":"Thread and Needle"},{"floor":10.0,"key":"Anchor"},{"floor":11.0,"key":"ReplayTheSpireMod:Lightbulb"},{"floor":23.0,"key":"Replay:Bottled Snecko"},{"floor":40.0,"key":"hexamod:SoulConsumer"},{"floor":41.0,"key":"FossilizedHelix"},{"floor":52,"key":"Shuriken"}],"event_choices":[{"damage_healed":0.0,"max_hp_gain":0.0,"max_hp_loss":0.0,"gold_gain":0.0,"event_name":"Vampires","player_choice":"Ignored","floor":27.0,"gold_loss":0.0,"damage_taken":0.0}],"is_beta":false,"boss_relics":[{"not_picked":["Replay:Wanted Poster","bronze:MakeshiftBattery"],"picked":"Ring of Chaos"},{"not_picked":["Pandora\u0027s Box","Snecko Eye"],"picked":"Replay:Grab Bag"},{"not_picked":["Velvet Choker","Runic Dome"],"picked":"Abe\u0027s Treasure"},{"not_picked":["Sozu","Fusion Hammer"],"picked":"Replay:Bronze Core"},{"not_picked":["Black Star","hexamod:UnbrokenSoul"],"picked":"SlaversCollar"}],"items_purged_floors":[],"is_endless":false,"potions_floor_spawned":[8,14,15,16,22,23,30,31,32,38,40,46,49],"ascension_level":1}}