{"host":"ihsge0lre3slh6sc","time":1613713571,"event":{"mods":["ATMod(°¢èªMod)","Act Like it!","Arknights","BaseMod","Gensokyo","Highlight Path","Lobotomy","LobotomyExtend","Marisa£¨ìFÓê¡¡Ä§ÀíÉ³£©","Minty Spire (QoL Compilation)","MostiFishMod","Quick Restart","Shop Mod","StSLib","TestMod","Waifu the Spire","WarShipGirlsR/Õ½½¢ÉÙÅ®R mod","Youmu£¨»êÆÇÑýÃÎ£©","[IsaacMod]ÒÔÈö¼âËþ","óô»ðÖ¸ÄÏ"],"gold_per_floor":[109,127,127,527,198,35,60,60,108,70,81,309,309,320,320,320,320],"floor_reached":16,"language":"ZHS","playtime":496,"items_purged":["Strike_MRS"],"score":183,"play_id":"bacf778d-a4eb-4b91-a506-96ec8172366f","local_time":"20210219134611","is_ascension_mode":true,"campfire_choices":[{"data":"AT_KingSlayer","floor":8.0,"key":"SMITH"},{"floor":15,"key":"REST"}],"circlet_count":0,"master_deck":["AscendersBane","Strike_MRS","Strike_MRS","Strike_MRS","Defend_MRS","Defend_MRS","Defend_MRS","Defend_MRS","MasterSpark","UpSweep","AT_KingSlayer+1","MilkyWay"],"relics":["MiniHakkero","HushsDoor","AT_ATBox","SteamSale","testmod-Alchemist","OrangePellets","SynthV:TestCard","BFFS","Void","Toy Ornithopter","CombinedTypeHook","Nunchaku","CaptainsWheel"],"acts_visited":["Exordium"],"potions_floor_usage":[12,16],"damage_taken":[{"damage":3.0,"enemies":"Gensokyo:Gryphon","floor":1.0,"turns":3.0},{"damage":18.0,"enemies":"Gensokyo:3_Fairies","floor":2.0,"turns":5.0},{"damage":23.0,"enemies":"Gensokyo:Mamizou","floor":7.0,"turns":9.0},{"damage":15.0,"enemies":"Gensokyo:Python","floor":11.0,"turns":5.0},{"damage":4,"enemies":"Gensokyo:Aya","floor":12,"turns":7},{"damage":0,"enemies":"Gensokyo:LivingMonolith","floor":14,"turns":2},{"damage":38,"enemies":"Gensokyo:Yukari","floor":16,"turns":3}],"seed_played":"-3311845434194770266","potions_obtained":[{"floor":7.0,"key":"testmod-SpacePotion"},{"floor":11.0,"key":"testmod-TimePotion"},{"floor":14,"key":"PowerPotion"}],"is_trial":false,"path_per_floor":["M","M","?","?","COS","R","E","R","T","$","M","E","?","M","R","B"],"character_chosen":"MARISA","items_purchased":["Void"],"campfire_rested":1,"item_purchase_floors":[6],"current_hp_per_floor":[60,42,42,42,42,42,24,24,24,24,9,10,10,10,31,0,0],"gold":320,"neow_bonus":"RANDOM_COLORLESS","is_daily":false,"chose_seed":false,"campfire_upgraded":1,"win_rate":0.0,"timestamp":1613713571,"path_taken":["M","M","?","?","COS","R","E","R","T","?","?","E","?","M","R","BOSS"],"items_purchased_type":["Card"],"build_version":"2020-12-22","purchased_purges":1,"victory":false,"max_hp_per_floor":[70,70,70,70,70,70,70,70,70,70,70,70,70,70,70,70,70],"card_choices":[{"not_picked":["MysteriousBeam","NonDirectionalLaser","IllusionStar"],"picked":"SKIP","floor":1.0},{"not_picked":["GravityBeat","OortCloud","NonDirectionalLaser","6A","EarthLightRay"],"picked":"SKIP","floor":2.0},{"not_picked":["AsteroidBelt","WitchLeyline","SuperPerseids","JA","IllusionStar"],"picked":"SKIP","floor":7.0},{"not_picked":["DoubleSpark","PowerUp","GravityBeat","Singularity"],"picked":"MilkyWay","floor":11.0},{"not_picked":["LuminesStrike","ManaConvection","ChargingUp","MysteriousBeam","PowerUp"],"picked":"SKIP","floor":12},{"not_picked":["MaximisePower","AsteroidBelt","6A","DC","OortCloud"],"picked":"SKIP","floor":14}],"player_experience":817908,"relics_obtained":[{"floor":1.0,"key":"SynthV:TestCard"},{"floor":7.0,"key":"Toy Ornithopter"},{"floor":7.0,"key":"LetterFromLob"},{"floor":11.0,"key":"LetterFromLob"},{"floor":12,"key":"Nunchaku"},{"floor":12,"key":"LetterFromLob"},{"floor":14,"key":"LetterFromLob"}],"event_choices":[{"damage_healed":0.0,"max_hp_gain":0.0,"max_hp_loss":0.0,"gold_gain":400.0,"event_name":"¶÷ÂåË¹µÄÅÌ×Ó","player_choice":"Sell","floor":4.0,"relics_lost":["testmod-TestBox"],"gold_loss":0.0,"damage_taken":0.0}],"is_beta":false,"boss_relics":[],"items_purged_floors":[10],"is_endless":false,"potions_floor_spawned":[7,11,14],"killed_by":"Gensokyo:Yukari","ascension_level":17}}