{"host":"dmtlrev5pkc1867p","time":1613752322,"event":{"mods":["AchievementEnabler","BaseMod","Colored Map","Colored Powertips","Downfall","Hermit","Highlight Path","Hubris","Infinite Spire","Marisa¡]Ãú«B¡@Å]²z¨F¡^","Minty Spire (QoL Compilation)","Permanent Neow","Quick Restart","Rare Cards Sparkle","Relic Sorter","Relic Stats","Replay The Spire","Shop Mod","StSLib","SuperFastMode","The Construct","The Cursed","The Mystic","The Necromancer","The Poker Player","The Runesmith","The Servant 0.9.4"],"gold_per_floor":[118,63,75,75,225,225,260,275,275,275,275,275],"floor_reached":11,"language":"ZHS","playtime":292,"items_purged":[],"score":210,"play_id":"b49f9c24-3a41-40f0-99cc-25adb534b0ea","local_time":"20210220003202","is_ascension_mode":true,"campfire_choices":[{"floor":6.0,"key":"RECALL"}],"circlet_count":0,"master_deck":["AscendersBane","TheCursedMod:Strike_TheCursed+1","TheCursedMod:Strike_TheCursed","TheCursedMod:Strike_TheCursed","TheCursedMod:Strike_TheCursed","TheCursedMod:Defend_TheCursed","TheCursedMod:Defend_TheCursed","TheCursedMod:Defend_TheCursed","TheCursedMod:Defend_TheCursed","TheCursedMod:CursedWand","TheCursedMod:CleanUpWorkshop","TheCursedMod:Dregs","Amnesia","TheCursedMod:CursedAmulet","TheCursedMod:SpitefulPlan+1","TheCursedMod:CursedAmulet","Injury","CommonCold","TheCursedMod:FuryStrike","TheCursedMod:Obscuration"],"relics":["TheCursedMod:BlackMagic101","Golden Idol","ReplayTheSpireMod:CursedCoin","hubris:BottledRain"],"acts_visited":["Exordium"],"potions_floor_usage":[11],"damage_taken":[{"damage":7.0,"enemies":"Small Slimes","floor":1.0,"turns":3.0},{"damage":4.0,"enemies":"Jaw Worm","floor":3.0,"turns":4.0},{"damage":38.0,"enemies":"Lagavulin","floor":7.0,"turns":8.0},{"damage":0,"enemies":"Cultist","floor":8,"turns":4},{"damage":18,"enemies":"Gremlin Nob","floor":11,"turns":5}],"seed_played":"4677176685408628620","potions_obtained":[{"floor":8,"key":"PowerPotion"}],"is_trial":false,"path_per_floor":["M","$","M","?","$","R","E","M","T","?","E"],"character_chosen":"THE_CURSED","items_purchased":["TheCursedMod:SpitefulPlan+1","ReplayTheSpireMod:CursedCoin"],"campfire_rested":0,"item_purchase_floors":[2,5],"current_hp_per_floor":[75,75,71,71,71,71,33,33,33,33,15,15],"gold":275,"neow_bonus":"TWENTY_PERCENT_HP_BONUS","is_daily":false,"chose_seed":false,"campfire_upgraded":0,"win_rate":0.0,"timestamp":1613752322,"path_taken":["M","$","M","?","$","R","E","M","T","?","E"],"items_purchased_type":["Card","Relic"],"build_version":"2020-12-22","purchased_purges":0,"victory":false,"max_hp_per_floor":[89,89,89,89,89,89,89,89,89,89,89,89],"relic_stats":{"counters":[5,24],"Golden Idol":17,"obtain_stats":[{"TheCursedMod:BlackMagic101":0,"Golden Idol":4,"ReplayTheSpireMod:CursedCoin":5,"hubris:BottledRain":7},{"TheCursedMod:BlackMagic101":0,"Golden Idol":2,"ReplayTheSpireMod:CursedCoin":2,"hubris:BottledRain":3},{"TheCursedMod:BlackMagic101":0,"Golden Idol":7,"ReplayTheSpireMod:CursedCoin":7,"hubris:BottledRain":15}]},"card_choices":[{"not_picked":["TheCursedMod:CircleOfFlame","TheCursedMod:RapidMovement"],"picked":"TheCursedMod:CursedAmulet","floor":1.0},{"not_picked":["TheCursedMod:Stigma","TheCursedMod:CircleOfWindfury"],"picked":"TheCursedMod:CursedAmulet","floor":3.0},{"not_picked":["TheCursedMod:CursedStaff","TheCursedMod:FleshFromBone"],"picked":"TheCursedMod:FuryStrike","floor":7.0},{"not_picked":["TheCursedMod:CursedBoomerang","TheCursedMod:CursedBlade"],"picked":"TheCursedMod:Obscuration","floor":8}],"player_experience":743440,"relics_obtained":[{"floor":7.0,"key":"hubris:BottledRain"}],"event_choices":[{"damage_healed":0.0,"max_hp_gain":0.0,"max_hp_loss":0.0,"gold_gain":0.0,"event_name":"Golden Idol","player_choice":"Take Wound","floor":4.0,"gold_loss":0.0,"damage_taken":0.0,"relics_obtained":["Golden Idol"],"cards_obtained":["Injury"]}],"is_beta":false,"boss_relics":[],"items_purged_floors":[],"is_endless":false,"potions_floor_spawned":[8],"killed_by":"Gremlin Nob","ascension_level":11}}