{"host":"6vtgmkkqqeew181q","time":1613695919,"event":{"mods":["100% Spire Juice","BaseMod","Better Skull","Better Third Choice","BetterRewards","Colored Powertips","Downfall","Faster Ascension Climbing","Highlight Path","Minty Spire (QoL Compilation)","Reliquary","Replay The Spire","Spire Birthday Party","StSLib","The IronCluck","The Jungle"],"gold_per_floor":[117,130,95,115,115,115,191,210,235,248,248,69,98,110,110,211,211,239,338,338,338,338,232,249,276,36,52,52,87,87,87],"floor_reached":30,"language":"ENG","playtime":1243,"items_purged":["Moonworks:Strike"],"score":405,"play_id":"ba2a86d5-aaf7-4385-bab7-52e0085f82bb","local_time":"20210218165159","is_ascension_mode":true,"campfire_choices":[{"data":"Moonworks:IndiscriminateFireSupport","floor":6,"key":"SMITH"},{"data":"Moonworks:TreasureThief","floor":15,"key":"SMITH"},{"data":"Moonworks:Ambush","floor":26,"key":"SMITH"}],"circlet_count":0,"master_deck":["AscendersBane","Moonworks:Strike","Moonworks:Strike","Moonworks:Strike","Moonworks:Defend","Moonworks:Defend","Moonworks:Defend","Moonworks:Defend","Moonworks:Ambush+1","Moonworks:LongDistanceShot","Moonworks:IndiscriminateFireSupport+1","Moonworks:TreasureThief+1","Moonworks:Flamethrower","Moonworks:JonathanRush","Moonworks:CookingTime","Moonworks:RocketCannon","Moonworks:RedAndBlue","Moonworks:Wanted","Moonworks:WindyEnchantment","Moonworks:FinalSurgery+1","Moonworks:TacticalRetreat+1","Moonworks:IndiscriminateFireSupport+1"],"relics":["Moonworks:BrokenBomb","Moonworks:Homemark","reliquary:Knoch","The Courier","reliquary:RosewoodLute","Philosopher\u0027s Stone","Bronze Scales","reliquary:SharkskinSheath","Mirror","StoneCalendar"],"acts_visited":["Exordium","TheCity"],"potions_floor_usage":[16,18,27,29,30],"damage_taken":[{"damage":11,"enemies":"Cultist","floor":1,"turns":4},{"damage":4,"enemies":"Jaw Worm","floor":2,"turns":3},{"damage":0,"enemies":"2 Louse","floor":4,"turns":1},{"damage":6,"enemies":"Looter","floor":8,"turns":2},{"damage":6,"enemies":"Blue Slaver","floor":10,"turns":2},{"damage":14,"enemies":"Replay:BlueRogue","floor":13,"turns":5},{"damage":2,"enemies":"Gremlin Gang","floor":14,"turns":2},{"damage":12,"enemies":"Slime Boss","floor":16,"turns":6},{"damage":12,"enemies":"2 Thieves","floor":18,"turns":2},{"damage":0,"enemies":"Spheric Guardian","floor":23,"turns":3},{"damage":4,"enemies":"3 Cultists","floor":24,"turns":3},{"damage":42,"enemies":"Replay:Snechameleon","floor":25,"turns":4},{"damage":0,"enemies":"Sentry and Sphere","floor":27,"turns":2},{"damage":15,"enemies":"Slavers","floor":29,"turns":3},{"damage":6,"enemies":"Colosseum Slavers","floor":30,"turns":1}],"seed_played":"212273337347250976","potions_obtained":[{"floor":4,"key":"Ancient Potion"},{"floor":8,"key":"Energy Potion"},{"floor":13,"key":"LiquidMemories"},{"floor":18,"key":"Strength Potion"},{"floor":24,"key":"Fire Potion"},{"floor":25,"key":"GamblersBrew"},{"floor":27,"key":"Toxic Potion"},{"floor":29,"key":"BlessingOfTheForge"}],"is_trial":false,"path_per_floor":["M","M","?","M","?","R","?","M","T","M","T","$","E","M","R","B",null,"M","?","?","PTL","PTL","M","M","E","R","M","T","E","?"],"character_chosen":"THE_STARBREAKER","items_purchased":["Moonworks:RocketCannon"],"campfire_rested":0,"item_purchase_floors":[12],"current_hp_per_floor":[49,45,61,61,66,66,66,60,60,54,54,54,40,41,41,32,61,49,49,49,49,49,52,51,12,12,18,18,3,0,0],"gold":87,"neow_bonus":"TEN_PERCENT_HP_BONUS","is_daily":false,"chose_seed":false,"campfire_upgraded":3,"win_rate":0.0,"timestamp":1613695919,"path_taken":["M","?","?","M","?","R","?","M","T","M","?","$","E","M","R","BOSS","M","?","?","PTL","PTL","?","M","E","R","M","T","E","?"],"items_purchased_type":["Card"],"build_version":"2020-12-22","purchased_purges":1,"victory":false,"max_hp_per_floor":[66,66,66,66,71,71,71,71,71,71,71,71,71,71,71,71,71,71,71,71,71,71,71,71,71,71,71,71,71,71,71],"card_choices":[{"not_picked":["Moonworks:NicePresent","Moonworks:BeyondHell"],"picked":"Moonworks:IndiscriminateFireSupport","floor":1},{"not_picked":["Moonworks:JonathanRush","Moonworks:Dash"],"picked":"Moonworks:TreasureThief","floor":2},{"not_picked":["Moonworks:SakisCookie","Moonworks:UnluckyCharm"],"picked":"Moonworks:Flamethrower","floor":4},{"not_picked":["Moonworks:SweetBattle","Moonworks:MixPhenomenon"],"picked":"Moonworks:JonathanRush","floor":8},{"not_picked":["Moonworks:BigMagnum","Moonworks:Accelerator"],"picked":"Moonworks:CookingTime","floor":10},{"not_picked":["Moonworks:ScrambledEve","Moonworks:ImOnFire"],"picked":"Moonworks:RedAndBlue","floor":13},{"not_picked":["Moonworks:MixPhenomenon","Moonworks:RagingMadness","Moonworks:ScrambledEve"],"picked":"SKIP","floor":14},{"not_picked":["Moonworks:EvilMastermind","Moonworks:RocketCannon"],"picked":"Moonworks:Wanted","floor":16},{"not_picked":["Moonworks:ImOnFire+1","Moonworks:EvilSpyWorkPreparation"],"picked":"Moonworks:WindyEnchantment","floor":18},{"not_picked":["Moonworks:IndiscriminateFireSupport","Moonworks:CookingTime","Moonworks:ImOnFire"],"picked":"SKIP","floor":23},{"not_picked":["Moonworks:Dash","Moonworks:BigMagnum"],"picked":"Moonworks:FinalSurgery+1","floor":24},{"not_picked":["Moonworks:Dinner","Moonworks:IndiscriminateFireSupport"],"picked":"Moonworks:TacticalRetreat+1","floor":25},{"not_picked":["Moonworks:FinalSurgery","Moonworks:ImOnFire+1","Moonworks:LulusLuckyEgg"],"picked":"SKIP","floor":27},{"not_picked":["Moonworks:SealedMemories","Moonworks:Assault"],"picked":"Moonworks:IndiscriminateFireSupport+1","floor":29}],"player_experience":668918,"relics_obtained":[{"floor":9,"key":"reliquary:Knoch"},{"floor":11,"key":"The Courier"},{"floor":13,"key":"reliquary:RosewoodLute"},{"floor":25,"key":"reliquary:SharkskinSheath"},{"floor":28,"key":"Mirror"},{"floor":29,"key":"StoneCalendar"}],"event_choices":[{"damage_healed":16,"gold_gain":0,"player_choice":"Healed","damage_taken":0,"max_hp_gain":0,"max_hp_loss":0,"event_name":"The Cleric","floor":3,"gold_loss":35},{"damage_healed":0,"gold_gain":0,"player_choice":"Donut","damage_taken":0,"max_hp_gain":5,"max_hp_loss":0,"event_name":"Big Fish","floor":5,"gold_loss":0},{"damage_healed":0,"gold_gain":76,"player_choice":"Gained Gold","damage_taken":0,"max_hp_gain":0,"max_hp_loss":0,"event_name":"Golden Wing","floor":7,"gold_loss":0},{"damage_healed":0,"gold_gain":99,"player_choice":"Steal","damage_taken":0,"max_hp_gain":0,"max_hp_loss":0,"event_name":"betterThird:BetterNest","floor":19,"gold_loss":0},{"damage_healed":0,"gold_gain":0,"player_choice":"Gave Potion","damage_taken":0,"relics_obtained":["Bronze Scales"],"max_hp_gain":0,"max_hp_loss":0,"event_name":"WeMeetAgain","floor":20,"gold_loss":0},{"damage_healed":0,"gold_gain":0,"player_choice":"Fight","damage_taken":0,"max_hp_gain":0,"max_hp_loss":0,"event_name":"Colosseum","floor":30,"gold_loss":0}],"is_beta":false,"boss_relics":[{"not_picked":["SacredBark","Runic Pyramid"],"picked":"Philosopher\u0027s Stone"}],"items_purged_floors":[12],"is_endless":false,"potions_floor_spawned":[4,8,13,18,24,25,27,29],"killed_by":"Colosseum Slavers","ascension_level":10}}