{"host":"4tf6m7aukoo0nksr","time":1613745375,"event":{"mods":["AchievementEnabler","BaseMod","Better Vampires","Colored Map","Colored Powertips","Minty Spire (QoL Compilation)","Permanent Neow","StSLib","SuperFastMode","The Marked","Waifu the Spire"],"gold_per_floor":[119,33,49,124,136,136,165,177,212,224,236,248,260,292,304,417,429,453,147,57,75,86,86,1,14,40,65,65,165,165,185,185,283,283,297,350,350,366,383,383,395,412,412,412,74,74,124,143,143,143,143,143,3,34,34,34],"floor_reached":55,"language":"ZHS","playtime":2155,"items_purged":["Nirvana","EmptyBody"],"score":710,"play_id":"fb60c160-cc4c-478c-bd85-f1eac271eb68","local_time":"20210219223615","is_ascension_mode":false,"campfire_choices":[{"data":"Consecrate","floor":6.0,"key":"SMITH"},{"data":"Crescendo","floor":8.0,"key":"SMITH"},{"data":"Evaluate","floor":10.0,"key":"SMITH"},{"data":"Collect","floor":12.0,"key":"SMITH"},{"data":"SandsOfTime","floor":15.0,"key":"SMITH"},{"data":"Perseverance","floor":23,"key":"SMITH"},{"data":"Scrawl","floor":28,"key":"SMITH"},{"data":"Judgement","floor":32,"key":"SMITH"},{"floor":40,"key":"RECALL"},{"data":"DevaForm","floor":46,"key":"SMITH"},{"data":"EmptyFist","floor":49,"key":"SMITH"},{"data":"FollowUp","floor":52,"key":"SMITH"}],"circlet_count":0,"master_deck":["Eruption","Vigilance","Evaluate+1","Collect+1","Consecrate+1","Crescendo+1","SandsOfTime+1","Scrawl+1","EmptyFist+1","FollowUp+1","Judgement+1","DevaForm+1","EmptyMind+1","Master of Strategy","Perseverance+1","ClearTheMind+1","ClearTheMind+1","Evaluate+1","Crescendo+1","FollowUp","Fasting2","EmptyFist"],"relics":["PureWater","Anchor","Damaru","MawBank","Pandora\u0027s Box","Omamori","Pen Nib","Toxic Egg 2","GoldenEye","Bottled Flame","MutagenicStrength","Busted Crown","Ginger","Meat on the Bone","Eternal Feather","Bottled Lightning","CloakClasp","Blue Candle"],"acts_visited":["Exordium","TheCity","TheBeyond","TheEnding"],"potions_floor_usage":[22,27,27,50,50,55],"damage_taken":[{"damage":0.0,"enemies":"Jaw Worm","floor":1.0,"turns":2.0},{"damage":1.0,"enemies":"Cultist","floor":3.0,"turns":3.0},{"damage":0.0,"enemies":"2 Louse","floor":5.0,"turns":2.0},{"damage":3.0,"enemies":"Lagavulin","floor":7.0,"turns":6.0},{"damage":0.0,"enemies":"Large Slime","floor":14.0,"turns":3.0},{"damage":26.0,"enemies":"Hexaghost","floor":16.0,"turns":10.0},{"damage":10.0,"enemies":"Chosen","floor":18.0,"turns":2.0},{"damage":0,"enemies":"Spheric Guardian","floor":21,"turns":2},{"damage":0,"enemies":"3 Cultists","floor":22,"turns":3},{"damage":0,"enemies":"Snecko","floor":25,"turns":3},{"damage":0,"enemies":"Slavers","floor":27,"turns":2},{"damage":0,"enemies":"Colosseum Slavers","floor":29,"turns":2},{"damage":15,"enemies":"Colosseum Nobs","floor":29,"turns":3},{"damage":0,"enemies":"Snake Plant","floor":31,"turns":2},{"damage":4,"enemies":"Automaton","floor":33,"turns":5},{"damage":0,"enemies":"3 Shapes","floor":35,"turns":2},{"damage":0,"enemies":"2 Orb Walkers","floor":36,"turns":2},{"damage":0,"enemies":"Orb Walker","floor":38,"turns":3},{"damage":9,"enemies":"Transient","floor":39,"turns":5},{"damage":0,"enemies":"Maw","floor":41,"turns":6},{"damage":0,"enemies":"Sphere and 2 Shapes","floor":42,"turns":2},{"damage":6,"enemies":"Mind Bloom Boss Battle","floor":47,"turns":3},{"damage":0,"enemies":"Transient","floor":48,"turns":5},{"damage":10,"enemies":"Time Eater","floor":50,"turns":5},{"damage":47,"enemies":"Shield and Spear","floor":54,"turns":6},{"damage":63,"enemies":"The Heart","floor":55,"turns":2}],"seed_played":"-2406589493711818168","potions_obtained":[{"floor":3.0,"key":"ColorlessPotion"},{"floor":5.0,"key":"SkillPotion"},{"floor":14.0,"key":"Fruit Juice"},{"floor":16.0,"key":"Ancient Potion"},{"floor":18.0,"key":"BottledMiracle"},{"floor":22,"key":"DistilledChaos"},{"floor":27,"key":"Fruit Juice"},{"floor":36,"key":"SpeedPotion"},{"floor":38,"key":"Strength Potion"},{"floor":42,"key":"CultistPotion"},{"floor":47,"key":"CultistPotion"}],"is_trial":false,"path_per_floor":["M","?","M","?","M","R","E","R","T","R","$","R","?","M","R","B",null,"M","$","?","M","M","R","?","M","T","E","R","?","?","M","R","B",null,"M","?","?","M","M","R","M","M","T","T","$","R","?","M","R","B",null,"R","$","E","B"],"character_chosen":"WATCHER","items_purchased":["SandsOfTime","Master of Strategy","Bottled Lightning","FollowUp","SteroidPotion","Fasting2"],"campfire_rested":0,"item_purchase_floors":[19,19,45,53,53,53],"current_hp_per_floor":[72,72,71,60,60,60,57,57,57,57,57,57,57,62,62,36,77,67,67,67,67,67,67,67,67,67,72,72,57,57,57,57,53,82,82,82,82,82,73,73,73,73,73,73,73,82,76,76,82,72,82,82,82,47,0,0],"gold":34,"neow_bonus":"RANDOM_COMMON_RELIC","is_daily":false,"chose_seed":false,"campfire_upgraded":11,"win_rate":0.0,"timestamp":1613745375,"path_taken":["M","?","?","?","M","R","E","R","T","R","$","R","?","?","R","BOSS","M","$","?","M","?","R","?","M","T","E","R","?","?","M","R","BOSS","M","?","?","M","M","R","M","M","T","?","?","R","?","M","R","BOSS","R","$","E","BOSS"],"items_purchased_type":["Card","Card","Relic","Card","Potion","Card"],"build_version":"2020-12-22","purchased_purges":2,"victory":false,"max_hp_per_floor":[72,72,72,72,72,72,72,72,72,72,72,72,72,77,77,77,77,77,77,77,77,77,77,77,77,77,82,82,82,82,82,82,82,82,82,82,82,82,82,82,82,82,82,82,82,82,82,82,82,82,82,82,82,82,82,82],"card_choices":[{"not_picked":["FlyingSleeves","Study"],"picked":"Evaluate","floor":1.0},{"not_picked":["JustLucky","BowlingBash"],"picked":"Collect","floor":3.0},{"not_picked":["Prostrate","BowlingBash"],"picked":"Consecrate","floor":5.0},{"not_picked":["WaveOfTheHand","LikeWater"],"picked":"Crescendo","floor":7.0},{"not_picked":["PathToVictory","Consecrate"],"picked":"EmptyBody","floor":14.0},{"not_picked":["Wish","DeusExMachina"],"picked":"Scrawl","floor":16.0},{"not_picked":["BowlingBash+1","FearNoEvil","Study"],"picked":"SKIP","floor":18.0},{"not_picked":["Consecrate+1","ReachHeaven","Sanctity+1"],"picked":"SKIP","floor":21},{"not_picked":["FlurryOfBlows","SashWhip"],"picked":"Perseverance","floor":22},{"not_picked":["Consecrate","JustLucky","FlurryOfBlows+1"],"picked":"SKIP","floor":25},{"not_picked":["Wallop","Vengeance+1"],"picked":"ClearTheMind+1","floor":27},{"not_picked":["SashWhip","PathToVictory+1"],"picked":"ClearTheMind+1","floor":31},{"not_picked":["WindmillStrike"],"picked":"SKIP","floor":35},{"not_picked":["Vengeance+1"],"picked":"SKIP","floor":38},{"not_picked":["PathToVictory+1"],"picked":"SKIP","floor":39},{"not_picked":[],"picked":"Evaluate+1","floor":41},{"not_picked":[],"picked":"Crescendo+1","floor":42},{"not_picked":["ClearTheMind+1"],"picked":"SKIP","floor":48},{"not_picked":[],"picked":"EmptyFist","floor":54}],"player_experience":117255,"relics_obtained":[{"floor":7.0,"key":"MawBank"},{"floor":26,"key":"Pen Nib"},{"floor":27,"key":"Toxic Egg 2"},{"floor":29,"key":"GoldenEye"},{"floor":29,"key":"Bottled Flame"},{"floor":36,"key":"Ginger"},{"floor":43,"key":"Meat on the Bone"},{"floor":44,"key":"Eternal Feather"},{"floor":47,"key":"CloakClasp"},{"floor":54,"key":"Blue Candle"}],"event_choices":[{"damage_healed":0.0,"max_hp_gain":0.0,"max_hp_loss":0.0,"gold_gain":0.0,"event_name":"WeMeetAgain","player_choice":"Paid Gold","floor":2.0,"gold_loss":86.0,"damage_taken":0.0,"relics_obtained":["Damaru"]},{"damage_healed":0.0,"max_hp_gain":0.0,"max_hp_loss":0.0,"gold_gain":75.0,"event_name":"World of Goop","player_choice":"Gather Gold","floor":4.0,"gold_loss":0.0,"damage_taken":11.0},{"damage_healed":0.0,"max_hp_gain":0.0,"max_hp_loss":0.0,"gold_gain":0.0,"cards_transformed":["Strike_P"],"event_name":"Transmorgrifier","player_choice":"Transformed","floor":13.0,"gold_loss":0.0,"damage_taken":0.0,"cards_obtained":["SandsOfTime"]},{"cards_removed":["Halt"],"damage_healed":0,"gold_gain":0,"player_choice":"Upgrade and Remove","damage_taken":0,"max_hp_gain":0,"max_hp_loss":0,"event_name":"Designer","floor":20,"gold_loss":90,"cards_upgraded":["EmptyMind"]},{"damage_healed":0,"gold_gain":0,"player_choice":"Obtained Relic","damage_taken":0,"relics_obtained":["Omamori"],"max_hp_gain":0,"max_hp_loss":0,"event_name":"Addict","floor":24,"gold_loss":85},{"damage_healed":0,"gold_gain":0,"player_choice":"Fight","damage_taken":0,"max_hp_gain":0,"max_hp_loss":0,"event_name":"Colosseum","floor":29,"gold_loss":0},{"damage_healed":0,"gold_gain":0,"player_choice":"Fought Nobs","damage_taken":0,"max_hp_gain":0,"max_hp_loss":0,"event_name":"Colosseum","floor":29,"gold_loss":0},{"damage_healed":0,"gold_gain":0,"player_choice":"Inject Mutagens","damage_taken":0,"relics_obtained":["MutagenicStrength"],"max_hp_gain":0,"max_hp_loss":0,"event_name":"Drug Dealer","floor":30,"gold_loss":0},{"damage_healed":0,"gold_gain":0,"player_choice":"Fight","damage_taken":0,"max_hp_gain":0,"max_hp_loss":0,"event_name":"Mysterious Sphere","floor":36,"gold_loss":0},{"cards_removed":["SandsOfTime"],"damage_healed":0,"gold_gain":0,"player_choice":"Removed Attack","damage_taken":0,"max_hp_gain":0,"max_hp_loss":0,"event_name":"Falling","floor":37,"gold_loss":0},{"damage_healed":0,"gold_gain":0,"player_choice":"Fight","damage_taken":0,"max_hp_gain":0,"max_hp_loss":0,"event_name":"MindBloom","floor":47,"gold_loss":0}],"is_beta":false,"boss_relics":[{"not_picked":["Astrolabe","Velvet Choker"],"picked":"Pandora\u0027s Box"},{"not_picked":["Tiny House","Empty Cage"],"picked":"Busted Crown"}],"items_purged_floors":[19,45],"is_endless":false,"potions_floor_spawned":[3,5,14,16,18,22,27,29,36,38,42,47],"killed_by":"The Heart","ascension_level":0}}