{"host":"19sdwlqxvt3b2mjy","time":1613703665,"event":{"mods":["BaseMod","Colored Map","Highlight Path","Hubris","Minty Spire (QoL Compilation)","StSLib"],"gold_per_floor":[119,44,58,73,73,89,89,102,102,102,121,152,60,80,80,80,80],"floor_reached":16,"language":"ENG","playtime":595,"items_purged":["Strike_G"],"score":213,"play_id":"5dea9eee-63cf-4709-a250-0a65f4077397","local_time":"20210218190105","is_ascension_mode":true,"campfire_choices":[{"data":"hubris:TrickCloak","floor":15,"key":"SMITH"}],"circlet_count":0,"master_deck":["AscendersBane","Strike_G","Strike_G","Strike_G","Defend_G","Defend_G","Defend_G","Survivor","Neutralize","Grand Finale","Expertise","Underhanded Strike","Acrobatics","hubris:Insight","hubris:TrickCloak+1"],"relics":["Ring of the Snake","Kunai","Regal Pillow"],"acts_visited":["Exordium"],"potions_floor_usage":[6,12],"damage_taken":[{"damage":12,"enemies":"Cultist","floor":1,"turns":6},{"damage":1,"enemies":"2 Louse","floor":3,"turns":2},{"damage":0,"enemies":"Small Slimes","floor":4,"turns":4},{"damage":1,"enemies":"Looter","floor":6,"turns":4},{"damage":0,"enemies":"Exordium Thugs","floor":8,"turns":3},{"damage":6,"enemies":"Blue Slaver","floor":11,"turns":6},{"damage":0,"enemies":"Gremlin Nob","floor":12,"turns":3},{"damage":1,"enemies":"3 Louse","floor":14,"turns":4},{"damage":16,"enemies":"Hexaghost","floor":16,"turns":4}],"seed_played":"6304454471792077142","potions_obtained":[{"floor":1,"key":"SteroidPotion"},{"floor":3,"key":"SkillPotion"},{"floor":8,"key":"PowerPotion"}],"is_trial":false,"path_per_floor":["M","$","M","M","?","M","?","M","T","$","M","E","$","M","R","B"],"character_chosen":"THE_SILENT","items_purchased":["hubris:Insight"],"campfire_rested":0,"item_purchase_floors":[13],"current_hp_per_floor":[51,51,50,50,43,42,42,42,42,42,36,36,36,35,35,19,19],"gold":80,"neow_bonus":"TRANSFORM_CARD","is_daily":false,"chose_seed":false,"campfire_upgraded":1,"win_rate":0.0,"timestamp":1613703665,"path_taken":["M","?","M","M","?","M","?","?","T","$","M","E","$","M","R","BOSS"],"items_purchased_type":["Card"],"build_version":"2020-12-22","purchased_purges":1,"victory":false,"max_hp_per_floor":[70,70,70,70,70,70,70,70,70,70,70,70,70,70,70,70,70],"card_choices":[{"not_picked":["All Out Attack","Dodge and Roll","Flying Knee"],"picked":"SKIP","floor":1},{"not_picked":["Accuracy","Dodge and Roll","Dagger Spray"],"picked":"SKIP","floor":3},{"not_picked":["Burst","Dodge and Roll","Predator"],"picked":"SKIP","floor":4},{"not_picked":["Caltrops","Crippling Poison"],"picked":"Expertise","floor":6},{"not_picked":["Dodge and Roll","Backflip"],"picked":"Underhanded Strike","floor":8},{"not_picked":["Escape Plan","Caltrops","Flying Knee"],"picked":"SKIP","floor":11},{"not_picked":["Reflex","Quick Slash"],"picked":"Acrobatics","floor":12},{"not_picked":["Dodge and Roll","Dagger Spray"],"picked":"hubris:TrickCloak","floor":14}],"player_experience":687854,"relics_obtained":[{"floor":9,"key":"Kunai"},{"floor":12,"key":"Regal Pillow"}],"event_choices":[{"cards_removed":["Strike_G"],"damage_healed":0,"gold_gain":0,"player_choice":"Card Removal","damage_taken":7,"max_hp_gain":0,"max_hp_loss":0,"event_name":"Golden Wing","floor":5,"gold_loss":0},{"cards_removed":["Defend_G"],"damage_healed":0,"gold_gain":0,"player_choice":"Card Removal","damage_taken":0,"max_hp_gain":0,"max_hp_loss":0,"event_name":"Wheel of Change","floor":7,"gold_loss":0}],"is_beta":false,"boss_relics":[],"items_purged_floors":[2],"is_endless":false,"potions_floor_spawned":[1,3,8,11],"killed_by":"Hexaghost","ascension_level":13}}