{"host":"dwyzfvnzfcqffr30","time":1613729829,"event":{"mods":["2.2 Compatiblity","Act Like it!","Aspiration","BaseMod","Beaked The Cultist","Better Altar","Better Match","Better Note","Better Sensory Stone","Better Skull","Better Third Choice","Clockwork Mod","Colored Map","Colored Powertips","Conspire","Downfall","Elementarium","GifTheSpireLib","Halation","Hermit","Hubris","Infinite Spire","Ironclad Rager","Jedi Mod","Menagerie","Mimic Mod","Minty Spire (QoL Compilation)","Permanent Neow","Random Character Button","Relic Filter Mod","Reliquary","Replay The Spire","Shapeshifter Mod","Spicy Shops","Spikes Relics","StSLib","Stuff the Spire","The Construct","The Disciple","The Druid","The Marked","TheFirefly","Trackpad","Wandering Minibosses"],"gold_per_floor":[115,141,366,143,162,207,240,240,240,268,615,615,670,726,819,968,968,1050,1136,1224,1224,1224,1339,1339,1459,1459,593,593,593],"floor_reached":28,"language":"ENG","playtime":2214,"items_purged":["Shame","hermit:Snapshot+1","Clockwork:OccamsRazor+1"],"score":400,"play_id":"7793b81b-746f-43ec-8ca2-eb11ce4ec2d3","local_time":"20210219021709","is_ascension_mode":true,"campfire_choices":[{"floor":8,"key":"RECALL"},{"floor":12,"key":"REST"},{"floor":24,"key":"REST"}],"circlet_count":0,"master_deck":["AscendersBane","StSShapeShifter:WolfForm+1","hermit:Strike_Hermit+1","hermit:Strike_Hermit+1","hermit:Strike_Hermit+1","hermit:Strike_Hermit+1","hermit:Defend_Hermit+1","hermit:Defend_Hermit+1","hermit:Defend_Hermit+1","hermit:Defend_Hermit+1","hermit:Covet+1","Amnesia","hermit:FromBeyond+1","Apotheosis+1","MasterReality+1","hermit:Misfire+1","hermit:NoHoldsBarred+1","hermit:Quickdraw+1","hermit:GoldenBullet+1","Clockwork:Improve+1","hermit:Adapt+1","hermit:Maintenance+1","infinitespire:Starlight+1","hermit:Determination+1"],"relics":["hermit:Momento","Frozen Egg 2","Toxic Egg 2","Molten Egg 2","Quantum Egg","infinitespire:EvilPickle","conspire:InfiniteJournal","SacredBark","hubris:TinFlute","halation:Prosthetics","Bottled Tornado","hubris:DisguiseKit","Old Coin","hubris:Backtick","Counterbalance","TheAbacus","reliquary:BoilingFlask","Regal Pillow","infinitespire:CheckeredPen","Pantograph"],"acts_visited":["Menagerie:Menagerie","Elementarium:Elementarium"],"potions_floor_usage":[7,14,16],"damage_taken":[{"damage":0,"enemies":"Menagerie:2_RABBITS","floor":1,"turns":4},{"damage":0,"enemies":"Menagerie:StygianBoar","floor":2,"turns":3},{"damage":0,"enemies":"Menagerie:MonstrousExperiment","floor":5,"turns":3},{"damage":21,"enemies":"Menagerie:MaskedSummoner","floor":6,"turns":6},{"damage":8,"enemies":"Menagerie:DREAD_MOTH_AND_GRAFTED_WORMS","floor":7,"turns":2},{"damage":9,"enemies":"Menagerie:RedMage","floor":10,"turns":5},{"damage":16,"enemies":"Menagerie:VoidReaper","floor":11,"turns":4},{"damage":0,"enemies":"Menagerie:BEAST_MAGE_AND_PROWLING_AMALGAM","floor":13,"turns":3},{"damage":0,"enemies":"Menagerie:Hexasnake","floor":14,"turns":4},{"damage":7,"enemies":"Menagerie:AVATARS","floor":16,"turns":5},{"damage":14,"enemies":"Elementarium:2_ELEMENTALS","floor":18,"turns":4},{"damage":2,"enemies":"Elementarium:Cyclone","floor":19,"turns":5},{"damage":31,"enemies":"Elementarium:VoidBeast","floor":20,"turns":5},{"damage":44,"enemies":"Elementarium:WarGolem","floor":23,"turns":6},{"damage":40,"enemies":"Elementarium:ElementalPortal","floor":25,"turns":8},{"damage":8,"enemies":"Elementarium:3_ELEMENTALS","floor":28,"turns":1}],"seed_played":"-5196732376386368670","potions_obtained":[{"floor":1,"key":"SteroidPotion"},{"floor":11,"key":"SkillPotion"},{"floor":13,"key":"Strength Potion"},{"floor":16,"key":"construct:ShiftPotion"},{"floor":19,"key":"Venom Potion"}],"is_trial":false,"path_per_floor":["M","M","?","$","M","E","M","R","T","M","E","R","M","M","R_BF","B",null,"M","M","M","?","AVR","E","R","E","T","$","M"],"character_chosen":"HERMIT","items_purchased":["hermit:Quickdraw+1","Regal Pillow","infinitespire:CheckeredPen","Pantograph","SpeedPotion"],"campfire_rested":2,"item_purchase_floors":[4,27,27,27,27],"current_hp_per_floor":[40,40,40,40,40,31,35,35,35,35,31,40,40,40,40,40,40,35,33,8,8,8,24,36,6,6,6,0,0],"gold":593,"neow_bonus":"THREE_RARE_CARDS","is_daily":false,"chose_seed":false,"campfire_upgraded":0,"win_rate":0.0,"timestamp":1613729829,"path_taken":["M","M","?","$","?","E","M","R","T","M","E","R","M","M","R_BF","BOSS","M","?","M","?","AVR","E","R","E","T","$","M"],"items_purchased_type":["Card","Relic","Relic","Relic","Potion"],"build_version":"2020-12-22","purchased_purges":3,"victory":false,"max_hp_per_floor":[40,40,40,40,40,40,40,40,40,40,40,40,40,40,40,40,40,40,40,40,40,40,40,40,40,40,40,40,40],"card_choices":[{"not_picked":["hermit:Gambit","hermit:RoundhouseKick"],"picked":"hermit:FromBeyond","floor":0},{"not_picked":["hermit:BigShot+1","hermit:CalledShot+1"],"picked":"hermit:Misfire+1","floor":1},{"not_picked":["hermit:BodyArmor+1","hermit:LowProfile+1"],"picked":"hermit:NoHoldsBarred+1","floor":2},{"not_picked":["hermit:Misfire+1","hermit:WideOpen+1","hermit:Headshot+1"],"picked":"SKIP","floor":5},{"not_picked":["hermit:DeadMansHand+1","hermit:Vantage+1","hermit:CalledShot+1"],"picked":"SKIP","floor":6},{"not_picked":["hermit:LowProfile+1","hermit:NoHoldsBarred+1","Clockwork:HeadStart"],"picked":"hermit:GoldenBullet+1","floor":7},{"not_picked":["hermit:GoldenBullet+1","hermit:Spite+1","hermit:Coalescence+1"],"picked":"Clockwork:Improve","floor":10},{"not_picked":["hermit:TakeCover+1","hermit:OverwhelmingPower+1","hermit:Manifest+1"],"picked":"Clockwork:OccamsRazor","floor":11},{"not_picked":["hermit:CalledShot+1","hermit:ItchyTrigger+1","hermit:WideOpen+1","Clockwork:SnapKeep"],"picked":"SKIP","floor":13},{"not_picked":["hermit:PistolWhip+1","hermit:Misfire+1","hermit:Desperado+1","Clockwork:SpurOn"],"picked":"SKIP","floor":14},{"not_picked":["hermit:PistolWhip+1","hermit:Misfire+1","hermit:Desperado+1","Clockwork:SpurOn"],"picked":"SKIP","floor":14},{"not_picked":["hermit:HeroicBravado+1","hermit:DeadOrAlive+1","Clockwork:TimeWalk"],"picked":"hermit:Adapt+1","floor":16},{"not_picked":["hermit:Ricochet+1","hermit:ItchyTrigger+1","hermit:TrackingShot+1","Clockwork:SnapKeep"],"picked":"SKIP","floor":18},{"not_picked":["hermit:Misfire+1","hermit:BigShot+1","hermit:Snipe+1","Clockwork:QuantumStrike"],"picked":"SKIP","floor":19},{"not_picked":["hermit:Spite+1","hermit:Headshot+1","Clockwork:SystemHardening"],"picked":"hermit:Maintenance+1","floor":20},{"not_picked":["hermit:Quickdraw+1","hermit:FromBeyond+1","hermit:SprayPray+1","Clockwork:ChargingBlade"],"picked":"SKIP","floor":23},{"not_picked":["hermit:Vantage+1","hermit:CalledShot+1","Clockwork:SystemScan"],"picked":"hermit:Determination+1","floor":25}],"player_experience":3327633,"relics_obtained":[{"floor":6,"key":"hubris:DisguiseKit"},{"floor":11,"key":"Old Coin"},{"floor":26,"key":"reliquary:BoilingFlask"}],"event_choices":[{"damage_healed":0,"gold_gain":0,"player_choice":"Simplicity","damage_taken":0,"max_hp_gain":0,"max_hp_loss":8,"event_name":"betterThird:BetterWriting","floor":0,"gold_loss":0},{"damage_healed":0,"gold_gain":225,"player_choice":"Raid","damage_taken":0,"max_hp_gain":0,"max_hp_loss":0,"event_name":"Menagerie:SpiderNest","floor":3,"gold_loss":0,"cards_obtained":["Shame"]},{"damage_healed":0,"gold_gain":0,"player_choice":"Ignored","damage_taken":0,"max_hp_gain":0,"max_hp_loss":0,"event_name":"Elementarium:GreatTreasure","floor":21,"gold_loss":0}],"is_beta":false,"boss_relics":[{"not_picked":["hubris:ScarierMask","trackpad:StolenKidneys"],"picked":"hubris:Backtick"}],"items_purged_floors":[4,4,27],"is_endless":false,"potions_floor_spawned":[1,2,11,13,16,19],"killed_by":"Elementarium:3_ELEMENTALS","ascension_level":10}}