{"host":"vl29iwkwnyytuw8q","time":1613697613,"event":{"mods":["BaseMod","Minty Spire (QoL Compilation)","Permanent Neow","Relic Stats","StSLib"],"gold_per_floor":[109,126,126,138,148,182,182,216,216,216,229,261,261,307,307,385,385,397,397,161,173,263,263,275,294,294,322,24,36,65,147,147,223,223,239,252,269,294,294,294,322,322,375,172,187,218,81,12,12,12,12,12,12,12,47,47,47],"floor_reached":56,"language":"ENG","playtime":3083,"items_purged":["All Out Attack"],"score":2051,"play_id":"847dbf3c-78a3-401f-a6c6-a4b2e5b0cdcc","local_time":"20210219022013","is_ascension_mode":true,"campfire_choices":[{"floor":7.0,"key":"REST"},{"floor":10.0,"key":"REST"},{"data":"Apotheosis","floor":13.0,"key":"SMITH"},{"floor":15.0,"key":"REST"},{"floor":23.0,"key":"REST"},{"data":"Adrenaline","floor":32.0,"key":"SMITH"},{"floor":40.0,"key":"REST"},{"data":"After Image","floor":42.0,"key":"SMITH"},{"floor":49.0,"key":"RECALL"},{"floor":53.0,"key":"REST"}],"circlet_count":0,"master_deck":["AscendersBane","Survivor","Neutralize","Apotheosis+1","Poisoned Stab","Adrenaline+1","Blade Dance","Backflip","Acrobatics","Backflip","Cloak And Dagger","Blade Dance","A Thousand Cuts","Skewer","Terror","Reflex","Burst","Malaise","Dodge and Roll","Blade Dance","Escape Plan","Dodge and Roll","Backstab+1","After Image+1","Phantasmal Killer","Prepared+1","Dagger Throw","Prepared","Venomology","Footwork","Acrobatics","Madness","Malaise","Night Terror","Crippling Poison+1","Finisher+1","Caltrops","Envenom","Madness","Madness","Leg Sweep","Escape Plan+1","Leg Sweep+1","Well Laid Plans","Calculated Gamble"],"relics":["Ring of the Snake","Snake Skull","Art of War","HornCleat","CaptainsWheel","Bag of Preparation","Pandora\u0027s Box","The Courier","MealTicket","Strawberry","Mummified Hand","WristBlade","The Specimen","Ninja Scroll","Pen Nib","Boot","PreservedInsect","Bronze Scales"],"acts_visited":["Exordium","TheCity","TheBeyond","TheEnding"],"potions_floor_usage":[55,56,56],"damage_taken":[{"damage":4.0,"enemies":"2 Louse","floor":1.0,"turns":3.0},{"damage":1.0,"enemies":"Jaw Worm","floor":2.0,"turns":4.0},{"damage":0.0,"enemies":"Cultist","floor":4.0,"turns":3.0},{"damage":1.0,"enemies":"Blue Slaver","floor":5.0,"turns":4.0},{"damage":30.0,"enemies":"Gremlin Nob","floor":6.0,"turns":4.0},{"damage":15.0,"enemies":"3 Sentries","floor":8.0,"turns":10.0},{"damage":0.0,"enemies":"Red Slaver","floor":11.0,"turns":3.0},{"damage":0.0,"enemies":"Lagavulin","floor":12.0,"turns":7.0},{"damage":22.0,"enemies":"Hexaghost","floor":16.0,"turns":11.0},{"damage":1.0,"enemies":"2 Thieves","floor":18.0,"turns":3.0},{"damage":0.0,"enemies":"Chosen","floor":21.0,"turns":5.0},{"damage":2.0,"enemies":"Centurion and Healer","floor":24.0,"turns":4.0},{"damage":0.0,"enemies":"Snecko","floor":25.0,"turns":4.0},{"damage":4.0,"enemies":"Gremlin Leader","floor":27.0,"turns":5.0},{"damage":1.0,"enemies":"Snake Plant","floor":29.0,"turns":5.0},{"damage":2.0,"enemies":"Book of Stabbing","floor":30.0,"turns":5.0},{"damage":22.0,"enemies":"Collector","floor":33.0,"turns":11.0},{"damage":1.0,"enemies":"3 Darklings","floor":35.0,"turns":5.0},{"damage":0.0,"enemies":"3 Shapes","floor":36.0,"turns":3.0},{"damage":0.0,"enemies":"Spire Growth","floor":37.0,"turns":4.0},{"damage":0.0,"enemies":"Mind Bloom Boss Battle","floor":38.0,"turns":3.0},{"damage":0.0,"enemies":"Nemesis","floor":41.0,"turns":5.0},{"damage":4.0,"enemies":"Transient","floor":45.0,"turns":6.0},{"damage":3.0,"enemies":"Giant Head","floor":46.0,"turns":7.0},{"damage":44.0,"enemies":"Awakened One","floor":50.0,"turns":12.0},{"damage":9.0,"enemies":"Donu and Deca","floor":51.0,"turns":7.0},{"damage":10,"enemies":"Shield and Spear","floor":55,"turns":5},{"damage":68,"enemies":"The Heart","floor":56,"turns":5}],"seed_played":"-2038921712483839515","potions_obtained":[{"floor":4.0,"key":"Weak Potion"},{"floor":6.0,"key":"SteroidPotion"},{"floor":8.0,"key":"SkillPotion"},{"floor":21.0,"key":"DistilledChaos"},{"floor":25.0,"key":"DistilledChaos"},{"floor":30.0,"key":"Weak Potion"},{"floor":33.0,"key":"EssenceOfSteel"}],"is_trial":false,"path_per_floor":["M","M","?","M","M","E","R","E","T","R","M","E","R","T","R","B",null,"M","?","$","M","?","R","M","M","T","E","$","M","E","T","R","B",null,"M","M","M","?","?","R","E","R","T","$","M","E","?","$","R","B","B",null,"R","$","E","B"],"character_chosen":"THE_SILENT","items_purchased":["After Image","Venomology","Footwork","Acrobatics","Madness","DuplicationPotion","Pen Nib","Well Laid Plans"],"campfire_rested":6,"item_purchase_floors":[20,28,28,28,28,44,44,48],"current_hp_per_floor":[40,39,44,44,43,13,34,19,19,40,40,40,40,40,61,39,63,62,57,57,57,45,66,64,64,64,60,71,70,75,75,75,53,72,71,71,71,71,57,78,78,78,78,78,74,71,71,78,78,34,25,65,78,78,68,0,0],"gold":47,"neow_bonus":"RANDOM_COLORLESS_2","is_daily":false,"chose_seed":false,"campfire_upgraded":3,"win_rate":0.0,"timestamp":1613697613,"path_taken":["M","M","?","M","M","E","R","E","T","R","M","E","R","?","R","BOSS","M","?","$","?","?","R","?","M","T","E","?","M","E","?","R","BOSS","M","M","M","?","?","R","E","R","T","?","M","E","?","$","R","BOSS","BOSS","R","$","E","BOSS"],"items_purchased_type":["Card","Card","Card","Card","Card","Potion","Relic","Card"],"build_version":"2020-12-22","purchased_purges":1,"victory":false,"max_hp_per_floor":[66,66,71,71,71,71,71,71,71,71,71,71,71,71,71,71,71,71,71,71,71,71,71,71,71,71,71,71,71,78,78,78,78,78,78,78,78,78,78,78,78,78,78,78,78,78,78,78,78,78,78,78,78,78,78,78,78],"relic_stats":{"counters":[28,153],"Snake Skull":[153],"Pen Nib":[13],"PreservedInsect":77,"Bag of Preparation":[28],"Boot":[0],"Mummified Hand":[42],"Bronze Scales":[48],"Pandora\u0027s Box":["Skewer","Terror","Reflex","All Out Attack","Burst","Malaise","Dodge and Roll","Blade Dance","Escape Plan","Dodge and Roll"],"MealTicket":18,"Art of War":[24],"obtain_stats":[{"The Specimen":38,"Snake Skull":6,"The Courier":26,"Pen Nib":44,"PreservedInsect":47,"Bag of Preparation":14,"Boot":46,"CaptainsWheel":12,"HornCleat":9,"WristBlade":34,"Mummified Hand":31,"Ninja Scroll":41,"Strawberry":30,"Bronze Scales":55,"Pandora\u0027s Box":17,"MealTicket":27,"Art of War":8,"Ring of the Snake":0},{"The Specimen":21,"Snake Skull":5,"The Courier":13,"Pen Nib":22,"PreservedInsect":24,"Bag of Preparation":8,"Boot":24,"CaptainsWheel":8,"HornCleat":6,"WristBlade":17,"Mummified Hand":16,"Ninja Scroll":22,"Strawberry":16,"Bronze Scales":27,"Pandora\u0027s Box":9,"MealTicket":14,"Art of War":6,"Ring of the Snake":0},{"The Specimen":106,"Snake Skull":18,"The Courier":65,"Pen Nib":111,"PreservedInsect":124,"Bag of Preparation":38,"Boot":124,"CaptainsWheel":38,"HornCleat":28,"WristBlade":91,"Mummified Hand":80,"Ninja Scroll":111,"Strawberry":80,"Bronze Scales":148,"Pandora\u0027s Box":49,"MealTicket":70,"Art of War":28,"Ring of the Snake":0}],"Ring of the Snake":[56]},"card_choices":[{"not_picked":["Sadistic Nature","Magnetism"],"picked":"Apotheosis","floor":0.0},{"not_picked":["Sucker Punch","Dodge and Roll"],"picked":"Poisoned Stab","floor":1.0},{"not_picked":["Poisoned Stab","Leg Sweep"],"picked":"Adrenaline","floor":2.0},{"not_picked":["Bane","Acrobatics"],"picked":"Blade Dance","floor":4.0},{"not_picked":["Outmaneuver","Eviscerate"],"picked":"Backflip","floor":5.0},{"not_picked":["Accuracy","Reflex"],"picked":"Acrobatics","floor":6.0},{"not_picked":["All Out Attack","Quick Slash"],"picked":"Backflip","floor":8.0},{"not_picked":["Quick Slash","Acrobatics"],"picked":"Cloak And Dagger","floor":11.0},{"not_picked":["Cloak And Dagger","Flying Knee"],"picked":"Blade Dance","floor":12.0},{"not_picked":["Adrenaline","Venomology"],"picked":"A Thousand Cuts","floor":16.0},{"not_picked":["Concentrate+1","Prepared"],"picked":"Backstab+1","floor":18.0},{"not_picked":["Quick Slash","Dagger Throw"],"picked":"Phantasmal Killer","floor":21.0},{"not_picked":["Dagger Throw","Backflip"],"picked":"Prepared+1","floor":24.0},{"not_picked":["Quick Slash","Terror"],"picked":"Dagger Throw","floor":25.0},{"not_picked":["Distraction","Slice"],"picked":"Prepared","floor":27.0},{"not_picked":["Reflex","Dodge and Roll","Skewer"],"picked":"SKIP","floor":29.0},{"not_picked":["Quick Slash","Footwork"],"picked":"Malaise","floor":30.0},{"not_picked":["Phantasmal Killer","Grand Finale"],"picked":"Night Terror","floor":33.0},{"not_picked":["Acrobatics","Dagger Spray"],"picked":"Crippling Poison+1","floor":35.0},{"not_picked":["Acrobatics","Underhanded Strike"],"picked":"Finisher+1","floor":36.0},{"not_picked":["Distraction","Dagger Spray"],"picked":"Caltrops","floor":37.0},{"not_picked":["Backflip","Terror"],"picked":"Envenom","floor":38.0},{"not_picked":["Tactician","Noxious Fumes"],"picked":"Leg Sweep","floor":41.0},{"not_picked":["Dodge and Roll","Dash+1"],"picked":"Escape Plan+1","floor":45.0},{"not_picked":["Finisher","Eviscerate"],"picked":"Leg Sweep+1","floor":46.0},{"not_picked":["Underhanded Strike","Setup"],"picked":"Calculated Gamble","floor":55}],"player_experience":702597,"relics_obtained":[{"floor":6.0,"key":"Snake Skull"},{"floor":8.0,"key":"Art of War"},{"floor":9.0,"key":"HornCleat"},{"floor":12.0,"key":"CaptainsWheel"},{"floor":14.0,"key":"Bag of Preparation"},{"floor":26.0,"key":"The Courier"},{"floor":27.0,"key":"MealTicket"},{"floor":30.0,"key":"Strawberry"},{"floor":31.0,"key":"Mummified Hand"},{"floor":38.0,"key":"The Specimen"},{"floor":41.0,"key":"Ninja Scroll"},{"floor":46.0,"key":"Boot"},{"floor":55,"key":"Bronze Scales"}],"event_choices":[{"damage_healed":0.0,"max_hp_gain":5.0,"max_hp_loss":0.0,"gold_gain":0.0,"event_name":"Big Fish","player_choice":"Donut","floor":3.0,"gold_loss":0.0,"damage_taken":0.0},{"damage_healed":0.0,"max_hp_gain":0.0,"max_hp_loss":0.0,"gold_gain":0.0,"event_name":"Designer","player_choice":"Punched","floor":19.0,"gold_loss":0.0,"damage_taken":5.0},{"damage_healed":0.0,"max_hp_gain":0.0,"max_hp_loss":0.0,"gold_gain":90.0,"event_name":"Knowing Skull","player_choice":"GOLD ","floor":22.0,"potions_obtained":[],"gold_loss":0.0,"damage_taken":12.0,"cards_obtained":[]},{"damage_healed":0.0,"max_hp_gain":0.0,"max_hp_loss":0.0,"gold_gain":0.0,"event_name":"MindBloom","player_choice":"Fight","floor":38.0,"gold_loss":0.0,"damage_taken":0.0},{"damage_healed":0.0,"max_hp_gain":0.0,"max_hp_loss":0.0,"gold_gain":0.0,"event_name":"Winding Halls","player_choice":"Embrace Madness","floor":39.0,"gold_loss":0.0,"damage_taken":14.0,"cards_obtained":["Madness","Madness"]},{"damage_healed":0.0,"max_hp_gain":0.0,"max_hp_loss":0.0,"gold_gain":0.0,"event_name":"WeMeetAgain","player_choice":"Paid Gold","floor":47.0,"gold_loss":137.0,"damage_taken":0.0,"relics_obtained":["PreservedInsect"]}],"is_beta":false,"boss_relics":[{"not_picked":["SacredBark","HoveringKite"],"picked":"Pandora\u0027s Box"},{"not_picked":["Ring of the Serpent","Calling Bell"],"picked":"WristBlade"}],"items_purged_floors":[20],"is_endless":false,"potions_floor_spawned":[4,6,8,11,21,25,30,33,37,38],"killed_by":"The Heart","ascension_level":20}}