{"host":"6bsan6hkua32tfq7","time":1613764123,"event":{"mods":["BaseMod","Better Third Choice","Colored Map","Highlight Path","Minty Spire (QoL Compilation)","StSLib"],"gold_per_floor":[116,126,176,101,114,114,140,140,222,237,247,258,258,275,275,353,353,366,178,191,191,66,66,66],"floor_reached":23,"language":"ENG","playtime":2972,"items_purged":["Defend_B","Strike_B","Strike_B"],"score":386,"play_id":"abd8ab47-42c2-4d02-b58d-fe201821d011","local_time":"20210219204843","is_ascension_mode":true,"campfire_choices":[{"data":"Defragment","floor":6,"key":"SMITH"},{"data":"Zap","floor":13,"key":"SMITH"},{"data":"Consume","floor":15,"key":"SMITH"}],"circlet_count":0,"master_deck":["AscendersBane","Defend_B","Defend_B","Defend_B","Zap+1","Dualcast","Ball Lightning","Cold Snap","Defragment+1","Coolheaded","Steam","Conserve Battery","Consume+1","Steam","Capacitor","Cold Snap","Fusion","Multi-Cast"],"relics":["Cracked Core","NeowsBlessing","Anchor","HornCleat","Coffee Dripper"],"acts_visited":["Exordium","TheCity"],"potions_floor_usage":[7,18,23,23,23],"damage_taken":[{"damage":0,"enemies":"Cultist","floor":1,"turns":1},{"damage":0,"enemies":"2 Louse","floor":2,"turns":1},{"damage":0,"enemies":"Jaw Worm","floor":5,"turns":1},{"damage":26,"enemies":"3 Sentries","floor":7,"turns":6},{"damage":0,"enemies":"2 Fungi Beasts","floor":10,"turns":2},{"damage":0,"enemies":"3 Louse","floor":11,"turns":4},{"damage":1,"enemies":"Large Slime","floor":12,"turns":3},{"damage":0,"enemies":"2 Fungi Beasts","floor":14,"turns":4},{"damage":13,"enemies":"Hexaghost","floor":16,"turns":11},{"damage":4,"enemies":"Shell Parasite","floor":18,"turns":4},{"damage":5,"enemies":"Chosen","floor":20,"turns":5},{"damage":49,"enemies":"Gremlin Leader","floor":23,"turns":9}],"seed_played":"2217962496636088244","potions_obtained":[{"floor":1,"key":"Block Potion"},{"floor":10,"key":"EntropicBrew"},{"floor":12,"key":"Dexterity Potion"},{"floor":14,"key":"AttackPotion"},{"floor":20,"key":"GamblersBrew"}],"is_trial":false,"path_per_floor":["M","M","?","$","M","R","E","?","T","M","M","M","R","M","R","B",null,"M","$","M","?","$","E"],"character_chosen":"DEFECT","items_purchased":["Capacitor"],"campfire_rested":0,"item_purchase_floors":[19],"current_hp_per_floor":[64,64,64,64,64,64,38,28,28,28,28,27,27,27,27,14,57,53,53,48,48,48,0,0],"gold":66,"neow_bonus":"THREE_ENEMY_KILL","is_daily":false,"chose_seed":false,"campfire_upgraded":3,"win_rate":0.0,"timestamp":1613764123,"path_taken":["M","?","?","$","?","R","E","?","T","?","M","M","R","M","R","BOSS","M","$","M","?","$","E"],"items_purchased_type":["Card"],"build_version":"2020-12-22","purchased_purges":3,"victory":false,"max_hp_per_floor":[71,71,71,71,71,71,71,71,71,71,71,71,71,71,71,71,71,71,71,71,71,71,71,71],"card_choices":[{"not_picked":["Double Energy","Go for the Eyes"],"picked":"Ball Lightning","floor":1},{"not_picked":["Reinforced Body","Loop"],"picked":"Cold Snap","floor":2},{"not_picked":["Steam Power","Stack"],"picked":"Defragment","floor":5},{"not_picked":["Hello World","Chill"],"picked":"Coolheaded","floor":7},{"not_picked":["Undo","Reprogram"],"picked":"Steam","floor":10},{"not_picked":["Scrape","Aggregate"],"picked":"Conserve Battery","floor":11},{"not_picked":["Undo","White Noise","Leap"],"picked":"SKIP","floor":12},{"not_picked":["Static Discharge","FTL"],"picked":"Consume","floor":14},{"not_picked":["Hello World","Ball Lightning"],"picked":"Steam","floor":18},{"not_picked":["Genetic Algorithm","Cold Snap","Stack"],"picked":"SKIP","floor":20},{"not_picked":["Genetic Algorithm","Stack"],"picked":"Cold Snap","floor":20}],"player_experience":5445850,"relics_obtained":[{"floor":7,"key":"Anchor"},{"floor":9,"key":"HornCleat"}],"event_choices":[{"damage_healed":0,"gold_gain":50,"player_choice":"Pray","damage_taken":0,"max_hp_gain":0,"max_hp_loss":0,"event_name":"Golden Shrine","floor":3,"gold_loss":0},{"damage_healed":0,"gold_gain":0,"player_choice":"Damaged","damage_taken":10,"max_hp_gain":0,"max_hp_loss":0,"event_name":"Wheel of Change","floor":8,"gold_loss":0},{"damage_healed":0,"gold_gain":0,"cards_transformed":["Strike_B","Strike_B"],"player_choice":"Became Test Subject","damage_taken":0,"max_hp_gain":0,"max_hp_loss":0,"event_name":"Drug Dealer","floor":21,"gold_loss":0,"cards_obtained":["Fusion","Multi-Cast"]}],"is_beta":false,"boss_relics":[{"not_picked":["Runic Pyramid","Nuclear Battery"],"picked":"Coffee Dripper"}],"items_purged_floors":[4,19,22],"is_endless":false,"potions_floor_spawned":[1,10,12,14,20],"killed_by":"Gremlin Leader","ascension_level":20}}