{"host":"i627ldzjvyz252sa","time":1613694337,"event":{"mods":["BaseMod","Colored Map","Curses Come First","Hubris","Infinite Spire","Minty Spire (QoL Compilation)","Replay The Spire","StSLib","The Bug Knight","The Runesmith"],"gold_per_floor":[116,116,126,184,202,228,228,261,261,261,261,261,274,288,288,385,485,504,523,523,523,438,438,451,451,531,531,545,564,594,622,622,642,642],"floor_reached":33,"language":"ENG","playtime":1963,"items_purged":[],"score":277,"play_id":"00ab7e0a-0e7f-4ae3-8f0c-4561b3263cff","local_time":"20210218162537","is_ascension_mode":false,"campfire_choices":[{"data":"Flex","floor":7.0,"key":"SMITH"},{"data":"Whirlwind","floor":10.0,"key":"SMITH"},{"floor":15.0,"key":"REST"},{"data":"Perfected Strike","floor":23.0,"key":"SMITH"},{"data":"Perfected Strike","floor":25.0,"key":"SMITH"},{"data":"Fiend Fire","floor":27.0,"key":"SMITH"},{"floor":32.0,"key":"REST"}],"circlet_count":0,"master_deck":["Strike_R","Strike_R+1","Strike_R","Strike_R+1","Strike_R","Defend_R","Defend_R","Bash","Iron Wave","infinitespire:UltimateForm","Flex+1","Whirlwind+1","Wild Strike","Thunderclap","Shrug It Off+1","Fiend Fire+1","Pommel Strike","Shrug It Off+1","Flex+1","Shrug It Off+1","Perfected Strike","Impervious+1","Twin Strike+1","Body Slam+1","hubris:DuctTapeCard"],"relics":["Burning Blood","Red Skull","hubris:MysteriousPyramids","hubris:TenFootPole","Toxic Egg 2","Replay:Wanted Poster","Bronze Scales","hubris:DuctTape","Replay:Bandana"],"acts_visited":["Exordium","TheCity"],"potions_floor_usage":[],"damage_taken":[{"damage":12.0,"enemies":"Small Slimes","floor":1.0,"turns":3.0},{"damage":0.0,"enemies":"2 Louse","floor":3.0,"turns":4.0},{"damage":1.0,"enemies":"Jaw Worm","floor":5.0,"turns":3.0},{"damage":15.0,"enemies":"HollowMod:MossKnight","floor":6.0,"turns":4.0},{"damage":9.0,"enemies":"Gremlin Nob","floor":8.0,"turns":3.0},{"damage":0.0,"enemies":"Large Slime","floor":13.0,"turns":4.0},{"damage":7.0,"enemies":"Blue Slaver","floor":14.0,"turns":2.0},{"damage":44.0,"enemies":"Slime Boss","floor":16.0,"turns":10.0},{"damage":0.0,"enemies":"3 Byrds","floor":18.0,"turns":2.0},{"damage":13.0,"enemies":"Shell Parasite","floor":19.0,"turns":3.0},{"damage":6.0,"enemies":"3 Cultists","floor":24.0,"turns":4.0},{"damage":19.0,"enemies":"Centurion and Healer","floor":28.0,"turns":5.0},{"damage":15.0,"enemies":"Shelled Parasite and Fungi","floor":29.0,"turns":3.0},{"damage":33.0,"enemies":"Nightmare","floor":30.0,"turns":7.0},{"damage":0.0,"enemies":"Chosen and Byrds","floor":31.0,"turns":3.0},{"damage":24,"enemies":"LordOfAnnihilation","floor":33,"turns":3}],"seed_played":"9110770171833663347","potions_obtained":[{"floor":1.0,"key":"Reflective Coating"},{"floor":4.0,"key":"ColorlessPotion"},{"floor":4.0,"key":"DuplicationPotion"},{"floor":16.0,"key":"BlessingOfTheForge"},{"floor":18.0,"key":"SkillPotion"}],"is_trial":false,"path_per_floor":["M","?","M","?","M","E","R","E","T","R","?","?","M","M","R","B",null,"M","M","?","?","?","R","M","R","T","R","M","M","NM","M","R","B"],"character_chosen":"IRONCLAD","items_purchased":[],"campfire_rested":2,"item_purchase_floors":[],"current_hp_per_floor":[66,48,54,54,59,50,50,47,47,47,47,40,46,45,66,28,72,72,65,65,65,65,65,65,65,65,65,52,43,16,22,43,19,19],"gold":642,"neow_bonus":"REMOVE_TWO","is_daily":false,"chose_seed":false,"campfire_upgraded":5,"win_rate":0.0,"timestamp":1613694337,"path_taken":["M","?","M","?","M","E","R","E","T","R","?","?","M","M","R","BOSS","M","M","?","?","?","R","M","R","T","R","M","M","NM","M","R","BOSS"],"items_purchased_type":[],"build_version":"2020-12-22","purchased_purges":0,"victory":false,"max_hp_per_floor":[72,72,72,72,72,72,72,72,72,72,72,72,72,72,72,72,72,72,72,72,72,72,72,72,72,72,72,72,72,72,72,72,72,72],"card_choices":[{"not_picked":["Seeing Red","Searing Blow"],"picked":"Iron Wave","floor":1.0},{"not_picked":["hubris:Rewind","infinitespire:Starlight"],"picked":"infinitespire:UltimateForm","floor":2.0},{"not_picked":["Rage","Heavy Blade"],"picked":"Flex","floor":3.0},{"not_picked":["Headbutt","Spot Weakness"],"picked":"Whirlwind","floor":4.0},{"not_picked":["Rage","Shrug It Off","Wild Strike"],"picked":"SKIP","floor":5.0},{"not_picked":["Wild Strike","infinitespire:OneForAll"],"picked":"Perfected Strike","floor":6.0},{"not_picked":["Replay:Many Hands","Combust"],"picked":"Wild Strike","floor":8.0},{"not_picked":["Defy Death+1","Dropkick"],"picked":"Thunderclap","floor":13.0},{"not_picked":["Thunderclap","Sever Soul"],"picked":"Shrug It Off+1","floor":14.0},{"not_picked":["Eclipse+1","Impervious+1"],"picked":"Fiend Fire","floor":16.0},{"not_picked":["True Grit+1","Wild Strike"],"picked":"Pommel Strike","floor":18.0},{"not_picked":["Headbutt+1","Battle Trance+1"],"picked":"Shrug It Off+1","floor":19.0},{"not_picked":["Massacre","Heavy Blade"],"picked":"Shrug It Off+1","floor":24.0},{"not_picked":["infinitespire:OneForAll","Replay:Undeath\u0027s Touch"],"picked":"Perfected Strike","floor":28.0},{"not_picked":["Cleave","hubris:CleavingFinish"],"picked":"Impervious+1","floor":29.0},{"not_picked":["Heavy Blade","Dual Wield+1"],"picked":"Twin Strike+1","floor":30.0},{"not_picked":["Clash","Bloodletting+1"],"picked":"Body Slam+1","floor":31.0}],"player_experience":147275,"relics_obtained":[{"floor":4.0,"key":"Red Skull"},{"floor":6.0,"key":"hubris:MysteriousPyramids"},{"floor":8.0,"key":"hubris:TenFootPole"},{"floor":9.0,"key":"Toxic Egg 2"},{"floor":26.0,"key":"hubris:DuctTape"},{"floor":30.0,"key":"Replay:Bandana"}],"event_choices":[{"damage_healed":0.0,"max_hp_gain":0.0,"max_hp_loss":0.0,"gold_gain":0.0,"event_name":"Shining Light","player_choice":"Entered Light","floor":12.0,"gold_loss":0.0,"damage_taken":14.0,"cards_upgraded":["Strike_R","Strike_R"]},{"damage_healed":0.0,"max_hp_gain":0.0,"max_hp_loss":0.0,"gold_gain":0.0,"event_name":"The Library","player_choice":"Read","floor":20.0,"gold_loss":0.0,"damage_taken":0.0,"cards_obtained":["Flex"]},{"damage_healed":0.0,"max_hp_gain":0.0,"max_hp_loss":0.0,"gold_gain":0.0,"event_name":"Addict","player_choice":"Obtained Relic","floor":22.0,"gold_loss":85.0,"damage_taken":0.0,"relics_obtained":["Bronze Scales"]}],"is_beta":false,"boss_relics":[{"not_picked":["Sozu","Mark of Pain"],"picked":"Replay:Wanted Poster"}],"items_purged_floors":[],"is_endless":true,"potions_floor_spawned":[1,5,16,18],"killed_by":"LordOfAnnihilation","ascension_level":0}}