{"host":"jlz4is0nf6zo9oab","time":1613760480,"event":{"mods":["AchievementEnabler","BaseMod","Colored Map","Colored Powertips","Highlight Path","Minty Spire (QoL Compilation)","StSLib"],"gold_per_floor":[119,130,148,148,159,159,159,2,47,65,65,18,34,47,47,47,47],"floor_reached":16,"language":"SPA","playtime":464,"items_purged":[],"score":155,"play_id":"37c51cbe-6eaf-46a2-b36f-38a74de87a23","local_time":"20210219194800","is_ascension_mode":true,"campfire_choices":[{"data":"Bash","floor":6,"key":"SMITH"},{"floor":11,"key":"REST"},{"data":"Whirlwind","floor":15,"key":"SMITH"}],"circlet_count":0,"master_deck":["AscendersBane","Strike_R","Strike_R","Strike_R","Strike_R","Strike_R","Defend_R","Defend_R","Defend_R","Defend_R","Bash+1","Pommel Strike+1","Cleave","Whirlwind+1"],"relics":["Burning Blood","NeowsBlessing","Ancient Tea Set","Anchor"],"acts_visited":["Exordium"],"potions_floor_usage":[5,5],"damage_taken":[{"damage":0,"enemies":"Cultist","floor":1,"turns":1},{"damage":0,"enemies":"Small Slimes","floor":2,"turns":1},{"damage":0,"enemies":"2 Louse","floor":3,"turns":1},{"damage":18,"enemies":"Large Slime","floor":5,"turns":5},{"damage":30,"enemies":"Gremlin Gang","floor":10,"turns":4},{"damage":0,"enemies":"3 Louse","floor":13,"turns":2},{"damage":11,"enemies":"Blue Slaver","floor":14,"turns":4},{"damage":75,"enemies":"The Guardian","floor":16,"turns":12}],"seed_played":"7176303616387501412","potions_obtained":[{"floor":2,"key":"AttackPotion"},{"floor":5,"key":"Fruit Juice"}],"is_trial":false,"path_per_floor":["M","M","M","$","M","R","?","$","T","M","R","$","M","M","R","B"],"character_chosen":"IRONCLAD","items_purchased":["Ancient Tea Set","Cleave"],"campfire_rested":1,"item_purchase_floors":[8,12],"current_hp_per_floor":[78,80,80,80,73,73,73,73,73,49,74,74,80,75,75,0,0],"gold":47,"neow_bonus":"THREE_ENEMY_KILL","is_daily":false,"chose_seed":false,"campfire_upgraded":2,"win_rate":0.0,"timestamp":1613760480,"path_taken":["M","?","M","?","M","R","?","$","T","M","R","$","?","M","R","BOSS"],"items_purchased_type":["Relic","Card"],"build_version":"2020-12-22","purchased_purges":0,"victory":false,"max_hp_per_floor":[80,80,80,80,85,85,85,85,85,85,85,85,85,85,85,85,85],"card_choices":[{"not_picked":["Armaments","Sever Soul","Clothesline"],"picked":"SKIP","floor":1},{"not_picked":["Reckless Charge","Blood for Blood","Sword Boomerang"],"picked":"SKIP","floor":2},{"not_picked":["Iron Wave","Flex"],"picked":"Pommel Strike","floor":3},{"not_picked":["Twin Strike","Heavy Blade","Thunderclap"],"picked":"SKIP","floor":5},{"not_picked":["Anger","Brutality","Clash"],"picked":"SKIP","floor":10},{"not_picked":["Sentinel","Thunderclap"],"picked":"Whirlwind","floor":13},{"not_picked":["Anger","Sword Boomerang","Armaments"],"picked":"SKIP","floor":14}],"player_experience":977703,"relics_obtained":[{"floor":9,"key":"Anchor"}],"event_choices":[{"damage_healed":0,"gold_gain":0,"player_choice":"Upgraded","damage_taken":0,"max_hp_gain":0,"max_hp_loss":0,"event_name":"Upgrade Shrine","floor":7,"gold_loss":0,"cards_upgraded":["Pommel Strike"]}],"is_beta":false,"boss_relics":[],"items_purged_floors":[],"is_endless":false,"potions_floor_spawned":[2,5],"killed_by":"The Guardian","ascension_level":13}}