{"host":"p0hktren06injwdf","time":1613700921,"event":{"mods":["AchievementEnabler","BaseMod","Colored Map","DeckTracker","Minty Spire (QoL Compilation)","Permanent Neow","StSLib","SuperFastMode"],"gold_per_floor":[109,129,129,144,158,193,193,204,257,287,301,36,56,74,74,145,145,160,2,2,15,34,34,49,0,0,0,0],"floor_reached":27,"language":"KOR","playtime":448,"items_purged":["Strike_R","Strike_R"],"score":458,"play_id":"e6eeaf48-6e5d-47c9-9d54-1b62b02ede41","local_time":"20210219111521","is_ascension_mode":true,"campfire_choices":[{"data":"True Grit","floor":7.0,"key":"SMITH"},{"data":"Dark Embrace","floor":15,"key":"SMITH"},{"data":"Barricade","floor":23,"key":"SMITH"}],"circlet_count":0,"master_deck":["AscendersBane","Strike_R","Strike_R","Defend_R","Defend_R","Defend_R","Bash+1","Wild Strike","Sword Boomerang","Pommel Strike","True Grit+1","Shrug It Off+1","Fire Breathing","The Bomb+1","Anger","Dark Embrace+1","Barricade+1","Warcry+1","True Grit+1","Body Slam","Feel No Pain","Havoc+1","Doubt"],"relics":["Burning Blood","MealTicket","Toxic Egg 2","Cursed Key","Pocketwatch"],"acts_visited":["Exordium","TheCity"],"potions_floor_usage":[16,22,27,27],"damage_taken":[{"damage":7.0,"enemies":"Small Slimes","floor":1.0,"turns":5.0},{"damage":6.0,"enemies":"Cultist","floor":2.0,"turns":3.0},{"damage":0.0,"enemies":"2 Louse","floor":4.0,"turns":2.0},{"damage":6.0,"enemies":"Looter","floor":5.0,"turns":2.0},{"damage":15.0,"enemies":"3 Sentries","floor":6.0,"turns":4.0},{"damage":11.0,"enemies":"Exordium Wildlife","floor":8.0,"turns":3.0},{"damage":31.0,"enemies":"Lagavulin","floor":10.0,"turns":4.0},{"damage":8,"enemies":"Large Slime","floor":11,"turns":6},{"damage":0,"enemies":"3 Louse","floor":13,"turns":5},{"damage":2,"enemies":"Looter","floor":14,"turns":3},{"damage":46,"enemies":"Hexaghost","floor":16,"turns":9},{"damage":30,"enemies":"2 Thieves","floor":18,"turns":3},{"damage":0,"enemies":"Chosen","floor":21,"turns":3},{"damage":24,"enemies":"Snake Plant","floor":22,"turns":3},{"damage":4,"enemies":"Chosen and Byrds","floor":24,"turns":3},{"damage":35,"enemies":"Book of Stabbing","floor":27,"turns":5}],"seed_played":"2781171945286854729","potions_obtained":[{"floor":4.0,"key":"AttackPotion"},{"floor":5.0,"key":"SteroidPotion"},{"floor":6.0,"key":"SteroidPotion"},{"floor":10.0,"key":"PowerPotion"},{"floor":14,"key":"DistilledChaos"},{"floor":16,"key":"Fire Potion"},{"floor":22,"key":"GamblersBrew"}],"is_trial":false,"path_per_floor":["M","M","?","M","M","E","R","M","T","E","M","$","M","M","R","B",null,"M","$","?","M","M","R","M","?","T","E"],"character_chosen":"IRONCLAD","items_purchased":["The Bomb+1","True Grit+1"],"campfire_rested":0,"item_purchase_floors":[12,19],"current_hp_per_floor":[67,67,67,68,68,59,59,54,54,29,27,42,48,52,52,12,54,30,45,45,51,33,33,35,35,35,0,0],"gold":0,"neow_bonus":"REMOVE_TWO","is_daily":false,"chose_seed":false,"campfire_upgraded":3,"win_rate":0.0,"timestamp":1613700921,"path_taken":["M","M","?","M","M","E","R","M","T","E","M","?","M","M","R","BOSS","M","$","?","M","M","R","M","?","T","E"],"items_purchased_type":["Card","Card"],"build_version":"2020-12-22","purchased_purges":2,"victory":false,"max_hp_per_floor":[68,68,68,68,68,68,68,68,68,68,68,68,68,68,68,68,68,68,68,68,68,68,68,68,68,68,68,68],"card_choices":[{"not_picked":["Clothesline","Twin Strike"],"picked":"Wild Strike","floor":1.0},{"not_picked":["Sever Soul","Dual Wield","Havoc"],"picked":"SKIP","floor":2.0},{"not_picked":["Clothesline","Wild Strike"],"picked":"Sword Boomerang","floor":4.0},{"not_picked":["Thunderclap","Headbutt"],"picked":"Pommel Strike","floor":5.0},{"not_picked":["Corruption","Uppercut"],"picked":"True Grit","floor":6.0},{"not_picked":["Heavy Blade","Body Slam","Sword Boomerang"],"picked":"SKIP","floor":8.0},{"not_picked":["Pommel Strike","Seeing Red+1"],"picked":"Shrug It Off+1","floor":10.0},{"not_picked":["Havoc+1","Combust"],"picked":"Fire Breathing","floor":11},{"not_picked":["Whirlwind","Pommel Strike"],"picked":"Anger","floor":13},{"not_picked":["Cleave","Anger"],"picked":"Dark Embrace","floor":14},{"not_picked":["Immolate","Reaper"],"picked":"Barricade","floor":16},{"not_picked":["Wild Strike","Rupture"],"picked":"Warcry+1","floor":18},{"not_picked":["Clothesline","Rupture"],"picked":"Body Slam","floor":21},{"not_picked":["Rampage+1","Hemokinesis"],"picked":"Feel No Pain","floor":22},{"not_picked":["Wild Strike","Carnage"],"picked":"Havoc+1","floor":24}],"player_experience":1088578,"relics_obtained":[{"floor":6.0,"key":"MealTicket"},{"floor":10.0,"key":"Toxic Egg 2"},{"floor":26,"key":"Pocketwatch"}],"event_choices":[{"damage_healed":0.0,"max_hp_gain":0.0,"max_hp_loss":0.0,"gold_gain":0.0,"event_name":"Upgrade Shrine","player_choice":"Upgraded","floor":3.0,"gold_loss":0.0,"damage_taken":0.0,"cards_upgraded":["Bash"]},{"damage_healed":0,"gold_gain":0,"player_choice":"Ignored","damage_taken":0,"max_hp_gain":0,"max_hp_loss":0,"event_name":"Vampires","floor":20,"gold_loss":0},{"damage_healed":0,"gold_gain":0,"player_choice":"Paid Fearfully","damage_taken":0,"max_hp_gain":0,"max_hp_loss":0,"event_name":"Masked Bandits","floor":25,"gold_loss":49}],"is_beta":false,"boss_relics":[{"not_picked":["SacredBark","Fusion Hammer"],"picked":"Cursed Key"}],"items_purged_floors":[12,19],"is_endless":false,"potions_floor_spawned":[4,5,6,10,14,16,22],"killed_by":"Book of Stabbing","ascension_level":20}}