{"host":"36t3qd3wjvajtu1z","time":1613700963,"event":{"mods":["2.2 Compatiblity","AchievementEnabler","BaseMod","Bestiary","Block Reminder","Colored Powertips","Curses Come First","Filter the Spire","Highlight Path","Minty Spire (QoL Compilation)","Permanent Neow","Quick Restart","Random Character Button","Rare Cards Sparkle","Relic Stats","Slay-I","StSLib","Unknown Chances"],"gold_per_floor":[360,378,215,229,240,272,289,364,390,408,408,333,366,429,429,507,507,522,538,538,551,291,291,322,39,39,70,81,91,91,115,115,193,193,205,219,231,243,256,289,4,4,55,93,135,135,135,135,135,135],"floor_reached":51,"language":"ENG","playtime":3213,"items_purged":["Injury","Strike_B"],"score":1326,"play_id":"def9f82f-40d4-4ccc-9ba8-100f827b5791","local_time":"20210218181603","is_ascension_mode":true,"campfire_choices":[{"floor":11.0,"key":"REST"},{"data":"Defragment","floor":15.0,"key":"SMITH"},{"floor":23.0,"key":"REST"},{"floor":30.0,"key":"REST"},{"floor":32.0,"key":"RECALL"},{"floor":42.0,"key":"REST"},{"floor":46.0,"key":"REST"},{"floor":49.0,"key":"REST"}],"circlet_count":0,"master_deck":["AscendersBane","Strike_B","Strike_B","Defend_B","Defend_B","Defend_B","Defend_B","Zap+1","Dualcast","Cold Snap","Go for the Eyes","Sunder","Conserve Battery","Electrodynamics","Defragment","Rebound","Defragment+1","Creative AI+1","Recycle","Leap","Aggregate","Amplify","Tempest+1","Rainbow","Loop+1","Double Energy","Machine Learning","Parasite","Stack+1","Aggregate+1"],"relics":["Cracked Core","Potion Belt","Akabeko","Vajra","Lantern","Fusion Hammer","Regal Pillow","Ice Cream","Meat on the Bone","Kunai","Darkstone Periapt","Ancient Tea Set","Snecko Eye","Thread and Needle","War Paint","CeramicFish","Bag of Preparation","Toxic Egg 2"],"acts_visited":["Exordium","TheCity","TheBeyond"],"potions_floor_usage":[50,50],"damage_taken":[{"damage":7.0,"enemies":"Jaw Worm","floor":1.0,"turns":4.0},{"damage":0.0,"enemies":"Small Slimes","floor":2.0,"turns":3.0},{"damage":1.0,"enemies":"2 Louse","floor":4.0,"turns":3.0},{"damage":4.0,"enemies":"Large Slime","floor":5.0,"turns":6.0},{"damage":12.0,"enemies":"Lagavulin","floor":6.0,"turns":6.0},{"damage":11.0,"enemies":"Exordium Thugs","floor":7.0,"turns":3.0},{"damage":0.0,"enemies":"Gremlin Gang","floor":10.0,"turns":4.0},{"damage":5.0,"enemies":"3 Sentries","floor":13.0,"turns":4.0},{"damage":19.0,"enemies":"Gremlin Nob","floor":14.0,"turns":4.0},{"damage":1.0,"enemies":"Hexaghost","floor":16.0,"turns":9.0},{"damage":18.0,"enemies":"Chosen","floor":18.0,"turns":5.0},{"damage":0.0,"enemies":"3 Byrds","floor":19.0,"turns":2.0},{"damage":17.0,"enemies":"Centurion and Healer","floor":21.0,"turns":5.0},{"damage":10.0,"enemies":"Slavers","floor":24.0,"turns":4.0},{"damage":19.0,"enemies":"Gremlin Leader","floor":27.0,"turns":6.0},{"damage":14.0,"enemies":"Cultist and Chosen","floor":28.0,"turns":5.0},{"damage":12.0,"enemies":"Snake Plant","floor":29.0,"turns":3.0},{"damage":32.0,"enemies":"Champ","floor":33.0,"turns":10.0},{"damage":0.0,"enemies":"3 Darklings","floor":35.0,"turns":6.0},{"damage":6.0,"enemies":"Orb Walker","floor":36.0,"turns":3.0},{"damage":19.0,"enemies":"3 Darklings","floor":37.0,"turns":3.0},{"damage":3.0,"enemies":"Transient","floor":38.0,"turns":5.0},{"damage":10.0,"enemies":"Spire Growth","floor":39.0,"turns":4.0},{"damage":12.0,"enemies":"Reptomancer","floor":40.0,"turns":3.0},{"damage":31.0,"enemies":"Writhing Mass","floor":44.0,"turns":6.0},{"damage":26.0,"enemies":"Nemesis","floor":45.0,"turns":7.0},{"damage":88,"enemies":"Awakened One","floor":50,"turns":15}],"seed_played":"882099776304602391","potions_obtained":[{"floor":1.0,"key":"Dexterity Potion"},{"floor":4.0,"key":"PowerPotion"},{"floor":7.0,"key":"ColorlessPotion"},{"floor":13.0,"key":"DuplicationPotion"},{"floor":16.0,"key":"ColorlessPotion"},{"floor":27.0,"key":"EssenceOfSteel"},{"floor":28.0,"key":"LiquidMemories"},{"floor":29.0,"key":"GamblersBrew"},{"floor":33.0,"key":"Block Potion"},{"floor":35.0,"key":"PotionOfCapacity"},{"floor":36.0,"key":"EntropicBrew"},{"floor":37.0,"key":"PowerPotion"},{"floor":45.0,"key":"Dexterity Potion"}],"is_trial":false,"path_per_floor":["M","M","$","M","M","E","M","?","T","M","R","?","E","?","R","B",null,"M","M","?","M","$","R","E","$","T","E","M","M","R","T","R","B",null,"M","M","M","M","M","E","$","R","T","M","E","R","?","T","R","B",null],"character_chosen":"DEFECT","items_purchased":["Sunder","Regal Pillow","Meat on the Bone","War Paint","FairyPotion"],"campfire_rested":6,"item_purchase_floors":[3,22,25,41,41],"current_hp_per_floor":[57,57,57,56,52,40,29,29,29,29,50,50,45,26,26,25,60,42,42,42,25,25,61,51,51,51,44,42,42,71,71,71,39,63,63,57,38,47,37,37,37,71,71,46,32,70,70,70,77,35],"gold":135,"neow_bonus":"TWO_FIFTY_GOLD","is_daily":false,"chose_seed":false,"campfire_upgraded":1,"win_rate":0.0,"timestamp":1613700963,"path_taken":["M","M","$","M","M","E","M","?","T","M","R","?","E","?","R","BOSS","M","M","?","M","?","R","E","$","T","E","M","?","R","?","R","BOSS","M","?","M","M","M","E","$","R","T","M","E","R","?","?","R","BOSS"],"items_purchased_type":["Card","Relic","Relic","Relic","Potion"],"build_version":"2020-12-22","purchased_purges":2,"victory":true,"max_hp_per_floor":[71,71,71,71,71,71,71,71,71,71,71,71,71,71,71,71,71,71,71,71,71,71,71,71,71,71,71,71,71,71,71,71,71,71,71,71,71,71,71,71,71,71,71,77,77,77,77,77,77,77],"relic_stats":{"Darkstone Periapt":6,"Regal Pillow":51,"counters":[27,138],"CeramicFish":27,"Snecko Eye":[81,105,88,87],"Bag of Preparation":[2],"Kunai":[10],"War Paint":["Tempest","Zap"],"obtain_stats":[{"Potion Belt":6,"Ice Cream":24,"Darkstone Periapt":27,"Lantern":14,"Regal Pillow":22,"CeramicFish":43,"Vajra":13,"Thread and Needle":40,"Bag of Preparation":45,"War Paint":41,"Ancient Tea Set":31,"Akabeko":9,"Snecko Eye":34,"Fusion Hammer":17,"Kunai":26,"Toxic Egg 2":48,"Cracked Core":0,"Meat on the Bone":25},{"Potion Belt":5,"Ice Cream":14,"Darkstone Periapt":15,"Lantern":9,"Regal Pillow":13,"CeramicFish":24,"Vajra":8,"Thread and Needle":24,"Bag of Preparation":26,"War Paint":24,"Ancient Tea Set":17,"Akabeko":6,"Snecko Eye":18,"Fusion Hammer":10,"Kunai":14,"Toxic Egg 2":26,"Cracked Core":0,"Meat on the Bone":14},{"Potion Belt":22,"Ice Cream":62,"Darkstone Periapt":68,"Lantern":37,"Regal Pillow":58,"CeramicFish":110,"Vajra":33,"Thread and Needle":110,"Bag of Preparation":123,"War Paint":110,"Ancient Tea Set":76,"Akabeko":25,"Snecko Eye":86,"Fusion Hammer":46,"Kunai":62,"Toxic Egg 2":123,"Cracked Core":0,"Meat on the Bone":62}],"Meat on the Bone":84},"card_choices":[{"not_picked":["Turbo","Melter"],"picked":"Cold Snap","floor":1.0},{"not_picked":["Barrage","Sweeping Beam"],"picked":"Go for the Eyes","floor":2.0},{"not_picked":["Force Field","Redo"],"picked":"Streamline","floor":4.0},{"not_picked":["Hologram","Coolheaded"],"picked":"Conserve Battery","floor":5.0},{"not_picked":["Streamline","Recycle"],"picked":"Electrodynamics","floor":6.0},{"not_picked":["Rebound","Hologram"],"picked":"Defragment","floor":7.0},{"not_picked":["Rip and Tear","Barrage"],"picked":"Rebound","floor":10.0},{"not_picked":["Heatsinks","Barrage","Creative AI"],"picked":"SKIP","floor":13.0},{"not_picked":["Conserve Battery","Gash"],"picked":"Defragment","floor":14.0},{"not_picked":["Buffer","Seek"],"picked":"Creative AI","floor":16.0},{"not_picked":["Reinforced Body","Hologram"],"picked":"Recycle","floor":18.0},{"not_picked":["Steam Power","Stack","Cold Snap+1"],"picked":"SKIP","floor":19.0},{"not_picked":["Doom and Gloom","Coolheaded","All For One"],"picked":"SKIP","floor":21.0},{"not_picked":["Loop","Reprogram"],"picked":"Leap","floor":24.0},{"not_picked":["Stack","Conserve Battery"],"picked":"Aggregate","floor":27.0},{"not_picked":["Darkness","Streamline","Melter"],"picked":"SKIP","floor":28.0},{"not_picked":["Recycle","Go for the Eyes+1","Steam Power"],"picked":"SKIP","floor":29.0},{"not_picked":["Rainbow","Fission"],"picked":"Amplify","floor":33.0},{"not_picked":["Turbo+1","Rebound"],"picked":"Tempest","floor":35.0},{"not_picked":["Sweeping Beam+1","Chaos"],"picked":"Rainbow","floor":36.0},{"not_picked":["Turbo","Ball Lightning"],"picked":"Loop+1","floor":37.0},{"not_picked":["Coolheaded","Fusion"],"picked":"Double Energy","floor":38.0},{"not_picked":["Sweeping Beam+1","Gash","Cold Snap"],"picked":"SKIP","floor":39.0},{"not_picked":["Leap","Doom and Gloom"],"picked":"Machine Learning","floor":40.0},{"not_picked":["Conserve Battery","Redo"],"picked":"Stack+1","floor":44.0},{"not_picked":["Chaos+1","Glacier"],"picked":"Aggregate+1","floor":45.0}],"player_experience":550343,"relics_obtained":[{"floor":6.0,"key":"Potion Belt"},{"floor":9.0,"key":"Akabeko"},{"floor":13.0,"key":"Vajra"},{"floor":14.0,"key":"Lantern"},{"floor":24.0,"key":"Ice Cream"},{"floor":26.0,"key":"Kunai"},{"floor":27.0,"key":"Darkstone Periapt"},{"floor":31.0,"key":"Ancient Tea Set"},{"floor":40.0,"key":"Thread and Needle"},{"floor":43.0,"key":"CeramicFish"},{"floor":45.0,"key":"Bag of Preparation"},{"floor":48.0,"key":"Toxic Egg 2"}],"event_choices":[{"damage_healed":0.0,"max_hp_gain":0.0,"max_hp_loss":0.0,"gold_gain":75.0,"event_name":"Golden Wing","player_choice":"Gained Gold","floor":8.0,"gold_loss":0.0,"damage_taken":0.0},{"cards_removed":["Strike_B"],"damage_healed":0.0,"max_hp_gain":0.0,"max_hp_loss":0.0,"gold_gain":0.0,"event_name":"The Cleric","player_choice":"Card Removal","floor":12.0,"gold_loss":75.0,"damage_taken":0.0},{"damage_healed":0.0,"max_hp_gain":0.0,"max_hp_loss":0.0,"gold_gain":0.0,"event_name":"Dead Adventurer","player_choice":"Searched \u00271\u0027 times","floor":14.0,"gold_loss":0.0,"damage_taken":0.0},{"damage_healed":0.0,"max_hp_gain":0.0,"max_hp_loss":0.0,"gold_gain":0.0,"event_name":"Upgrade Shrine","player_choice":"Upgraded","floor":20.0,"gold_loss":0.0,"damage_taken":0.0,"cards_upgraded":["Creative AI"]},{"cards_removed":["Streamline"],"damage_healed":0.0,"max_hp_gain":0.0,"max_hp_loss":0.0,"gold_gain":0.0,"event_name":"Falling","player_choice":"Removed Attack","floor":47.0,"gold_loss":0.0,"damage_taken":0.0}],"is_beta":false,"boss_relics":[{"not_picked":["Astrolabe","FrozenCore"],"picked":"Fusion Hammer"},{"not_picked":["Tiny House","Velvet Choker"],"picked":"Snecko Eye"}],"items_purged_floors":[3,22],"is_endless":false,"potions_floor_spawned":[1,4,7,13,16,27,28,29,33,35,36,37,45],"ascension_level":16}}