{"host":"vjt3l4e4gk5t90rp","time":1613757788,"event":{"mods":["BaseMod","Colored Map","Highlight Path","Minty Spire (QoL Compilation)","StSLib"],"gold_per_floor":[369,369,66,66,66,109,109,123,201,101,141,141,175,175,175,305,305,326,95,95,95,110,145,192,192,219,259,283,283,283,86,86,212,212,236,236,259,40,40,71,71,71,94,94,119,150,170,27,27,27],"floor_reached":51,"language":"KOR","playtime":5827,"items_purged":["Injury","Defend_G","Strike_G","Defend_G"],"score":830,"play_id":"fe3cc4ba-17dd-4cb1-9e77-dbff0e4a904a","local_time":"20210220030308","is_ascension_mode":true,"campfire_choices":[{"floor":7.0,"key":"REST"},{"floor":12.0,"key":"REST"},{"floor":15.0,"key":"REST"},{"floor":25.0,"key":"REST"},{"floor":29.0,"key":"REST"},{"data":"Calculated Gamble","floor":32.0,"key":"SMITH"},{"floor":41,"key":"REST"},{"floor":49,"key":"RECALL"}],"circlet_count":0,"master_deck":["Strike_G","Strike_G","Defend_G+1","Defend_G","Survivor","Neutralize","Noxious Fumes","Reflex+1","Noxious Fumes","Catalyst","Outmaneuver","PiercingWail","Quick Slash","Infinite Blades+1","Calculated Gamble+1","Infinite Blades+1","Prepared","Bullet Time","Acrobatics","Venomology","Poisoned Stab+1","Blade Dance","Eviscerate","Envenom+1","Terror"],"relics":["Ring of the Snake","Golden Idol","DollysMirror","Sundial","Snake Skull","White Beast Statue","Ornamental Fan","Odd Mushroom","Frozen Egg 2","Runic Pyramid","InkBottle","Ancient Tea Set","War Paint","Darkstone Periapt","Happy Flower","Empty Cage","Vajra","Mummified Hand","Toy Ornithopter","Pear","TheAbacus"],"acts_visited":["Exordium","TheCity","TheBeyond"],"potions_floor_usage":[35,35,35,37,40,40,45,45,46,46,47,47,50,50],"damage_taken":[{"damage":1.0,"enemies":"Jaw Worm","floor":1.0,"turns":5.0},{"damage":24.0,"enemies":"Lagavulin","floor":6.0,"turns":9.0},{"damage":0.0,"enemies":"Small Slimes","floor":8.0,"turns":3.0},{"damage":18.0,"enemies":"3 Sentries","floor":11.0,"turns":6.0},{"damage":20.0,"enemies":"The Mushroom Lair","floor":13.0,"turns":5.0},{"damage":35.0,"enemies":"Slime Boss","floor":16.0,"turns":9.0},{"damage":0.0,"enemies":"Spheric Guardian","floor":18.0,"turns":5.0},{"damage":5.0,"enemies":"Shell Parasite","floor":22.0,"turns":5.0},{"damage":14.0,"enemies":"Gremlin Leader","floor":23.0,"turns":6.0},{"damage":14.0,"enemies":"Slavers","floor":27.0,"turns":6.0},{"damage":5.0,"enemies":"Cultist and Chosen","floor":28.0,"turns":6.0},{"damage":1.0,"enemies":"Champ","floor":33.0,"turns":11.0},{"damage":12,"enemies":"3 Darklings","floor":35,"turns":5},{"damage":11,"enemies":"Orb Walker","floor":37,"turns":4},{"damage":17,"enemies":"Nemesis","floor":40,"turns":5},{"damage":18,"enemies":"Writhing Mass","floor":45,"turns":4},{"damage":7,"enemies":"Reptomancer","floor":46,"turns":4},{"damage":3,"enemies":"Maw","floor":47,"turns":6},{"damage":57,"enemies":"Time Eater","floor":50,"turns":9}],"seed_played":"5211040986945866802","potions_obtained":[{"floor":1.0,"key":"EssenceOfSteel"},{"floor":8.0,"key":"FearPotion"},{"floor":11.0,"key":"Fire Potion"},{"floor":13.0,"key":"SpeedPotion"},{"floor":16.0,"key":"Weak Potion"},{"floor":18.0,"key":"GamblersBrew"},{"floor":22.0,"key":"Dexterity Potion"},{"floor":27.0,"key":"ColorlessPotion"},{"floor":28.0,"key":"DistilledChaos"},{"floor":33.0,"key":"LiquidMemories"},{"floor":35,"key":"DuplicationPotion"},{"floor":37,"key":"Energy Potion"},{"floor":40,"key":"SteroidPotion"},{"floor":45,"key":"LiquidBronze"},{"floor":46,"key":"Swift Potion"},{"floor":47,"key":"SkillPotion"}],"is_trial":false,"path_per_floor":["M","?","$","?","?","E","R","M","T","$","E","R","?","T","R","B",null,"M","$","?","?","M","E","T","R","T","E","M","R","$","$","R","B",null,"M","?","M","$","?","E","R","$","T","$","M","E","M","$","R","B",null],"character_chosen":"THE_SILENT","items_purchased":["Reflex","DollysMirror","Infinite Blades+1","Calculated Gamble","Happy Flower","Acrobatics","Eviscerate","TheAbacus"],"campfire_rested":6,"item_purchase_floors":[3,3,19,19,31,31,38,48],"current_hp_per_floor":[48,48,48,45,45,21,42,42,42,42,24,45,25,25,46,11,70,70,70,70,54,49,35,35,56,56,42,37,58,58,58,58,57,70,58,58,47,47,47,30,51,51,51,51,43,56,63,63,63,16],"gold":27,"neow_bonus":"TWO_FIFTY_GOLD","is_daily":false,"chose_seed":false,"campfire_upgraded":1,"win_rate":0.0,"timestamp":1613757788,"path_taken":["M","?","$","?","?","E","R","M","T","$","E","R","?","?","R","BOSS","M","$","?","?","M","E","?","R","T","E","M","R","?","$","R","BOSS","M","?","?","$","?","E","R","?","T","$","M","E","?","?","R","BOSS"],"items_purchased_type":["Card","Relic","Card","Card","Relic","Card","Card","Relic"],"build_version":"2020-12-22","purchased_purges":4,"victory":true,"max_hp_per_floor":[70,70,70,70,70,70,70,70,70,70,70,70,70,70,70,70,70,70,70,70,70,70,70,70,70,70,70,70,70,70,70,70,70,70,70,70,70,70,70,70,70,70,70,70,70,80,80,80,80,80],"card_choices":[{"not_picked":["Blur","Distraction"],"picked":"Noxious Fumes","floor":1.0},{"not_picked":["Heel Hook","Backstab"],"picked":"Catalyst","floor":6.0},{"not_picked":["Blade Dance","Dagger Spray","Finisher"],"picked":"SKIP","floor":8.0},{"not_picked":["Reflex","Tactician"],"picked":"Outmaneuver","floor":11.0},{"not_picked":["Deflect","Blade Dance"],"picked":"PiercingWail","floor":13.0},{"not_picked":["Deflect","Well Laid Plans+1"],"picked":"Quick Slash","floor":18.0},{"not_picked":["PiercingWail+1","Quick Slash"],"picked":"Infinite Blades+1","floor":22.0},{"not_picked":["Flying Knee","Bane"],"picked":"Prepared","floor":23.0},{"not_picked":["PiercingWail","Dodge and Roll+1"],"picked":"Bullet Time","floor":27.0},{"not_picked":["Cloak And Dagger","Dagger Spray","PiercingWail"],"picked":"SKIP","floor":28.0},{"not_picked":["Malaise","Burst"],"picked":"Venomology","floor":33.0},{"not_picked":["Flying Knee+1","Calculated Gamble"],"picked":"Poisoned Stab+1","floor":35},{"not_picked":["Acrobatics+1","Accuracy+1","Crippling Poison+1"],"picked":"SKIP","floor":37},{"not_picked":["Heel Hook+1","Prepared"],"picked":"Envenom+1","floor":40},{"not_picked":["Endless Agony","Underhanded Strike+1","All Out Attack+1"],"picked":"SKIP","floor":45},{"not_picked":["Expertise","Riddle With Holes","Blade Dance"],"picked":"SKIP","floor":46},{"not_picked":["Endless Agony","Acrobatics"],"picked":"Terror","floor":47}],"player_experience":122280,"relics_obtained":[{"floor":6.0,"key":"Snake Skull"},{"floor":9.0,"key":"White Beast Statue"},{"floor":11.0,"key":"Ornamental Fan"},{"floor":13.0,"key":"Odd Mushroom"},{"floor":14.0,"key":"Frozen Egg 2"},{"floor":23.0,"key":"InkBottle"},{"floor":24.0,"key":"Ancient Tea Set"},{"floor":26.0,"key":"War Paint"},{"floor":27.0,"key":"Darkstone Periapt"},{"floor":40,"key":"Mummified Hand"},{"floor":43,"key":"Toy Ornithopter"},{"floor":46,"key":"Pear"}],"event_choices":[{"damage_healed":0.0,"max_hp_gain":0.0,"max_hp_loss":0.0,"gold_gain":0.0,"event_name":"Golden Idol","player_choice":"Take Wound","floor":2.0,"gold_loss":0.0,"damage_taken":0.0,"relics_obtained":["Golden Idol"],"cards_obtained":["Injury"]},{"damage_healed":0.0,"max_hp_gain":0.0,"max_hp_loss":0.0,"gold_gain":0.0,"event_name":"Scrap Ooze","player_choice":"Success","floor":4.0,"gold_loss":0.0,"damage_taken":3.0,"relics_obtained":["Sundial"]},{"damage_healed":0.0,"max_hp_gain":0.0,"max_hp_loss":0.0,"gold_gain":0.0,"event_name":"Shining Light","player_choice":"Ignored","floor":5.0,"gold_loss":0.0,"damage_taken":0.0},{"damage_healed":0.0,"max_hp_gain":0.0,"max_hp_loss":0.0,"gold_gain":0.0,"event_name":"Mushrooms","player_choice":"Fought Mushrooms","floor":13.0,"gold_loss":0.0,"damage_taken":0.0},{"damage_healed":0.0,"max_hp_gain":0.0,"max_hp_loss":0.0,"gold_gain":0.0,"event_name":"Vampires","player_choice":"Ignored","floor":20.0,"gold_loss":0.0,"damage_taken":0.0},{"damage_healed":0.0,"max_hp_gain":0.0,"max_hp_loss":0.0,"gold_gain":0.0,"event_name":"Cursed Tome","player_choice":"Obtained Book","floor":21.0,"gold_loss":0.0,"damage_taken":16.0},{"damage_healed":0,"gold_gain":0,"cards_transformed":["Strike_G"],"player_choice":"Transformed","damage_taken":0,"max_hp_gain":0,"max_hp_loss":0,"event_name":"Transmorgrifier","floor":36,"gold_loss":0,"cards_obtained":["Blade Dance"]},{"damage_healed":0,"gold_gain":0,"player_choice":"Gave Potion","damage_taken":0,"relics_obtained":["Vajra"],"max_hp_gain":0,"max_hp_loss":0,"event_name":"WeMeetAgain","floor":39,"gold_loss":0}],"is_beta":false,"boss_relics":[{"not_picked":["Snecko Eye","Busted Crown"],"picked":"Runic Pyramid"},{"not_picked":["Calling Bell","Astrolabe"],"picked":"Empty Cage"}],"items_purged_floors":[3,10,19,38],"is_endless":false,"potions_floor_spawned":[1,8,11,13,16,18,22,23,27,28,33,35,37,40,45,46,47],"ascension_level":1}}