{"host":"f5gffvlv6a66yqkd","time":1613730252,"event":{"mods":["2.2 Compatiblity","BaseMod","Colored Map","Custom Start","DeckTracker","Keyboard Shortcuts","Minty Spire (QoL Compilation)","Permanent Neow","Quick Restart","Relic Stats","StSLib","SuperFastMode"],"gold_per_floor":[10,27,37,57,132,132,164,176,176,176,176,176,195,195,195,289,289,305,345,395,395,395],"floor_reached":21,"language":"KOR","playtime":545,"items_purged":[],"score":402,"play_id":"62cbcf3c-ca11-4445-89e2-15ca80374d4a","local_time":"20210219192412","is_ascension_mode":true,"campfire_choices":[{"data":"Eruption","floor":6.0,"key":"SMITH"},{"data":"Adaptation","floor":10.0,"key":"SMITH"},{"floor":12.0,"key":"REST"},{"data":"ConjureBlade","floor":15.0,"key":"SMITH"}],"circlet_count":0,"master_deck":["AscendersBane","Eruption+1","Vigilance","BowlingBash","WreathOfFlame","EmptyFist","FearNoEvil","Adaptation+1","Collect","ConjureBlade+1","Wish","CutThroughFate","WreathOfFlame","Crescendo","CutThroughFate","FlyingSleeves","DeceiveReality+1"],"relics":["PureWater","Dead Branch","Letter Opener","Golden Idol","Pandora\u0027s Box"],"acts_visited":["Exordium","TheCity"],"potions_floor_usage":[18],"damage_taken":[{"damage":0.0,"enemies":"Cultist","floor":1.0,"turns":2.0},{"damage":2.0,"enemies":"Jaw Worm","floor":2.0,"turns":4.0},{"damage":0.0,"enemies":"2 Louse","floor":3.0,"turns":1.0},{"damage":7.0,"enemies":"Looter","floor":4.0,"turns":3.0},{"damage":0.0,"enemies":"Gremlin Nob","floor":7.0,"turns":2.0},{"damage":5.0,"enemies":"Gremlin Gang","floor":8.0,"turns":3.0},{"damage":8.0,"enemies":"Large Slime","floor":13.0,"turns":4.0},{"damage":2.0,"enemies":"The Guardian","floor":16.0,"turns":5.0},{"damage":32,"enemies":"Shell Parasite","floor":18,"turns":4},{"damage":11,"enemies":"2 Thieves","floor":19,"turns":4},{"damage":16,"enemies":"Snake Plant","floor":21,"turns":1}],"seed_played":"8664253306653652191","potions_obtained":[{"floor":1.0,"key":"FearPotion"},{"floor":7.0,"key":"CultistPotion"},{"floor":16.0,"key":"AttackPotion"}],"is_trial":false,"path_per_floor":["M","M","M","M","?","R","E","M","T","R","?","R","M","?","R","B",null,"M","M","?","M"],"character_chosen":"WATCHER","items_purchased":[],"campfire_rested":1,"item_purchase_floors":[],"current_hp_per_floor":[61,59,59,52,41,41,41,36,36,36,13,33,25,25,25,23,57,25,14,14,0,0],"gold":395,"neow_bonus":"TRANSFORM_TWO_CARDS","is_daily":false,"chose_seed":false,"campfire_upgraded":3,"win_rate":0.0,"timestamp":1613730252,"path_taken":["M","?","M","M","?","R","E","M","T","R","?","R","M","?","R","BOSS","M","?","?","?"],"items_purchased_type":[],"build_version":"2020-12-22","purchased_purges":0,"victory":false,"max_hp_per_floor":[68,68,68,68,68,68,68,68,68,68,68,68,68,68,68,68,68,68,68,68,68,68],"relic_stats":{"counters":[11,33],"Golden Idol":29,"Dead Branch":[30],"Pandora\u0027s Box":["CutThroughFate","WreathOfFlame","Crescendo","CutThroughFate","FlyingSleeves"],"Letter Opener":[37],"obtain_stats":[{"Golden Idol":11,"Dead Branch":7,"Pandora\u0027s Box":17,"Letter Opener":9,"PureWater":0},{"Golden Idol":6,"Dead Branch":5,"Pandora\u0027s Box":8,"Letter Opener":6,"PureWater":0},{"Golden Idol":15,"Dead Branch":12,"Pandora\u0027s Box":24,"Letter Opener":15,"PureWater":0}]},"card_choices":[{"not_picked":["Perseverance","Conclude","Crescendo"],"picked":"SKIP","floor":1.0},{"not_picked":["SashWhip","Halt"],"picked":"EmptyFist","floor":2.0},{"not_picked":["CutThroughFate","WaveOfTheHand"],"picked":"FearNoEvil","floor":3.0},{"not_picked":["Consecrate","Fasting2"],"picked":"Adaptation","floor":4.0},{"not_picked":["Halt","FlurryOfBlows","BowlingBash"],"picked":"SKIP","floor":7.0},{"not_picked":["EmptyBody","ThirdEye"],"picked":"Collect","floor":8.0},{"not_picked":["Sanctity","ClearTheMind","Halt"],"picked":"SKIP","floor":13.0},{"not_picked":["ConjureBlade","Omniscience"],"picked":"Wish","floor":16.0},{"not_picked":["CrushJoints","Nirvana"],"picked":"DeceiveReality+1","floor":18},{"not_picked":["Swivel","Vengeance+1","Sanctity"],"picked":"SKIP","floor":19}],"player_experience":1514306,"relics_obtained":[{"floor":7.0,"key":"Dead Branch"},{"floor":9.0,"key":"Letter Opener"}],"event_choices":[{"damage_healed":0.0,"max_hp_gain":0.0,"max_hp_loss":0.0,"gold_gain":75.0,"event_name":"World of Goop","player_choice":"Gather Gold","floor":5.0,"gold_loss":0.0,"damage_taken":11.0},{"damage_healed":0.0,"max_hp_gain":0.0,"max_hp_loss":0.0,"gold_gain":0.0,"event_name":"Golden Idol","player_choice":"Take Damage","floor":11.0,"gold_loss":0.0,"damage_taken":23.0,"relics_obtained":["Golden Idol"]},{"damage_healed":0.0,"max_hp_gain":0.0,"max_hp_loss":0.0,"gold_gain":0.0,"cards_transformed":["Strike_P"],"event_name":"Transmorgrifier","player_choice":"Transformed","floor":14.0,"gold_loss":0.0,"damage_taken":0.0,"cards_obtained":["ConjureBlade"]},{"damage_healed":0,"gold_gain":50,"player_choice":"Pray","damage_taken":0,"max_hp_gain":0,"max_hp_loss":0,"event_name":"Golden Shrine","floor":20,"gold_loss":0}],"is_beta":false,"boss_relics":[{"not_picked":["Philosopher\u0027s Stone","Cursed Key"],"picked":"Pandora\u0027s Box"}],"items_purged_floors":[],"is_endless":false,"potions_floor_spawned":[1,7,16],"killed_by":"Snake Plant","ascension_level":19}}