{"host":"uhi6g4fgvyietct9","time":1613743515,"event":{"mods":["AchievementEnabler","BaseMod","Colored Map","Colored Powertips","Minty Spire (QoL Compilation)","StSLib","SuperFastMode"],"gold_per_floor":[114,130,130,80,80,108,108,141,195,205,16,36,36,48,48,120,120,136,136,136,136,136],"floor_reached":21,"language":"KOR","playtime":485,"items_purged":["Strike_R"],"score":432,"play_id":"a32e9115-7653-42e6-8aec-0b20ad5c0df6","local_time":"20210219230515","is_ascension_mode":true,"campfire_choices":[{"data":"Fire Breathing","floor":7,"key":"SMITH"},{"data":"Reckless Charge","floor":13,"key":"SMITH"},{"data":"Dark Embrace","floor":15,"key":"SMITH"}],"circlet_count":0,"master_deck":["AscendersBane","Strike_R","Strike_R","Defend_R","Defend_R","Defend_R","Defend_R","Bash","Reckless Charge+1","Fire Breathing+1","Dropkick","Dark Embrace+1","Offering"],"relics":["Burning Blood","NeowsBlessing","Dream Catcher","Bag of Marbles","Bag of Preparation","PreservedInsect","Membership Card","Toy Ornithopter"],"acts_visited":["Exordium","TheCity"],"potions_floor_usage":[8,16,18],"damage_taken":[{"damage":0,"enemies":"Cultist","floor":1,"turns":1},{"damage":0,"enemies":"2 Louse","floor":2,"turns":1},{"damage":0,"enemies":"Lagavulin","floor":6,"turns":1},{"damage":20,"enemies":"3 Sentries","floor":8,"turns":4},{"damage":2,"enemies":"Jaw Worm","floor":10,"turns":3},{"damage":10,"enemies":"Gremlin Gang","floor":12,"turns":2},{"damage":4,"enemies":"2 Fungi Beasts","floor":14,"turns":4},{"damage":0,"enemies":"Slime Boss","floor":16,"turns":5},{"damage":17,"enemies":"Spheric Guardian","floor":18,"turns":3},{"damage":0,"enemies":"2 Thieves","floor":21,"turns":1}],"seed_played":"1875341833386913499","potions_obtained":[{"floor":1,"key":"Regen Potion"},{"floor":6,"key":"FearPotion"},{"floor":8,"key":"SpeedPotion"},{"floor":12,"key":"Explosive Potion"},{"floor":16,"key":"Explosive Potion"}],"is_trial":false,"path_per_floor":["M","M","?","?","?","E","R","E","T","M","$","M","R","M","R","B",null,"M","?","?","M"],"character_chosen":"IRONCLAD","items_purchased":["Membership Card"],"campfire_rested":0,"item_purchase_floors":[11],"current_hp_per_floor":[78,80,73,73,70,76,76,71,71,75,75,71,71,73,73,79,80,69,69,69,69,69],"gold":136,"neow_bonus":"THREE_ENEMY_KILL","is_daily":false,"chose_seed":false,"campfire_upgraded":3,"win_rate":0.0,"timestamp":1613743515,"path_taken":["M","M","?","?","?","E","R","E","T","M","$","?","R","?","R","BOSS","M","?","?","M"],"items_purchased_type":["Relic"],"build_version":"2020-12-22","purchased_purges":1,"victory":false,"max_hp_per_floor":[80,80,80,80,80,80,80,80,80,80,80,80,80,80,80,80,80,80,80,80,80,80],"card_choices":[{"not_picked":["Bloodletting","Shockwave","Armaments"],"picked":"SKIP","floor":1},{"not_picked":["Heavy Blade","Warcry"],"picked":"Reckless Charge","floor":2},{"not_picked":["Inflame","Headbutt"],"picked":"Fire Breathing","floor":6},{"not_picked":["Blood for Blood","Reaper"],"picked":"Dropkick","floor":8},{"not_picked":["Perfected Strike","Headbutt","Cleave"],"picked":"SKIP","floor":10},{"not_picked":["Warcry","Searing Blow","Carnage"],"picked":"SKIP","floor":12},{"not_picked":["Metallicize","Whirlwind"],"picked":"Dark Embrace","floor":14},{"not_picked":["Immolate","Corruption"],"picked":"Offering","floor":16},{"not_picked":["Cleave","Iron Wave","Thunderclap"],"picked":"SKIP","floor":18}],"player_experience":598488,"relics_obtained":[{"floor":6,"key":"Bag of Marbles"},{"floor":8,"key":"Bag of Preparation"},{"floor":9,"key":"PreservedInsect"}],"event_choices":[{"cards_removed":["Strike_R"],"damage_healed":0,"gold_gain":0,"player_choice":"Card Removal","damage_taken":7,"max_hp_gain":0,"max_hp_loss":0,"event_name":"Golden Wing","floor":3,"gold_loss":0},{"cards_removed":["Strike_R"],"damage_healed":0,"gold_gain":0,"player_choice":"Card Removal","damage_taken":0,"max_hp_gain":0,"max_hp_loss":0,"event_name":"The Cleric","floor":4,"gold_loss":50},{"damage_healed":0,"gold_gain":0,"player_choice":"Success","damage_taken":3,"relics_obtained":["Dream Catcher"],"max_hp_gain":0,"max_hp_loss":0,"event_name":"Scrap Ooze","floor":5,"gold_loss":0},{"damage_healed":0,"gold_gain":0,"player_choice":"Ignored","damage_taken":0,"max_hp_gain":0,"max_hp_loss":0,"event_name":"Vampires","floor":19,"gold_loss":0},{"damage_healed":0,"gold_gain":0,"player_choice":"Opened","damage_taken":0,"relics_obtained":["Toy Ornithopter"],"max_hp_gain":0,"max_hp_loss":0,"event_name":"The Mausoleum","floor":20,"gold_loss":0}],"is_beta":false,"boss_relics":[{"not_picked":["Snecko Eye","Ectoplasm","Runic Dome"]}],"items_purged_floors":[11],"is_endless":false,"potions_floor_spawned":[1,6,8,12,16],"killed_by":"2 Thieves","ascension_level":13}}