{"host":"2l5k2wp87eek7qja","time":1613751043,"event":{"mods":["BaseMod","Colored Map","Minty Spire (QoL Compilation)","Relic Stats"],"gold_per_floor":[113,30,305,315,326,326,326,359,405,405,165,130,161,178,178,250,250,263,10,10,210,221,221,221],"floor_reached":23,"language":"ENG","playtime":943,"items_purged":["Regret","Strike_G"],"score":394,"play_id":"1667543a-7869-4b2f-8074-b20abe476d74","local_time":"20210219181043","is_ascension_mode":true,"campfire_choices":[{"data":"Accuracy","floor":7.0,"key":"SMITH"},{"data":"Blade Dance","floor":10.0,"key":"SMITH"},{"data":"Cloak And Dagger","floor":15.0,"key":"SMITH"}],"circlet_count":0,"master_deck":["AscendersBane","Strike_G","Defend_G","Defend_G","Defend_G","Defend_G","Defend_G","Survivor","Neutralize","Blade Dance+1","Accuracy+1","Cloak And Dagger+1","Dagger Throw","Storm of Steel","Corpse Explosion","Expertise+1","Burst+1","Underhanded Strike+1","Envenom","Finisher+1"],"relics":["Ring of the Snake","NeowsBlessing","Pen Nib","Happy Flower","Bag of Preparation","Omamori","Astrolabe"],"acts_visited":["Exordium","TheCity"],"potions_floor_usage":[23,23],"damage_taken":[{"damage":0.0,"enemies":"2 Louse","floor":1.0,"turns":1.0},{"damage":0.0,"enemies":"Cultist","floor":4.0,"turns":1.0},{"damage":0.0,"enemies":"Small Slimes","floor":5.0,"turns":1.0},{"damage":39.0,"enemies":"Gremlin Nob","floor":8.0,"turns":4.0},{"damage":11.0,"enemies":"Lagavulin","floor":13.0,"turns":6.0},{"damage":0.0,"enemies":"2 Fungi Beasts","floor":14.0,"turns":2.0},{"damage":9,"enemies":"Hexaghost","floor":16,"turns":8},{"damage":5,"enemies":"2 Thieves","floor":18,"turns":2},{"damage":13,"enemies":"Spheric Guardian","floor":22,"turns":4},{"damage":46,"enemies":"Book of Stabbing","floor":23,"turns":4}],"seed_played":"4860564727399359023","potions_obtained":[{"floor":5.0,"key":"Swift Potion"},{"floor":8.0,"key":"Explosive Potion"},{"floor":18,"key":"BlessingOfTheForge"}],"is_trial":false,"path_per_floor":["M","$","?","M","M","?","R","E","T","R","$","?","E","M","R","B",null,"M","$","?","?","M","E"],"character_chosen":"THE_SILENT","items_purchased":["Accuracy","Bag of Preparation","Envenom"],"campfire_rested":0,"item_purchase_floors":[2,11,19],"current_hp_per_floor":[59,59,59,59,59,64,64,25,25,25,25,42,31,31,31,22,59,54,54,54,54,41,0,0],"gold":221,"neow_bonus":"THREE_ENEMY_KILL","is_daily":false,"chose_seed":false,"campfire_upgraded":3,"win_rate":0.0,"timestamp":1613751043,"path_taken":["M","$","?","M","?","?","R","E","T","R","$","?","E","M","R","BOSS","M","$","?","?","?","E"],"items_purchased_type":["Card","Relic","Card"],"build_version":"2020-12-22","purchased_purges":2,"victory":false,"max_hp_per_floor":[66,66,66,66,66,71,71,71,71,71,71,71,71,71,71,71,71,71,71,71,71,71,71,71],"relic_stats":{"Happy Flower":[8],"counters":[10,33],"Astrolabe":["Expertise","Burst","Underhanded Strike"],"Pen Nib":[8],"Bag of Preparation":[12],"obtain_stats":[{"NeowsBlessing":0,"Happy Flower":9,"Astrolabe":17,"Pen Nib":8,"Bag of Preparation":11,"Omamori":13,"Ring of the Snake":0},{"NeowsBlessing":0,"Happy Flower":4,"Astrolabe":7,"Pen Nib":4,"Bag of Preparation":4,"Omamori":5,"Ring of the Snake":0},{"NeowsBlessing":0,"Happy Flower":7,"Astrolabe":23,"Pen Nib":7,"Bag of Preparation":7,"Omamori":13,"Ring of the Snake":0}],"Ring of the Snake":[20]},"card_choices":[{"not_picked":["Acrobatics","Bane"],"picked":"Blade Dance","floor":1.0},{"not_picked":["Backflip","Reflex","Bane"],"picked":"SKIP","floor":4.0},{"not_picked":["Dagger Spray","Outmaneuver"],"picked":"Cloak And Dagger","floor":5.0},{"not_picked":["Dodge and Roll","Concentrate"],"picked":"Dagger Throw","floor":8.0},{"not_picked":["Catalyst","Heel Hook"],"picked":"Storm of Steel","floor":13.0},{"not_picked":["Masterful Stab","Poisoned Stab","All Out Attack"],"picked":"SKIP","floor":14.0},{"not_picked":["After Image","Tools of the Trade"],"picked":"Corpse Explosion","floor":16},{"not_picked":["Distraction","Dodge and Roll","Flying Knee"],"picked":"SKIP","floor":18},{"not_picked":["Calculated Gamble","Bane"],"picked":"Finisher+1","floor":22}],"player_experience":806482,"relics_obtained":[{"floor":8.0,"key":"Pen Nib"},{"floor":9.0,"key":"Happy Flower"},{"floor":13.0,"key":"Omamori"}],"event_choices":[{"damage_healed":0.0,"max_hp_gain":0.0,"max_hp_loss":0.0,"gold_gain":275.0,"event_name":"Golden Shrine","player_choice":"Desecrate","floor":3.0,"gold_loss":0.0,"damage_taken":0.0,"cards_obtained":["Regret"]},{"damage_healed":0.0,"max_hp_gain":5.0,"max_hp_loss":0.0,"gold_gain":0.0,"event_name":"Big Fish","player_choice":"Donut","floor":6.0,"gold_loss":0.0,"damage_taken":0.0},{"damage_healed":17.0,"max_hp_gain":0.0,"max_hp_loss":0.0,"gold_gain":0.0,"event_name":"The Cleric","player_choice":"Healed","floor":12.0,"gold_loss":35.0,"damage_taken":0.0},{"damage_healed":0,"gold_gain":0,"player_choice":"Ignored","damage_taken":0,"max_hp_gain":0,"max_hp_loss":0,"event_name":"Vampires","floor":20,"gold_loss":0},{"damage_healed":0,"gold_gain":200,"player_choice":"Gold","damage_taken":0,"max_hp_gain":0,"max_hp_loss":0,"event_name":"Wheel of Change","floor":21,"gold_loss":0}],"is_beta":false,"boss_relics":[{"not_picked":["Pandora\u0027s Box","Ring of the Serpent"],"picked":"Astrolabe"}],"items_purged_floors":[11,19],"is_endless":false,"potions_floor_spawned":[5,8,18],"killed_by":"Book of Stabbing","ascension_level":20}}