{"host":"q6ff4ns2kep02ti6","time":1613750709,"event":{"mods":["AchievementEnabler","BaseMod","Minty Spire (QoL Compilation)","Relic Stats","StSLib","Unceasing Turn Reminder"],"gold_per_floor":[119,130,130,148,168,168,198,198,221,247,267,287,145,145,145,275,275,294,334,348,2,2,2,2],"floor_reached":23,"language":"ENG","playtime":1516,"items_purged":["Strike_B","Strike_B"],"score":302,"play_id":"b6fe50d6-b519-4977-a3dd-2b4979b4392d","local_time":"20210219170509","is_ascension_mode":true,"campfire_choices":[{"data":"The Bomb","floor":6,"key":"SMITH"},{"data":"Self Repair","floor":8,"key":"SMITH"},{"floor":15,"key":"REST"}],"circlet_count":0,"master_deck":["AscendersBane","Strike_B","Defend_B","Defend_B","Defend_B","Defend_B","Zap","Dualcast","The Bomb+1","Self Repair+1","Static Discharge","Go for the Eyes","Undo","Stack","Conserve Battery","Doom and Gloom","Echo Form","Stack+1","Coolheaded","Echo Form","Dark Shackles"],"relics":["Cracked Core","Omamori","PreservedInsect","Orichalcum","Bloody Idol","Snecko Eye","Red Mask","DollysMirror"],"acts_visited":["Exordium","TheCity"],"potions_floor_usage":[16,19,20,23],"damage_taken":[{"damage":0,"enemies":"Cultist","floor":1,"turns":3},{"damage":14,"enemies":"Small Slimes","floor":2,"turns":4},{"damage":7,"enemies":"Jaw Worm","floor":4,"turns":3},{"damage":12,"enemies":"Looter","floor":5,"turns":4},{"damage":20,"enemies":"3 Sentries","floor":7,"turns":4},{"damage":24,"enemies":"Gremlin Nob","floor":10,"turns":4},{"damage":9,"enemies":"3 Louse","floor":11,"turns":6},{"damage":0,"enemies":"Large Slime","floor":12,"turns":5},{"damage":28,"enemies":"The Guardian","floor":16,"turns":13},{"damage":17,"enemies":"2 Thieves","floor":18,"turns":4},{"damage":31,"enemies":"Masked Bandits","floor":19,"turns":4},{"damage":6,"enemies":"Shell Parasite","floor":20,"turns":5},{"damage":49,"enemies":"Slavers","floor":23,"turns":4}],"seed_played":"-4788663082873511429","potions_obtained":[{"floor":2,"key":"Energy Potion"},{"floor":4,"key":"Dexterity Potion"},{"floor":12,"key":"SteroidPotion"},{"floor":16,"key":"Explosive Potion"},{"floor":19,"key":"DuplicationPotion"}],"is_trial":false,"path_per_floor":["M","M","?","M","M","R","E","R","T","E","M","M","$","?","R","B",null,"M","?","M","$","?","E"],"character_chosen":"DEFECT","items_purchased":["Doom and Gloom","DollysMirror","Dark Shackles"],"campfire_rested":1,"item_purchase_floors":[13,21,21],"current_hp_per_floor":[68,61,54,54,49,49,36,36,36,22,23,33,33,16,36,18,56,39,28,42,42,42,0,0],"gold":2,"neow_bonus":"RANDOM_COLORLESS_2","is_daily":false,"chose_seed":false,"campfire_upgraded":2,"win_rate":0.0,"timestamp":1613750709,"path_taken":["M","?","?","M","M","R","E","R","T","E","M","M","$","?","R","BOSS","M","?","M","$","?","E"],"items_purchased_type":["Card","Relic","Card"],"build_version":"2020-12-22","purchased_purges":2,"victory":false,"max_hp_per_floor":[68,68,68,68,68,68,68,68,68,68,68,68,68,68,68,68,68,68,68,68,68,68,68,68],"relic_stats":{"counters":[13,63],"Bloody Idol":0,"Snecko Eye":[19,35,31,26],"PreservedInsect":64,"Orichalcum":[66],"obtain_stats":[{"Golden Idol":14,"DollysMirror":21,"Bloody Idol":22,"Snecko Eye":17,"PreservedInsect":9,"Omamori":7,"Red Mask":19,"Orichalcum":10,"Cracked Core":0},{"Golden Idol":8,"DollysMirror":12,"Bloody Idol":12,"Snecko Eye":9,"PreservedInsect":5,"Omamori":5,"Red Mask":11,"Orichalcum":6,"Cracked Core":0},{"Golden Idol":33,"DollysMirror":59,"Bloody Idol":59,"Snecko Eye":46,"PreservedInsect":18,"Omamori":18,"Red Mask":54,"Orichalcum":22,"Cracked Core":0}]},"card_choices":[{"not_picked":["Violence","Mayhem"],"picked":"The Bomb","floor":0},{"not_picked":["Sweeping Beam","Hologram"],"picked":"Self Repair","floor":1},{"not_picked":["Capacitor","Steam Power"],"picked":"Static Discharge","floor":2},{"not_picked":["Gash","Redo"],"picked":"Go for the Eyes","floor":4},{"not_picked":["Gash","Hyperbeam","Streamline"],"picked":"SKIP","floor":5},{"not_picked":["Tempest","Beam Cell","Redo"],"picked":"SKIP","floor":7},{"not_picked":["Steam","Loop"],"picked":"Undo","floor":10},{"not_picked":["Barrage","Fusion"],"picked":"Stack","floor":11},{"not_picked":["Beam Cell","Compile Driver"],"picked":"Conserve Battery","floor":12},{"not_picked":["Machine Learning","Creative AI"],"picked":"Echo Form","floor":16},{"not_picked":["Barrage+1","Go for the Eyes","Hologram"],"picked":"SKIP","floor":18},{"not_picked":["Rip and Tear+1","Tempest"],"picked":"Stack+1","floor":19},{"not_picked":["Leap","Cold Snap"],"picked":"Coolheaded","floor":20}],"player_experience":1084713,"relics_obtained":[{"floor":7,"key":"Omamori"},{"floor":9,"key":"PreservedInsect"},{"floor":10,"key":"Orichalcum"},{"floor":19,"key":"Red Mask"}],"event_choices":[{"cards_removed":["Strike_B"],"damage_healed":0,"gold_gain":0,"player_choice":"Card Removal","damage_taken":7,"max_hp_gain":0,"max_hp_loss":0,"event_name":"Golden Wing","floor":3,"gold_loss":0},{"damage_healed":0,"gold_gain":0,"player_choice":"Take Damage","damage_taken":17,"relics_obtained":["Golden Idol"],"max_hp_gain":0,"max_hp_loss":0,"event_name":"Golden Idol","floor":14,"gold_loss":0},{"damage_healed":0,"gold_gain":0,"player_choice":"Fought Bandits","damage_taken":0,"max_hp_gain":0,"max_hp_loss":0,"event_name":"Masked Bandits","floor":19,"gold_loss":0},{"damage_healed":0,"gold_gain":0,"player_choice":"Gave Idol","damage_taken":0,"relics_obtained":["Bloody Idol"],"max_hp_gain":0,"max_hp_loss":0,"event_name":"Forgotten Altar","floor":22,"relics_lost":["Golden Idol"],"gold_loss":0}],"is_beta":false,"boss_relics":[{"not_picked":["Coffee Dripper","Pandora\u0027s Box"],"picked":"Snecko Eye"}],"items_purged_floors":[13,21],"is_endless":false,"potions_floor_spawned":[2,4,12,16,19],"killed_by":"Slavers","ascension_level":10}}