{"host":"373g0ui1bgeshz9m","time":1613754650,"event":{"mods":["Act Like it!","Aspiration","BaseMod","Beaked The Cultist","Better Third Choice","Colored Map","Conspire","Downfall","Halation","Hermit","Hubris","Infinite Spire","Minty Spire (QoL Compilation)","Pale of the Ancients","Permanent Neow","Quick Restart","Replay The Spire","Shade Mod","Shop Mod","Spikes Relics","StSLib","The Animator","The Bladedancer","The Florist","The Jungle","The Necromancer","The Sage","Trackpad"],"gold_per_floor":[110,31,131,55,55,90,107,127,195,195,39,39,72,72,72,172,172,189,288,288,288,81,114,160,160,185,185,197,229,29,45,45,141,141,152,32,43,43,43,73,73,0,77,90,29,63,63,111,111,111],"floor_reached":51,"language":"ENG","playtime":7045,"items_purged":["Strike_P"],"score":753,"play_id":"207a1c59-4dbd-4637-9c67-ea913654fba8","local_time":"20210219121050","is_ascension_mode":true,"campfire_choices":[{"data":"Wallop","floor":12,"key":"SMITH"},{"floor":15,"key":"DIG"},{"data":"Ragnarok","floor":25,"key":"SMITH"},{"data":"Alpha","floor":32,"key":"SMITH"},{"data":"Eruption","floor":41,"key":"SMITH"},{"data":"DevaForm","floor":47,"key":"SMITH"},{"data":"MentalFortress","floor":49,"key":"SMITH"}],"circlet_count":0,"master_deck":["Strike_P","Strike_P","Strike_P","Defend_P","Defend_P","Defend_P","Defend_P","Eruption+1","Vigilance","TalkToTheHand","Wallop+1","CarveReality","SandsOfTime","FollowUp","EmptyFist","DeceiveReality","Ragnarok+1","JustLucky","Eruption+1","Eruption+1","Crescendo","Conclude","ClearTheMind","Alpha+1","MentalFortress+1","FlurryOfBlows","DevaForm+1","Consecrate+1","EmptyFist","EmptyMind","CutThroughFate+1","MentalFortress+1","MentalFortress"],"relics":["PureWater","aspiration:Nostalgia","beaked:MendingPlumage","Ancient Tea Set","hubris:PeanutButter","Juzu Bracelet","infinitespire:CursedDice","Iron Hammer","conspire:DecoderRing","hubris:SlimyHat","Bronze Scales","infinitespire:Beetle Shell","halation:KoshaPiece","hubris:Towel","Chameleon Ring","infinitespire:Satchel","halation:EternalFortune","Simple Rune","Red Mask","ReplayTheSpireMod:Shallot","Ice Cream","SpikesRelics:DaevaFist"],"acts_visited":["Exordium","TheCity","TheBeyond"],"potions_floor_usage":[40],"damage_taken":[{"damage":0,"enemies":"Small Slimes","floor":1,"turns":2},{"damage":16,"enemies":"Gremlin Nob","floor":6,"turns":5},{"damage":0,"enemies":"Cultist","floor":7,"turns":2},{"damage":0,"enemies":"2 Louse","floor":8,"turns":2},{"damage":13,"enemies":"Lagavulin","floor":13,"turns":4},{"damage":53,"enemies":"Fading Forest","floor":16,"turns":11},{"damage":0,"enemies":"Chosen","floor":18,"turns":5},{"damage":28,"enemies":"Replay:Snechameleon","floor":23,"turns":6},{"damage":0,"enemies":"2 Thieves","floor":28,"turns":1},{"damage":36,"enemies":"Book of Stabbing","floor":29,"turns":5},{"damage":0,"enemies":"Snake Plant","floor":31,"turns":2},{"damage":58,"enemies":"Collector","floor":33,"turns":8},{"damage":0,"enemies":"3 Shapes","floor":35,"turns":2},{"damage":2,"enemies":"Orb Walker","floor":37,"turns":3},{"damage":39,"enemies":"Nemesis","floor":40,"turns":5},{"damage":1,"enemies":"Sphere and 2 Shapes","floor":44,"turns":1},{"damage":128,"enemies":"Giant Head","floor":46,"turns":12},{"damage":86,"enemies":"Awakened One","floor":50,"turns":11}],"seed_played":"-7406409610469178484","potions_obtained":[{"floor":1,"key":"hexamod:SoulburnPotion"},{"floor":13,"key":"Regen Potion"},{"floor":23,"key":"Guardian:BlockOnCardUsePotion"},{"floor":29,"key":"LiquidBronze"},{"floor":31,"key":"DuplicationPotion"},{"floor":44,"key":"Guardian:BlockOnCardUsePotion"}],"is_trial":false,"path_per_floor":["M","$","?","$","?","E","M","M","T","?","$","R","E","?","R_BF","B",null,"M","?","?","?","$","E","T","R","T","?","M","E","$","M","R","B",null,"M","$","M","?","?","E","R","?","T","M","$","E","R","T","R","B",null],"character_chosen":"WATCHER","items_purchased":["Wallop","CarveReality","Juzu Bracelet","Crescendo","hubris:SlimyHat","infinitespire:Satchel","MentalFortress+1","EmptyFist","MentalFortress"],"campfire_rested":0,"item_purchase_floors":[2,4,11,22,22,30,30,36,45],"current_hp_per_floor":[72,72,72,72,72,63,70,72,72,72,72,72,65,65,65,32,72,72,72,72,72,72,56,56,56,56,56,59,39,39,45,45,14,72,72,72,72,72,75,50,50,50,50,55,55,58,58,58,58,33],"gold":111,"neow_bonus":"NOSTALGIA","is_daily":false,"chose_seed":false,"campfire_upgraded":6,"win_rate":0.0,"timestamp":1613754650,"path_taken":["M","$","?","$","?","E","M","M","T","?","?","R","E","?","R_BF","BOSS","M","?","?","?","?","E","?","R","T","?","M","E","$","M","R","BOSS","M","$","M","?","?","E","R","?","T","M","$","E","R","?","R","BOSS"],"items_purchased_type":["Card","Card","Relic","Card","Relic","Relic","Card","Card","Card"],"build_version":"2020-12-22","purchased_purges":1,"victory":true,"max_hp_per_floor":[72,72,72,72,72,72,72,72,72,72,72,72,72,72,72,72,72,72,72,72,72,72,72,72,72,72,72,72,72,72,72,72,72,72,72,72,72,72,75,75,75,75,75,75,75,78,78,78,78,78],"card_choices":[{"not_picked":["EmptyBody","Crescendo"],"picked":"TalkToTheHand","floor":1},{"not_picked":["Devotion","BowlingBash"],"picked":"SandsOfTime","floor":6},{"not_picked":["Prostrate","Indignation"],"picked":"FollowUp","floor":7},{"not_picked":["JustLucky","ClearTheMind"],"picked":"EmptyFist","floor":8},{"not_picked":["Wireheading","EmptyFist"],"picked":"DeceiveReality","floor":13},{"not_picked":["ConjureBlade","Establishment"],"picked":"Ragnarok","floor":16},{"not_picked":["Replay:Anticipation","Replay:Cycle"],"picked":"JustLucky","floor":18},{"not_picked":["Protect","Replay:BluntJabs"],"picked":"Conclude","floor":23},{"not_picked":["JustLucky+1","Replay:AtTheReady"],"picked":"ClearTheMind","floor":28},{"not_picked":["Wireheading","TalkToTheHand"],"picked":"Alpha","floor":29},{"not_picked":["Sanctity+1","Replay:AtTheReady"],"picked":"FlurryOfBlows","floor":31},{"not_picked":["Wish","Replay:AllIn"],"picked":"DevaForm","floor":33},{"not_picked":["WreathOfFlame+1","FlyingSleeves"],"picked":"Consecrate+1","floor":35},{"not_picked":["SashWhip","SandsOfTime+1","Wallop+1"],"picked":"SKIP","floor":37},{"not_picked":["Worship+1","CrushJoints"],"picked":"EmptyMind","floor":40},{"not_picked":["Replay:DivineShield+1","Collect+1"],"picked":"CutThroughFate+1","floor":44},{"not_picked":["FollowUp","Protect+1","FlurryOfBlows"],"picked":"SKIP","floor":46}],"player_experience":391729,"relics_obtained":[{"floor":6,"key":"Ancient Tea Set"},{"floor":9,"key":"hubris:PeanutButter"},{"floor":13,"key":"infinitespire:CursedDice"},{"floor":15,"key":"conspire:DecoderRing"},{"floor":23,"key":"Bronze Scales"},{"floor":24,"key":"infinitespire:Beetle Shell"},{"floor":26,"key":"halation:KoshaPiece"},{"floor":29,"key":"Chameleon Ring"},{"floor":40,"key":"Simple Rune"},{"floor":43,"key":"ReplayTheSpireMod:Shallot"},{"floor":46,"key":"halation:EternalFortune"},{"floor":46,"key":"Ice Cream"},{"floor":48,"key":"SpikesRelics:DaevaFist"}],"event_choices":[{"damage_healed":0,"gold_gain":100,"player_choice":"Gold","damage_taken":0,"max_hp_gain":0,"max_hp_loss":0,"event_name":"Wheel of Change","floor":3,"gold_loss":0},{"damage_healed":0,"gold_gain":0,"player_choice":"Leave","damage_taken":0,"max_hp_gain":0,"max_hp_loss":0,"event_name":"conspire:Investor","floor":5,"gold_loss":0},{"damage_healed":0,"gold_gain":0,"player_choice":"Gave Potion","damage_taken":0,"relics_obtained":["Iron Hammer"],"max_hp_gain":0,"max_hp_loss":0,"event_name":"WeMeetAgain","floor":14,"gold_loss":0},{"damage_healed":0,"gold_gain":99,"player_choice":"Steal","damage_taken":0,"max_hp_gain":0,"max_hp_loss":0,"event_name":"betterThird:BetterNest","floor":19,"gold_loss":0},{"damage_healed":0,"gold_gain":0,"player_choice":"Copied","damage_taken":0,"max_hp_gain":0,"max_hp_loss":0,"event_name":"Duplicator","floor":20,"gold_loss":0,"cards_obtained":["Eruption"]},{"damage_healed":0,"gold_gain":0,"player_choice":"1 cards matched","damage_taken":0,"max_hp_gain":0,"max_hp_loss":0,"event_name":"Match and Keep!","floor":21,"gold_loss":0,"cards_obtained":["Eruption"]},{"damage_healed":0,"gold_gain":0,"player_choice":"Paid","damage_taken":0,"relics_obtained":["Red Mask"],"max_hp_gain":0,"max_hp_loss":0,"event_name":"Tomb of Lord Red Mask","floor":42,"gold_loss":73}],"is_beta":false,"boss_relics":[{"not_picked":["aspiration:FutureDiary","Kintsugi","hubris:CrackedHourglass"]},{"not_picked":["conspire:SeveredTorchhead","conspire:RunicOctahedron","halation:PlatinumPhoenix"]}],"items_purged_floors":[36],"is_endless":false,"potions_floor_spawned":[1,13,23,29,31,44],"ascension_level":1}}