{"host":"lwys0gbp6t40j7jh","time":1613732025,"event":{"mods":["Act Like it!","Arknights","BaseMod","CapriCore","Downfall","Friendly Minions","GifTheSpireLib","Luminous","Minty Spire (QoL Compilation)","StSLib","SuperFastMode","The Marked"],"gold_per_floor":[99,117,117,48,68,68,145,55,72,96,109,109,129,22,41,143,143,43,54,66,78,88,88,88,88,32,52,52,77,77,96,110,110,110,110],"floor_reached":33,"language":"ENG","playtime":920,"items_purged":["hexamod:Strike"],"score":243,"play_id":"11d84fdf-1c67-4169-acbb-b862d9cc7ef7","local_time":"20210219115345","is_ascension_mode":false,"campfire_choices":[{"floor":1,"key":"RECALL"},{"data":"hexamod:GhostLash","floor":6,"key":"SMITH"},{"data":"hexamod:GhostLash","floor":18,"key":"SMITH"},{"data":"hexamod:Float","floor":25,"key":"SMITH"},{"floor":30,"key":"REST"}],"circlet_count":0,"master_deck":["hexamod:Strike","hexamod:Strike","hexamod:Strike","hexamod:Defend","hexamod:Defend","hexamod:Defend","hexamod:Defend","hexamod:Sear","hexamod:Float+1","hexamod:GhostLash+1","hexamod:RecurringNightmare","hexamod:Hexaguard","hexamod:NightmareStrike","Dramatic Entrance","hexamod:GhostLash+1","hexamod:SecondSeal","hexamod:Hexaguard","hexamod:NightmareGuise","hexamod:GhostShield","hexamod:AdvancingGuard","hexamod:SpectersWail+1"],"relics":["hexamod:SpiritBrand","InkBottle","Odd Mushroom","Regal Pillow","Sozu","downfall:HeartBlessingRed","MutagenicStrength","Tiny Chest"],"acts_visited":["Exordium","TheCity"],"potions_floor_usage":[11,14,14],"damage_taken":[{"damage":0,"enemies":"Small Slimes","floor":2,"turns":3},{"damage":0,"enemies":"downfall:FleeingMerchant","floor":4,"turns":4},{"damage":0,"enemies":"Jaw Worm","floor":5,"turns":4},{"damage":0,"enemies":"downfall:FleeingMerchant","floor":8,"turns":4},{"damage":1,"enemies":"2 Louse","floor":9,"turns":3},{"damage":9,"enemies":"The Mushroom Lair","floor":10,"turns":4},{"damage":0,"enemies":"Large Slime","floor":11,"turns":4},{"damage":2,"enemies":"3 Louse","floor":13,"turns":5},{"damage":5,"enemies":"downfall:FleeingMerchant","floor":14,"turns":4},{"damage":0,"enemies":"Exordium Wildlife","floor":15,"turns":3},{"damage":48,"enemies":"DF_ARCHETYPE_STREAMLINE","floor":16,"turns":9},{"damage":5,"enemies":"downfall:LooterAlt2","floor":19,"turns":3},{"damage":0,"enemies":"Spheric Guardian","floor":20,"turns":3},{"damage":0,"enemies":"Cultist and Chosen","floor":21,"turns":4},{"damage":4,"enemies":"Shelled Parasite and Fungi","floor":22,"turns":4},{"damage":15,"enemies":"downfall:FleeingMerchant","floor":26,"turns":4},{"damage":3,"enemies":"Sentry and Sphere","floor":27,"turns":4},{"damage":4,"enemies":"Snake Plant","floor":29,"turns":3},{"damage":2,"enemies":"Shelled Parasite and Fungi","floor":31,"turns":5},{"damage":3,"enemies":"Sentry and Sphere","floor":32,"turns":4},{"damage":78,"enemies":"IC_MUSHROOM_ARCHETYPE","floor":33,"turns":12}],"seed_played":"-1347700636556291611","potions_obtained":[{"floor":5,"key":"SpeedPotion"},{"floor":9,"key":"hexamod:SoulburnPotion"},{"floor":10,"key":"BlessingOfTheForge"},{"floor":11,"key":"Strength Potion"}],"is_trial":false,"path_per_floor":["R","M","?","$","M","R","T","$","M","?","M","T","M","$","M","B",null,"R","M","M","M","M","?","T","R","$","M","?","M","R","M","M","B"],"character_chosen":"THE_SPIRIT","items_purchased":["hexamod:Hexaguard","Dramatic Entrance","hexamod:Hexaguard"],"campfire_rested":1,"item_purchase_floors":[4,14,26],"current_hp_per_floor":[77,77,77,77,77,77,77,77,76,67,67,67,65,60,60,12,77,77,72,72,72,68,68,68,68,53,50,50,46,77,75,72,0,0,0],"gold":110,"neow_bonus":"TEN_PERCENT_HP_BONUS","is_daily":false,"chose_seed":false,"campfire_upgraded":3,"win_rate":0.0,"timestamp":1613732025,"path_taken":["R","M","?","$","M","R","T","$","M","?","M","?","M","$","M","BOSS","R","M","M","M","M","?","T","R","$","M","?","M","R","M","M","BOSS"],"items_purchased_type":["Card","Card","Card"],"build_version":"2020-12-22","purchased_purges":1,"victory":false,"max_hp_per_floor":[77,77,77,77,77,77,77,77,77,77,77,77,77,77,77,77,77,77,77,77,77,77,77,77,77,77,77,77,77,77,77,77,77,77,77],"card_choices":[{"not_picked":["hexamod:Firestarter","hexamod:GhostOfSpirePast"],"picked":"hexamod:GhostLash","floor":2},{"not_picked":["hexamod:PowerFromBeyond","hexamod:ThirdSeal"],"picked":"hexamod:RecurringNightmare","floor":4},{"not_picked":["hexamod:SwordOfDarkness","hexamod:ShieldOfDarkness","hexamod:FlamesFromBeyond"],"picked":"SKIP","floor":5},{"not_picked":["hexamod:Firestarter","hexamod:ThirdSeal","hexamod:SkipABeat"],"picked":"SKIP","floor":8},{"not_picked":["hexamod:AdvancingGuard","hexamod:StepThrough"],"picked":"hexamod:NightmareStrike","floor":9},{"not_picked":["hexamod:PhantomFireball","hexamod:RetreatToShadows","hexamod:ThermalTransfer"],"picked":"SKIP","floor":11},{"not_picked":["hexamod:ShieldOfDarkness","hexamod:FlamesFromBeyond","hexamod:HeatMetal"],"picked":"SKIP","floor":13},{"not_picked":["hexamod:Firestarter","hexamod:SwordOfDarkness","hexamod:FlamesFromBeyond"],"picked":"SKIP","floor":14},{"not_picked":["hexamod:ShieldOfDarkness","hexamod:Firestarter"],"picked":"hexamod:GhostLash","floor":15},{"not_picked":["hexamod:FastForward+1","hexamod:SkipABeat+1"],"picked":"hexamod:SecondSeal","floor":19},{"not_picked":["hexamod:RainOfEmbers","hexamod:Rewind","hexamod:HeatShield+1"],"picked":"SKIP","floor":20},{"not_picked":["hexamod:RetreatToShadows","hexamod:NightmareStrike","hexamod:HeatMetal+1"],"picked":"SKIP","floor":21},{"not_picked":["hexamod:Firestarter","hexamod:NightmareStrike","hexamod:BacktrackSmack+1"],"picked":"SKIP","floor":22},{"not_picked":["hexamod:SkipABeat","hexamod:HeatMetal","hexamod:BacktrackSmack+1"],"picked":"SKIP","floor":26},{"not_picked":["hexamod:ThermalTransfer","hexamod:GhostLash"],"picked":"hexamod:NightmareGuise","floor":27},{"not_picked":["hexamod:GhostLash+1","hexamod:NightmareStrike"],"picked":"hexamod:GhostShield","floor":29},{"not_picked":["hexamod:GhostflameInferno","hexamod:SwordOfDarkness+1"],"picked":"hexamod:AdvancingGuard","floor":31},{"not_picked":["hexamod:EtherealExpedition","hexamod:NightmareGuise"],"picked":"hexamod:SpectersWail+1","floor":32}],"player_experience":1254012,"relics_obtained":[{"floor":7,"key":"InkBottle"},{"floor":10,"key":"Odd Mushroom"},{"floor":12,"key":"Regal Pillow"},{"floor":24,"key":"Tiny Chest"}],"event_choices":[{"damage_healed":0,"gold_gain":0,"player_choice":"Fought Mushrooms","damage_taken":0,"max_hp_gain":0,"max_hp_loss":0,"event_name":"Mushrooms","floor":10,"gold_loss":0},{"damage_healed":0,"gold_gain":0,"player_choice":"Inject Mutagens","damage_taken":0,"relics_obtained":["MutagenicStrength"],"max_hp_gain":0,"max_hp_loss":0,"event_name":"Drug Dealer","floor":23,"gold_loss":0}],"is_beta":false,"boss_relics":[{"not_picked":["Cursed Key","Astrolabe"],"picked":"Sozu"}],"items_purged_floors":[8],"is_endless":false,"potions_floor_spawned":[5,9,10,11,13,19,22,27,32],"killed_by":"IC_MUSHROOM_ARCHETYPE","ascension_level":0}}