{"host":"sxaoifcprvg3ww0o","time":1613729324,"event":{"mods":["Act Like it!","Arknights","BaseMod","Downfall","GifTheSpireLib","Hermit","KinomotoSakuraMod(ƒæ÷Æ±æ”£)","Lobotomy","LobotomyExtend","Marisa£®ÏF”Í°°ƒß¿Ì…≥£©","Minty Spire (QoL Compilation)","Prisma Mod","Quick Restart","Reimu£®≤©¿ˆ¡È√Œ£©","Reliquary","Remilia£®¿Ÿ√◊¿Ú—«£©","Replay The Spire","StSLib","The Bug Knight","The Senshi","Waifu the Spire","WarShipGirlsR/’ΩΩ¢…Ÿ≈ÆR mod","Yakumo Yukari mod","Youmu£®ªÍ∆«—˝√Œ£©","Yuyuko","°æ“≈ŒÔø®≈∆°øREMEMod"],"gold_per_floor":[136,136,154,170,181,181,211,224,224,251,269,269,283,283,283],"floor_reached":14,"language":"ZHS","playtime":2700,"items_purged":[],"score":129,"play_id":"5174875a-6e73-4617-a147-31ca849ea81c","local_time":"20210219180844","is_ascension_mode":false,"campfire_choices":[{"data":"Realm_recovery_purpleEX","floor":6,"key":"SMITH"},{"floor":12,"key":"RECALL"}],"circlet_count":0,"master_deck":["AT_purpleEX","AT_purpleEX","AT_purpleEX","AT_purpleEX","Defend_purpleEX","Defend_purpleEX","Defend_purpleEX","Defend_purpleEX","Observe_purple_1","Observe_purple_2","Christmas+1","Realm_recovery_purpleEX+1","Boundary_of_Extermination_purpleEX","Line_surface_state_purple","StateErode_purple","Realm_recovery_purpleEX","MeetDecomposer_purple","Human_Monster_Realm_purple","Mirror_FourBoundary_purple","Realm_recovery_purpleEX"],"relics":["Boundary_crack","Memoryfragments_purpleEX","REME_ComplimentaryCards","LetterFromLob","reliquary:Firecrackers","reliquary:IridiumChain","Prayer Wheel"],"acts_visited":["Exordium"],"potions_floor_usage":[8,8,14],"damage_taken":[{"damage":4,"enemies":"Cultist","floor":1,"turns":5},{"damage":9,"enemies":"2 Louse","floor":3,"turns":5},{"damage":5,"enemies":"Small Slimes","floor":4,"turns":4},{"damage":3,"enemies":"Looter","floor":5,"turns":5},{"damage":59,"enemies":"Gremlin Nob","floor":7,"turns":6},{"damage":3,"enemies":"2 Fungi Beasts","floor":8,"turns":3},{"damage":2,"enemies":"Lagavulin","floor":10,"turns":9},{"damage":0,"enemies":"Red Slaver","floor":11,"turns":4},{"damage":2,"enemies":"Large Slime","floor":13,"turns":5},{"damage":7,"enemies":"Gremlin Nob","floor":14,"turns":4}],"seed_played":"-5362481317146419264","potions_obtained":[{"floor":1,"key":"Explosive Potion"},{"floor":7,"key":"PowerPotion"},{"floor":8,"key":"LiquidBronze"},{"floor":10,"key":"Ancient Potion"},{"floor":13,"key":"MagicPotion:ReiMu"}],"is_trial":false,"path_per_floor":["M","?","M","M","M","R","E","M","T","E","M","R","M","E"],"character_chosen":"Youkari","items_purchased":[],"campfire_rested":0,"item_purchase_floors":[],"current_hp_per_floor":[68,68,64,62,60,60,5,5,5,4,5,5,5,0,0],"gold":283,"neow_bonus":"RANDOM_COLORLESS","is_daily":false,"chose_seed":false,"campfire_upgraded":1,"win_rate":0.0,"timestamp":1613729324,"path_taken":["M","?","?","M","M","R","E","M","T","E","M","R","M","E"],"items_purchased_type":[],"build_version":"2020-12-22","purchased_purges":0,"victory":false,"max_hp_per_floor":[70,70,70,70,70,70,70,70,70,70,70,70,70,70,70],"card_choices":[{"not_picked":["Mirror_FormAndEmptin_purple","Extrememeaning_purpleEX"],"picked":"Realm_recovery_purpleEX","floor":1},{"not_picked":["DimensionStaggered_purple","OmniscientAndOmnipotent_Monster_purple"],"picked":"Boundary_of_Extermination_purpleEX","floor":3},{"not_picked":["Yakumo_Ran_purple","Boundary_DynamicStaticEquilibrium_purple"],"picked":"Line_surface_state_purple","floor":4},{"not_picked":["Boundary_ObjectiveBoundary_purple","SfantasyHide_purple"],"picked":"StateErode_purple","floor":5},{"not_picked":["Extrememeaning_purpleEX","AdvanceAttack_purple"],"picked":"Realm_recovery_purpleEX","floor":7},{"not_picked":["Mirror_FormAndEmptin_purple","SfantasyHide_purple"],"picked":"MeetDecomposer_purple","floor":8},{"not_picked":["ExistenceContinue_purple","OpenedBox_purple"],"picked":"Human_Monster_Realm_purple","floor":10},{"not_picked":["DimensionStaggered_purple","Boundary_of_Extermination_purpleEX"],"picked":"Mirror_FourBoundary_purple","floor":11},{"not_picked":["ExternalForce_HighSpeedFlying_purple","Line_surface_state_purple","Mirror_FormAndEmptin_purple"],"picked":"SKIP","floor":11},{"not_picked":["MeetDecomposer_purple","Anti_communist_purple"],"picked":"Realm_recovery_purpleEX","floor":13},{"not_picked":["DimensionStaggered_purple","StateErode_purple","Fantasy_PerpetualMotionMachine_purple"],"picked":"SKIP","floor":13}],"player_experience":580860,"relics_obtained":[{"floor":1,"key":"LetterFromLob"},{"floor":7,"key":"reliquary:Firecrackers"},{"floor":9,"key":"reliquary:IridiumChain"},{"floor":10,"key":"Prayer Wheel"}],"event_choices":[{"damage_healed":0,"gold_gain":0,"player_choice":"Upgraded","damage_taken":0,"max_hp_gain":0,"max_hp_loss":0,"event_name":"Upgrade Shrine","floor":2,"gold_loss":0,"cards_upgraded":["Christmas"]}],"is_beta":false,"boss_relics":[],"items_purged_floors":[],"is_endless":false,"potions_floor_spawned":[1,7,8,10,13],"killed_by":"Gremlin Nob","ascension_level":0}}