{"host":"g6de5jjas85bb8qt","time":1613734894,"event":{"mods":["2.2 Compatiblity","BaseMod","BetterRewards","Colored Map","Minty Spire (QoL Compilation)","StSLib","The Animator","The Marked"],"gold_per_floor":[119,119,136,146,146,146,146,179,179,179,191,225,239,259,259,259,259],"floor_reached":16,"language":"ENG","playtime":836,"items_purged":[],"score":162,"play_id":"ae7d7903-5a11-4785-9b2d-a149f4a8d937","local_time":"20210219134134","is_ascension_mode":false,"campfire_choices":[{"data":"theMarked:RepellingDischarge","floor":7,"key":"SMITH"},{"floor":15,"key":"REST"}],"circlet_count":0,"master_deck":["theMarked:Strike","theMarked:Strike","theMarked:Strike","theMarked:Strike","theMarked:Defend","theMarked:Defend","theMarked:Defend","theMarked:Defend","theMarked:SoldierOfQuellstein","theMarked:MuscleMemory","theMarked:RepellingDischarge+1","theMarked:Improvise","theMarked:Improvise","theMarked:Static","theMarked:MagusForm"],"relics":["theMarked:ArtifactOfAir","Shuriken","Singing Bowl","PreservedInsect","Dream Catcher","Omamori"],"acts_visited":["Exordium"],"potions_floor_usage":[8,16,16],"damage_taken":[{"damage":2,"enemies":"Jaw Worm","floor":1,"turns":5},{"damage":0,"enemies":"Cultist","floor":3,"turns":4},{"damage":2,"enemies":"Small Slimes","floor":4,"turns":6},{"damage":10,"enemies":"3 Sentries","floor":8,"turns":12},{"damage":1,"enemies":"3 Louse","floor":11,"turns":5},{"damage":4,"enemies":"Lagavulin","floor":12,"turns":6},{"damage":0,"enemies":"Looter","floor":13,"turns":2},{"damage":5,"enemies":"Gremlin Gang","floor":14,"turns":11},{"damage":55,"enemies":"Slime Boss","floor":16,"turns":9}],"seed_played":"-2415149388947292369","potions_obtained":[{"floor":3,"key":"BlessingOfTheForge"},{"floor":8,"key":"Swift Potion"},{"floor":13,"key":"FearPotion"},{"floor":14,"key":"DuplicationPotion"}],"is_trial":false,"path_per_floor":["M","?","M","M","?","?","R","E","T","?","M","E","M","M","R","B"],"character_chosen":"THE_DEFAULT","items_purchased":["Shuriken","theMarked:MuscleMemory","theMarked:RepellingDischarge"],"campfire_rested":1,"item_purchase_floors":[0,0,0],"current_hp_per_floor":[52,45,45,43,43,40,40,30,30,30,31,27,27,24,46,0,0],"gold":259,"neow_bonus":"","is_daily":false,"chose_seed":false,"campfire_upgraded":1,"win_rate":0.0,"timestamp":1613734894,"path_taken":["M","?","?","M","?","?","R","E","T","?","M","E","M","?","R","BOSS"],"items_purchased_type":["Relic","Card","Card"],"build_version":"2020-12-22","purchased_purges":0,"victory":false,"max_hp_per_floor":[72,72,72,72,72,72,72,72,72,72,74,74,74,76,76,76,76],"card_choices":[{"not_picked":["theMarked:HeightenedSenses","theMarked:AttractMetal","theMarked:Convert"],"picked":"SKIP","floor":1},{"not_picked":["theMarked:Seal","theMarked:ElectricStrings","theMarked:ResourceFulStrike"],"picked":"SKIP","floor":3},{"not_picked":["theMarked:HeightenedSenses","theMarked:TakeCover","theMarked:ResourceFulStrike"],"picked":"SKIP","floor":4},{"not_picked":["theMarked:AttractMetal","theMarked:Pokerface"],"picked":"theMarked:Improvise","floor":8},{"not_picked":["theMarked:ElectricStrings","theMarked:BanishingStrike","theMarked:ContemptForTheProud"],"picked":"Singing Bowl","floor":11},{"not_picked":["theMarked:BanishingStrike","theMarked:ChainLightning"],"picked":"theMarked:Improvise","floor":12},{"not_picked":["theMarked:ElectricStrings","theMarked:ChainLightning"],"picked":"theMarked:Static","floor":13},{"not_picked":["theMarked:EmpowerWeapon","theMarked:SwordAndMagic","theMarked:BanishingStrike"],"picked":"Singing Bowl","floor":14},{"not_picked":["theMarked:ChannelForce","theMarked:SelfDefenseTraining"],"picked":"theMarked:MagusForm","floor":15}],"player_experience":455510,"relics_obtained":[{"floor":8,"key":"PreservedInsect"},{"floor":9,"key":"Dream Catcher"},{"floor":12,"key":"Omamori"}],"event_choices":[{"damage_healed":0,"gold_gain":0,"player_choice":"Damaged","damage_taken":7,"max_hp_gain":0,"max_hp_loss":0,"event_name":"Wheel of Change","floor":2,"gold_loss":0},{"damage_healed":0,"gold_gain":0,"player_choice":"Ignored","damage_taken":0,"max_hp_gain":0,"max_hp_loss":0,"event_name":"Liars Game","floor":5,"gold_loss":0},{"damage_healed":0,"gold_gain":0,"player_choice":"Success","damage_taken":3,"relics_obtained":["Singing Bowl"],"max_hp_gain":0,"max_hp_loss":0,"event_name":"Scrap Ooze","floor":6,"gold_loss":0},{"cards_removed":["theMarked:Strike"],"damage_healed":0,"gold_gain":0,"player_choice":"Purged","damage_taken":0,"max_hp_gain":0,"max_hp_loss":0,"event_name":"Purifier","floor":10,"gold_loss":0}],"is_beta":false,"boss_relics":[],"items_purged_floors":[],"is_endless":false,"potions_floor_spawned":[3,8,13,14],"killed_by":"Slime Boss","ascension_level":0}}