{"host":"x5w9zppki4gdwvc7","time":1613760232,"event":{"mods":["AchievementEnabler","BaseMod","Colored Powertips","DeckTracker","Minty Spire (QoL Compilation)","SuperFastMode"],"gold_per_floor":[110,128,128,142,158,193,193,217,217,252,268,268,155,179,179,300,300,320,370,383,12,31,31,69,69,146,146,160,160,160],"floor_reached":29,"language":"ENG","playtime":4748,"items_purged":["Injury"],"score":257,"play_id":"cfcf612a-cfb5-4893-bfaa-2b4b8b585218","local_time":"20210219194352","is_ascension_mode":false,"campfire_choices":[{"floor":7,"key":"REST"},{"data":"Rip and Tear","floor":12,"key":"SMITH"},{"data":"Lockon","floor":15,"key":"SMITH"},{"data":"Sunder","floor":23,"key":"SMITH"},{"data":"Core Surge","floor":25,"key":"SMITH"}],"circlet_count":0,"master_deck":["Strike_B","Strike_B","Strike_B","Strike_B","Defend_B","Defend_B","Defend_B","Defend_B","Zap","Dualcast","Capacitor","Hologram","Rip and Tear+1","Melter","Reinforced Body","Skim","Lockon+1","Core Surge+1","Doom and Gloom+1","Sunder+1","Turbo","Go for the Eyes+1"],"relics":["Cracked Core","NeowsBlessing","Golden Idol","Lantern","Matryoshka","Meat on the Bone","Black Star","Pocketwatch","Eternal Feather","Turnip","Orichalcum","Mummified Hand"],"acts_visited":["Exordium","TheCity"],"potions_floor_usage":[10,16,16,24,24,24,28,28],"damage_taken":[{"damage":0,"enemies":"2 Louse","floor":1,"turns":1},{"damage":0,"enemies":"Cultist","floor":2,"turns":1},{"damage":0,"enemies":"Jaw Worm","floor":4,"turns":1},{"damage":8,"enemies":"Red Slaver","floor":5,"turns":4},{"damage":41,"enemies":"Lagavulin","floor":6,"turns":7},{"damage":5,"enemies":"Looter","floor":8,"turns":2},{"damage":6,"enemies":"Gremlin Nob","floor":10,"turns":3},{"damage":18,"enemies":"Exordium Thugs","floor":11,"turns":6},{"damage":0,"enemies":"Large Slime","floor":14,"turns":4},{"damage":32,"enemies":"Hexaghost","floor":16,"turns":10},{"damage":33,"enemies":"Shell Parasite","floor":18,"turns":5},{"damage":0,"enemies":"Spheric Guardian","floor":20,"turns":1},{"damage":22,"enemies":"Cultist and Chosen","floor":22,"turns":6},{"damage":27,"enemies":"Book of Stabbing","floor":24,"turns":4},{"damage":27,"enemies":"Shelled Parasite and Fungi","floor":28,"turns":3},{"damage":15,"enemies":"Snake Plant","floor":29,"turns":2}],"seed_played":"5922464844249025301","potions_obtained":[{"floor":4,"key":"Block Potion"},{"floor":5,"key":"EssenceOfSteel"},{"floor":8,"key":"PowerPotion"},{"floor":14,"key":"SpeedPotion"},{"floor":18,"key":"PowerPotion"},{"floor":20,"key":"FocusPotion"},{"floor":22,"key":"EssenceOfSteel"},{"floor":27,"key":"EssenceOfSteel"},{"floor":27,"key":"Energy Potion"},{"floor":27,"key":"BlessingOfTheForge"}],"is_trial":false,"path_per_floor":["M","M","?","M","M","E","R","M","T","E","M","R","$","M","R","B",null,"M","?","M","$","M","R","E","R","T","?","M","M"],"character_chosen":"DEFECT","items_purchased":["Lockon","Pocketwatch","Sunder"],"campfire_rested":1,"item_purchase_floors":[13,21,21],"current_hp_per_floor":[75,75,75,75,67,26,48,43,43,37,31,31,31,43,43,23,75,42,42,42,42,32,32,17,29,29,29,14,0,0],"gold":160,"neow_bonus":"THREE_ENEMY_KILL","is_daily":false,"chose_seed":false,"campfire_upgraded":4,"win_rate":0.0,"timestamp":1613760232,"path_taken":["M","M","?","M","M","E","R","M","T","E","M","R","$","M","R","BOSS","M","?","?","$","M","R","E","R","T","?","M","M"],"items_purchased_type":["Card","Relic","Card"],"build_version":"2020-12-22","purchased_purges":1,"victory":false,"max_hp_per_floor":[75,75,75,75,75,75,75,75,75,75,75,75,75,75,75,75,75,75,75,75,75,75,75,75,75,75,75,75,75,75],"card_choices":[{"not_picked":["Barrage","Steam Power"],"picked":"Capacitor","floor":1},{"not_picked":["Double Energy","Steam"],"picked":"Hologram","floor":2},{"not_picked":["Reboot","Blizzard","Coolheaded"],"picked":"SKIP","floor":4},{"not_picked":["Beam Cell","Go for the Eyes"],"picked":"Rip and Tear","floor":5},{"not_picked":["Barrage","Multi-Cast"],"picked":"Melter","floor":6},{"not_picked":["Sweeping Beam","FTL"],"picked":"Reinforced Body","floor":8},{"not_picked":["Steam","Multi-Cast"],"picked":"Skim","floor":10},{"not_picked":["Barrage","Rebound","Reprogram"],"picked":"SKIP","floor":11},{"not_picked":["Barrage","Rebound","Steam"],"picked":"SKIP","floor":14},{"not_picked":["Reboot","All For One"],"picked":"Core Surge","floor":16},{"not_picked":["Chaos","Capacitor"],"picked":"Doom and Gloom+1","floor":18},{"not_picked":["Barrage","Steam","Recycle"],"picked":"SKIP","floor":20},{"not_picked":["Skim","Reinforced Body","Beam Cell"],"picked":"SKIP","floor":22},{"not_picked":["Sweeping Beam","Go for the Eyes"],"picked":"Turbo","floor":24},{"not_picked":["Stack","Melter+1"],"picked":"Go for the Eyes+1","floor":28}],"player_experience":664622,"relics_obtained":[{"floor":6,"key":"Lantern"},{"floor":9,"key":"Matryoshka"},{"floor":10,"key":"Meat on the Bone"},{"floor":24,"key":"Eternal Feather"},{"floor":24,"key":"Turnip"},{"floor":26,"key":"Orichalcum"},{"floor":26,"key":"Mummified Hand"}],"event_choices":[{"damage_healed":0,"gold_gain":0,"player_choice":"Take Wound","damage_taken":0,"relics_obtained":["Golden Idol"],"max_hp_gain":0,"max_hp_loss":0,"event_name":"Golden Idol","floor":3,"gold_loss":0,"cards_obtained":["Injury"]},{"damage_healed":0,"gold_gain":100,"player_choice":"Bet on Murderer","damage_taken":0,"max_hp_gain":0,"max_hp_loss":0,"event_name":"The Joust","floor":19,"gold_loss":50},{"damage_healed":0,"gold_gain":0,"player_choice":"Got Potions","damage_taken":0,"max_hp_gain":0,"max_hp_loss":0,"event_name":"Lab","floor":27,"gold_loss":0}],"is_beta":false,"boss_relics":[{"not_picked":["SacredBark","Runic Dome"],"picked":"Black Star"}],"items_purged_floors":[13],"is_endless":false,"potions_floor_spawned":[4,5,8,14,18,20,22],"killed_by":"Snake Plant","ascension_level":0}}