{"host":"71ei6fp0f7auegbc","time":1613732699,"event":{"mods":["BaseMod","Downfall","Googly Eyes","Minty Spire (QoL Compilation)","StSLib"],"gold_per_floor":[99,112,112,124,143,143,190,190,206,220,238,257,257,0,15,111,111,111,129,139,139,7,7,7,7],"floor_reached":23,"language":"ENG","playtime":1598,"items_purged":["Slimebound:Strike_Slimebound","Slimebound:RollThrough"],"score":185,"play_id":"732cdd06-d966-47b1-8e0e-57f9d26ac16e","local_time":"20210219050459","is_ascension_mode":false,"campfire_choices":[{"data":"Slimebound:Split","floor":1,"key":"SMITH"},{"data":"Slimebound:CorrosiveSpit","floor":6,"key":"SMITH"},{"data":"Slimebound:Defend_Slimebound","floor":8,"key":"SMITH"},{"data":"Slimebound:RejuvenatingLick","floor":13,"key":"SMITH"},{"data":"Slimebound:MassRepurpose","floor":18,"key":"SMITH"}],"circlet_count":0,"master_deck":["Slimebound:Tackle","Slimebound:Defend_Slimebound","Slimebound:Defend_Slimebound","Slimebound:Defend_Slimebound+1","Slimebound:Defend_Slimebound","Slimebound:Split+1","Slimebound:CorrosiveSpit+1","Slimebound:LivingWall","Slimebound:ItLooksTasty+1","Slimebound:SplitBruiser","Slimebound:LevelUp","Slimebound:RejuvenatingLick+1","Slimebound:HauntingLick","Slimebound:SpikyOuterGoop","expansioncontent:QuickStudy","Slimebound:MassRepurpose+1","Slimebound:SplitMire+1","Slimebound:SamplingLick+1","Slimebound:SamplingLick+1","Slimebound:LeadByExample"],"relics":["Slimebound:AbsorbEndCombat","Smiling Mask","Empty Cage"],"acts_visited":["Exordium","TheCity"],"potions_floor_usage":[15,16,16],"damage_taken":[{"damage":1,"enemies":"Jaw Worm","floor":2,"turns":4},{"damage":0,"enemies":"Cultist","floor":4,"turns":4},{"damage":0,"enemies":"2 Louse","floor":5,"turns":2},{"damage":4,"enemies":"Exordium Thugs","floor":9,"turns":5},{"damage":7,"enemies":"Large Slime","floor":10,"turns":5},{"damage":24,"enemies":"Gremlin Gang","floor":11,"turns":4},{"damage":4,"enemies":"2 Fungi Beasts","floor":12,"turns":3},{"damage":0,"enemies":"downfall:FleeingMerchant","floor":14,"turns":4},{"damage":4,"enemies":"Blue Slaver","floor":15,"turns":4},{"damage":27,"enemies":"DF_ARCHETYPE_STREAMLINE","floor":16,"turns":8},{"damage":23,"enemies":"downfall:LooterAlt2","floor":19,"turns":6},{"damage":11,"enemies":"Shell Parasite","floor":20,"turns":4},{"damage":6,"enemies":"downfall:FleeingMerchant","floor":22,"turns":4},{"damage":52,"enemies":"Cultist and Chosen","floor":23,"turns":4}],"seed_played":"5252831439822941456","potions_obtained":[{"floor":9,"key":"Slimebound:SlimedPotion"},{"floor":10,"key":"Fire Potion"},{"floor":12,"key":"Energy Potion"},{"floor":15,"key":"Fruit Juice"},{"floor":16,"key":"Slimebound:SpawnSlimePotion"},{"floor":19,"key":"BlessingOfTheForge"},{"floor":20,"key":"Block Potion"}],"is_trial":false,"path_per_floor":["R","M","?","M","M","R","T","R","M","M","M","M","R","$","M","B",null,"R","M","M","?","$","M"],"character_chosen":"SLIMEBOUND","items_purchased":["expansioncontent:QuickStudy","Slimebound:LeadByExample"],"campfire_rested":0,"item_purchase_floors":[14,22],"current_hp_per_floor":[65,65,65,65,65,65,65,65,65,64,41,41,41,45,50,31,70,70,53,46,46,46,0,0,0],"gold":7,"neow_bonus":"TRANSFORM_CARD","is_daily":false,"chose_seed":false,"campfire_upgraded":5,"win_rate":0.0,"timestamp":1613732699,"path_taken":["R","M","?","M","M","R","T","R","M","?","?","M","R","?","M","BOSS","R","M","M","?","$","M"],"items_purchased_type":["Card","Card"],"build_version":"2020-12-22","purchased_purges":2,"victory":false,"max_hp_per_floor":[65,65,65,65,65,65,65,65,65,65,65,65,65,65,70,70,70,70,70,70,70,70,70,70,70],"card_choices":[{"not_picked":["Slimebound:PressTheAttack","Slimebound:SlimeBarrage"],"picked":"Slimebound:ItLooksTasty","floor":2},{"not_picked":["Slimebound:Replication","Slimebound:MegaLick"],"picked":"Slimebound:RollThrough","floor":4},{"not_picked":["Slimebound:SlimeSpikes","Slimebound:FinishingTackle"],"picked":"Slimebound:SplitBruiser","floor":5},{"not_picked":["Slimebound:SplitBruiser","Slimebound:ItLooksTasty"],"picked":"Slimebound:ForwardTackle","floor":9},{"not_picked":["Slimebound:SlimeBarrage","Slimebound:GrowthPunch"],"picked":"Slimebound:LevelUp","floor":10},{"not_picked":["Slimebound:SlimeBarrage","Slimebound:Replication"],"picked":"Slimebound:RejuvenatingLick","floor":11},{"not_picked":["Slimebound:Schlurp","Slimebound:MassFeed"],"picked":"Slimebound:HauntingLick","floor":12},{"not_picked":["Slimebound:SplitBruiser","Slimebound:GoopSpray"],"picked":"Slimebound:SpikyOuterGoop","floor":14},{"not_picked":["Slimebound:SlimeBarrage","Slimebound:FlameTackle"],"picked":"Slimebound:TongueLash","floor":15},{"not_picked":["Slimebound:MassFeed","Slimebound:MinionMaster"],"picked":"Slimebound:MassRepurpose","floor":16},{"not_picked":["Slimebound:SlimeBarrage+1","Slimebound:ComboTackle"],"picked":"Slimebound:SplitMire+1","floor":19},{"not_picked":["Slimebound:Grow+1","Slimebound:SplitMire+1"],"picked":"Slimebound:SamplingLick+1","floor":20},{"not_picked":["Slimebound:FinishingTackle","Slimebound:RejuvenatingLick"],"picked":"Slimebound:SamplingLick+1","floor":22}],"player_experience":210687,"relics_obtained":[{"floor":7,"key":"Smiling Mask"}],"event_choices":[],"is_beta":false,"boss_relics":[{"not_picked":["Snecko Eye","Fusion Hammer"],"picked":"Empty Cage"}],"items_purged_floors":[14,22],"is_endless":false,"potions_floor_spawned":[9,10,12,15,16,19,20],"killed_by":"Cultist and Chosen","ascension_level":0}}