{"host":"April","time":1613714061,"event":{"mods":["BaseMod","Minty Spire (QoL Compilation)"],"gold_per_floor":[109,128,144,144,154,185,195,215,215,247,0,64,80,80,80,80,80],"floor_reached":16,"language":"ENG","playtime":2263,"items_purged":[],"score":130,"play_id":"c0227a99-78cb-4c84-9963-b947b8945fcd","local_time":"20210218215421","is_ascension_mode":true,"campfire_choices":[{"floor":15,"key":"REST"}],"circlet_count":0,"master_deck":["Strike_G","Strike_G","Strike_G","Strike_G","Strike_G","Defend_G","Defend_G","Defend_G","Defend_G","Defend_G","Survivor","Neutralize","Glass Knife","Dagger Throw","Bouncing Flask","Leg Sweep","Poisoned Stab","Skewer","Bane","Bullet Time","Catalyst","Night Terror","Acrobatics","Deflect+1","Deadly Poison+1"],"relics":["Ring of the Snake","Omamori","White Beast Statue","Bottled Flame","Bottled Lightning","Membership Card","Toxic Egg 2"],"acts_visited":["Exordium"],"potions_floor_usage":[12,14,14,16],"damage_taken":[{"damage":3.0,"enemies":"Jaw Worm","floor":1.0,"turns":3.0},{"damage":4.0,"enemies":"Small Slimes","floor":2.0,"turns":3.0},{"damage":0.0,"enemies":"Cultist","floor":3.0,"turns":3.0},{"damage":0.0,"enemies":"3 Louse","floor":5.0,"turns":4.0},{"damage":10.0,"enemies":"Gremlin Nob","floor":6.0,"turns":3.0},{"damage":6.0,"enemies":"Blue Slaver","floor":7.0,"turns":3.0},{"damage":4.0,"enemies":"Lots of Slimes","floor":8.0,"turns":6.0},{"damage":23.0,"enemies":"3 Sentries","floor":10.0,"turns":8.0},{"damage":13,"enemies":"Lagavulin Event","floor":12,"turns":5},{"damage":0,"enemies":"Looter","floor":13,"turns":2},{"damage":0,"enemies":"Lagavulin","floor":14,"turns":4},{"damage":28,"enemies":"The Guardian","floor":16,"turns":4}],"seed_played":"-3795870636478836003","potions_obtained":[{"floor":5.0,"key":"FearPotion"},{"floor":6.0,"key":"EssenceOfSteel"},{"floor":7.0,"key":"Dexterity Potion"},{"floor":8.0,"key":"SmokeBomb"},{"floor":10.0,"key":"Fruit Juice"},{"floor":12,"key":"DistilledChaos"},{"floor":13,"key":"SpeedPotion"}],"is_trial":false,"path_per_floor":["M","M","M","?","M","E","M","M","T","E","$","?","M","E","R","B"],"character_chosen":"THE_SILENT","items_purchased":["Membership Card","Night Terror","Acrobatics"],"campfire_rested":1,"item_purchase_floors":[11,11,11],"current_hp_per_floor":[67,63,63,56,56,46,40,36,36,13,13,5,5,5,27,0,0],"gold":80,"neow_bonus":"ONE_RANDOM_RARE_CARD","is_daily":false,"chose_seed":false,"campfire_upgraded":0,"win_rate":0.0,"timestamp":1613714061,"path_taken":["M","M","M","?","M","E","M","M","T","E","$","?","M","E","R","BOSS"],"items_purchased_type":["Relic","Card","Card"],"build_version":"2020-12-18","purchased_purges":0,"victory":false,"max_hp_per_floor":[70,70,70,70,70,70,70,70,70,70,70,75,75,75,75,75,75],"card_choices":[{"not_picked":["Underhanded Strike","Deadly Poison"],"picked":"Dagger Throw","floor":1.0},{"not_picked":["Underhanded Strike","Blur"],"picked":"Bouncing Flask","floor":2.0},{"not_picked":["Deflect","Flying Knee"],"picked":"Leg Sweep","floor":3.0},{"not_picked":["Quick Slash","Blade Dance"],"picked":"Poisoned Stab","floor":5.0},{"not_picked":["Escape Plan","Backflip"],"picked":"Skewer","floor":6.0},{"not_picked":["Outmaneuver","Backstab"],"picked":"Bane","floor":7.0},{"not_picked":["Acrobatics","Endless Agony"],"picked":"Bullet Time","floor":8.0},{"not_picked":["Heel Hook","Underhanded Strike"],"picked":"Catalyst","floor":10.0},{"not_picked":["Blade Dance+1","Skewer"],"picked":"Deflect+1","floor":12},{"not_picked":["Dodge and Roll+1","Dagger Throw"],"picked":"Deadly Poison+1","floor":13}],"player_experience":2685806,"relics_obtained":[{"floor":6.0,"key":"White Beast Statue"},{"floor":9.0,"key":"Bottled Flame"},{"floor":10.0,"key":"Bottled Lightning"},{"floor":12,"key":"Toxic Egg 2"}],"event_choices":[{"damage_healed":0.0,"max_hp_gain":0.0,"max_hp_loss":0.0,"gold_gain":0.0,"event_name":"Scrap Ooze","player_choice":"Success","floor":4.0,"gold_loss":0.0,"damage_taken":7.0,"relics_obtained":["Omamori"]},{"damage_healed":0,"gold_gain":0,"player_choice":"Searched \u00271\u0027 times","damage_taken":0,"max_hp_gain":0,"max_hp_loss":0,"event_name":"Dead Adventurer","floor":12,"gold_loss":0}],"is_beta":true,"boss_relics":[],"items_purged_floors":[],"is_endless":false,"potions_floor_spawned":[5,6,7,8,10,12,13,14],"killed_by":"The Guardian","ascension_level":1}}