{"host":"ocllwaoi18j60ltd","time":1613748325,"event":{"mods":["BaseMod","DeckTracker","Minty Spire (QoL Compilation)","Permanent Neow","Quick Restart","StSLib","SuperFastMode"],"gold_per_floor":[115,126,126,126,140,140,168,168,192,192,212,229,229,245,245,318,318,329,344,355,8,8,38,38,38,109,109,34,34,63,63,63],"floor_reached":31,"language":"KOR","playtime":607,"items_purged":["Strike_B"],"score":546,"play_id":"398a6ff2-13c5-4636-8f94-6ff8bf9501dd","local_time":"20210220002525","is_ascension_mode":true,"campfire_choices":[{"data":"Consume","floor":6.0,"key":"SMITH"},{"data":"Skim","floor":8.0,"key":"SMITH"},{"data":"Zap","floor":10.0,"key":"SMITH"},{"data":"Defragment","floor":13.0,"key":"SMITH"},{"floor":15.0,"key":"REST"},{"floor":24.0,"key":"REST"},{"data":"Defragment","floor":27.0,"key":"SMITH"}],"circlet_count":0,"master_deck":["AscendersBane","Defend_B","Defend_B","Defend_B","Zap+1","Dualcast+1","Consume+1","Ball Lightning","Cold Snap","Skim+1","Compile Driver+1","Defragment+1","Ball Lightning+1","Biased Cognition","Conserve Battery+1","Core Surge+1","Hologram+1","Heatsinks","Defragment+1","Panacea","Defragment+1","Coolheaded","Storm"],"relics":["Cracked Core","Gremlin Horn","Ice Cream","Ancient Tea Set","Astrolabe","Dream Catcher","Strawberry","Whetstone"],"acts_visited":["Exordium","TheCity"],"potions_floor_usage":[],"damage_taken":[{"damage":4.0,"enemies":"2 Louse","floor":1.0,"turns":3.0},{"damage":4.0,"enemies":"Jaw Worm","floor":2.0,"turns":4.0},{"damage":1.0,"enemies":"Cultist","floor":5.0,"turns":3.0},{"damage":18.0,"enemies":"Lagavulin","floor":7.0,"turns":5.0},{"damage":16.0,"enemies":"Exordium Thugs","floor":11.0,"turns":3.0},{"damage":3.0,"enemies":"Looter","floor":12.0,"turns":4.0},{"damage":9.0,"enemies":"3 Louse","floor":14.0,"turns":2.0},{"damage":24.0,"enemies":"Hexaghost","floor":16.0,"turns":8.0},{"damage":19.0,"enemies":"Shell Parasite","floor":18.0,"turns":6.0},{"damage":0.0,"enemies":"Chosen","floor":19.0,"turns":6.0},{"damage":23.0,"enemies":"3 Cultists","floor":20.0,"turns":5.0},{"damage":32.0,"enemies":"Slavers","floor":23.0,"turns":6.0},{"damage":10.0,"enemies":"Book of Stabbing","floor":30.0,"turns":6.0},{"damage":31,"enemies":"Shelled Parasite and Fungi","floor":31,"turns":2}],"seed_played":"1156569368056274022","potions_obtained":[{"floor":1.0,"key":"ColorlessPotion"},{"floor":5.0,"key":"Fruit Juice"},{"floor":12.0,"key":"Regen Potion"},{"floor":19.0,"key":"EssenceOfSteel"}],"is_trial":false,"path_per_floor":["M","M","?","T","M","R","E","R","T","R","M","M","R","M","R","B",null,"M","M","M","$","?","E","R","$","T","R","?","?","E","M"],"character_chosen":"DEFECT","items_purchased":["Panacea","Dream Catcher"],"campfire_rested":2,"item_purchase_floors":[21,21],"current_hp_per_floor":[60,56,61,61,65,65,47,47,47,47,31,28,28,19,43,19,66,47,62,39,39,39,14,40,40,40,40,40,40,30,0,0],"gold":63,"neow_bonus":"UPGRADE_CARD","is_daily":false,"chose_seed":false,"campfire_upgraded":5,"win_rate":0.0,"timestamp":1613748325,"path_taken":["M","M","?","?","M","R","E","R","T","R","?","M","R","M","R","BOSS","M","M","M","$","?","E","R","?","T","R","?","?","E","M"],"items_purchased_type":["Card","Relic"],"build_version":"2020-12-22","purchased_purges":1,"victory":false,"max_hp_per_floor":[71,71,76,76,81,81,81,81,81,81,81,81,81,81,81,81,81,81,81,81,81,81,88,88,88,88,88,88,88,88,88,88],"card_choices":[{"not_picked":["Storm","Beam Cell"],"picked":"Consume","floor":1.0},{"not_picked":["Coolheaded","Chaos"],"picked":"Ball Lightning","floor":2.0},{"not_picked":["Heatsinks","Capacitor"],"picked":"Cold Snap","floor":5.0},{"not_picked":["Recycle","Beam Cell"],"picked":"Skim","floor":7.0},{"not_picked":["Gash","Reprogram"],"picked":"Compile Driver","floor":11.0},{"not_picked":["Ball Lightning","Self Repair"],"picked":"Defragment","floor":12.0},{"not_picked":["Go for the Eyes","Barrage"],"picked":"Ball Lightning","floor":14.0},{"not_picked":["Buffer","All For One"],"picked":"Biased Cognition","floor":16.0},{"not_picked":["Go for the Eyes","Hologram"],"picked":"Heatsinks","floor":18.0},{"not_picked":["Go for the Eyes","White Noise","Steam"],"picked":"SKIP","floor":19.0},{"not_picked":["Steam","Core Surge"],"picked":"Defragment","floor":20.0},{"not_picked":["Ball Lightning","Streamline","Beam Cell"],"picked":"SKIP","floor":23.0},{"not_picked":["Self Repair","Stack+1"],"picked":"Coolheaded","floor":24.0},{"not_picked":["Hologram","Redo"],"picked":"Storm","floor":30.0}],"player_experience":855225,"relics_obtained":[{"floor":4.0,"key":"Gremlin Horn"},{"floor":7.0,"key":"Ice Cream"},{"floor":9.0,"key":"Ancient Tea Set"},{"floor":23.0,"key":"Strawberry"},{"floor":30.0,"key":"Whetstone"}],"event_choices":[{"damage_healed":0.0,"max_hp_gain":5.0,"max_hp_loss":0.0,"gold_gain":0.0,"event_name":"Big Fish","player_choice":"Donut","floor":3.0,"gold_loss":0.0,"damage_taken":0.0},{"damage_healed":0.0,"max_hp_gain":0.0,"max_hp_loss":0.0,"gold_gain":0.0,"event_name":"Duplicator","player_choice":"Copied","floor":22.0,"gold_loss":0.0,"damage_taken":0.0,"cards_obtained":["Defragment"]},{"cards_removed":["Strike_B"],"damage_healed":0.0,"max_hp_gain":0.0,"max_hp_loss":0.0,"gold_gain":0.0,"event_name":"Beggar","player_choice":"Gave Gold","floor":28.0,"gold_loss":75.0,"damage_taken":0.0},{"damage_healed":0.0,"max_hp_gain":0.0,"max_hp_loss":0.0,"gold_gain":0.0,"event_name":"N\u0027loth","player_choice":"Ignored","floor":29.0,"gold_loss":0.0,"damage_taken":0.0}],"is_beta":false,"boss_relics":[{"not_picked":["Black Star","Tiny House"],"picked":"Astrolabe"}],"items_purged_floors":[21],"is_endless":false,"potions_floor_spawned":[1,5,12,16,18,19],"killed_by":"Shelled Parasite and Fungi","ascension_level":20}}