{"host":"a7js9z8d6aod1ovy","time":1613733204,"event":{"mods":["AchievementEnabler","BaseMod","BetterRewards","Googly Eyes","Minty Spire (QoL Compilation)","Rare Cards Sparkle","Shop Mod","StSLib","SuperFastMode","[IsaacMod]ì¤ß®ôÓ÷²"],"gold_per_floor":[118,48,98,98,112,112,122,122,149,168,183,202,212,224,224,324,374,389,389,401,326,326,326],"floor_reached":22,"language":"KOR","playtime":804,"items_purged":[],"score":205,"play_id":"efb92e5e-aa50-4be1-88de-349339d057bd","local_time":"20210219201324","is_ascension_mode":false,"campfire_choices":[{"floor":6,"key":"REST"},{"floor":8,"key":"REST"},{"floor":15,"key":"REST"}],"circlet_count":0,"master_deck":["Defend_R","Defend_R","Defend_R","Bash","BloodyBrimstone","Demon Form","Battle Trance","Flex","Headbutt","Disarm","Headbutt","Reaper","Dual Wield+1","Warcry","Bite","Bite","Bite","Bite","Bite"],"relics":["HushsDoor","D4","The Specimen","Tiny House","Sundial","DataDisk","Lizard Tail"],"acts_visited":["Exordium","TheCity"],"potions_floor_usage":[12,14,16,16,16,16,18,22],"damage_taken":[{"damage":5,"enemies":"Cultist","floor":1,"turns":4},{"damage":46,"enemies":"Hiden Room Battle","floor":3,"turns":5},{"damage":7,"enemies":"Small Slimes","floor":5,"turns":5},{"damage":11,"enemies":"Jaw Worm","floor":7,"turns":3},{"damage":0,"enemies":"Gremlin Gang","floor":10,"turns":1},{"damage":8,"enemies":"3 Louse","floor":11,"turns":3},{"damage":8,"enemies":"2 Fungi Beasts","floor":12,"turns":3},{"damage":11,"enemies":"Looter","floor":13,"turns":3},{"damage":0,"enemies":"Large Slime","floor":14,"turns":2},{"damage":27,"enemies":"Slime Boss","floor":16,"turns":10},{"damage":27,"enemies":"Shell Parasite","floor":18,"turns":5},{"damage":45,"enemies":"Chosen","floor":20,"turns":10},{"damage":14,"enemies":"Sentry and Sphere","floor":22,"turns":2}],"seed_played":"9190358481132305413","potions_obtained":[{"floor":3,"key":"FairyPotion"},{"floor":7,"key":"Explosive Potion"},{"floor":10,"key":"Ancient Potion"},{"floor":12,"key":"EntropicBrew"},{"floor":13,"key":"Explosive Potion"},{"floor":14,"key":"Explosive Potion"},{"floor":17,"key":"DistilledChaos"},{"floor":18,"key":"Energy Potion"}],"is_trial":false,"path_per_floor":["M","$","?","?","M","R","M","R","T","M","M","M","M","M","R","B",null,"M","?","M","?","M"],"character_chosen":"IRONCLAD","items_purchased":["Battle Trance","Damocles"],"campfire_rested":3,"item_purchase_floors":[2,17],"current_hp_per_floor":[75,75,14,14,7,30,19,41,41,41,33,25,14,14,34,23,60,5,5,5,5,0,0],"gold":326,"neow_bonus":"BOSS_RELIC","is_daily":false,"chose_seed":false,"campfire_upgraded":0,"win_rate":0.0,"timestamp":1613733204,"path_taken":["M","$","?","?","M","R","M","R","T","M","M","M","M","M","R","BOSS","M","?","M","?","M"],"items_purchased_type":["Card","Relic"],"build_version":"2020-12-22","purchased_purges":0,"victory":false,"max_hp_per_floor":[80,80,77,77,77,77,74,74,74,71,71,71,71,68,68,65,60,57,39,39,39,39,39],"card_choices":[{"not_picked":[],"picked":"BloodyBrimstone","floor":0},{"not_picked":["True Grit","Headbutt"],"picked":"Demon Form","floor":1},{"not_picked":["Rage","Intimidate"],"picked":"Flex","floor":3},{"not_picked":["Body Slam","Entrench"],"picked":"Headbutt","floor":5},{"not_picked":["Hemokinesis","Dark Embrace"],"picked":"Disarm","floor":7},{"not_picked":["Whirlwind","Sword Boomerang","Flame Barrier"],"picked":"SKIP","floor":10},{"not_picked":["Uppercut","Iron Wave"],"picked":"Headbutt","floor":11},{"not_picked":["Reckless Charge","Sword Boomerang","Rage"],"picked":"SKIP","floor":12},{"not_picked":["Headbutt","Evolve"],"picked":"Reaper","floor":13},{"not_picked":["Whirlwind","Iron Wave"],"picked":"Dual Wield","floor":14},{"not_picked":["True Grit","Feel No Pain"],"picked":"Warcry","floor":18},{"not_picked":["Clash","Combust+1","Second Wind"],"picked":"SKIP","floor":20}],"player_experience":25489,"relics_obtained":[{"floor":3,"key":"Peace Pipe"},{"floor":3,"key":"Inserter"},{"floor":9,"key":"UnicornStump"}],"event_choices":[{"damage_healed":0,"gold_gain":0,"player_choice":"Fight","damage_taken":0,"max_hp_gain":0,"max_hp_loss":0,"event_name":"HidenRoomEvent","floor":3,"gold_loss":0},{"cards_removed":["Strike_R"],"damage_healed":0,"gold_gain":0,"player_choice":"Offered Basic","damage_taken":0,"max_hp_gain":0,"max_hp_loss":0,"event_name":"Bonfire Elementals","floor":4,"gold_loss":0},{"damage_healed":0,"gold_gain":0,"player_choice":"Became a vampire","damage_taken":0,"max_hp_gain":0,"max_hp_loss":18,"event_name":"Vampires","floor":19,"gold_loss":0,"cards_obtained":["Bite","Bite","Bite","Bite","Bite"]},{"cards_removed":["Defend_R"],"damage_healed":0,"gold_gain":0,"player_choice":"Gave Gold","damage_taken":0,"max_hp_gain":0,"max_hp_loss":0,"event_name":"Beggar","floor":21,"gold_loss":75}],"is_beta":false,"boss_relics":[{"not_picked":["Vajra","Snake Skull"],"picked":"D4"},{"not_picked":[]}],"items_purged_floors":[],"is_endless":false,"potions_floor_spawned":[3,7,10,12,13,14,18],"killed_by":"Sentry and Sphere","ascension_level":0}}