{"host":"7bb7osqc91rjfyph","time":1613693062,"event":{"mods":["AchievementEnabler","BaseMod","BetterRewards","Colored Map","Colored Powertips","Downfall","Googly Eyes","Hermit","Hubris","Marisa????????","Minty Spire (QoL Compilation)","Shop Mod","StSLib","The Cursed"],"gold_per_floor":[99,119,130,144,157,491,539,564,593,626,626,658,671,706,723,797,797,797,809,826,838,853,853,934,27,42,72,97,114,114,141,159,235,235,235,247,261,276,306,306,306,306,333,362,109,125,125],"floor_reached":51,"language":"ENG","playtime":2155,"items_purged":[],"score":2373,"play_id":"867db7da-730b-4986-ae7e-b8fa0cb20423","local_time":"20210218180422","daily_mods":["SealedDeck","Vintage","Colorless Cards","Heirloom","Time Dilation","Flight","DeadlyEvents","Elite Swarm","Lethality"],"is_ascension_mode":true,"campfire_choices":[{"data":"1","floor":1,"key":"LIFT"},{"floor":11,"key":"RECALL"},{"data":"2","floor":18,"key":"LIFT"},{"data":"3","floor":23,"key":"LIFT"},{"data":"Mayhem","floor":30,"key":"SMITH"},{"data":"Mayhem","floor":35,"key":"SMITH"},{"floor":43,"key":"DIG"},{"floor":44,"key":"DIG"}],"circlet_count":0,"master_deck":["AscendersBane","SprinkleStarSeal","ChargeUpSpray","GalacticHalo","Good Instincts","Swift Strike","ShootingEcho","SuperPerseids","GalacticHalo+1","Flash of Steel","MysteriousBeam","MillisecondPulsars","Mayhem+1","UltimateShortwave+1","SuperNova","UltimateShortwave+1","Mayhem+1","BinaryStars+1","DarkMatter+1","hubris:EnhanceAbility","Metamorphosis+1","Secret Weapon+1","Secret Technique+1","hubris:EnhanceAbility","Thinking Ahead+1"],"relics":["MiniHakkero","Girya","PreservedInsect","MealTicket","Nunchaku","The Courier","Old Coin","Question Card","hubris:MedicalManual","Toxic Egg 2","Incense Burner","Potion Belt","hubris:Spice","War Paint","Coffee Dripper","Bronze Scales","hubris:Teleporter","Matryoshka","White Beast Statue","Meat on the Bone","Oddly Smooth Stone","Bag of Preparation","hubris:BottledRain","Eternal Feather","Pear","CaptainsWheel","Art of War","Ornamental Fan","hubris:HollowSoul","hexamod:BolsterEngine","Dream Catcher","Shovel","hubris:MysteriousPyramids","Ancient Tea Set","Guardian:PocketSentry","hubris:SlimyHat"],"acts_visited":["Exordium","TheCity","TheBeyond"],"potions_floor_usage":[12,16,16,16,16,21,40],"damage_taken":[{"damage":0,"enemies":"2 Louse","floor":2,"turns":1},{"damage":0,"enemies":"Jaw Worm","floor":3,"turns":2},{"damage":0,"enemies":"Cultist","floor":4,"turns":2},{"damage":0,"enemies":"Red Slaver","floor":5,"turns":2},{"damage":0,"enemies":"Lagavulin","floor":6,"turns":3},{"damage":0,"enemies":"Gremlin Nob","floor":8,"turns":1},{"damage":4,"enemies":"3 Sentries","floor":9,"turns":4},{"damage":0,"enemies":"Lagavulin","floor":10,"turns":2},{"damage":29,"enemies":"3 Sentries","floor":12,"turns":4},{"damage":6,"enemies":"Exordium Thugs","floor":13,"turns":3},{"damage":0,"enemies":"Gremlin Nob","floor":14,"turns":2},{"damage":9,"enemies":"2 Fungi Beasts","floor":15,"turns":3},{"damage":7,"enemies":"WA_ARCHETYPE_RETAIN","floor":16,"turns":4},{"damage":2,"enemies":"Shell Parasite","floor":19,"turns":2},{"damage":0,"enemies":"Spheric Guardian","floor":20,"turns":2},{"damage":0,"enemies":"Snake Plant","floor":21,"turns":1},{"damage":0,"enemies":"Snecko","floor":22,"turns":2},{"damage":0,"enemies":"downfall:FleeingMerchant","floor":25,"turns":4},{"damage":0,"enemies":"3 Cultists","floor":26,"turns":2},{"damage":18,"enemies":"Gremlin Leader","floor":27,"turns":2},{"damage":0,"enemies":"Slavers","floor":28,"turns":3},{"damage":0,"enemies":"Cultist and Chosen","floor":29,"turns":2},{"damage":12,"enemies":"Gremlin Leader","floor":31,"turns":2},{"damage":0,"enemies":"Snake Plant","floor":32,"turns":1},{"damage":0,"enemies":"IC_MUSHROOM_ARCHETYPE","floor":33,"turns":4},{"damage":0,"enemies":"3 Shapes","floor":36,"turns":2},{"damage":0,"enemies":"3 Darklings","floor":37,"turns":2},{"damage":0,"enemies":"Maw","floor":38,"turns":4},{"damage":0,"enemies":"Nemesis","floor":40,"turns":3},{"damage":0,"enemies":"Giant Head","floor":45,"turns":3},{"damage":0,"enemies":"Reptomancer","floor":47,"turns":2},{"damage":0,"enemies":"Sphere and 2 Shapes","floor":49,"turns":3},{"damage":4,"enemies":"SI_POISON_ARCHETYPE","floor":50,"turns":7}],"seed_played":"1303523745381407680","potions_obtained":[{"floor":2,"key":"ShroomBrew"},{"floor":5,"key":"Dexterity Potion"},{"floor":9,"key":"bronze:BurnAndBuffPotion"},{"floor":12,"key":"champ:CounterPotion"},{"floor":14,"key":"PowerPotion"},{"floor":15,"key":"EntropicBrew"},{"floor":19,"key":"Swift Potion"},{"floor":22,"key":"LiquidBronze"},{"floor":26,"key":"sneckomod:MuddlingPotion"},{"floor":32,"key":"BottledSpark"},{"floor":33,"key":"Guardian:BlockOnCardUsePotion"},{"floor":40,"key":"PowerPotion"}],"is_trial":true,"path_per_floor":["R","M","M","M","M","E","T","E","E","E","R","E","M","E","M","B",null,"R","M","M","M","M","R","T","$","M","E","E","M","R","E","M","B",null,"R","M","M","M","E","T","R","R","E","E","$","M","B",null],"character_chosen":"MARISA","items_purchased":["Bag of Preparation","hubris:BottledRain","Eternal Feather","Pear","CaptainsWheel","hubris:Spice","Guardian:PocketSentry","hubris:SlimyHat"],"campfire_rested":0,"item_purchase_floors":[25,25,25,25,25,25,48,48],"current_hp_per_floor":[63,63,63,63,63,63,63,63,59,59,59,30,24,32,23,16,63,63,61,61,61,61,61,61,94,94,76,76,76,80,68,68,68,71,72,72,72,72,72,72,72,72,72,72,72,72,68],"gold":125,"neow_bonus":"","is_daily":false,"chose_seed":false,"campfire_upgraded":2,"win_rate":0.0,"timestamp":1613693062,"path_taken":["R","M","M","M","M","E","T","E","E","E","R","E","M","E","M","BOSS","R","M","M","M","M","R","T","$","M","E","E","M","R","E","M","BOSS","R","M","M","M","E","T","R","R","E","E","$","M","BOSS"],"items_purchased_type":["Relic","Relic","Relic","Relic","Relic","Relic","Relic","Relic"],"build_version":"2020-12-22","purchased_purges":0,"victory":true,"max_hp_per_floor":[70,70,70,70,70,70,70,70,70,70,70,70,70,78,78,78,78,78,78,78,78,78,78,78,96,96,96,88,80,80,80,72,72,72,72,72,72,72,72,72,72,72,72,72,72,72,72],"card_choices":[{"not_picked":["UltimateShortwave","Chrysalis"],"picked":"MillisecondPulsars","floor":6},{"not_picked":["Sadistic Nature","Magnetism"],"picked":"Mayhem","floor":8},{"not_picked":["Sadistic Nature","MillisecondPulsars","BigCrunch"],"picked":"UltimateShortwave","floor":9},{"not_picked":["EscapeVelocity","HandOfGreed","BlazingStar"],"picked":"SuperNova","floor":10},{"not_picked":["The Bomb+1","Secret Weapon+1","Panache"],"picked":"UltimateShortwave+1","floor":12},{"not_picked":["SuperNova","BigCrunch+1","BinaryStars+1"],"picked":"Mayhem","floor":14},{"not_picked":["FinalSpark","Thinking Ahead+1","HandOfGreed"],"picked":"BinaryStars+1","floor":16},{"not_picked":["IllusionStar+1","ShootingEcho","LuminesStrike"],"picked":"DarkMatter+1","floor":25},{"not_picked":["Thinking Ahead+1","ManaRampage+1","MaximisePower+1"],"picked":"hubris:EnhanceAbility","floor":27},{"not_picked":["Thinking Ahead+1","JA","CasketOfStar"],"picked":"Metamorphosis+1","floor":28},{"not_picked":["AbsoluteMagnitude","SuperNova","BinaryStars+1"],"picked":"Secret Weapon+1","floor":31},{"not_picked":["Secret Weapon+1","JA","Metamorphosis+1"],"picked":"Secret Technique+1","floor":33},{"not_picked":["Magnetism","CasketOfStar","ManaRampage+1"],"picked":"hubris:EnhanceAbility","floor":40},{"not_picked":["Transmutation+1","hubris:SpiceAddiction","StarDustReverie+1","hubris:SpiceAddiction"],"picked":"SKIP","floor":45},{"not_picked":["SatelliteIllusion","The Bomb+1","CollectingQuirk"],"picked":"Thinking Ahead+1","floor":47}],"player_experience":100979,"relics_obtained":[{"floor":2,"key":"PreservedInsect"},{"floor":3,"key":"MealTicket"},{"floor":4,"key":"Nunchaku"},{"floor":5,"key":"The Courier"},{"floor":6,"key":"Old Coin"},{"floor":8,"key":"Question Card"},{"floor":9,"key":"hubris:MedicalManual"},{"floor":10,"key":"Toxic Egg 2"},{"floor":12,"key":"Incense Burner"},{"floor":13,"key":"Potion Belt"},{"floor":14,"key":"hubris:Spice"},{"floor":15,"key":"War Paint"},{"floor":19,"key":"Bronze Scales"},{"floor":20,"key":"hubris:Teleporter"},{"floor":21,"key":"Matryoshka"},{"floor":22,"key":"White Beast Statue"},{"floor":24,"key":"Meat on the Bone"},{"floor":24,"key":"Oddly Smooth Stone"},{"floor":26,"key":"Art of War"},{"floor":28,"key":"hubris:Spice"},{"floor":29,"key":"hubris:Spice"},{"floor":31,"key":"Ornamental Fan"},{"floor":32,"key":"hubris:Spice"},{"floor":36,"key":"hexamod:BolsterEngine"},{"floor":37,"key":"Dream Catcher"},{"floor":41,"key":"Shovel"},{"floor":44,"key":"hubris:MysteriousPyramids"},{"floor":47,"key":"Ancient Tea Set"}],"event_choices":[],"is_beta":false,"boss_relics":[{"not_picked":["hubris:VirtuousBlindfold","hubris:RunicObelisk"],"picked":"Coffee Dripper"},{"not_picked":["RampagingMagicTools","hubris:Spice"],"picked":"hubris:HollowSoul"}],"items_purged_floors":[],"is_endless":false,"potions_floor_spawned":[2,5,9,12,14,15,19,22,25,26,27,28,29,31,32,33,36,37,38,40,45,47,49],"ascension_level":20}}