{"host":"c64dsqyrqv0ei9yn","time":1613731005,"event":{"mods":["BaseMod","Bestiary","Colored Map","Colored Powertips","Curses Come First","Downfall","Hermit","Koishi","LagranYue(ùfäiòNÅEåé)","MarisaÅiñ∂âJÅ@ñÇóùçπÅj","Minty Spire (QoL Compilation)","Prisma Mod","Random Character Button","ReimuÅiîé??öÎÅj","RemiliaÅiÂQïƒ‰ª?Åj","StSLib","The Alterego","The Marked","The Saiyan","The Senshi","The Servant 0.9.4","The Wild Card","TheSwordswoman","Waifu the Spire","WarShipGirlsR/??è≠èóR mod","slay the spire mod where everything is the same but ironclad has a cowboy hat"],"gold_per_floor":[99,117,133,133,152,152,152,152,152,165,32,32,46,59,73,177,177,177,191,208,227,240,240,267,18,18,30,30,57,57,77,97,198,198,198,218,229,239,72,72,72,72],"floor_reached":40,"language":"ENG","playtime":3689,"items_purged":["Guardian:Strike_Guardian"],"score":404,"play_id":"0c322a81-d5c5-4341-8844-e65145d4edfa","local_time":"20210219103645","is_ascension_mode":false,"campfire_choices":[{"data":"Guardian:CurlUp","floor":1,"key":"SMITH"},{"data":"Guardian:FloatingOrbs","floor":6,"key":"SMITH"},{"data":"Guardian:TwinSlam","floor":9,"key":"SMITH"},{"data":"Guardian:ConstructionForm","floor":18,"key":"SMITH"},{"data":"Guardian:HyperBeam_Guardian","floor":26,"key":"SMITH"},{"floor":28,"key":"REST"},{"floor":30,"key":"REST"},{"data":"Guardian:BaubleBeam","floor":35,"key":"SMITH"}],"circlet_count":0,"master_deck":["Guardian:Strike_Guardian","Guardian:Defend_Guardian","Guardian:Defend_Guardian","Guardian:Defend_Guardian","Guardian:CurlUp+1","Guardian:TwinSlam+1","Guardian:FloatingOrbs+1","Guardian:BodySlam+1","Guardian:RollAttack","Guardian:PiercingHide","Guardian:SphericShield","Guardian:ConstructionForm+1","Guardian:Clone+1","Guardian:Harden","Guardian:DecasProtection+1","Guardian:HyperBeam_Guardian+1","Guardian:EvasiveProtocol","Guardian:BaubleBeam+1","Guardian:DonusPower+1","Guardian:EvasiveProtocol","Guardian:SentryBeam+1","Guardian:ShieldSpikes","Guardian:Recover"],"relics":["Guardian:ModeShifter","Astrolabe","Regal Pillow","Bottled Tornado","Velvet Choker","ScarletDevilRocket"],"acts_visited":["Exordium","TheCity","TheBeyond"],"potions_floor_usage":[14,16,27,29,33,40],"damage_taken":[{"damage":1,"enemies":"Cultist","floor":2,"turns":4},{"damage":1,"enemies":"Jaw Worm","floor":3,"turns":5},{"damage":0,"enemies":"Small Slimes","floor":5,"turns":3},{"damage":3,"enemies":"downfall:LooterAlt","floor":10,"turns":4},{"damage":0,"enemies":"downfall:FleeingMerchant","floor":11,"turns":4},{"damage":0,"enemies":"Large Slime","floor":13,"turns":4},{"damage":5,"enemies":"Exordium Thugs","floor":14,"turns":3},{"damage":3,"enemies":"Blue Slaver","floor":15,"turns":3},{"damage":34,"enemies":"DF_ARCHETYPE_STREAMLINE","floor":16,"turns":11},{"damage":14,"enemies":"downfall:LooterAlt2","floor":19,"turns":6},{"damage":8,"enemies":"3 Byrds","floor":20,"turns":5},{"damage":1,"enemies":"Snake Plant","floor":21,"turns":6},{"damage":21,"enemies":"3 Cultists","floor":22,"turns":8},{"damage":3,"enemies":"downfall:FleeingMerchant","floor":25,"turns":4},{"damage":2,"enemies":"Chosen and Byrds","floor":27,"turns":6},{"damage":41,"enemies":"Gremlin Leader","floor":29,"turns":7},{"damage":0,"enemies":"Snake Plant","floor":31,"turns":4},{"damage":3,"enemies":"Cultist and Chosen","floor":32,"turns":8},{"damage":31,"enemies":"WA_ARCHETYPE_CALM","floor":33,"turns":13},{"damage":4,"enemies":"3 Darklings","floor":36,"turns":4},{"damage":3,"enemies":"3 Shapes","floor":37,"turns":3},{"damage":9,"enemies":"Transient","floor":38,"turns":5},{"damage":0,"enemies":"downfall:FleeingMerchant","floor":39,"turns":4},{"damage":73,"enemies":"IC_BLOCK_ARCHETYPE","floor":40,"turns":9}],"seed_played":"7620617037329791868","potions_obtained":[{"floor":3,"key":"Guardian:DefensiveModePotion"},{"floor":14,"key":"Guardian:BlockOnCardUsePotion"},{"floor":15,"key":"champ:CounterPotion"},{"floor":21,"key":"Explosive Potion"},{"floor":27,"key":"Slimebound:ThreeZeroPotion"},{"floor":29,"key":"hexamod:SoulburnPotion"},{"floor":31,"key":"SneckoOil"},{"floor":37,"key":"PowerPotion"}],"is_trial":false,"path_per_floor":["R","M","M","?","M","R","T","?","R","M","$","?","M","M","M","B",null,"R","M","M","M","M","?","T","$","R","M","R","E","R","M","M","B",null,"R","M","M","M","$","B"],"character_chosen":"GUARDIAN","items_purchased":["Guardian:BodySlam","Guardian:RollAttack","Guardian:EvasiveProtocol","Guardian:BaubleBeam","ScarletDevilRocket"],"campfire_rested":2,"item_purchase_floors":[11,11,25,25,39],"current_hp_per_floor":[88,87,86,86,86,86,86,86,86,83,83,83,83,78,75,41,88,88,74,66,65,44,44,44,41,41,39,80,39,80,80,77,46,88,88,84,81,72,72,0,0,0],"gold":72,"neow_bonus":"TEN_PERCENT_HP_BONUS","is_daily":false,"chose_seed":false,"campfire_upgraded":6,"win_rate":0.0,"timestamp":1613731005,"path_taken":["R","M","M","?","M","R","T","?","R","M","$","?","M","M","M","BOSS","R","M","M","M","M","?","T","$","R","M","R","E","R","M","M","BOSS","R","M","M","M","$","BOSS"],"items_purchased_type":["Card","Card","Card","Card","Relic"],"build_version":"2020-12-22","purchased_purges":1,"victory":false,"max_hp_per_floor":[88,88,88,88,88,88,88,88,88,88,88,88,88,88,88,88,88,88,88,88,88,88,88,88,88,88,88,88,88,88,88,88,88,88,88,88,88,88,88,88,88,88],"card_choices":[{"not_picked":["Guardian:TemporalShield","Guardian:RollAttack"],"picked":"Guardian:Gem_Red","floor":2},{"not_picked":["Guardian:Gem_Lightblue","Guardian:DecasProtection"],"picked":"Guardian:FloatingOrbs","floor":3},{"not_picked":["Guardian:WalkerClaw","Guardian:PrismaticBeam"],"picked":"Guardian:Gem_Purple","floor":5},{"not_picked":["Guardian:MultiBeam","Guardian:CrystalBeam","Guardian:ShieldCharger"],"picked":"SKIP","floor":10},{"not_picked":["Guardian:Planning","Guardian:Incinerate","Guardian:ShieldCharger"],"picked":"SKIP","floor":11},{"not_picked":["Guardian:BodySlam","Guardian:CrystalBeam"],"picked":"Guardian:Gem_Red","floor":13},{"not_picked":["Guardian:Gem_Cyan","Guardian:Repulse"],"picked":"Guardian:PiercingHide","floor":14},{"not_picked":["Guardian:RefractedBeam","Guardian:DecasProtection"],"picked":"Guardian:SphericShield","floor":15},{"not_picked":["Guardian:StasisStrike","Guardian:TimeSifter"],"picked":"Guardian:ConstructionForm","floor":16},{"not_picked":["Guardian:PiercingHide","Guardian:Repulse"],"picked":"Guardian:Harden","floor":19},{"not_picked":["Guardian:ShieldCharger","Guardian:TemporalShield"],"picked":"Guardian:DecasProtection+1","floor":20},{"not_picked":["Guardian:Planning+1","Guardian:Gem_Yellow","Guardian:VentSteam"],"picked":"SKIP","floor":21},{"not_picked":["Guardian:Reroute","Guardian:Repulse","Guardian:RollAttack+1"],"picked":"SKIP","floor":22},{"not_picked":["Guardian:Gem_Fragmented","Guardian:PiercingHide"],"picked":"Guardian:HyperBeam_Guardian","floor":25},{"not_picked":["Guardian:BronzeArmor","Guardian:VentSteam"],"picked":"Guardian:DonusPower+1","floor":27},{"not_picked":["Guardian:BronzeArmor","Guardian:Incinerate"],"picked":"Guardian:EvasiveProtocol","floor":29},{"not_picked":["Guardian:PiercingHide+1","Guardian:Gem_Yellow","Guardian:TemporalStrike"],"picked":"SKIP","floor":31},{"not_picked":["Guardian:SpikerProtocol","Guardian:Planning"],"picked":"Guardian:SentryBeam+1","floor":32},{"not_picked":["Guardian:ExploitGems","Guardian:SphericShield"],"picked":"Guardian:Gem_Orange","floor":33},{"not_picked":["Guardian:Suspension","Guardian:CrystalBeam"],"picked":"Guardian:ShieldSpikes","floor":36},{"not_picked":["Guardian:PrismaticBeam+1","Guardian:Preprogram+1"],"picked":"Guardian:Recover","floor":37},{"not_picked":["Guardian:Gem_Red","Guardian:ConstructionForm","Guardian:ChargeCore"],"picked":"SKIP","floor":38},{"not_picked":["Guardian:Gem_Green","Guardian:ChargeCore+1","Guardian:Gem_White"],"picked":"SKIP","floor":39}],"player_experience":107660,"relics_obtained":[{"floor":24,"key":"Regal Pillow"},{"floor":29,"key":"Bottled Tornado"}],"event_choices":[{"damage_healed":0,"gold_gain":0,"player_choice":"Grow","damage_taken":0,"max_hp_gain":0,"max_hp_loss":0,"event_name":"Living Wall","floor":12,"gold_loss":0,"cards_upgraded":["Guardian:BodySlam"]},{"damage_healed":0,"gold_gain":0,"player_choice":"Ignored","damage_taken":0,"max_hp_gain":0,"max_hp_loss":0,"event_name":"Ghosts","floor":23,"gold_loss":0}],"is_beta":false,"boss_relics":[{"not_picked":["Runic Dome","Black Star"],"picked":"Astrolabe"},{"not_picked":["Coffee Dripper","RedLine:ReiMu"],"picked":"Velvet Choker"}],"items_purged_floors":[25],"is_endless":false,"potions_floor_spawned":[3,14,15,21,27,29,31,32,37,38],"killed_by":"IC_BLOCK_ARCHETYPE","ascension_level":0}}