{"host":"strpjp9enjjpooof","time":1613726566,"event":{"mods":["Aspiration","BaseMod","Better Altar","Better Match","Better Note","Better Sensory Stone","Better Skull","Better Third Choice","Colored Powertips","Conspire","Energized Spire","Force Act Four","GifTheSpireLib","Halation","Hubris","Lobotomy","Minty Spire (QoL Compilation)","Relic Filter Mod","Reliquary","Replay The Spire","Spicy Shops","Spikes Relics","StSLib","Stuff the Spire","The Blue Laboratory","Together in Spire"],"gold_per_floor":[109,122,84,0,0,31,31,63,63,63,93,93,104,117,117,218,218,223,241,17,34,9,9,22,42,112,112,112,127,127,141,141,236,236,249,249,261,308,308,337,37,72,97,109,121,165,196,228,240,252,264,276,40,75,75],"floor_reached":56,"language":"ENG","playtime":2419,"items_purged":[],"score":955,"play_id":"da13f3c7-6e21-422c-9217-352ac94cc0c2","local_time":"20210219002246","is_ascension_mode":false,"campfire_choices":[{"floor":7,"key":"REST"},{"floor":10,"key":"REST"},{"floor":12,"key":"REST"},{"data":"Chaos","floor":15,"key":"SMITH"},{"data":"StuffTheSpire:Coldhearted","floor":23,"key":"SMITH"},{"data":"StuffTheSpire:Coldhearted","floor":27,"key":"SMITH"},{"data":"Turbo","floor":30,"key":"SMITH"},{"data":"Rainbow","floor":32,"key":"SMITH"},{"data":"Turbo","floor":44,"key":"SMITH"},{"floor":49,"key":"DIG"},{"data":"ReplayRNGCard","floor":52,"key":"SMITH"}],"circlet_count":0,"master_deck":["Strike_B","Strike_B","Strike_B","Strike_B","Defend_B","Defend_B","Defend_B","Defend_B","Zap","Dualcast","Sweeping Beam","Barrage","Crystallizer","BasicCrystalCard","Chaos+1","StuffTheSpire:Coldhearted+1","StuffTheSpire:Coldhearted+1","Turbo+1","Conserve Battery","Rainbow+1","Barrage+1","Sweeping Beam","Doom and Gloom","Aggregate","Conserve Battery","Turbo+1","Ball Lightning","Barrage","Conserve Battery","Turbo","Redo","ReplayRNGCard+1","Turbo","Writhe","Melter","Stack+1","Capacitor","Reinforced Body+1","Barrage","Buffer","Capacitor+1","Turbo+1","Conserve Battery","Tempest+1"],"relics":["Cracked Core","betterThird:SlimedRelic","StoneCalendar","Ancient Tea Set","energizedSpire:MagnifyingGlass","Shuriken","reliquary:RedPaperclip","reliquary:SilkGlove","StuffTheSpire:CocoNut","hubris:GlazedTorus","ReplayTheSpireMod:Ninjato","hubris:Spice","MawBank","StuffTheSpire:GreaterSneckoEye","CrustySpines","Quantum Egg","Cauldron","aspiration:StickyExplosives_weak"],"acts_visited":["Exordium","TheCity","TheBeyond","TheEnding"],"potions_floor_usage":[19,19,29,33,33,50,50,50,55,55,55],"damage_taken":[{"damage":1,"enemies":"2 Louse","floor":1,"turns":2},{"damage":8,"enemies":"conspire:RoseBush","floor":2,"turns":1},{"damage":4,"enemies":"Replay:BlueRogue","floor":6,"turns":2},{"damage":13,"enemies":"3 Sentries","floor":8,"turns":3},{"damage":17,"enemies":"Replay:BlueRogue","floor":11,"turns":3},{"damage":0,"enemies":"Cultist","floor":13,"turns":1},{"damage":0,"enemies":"Exordium Wildlife","floor":14,"turns":1},{"damage":0,"enemies":"Slime Boss","floor":16,"turns":5},{"damage":0,"enemies":"2 Thieves","floor":18,"turns":2},{"damage":0,"enemies":"3 Byrds","floor":19,"turns":3},{"damage":0,"enemies":"3 Cultists","floor":21,"turns":1},{"damage":4,"enemies":"Snake Plant","floor":24,"turns":4},{"damage":0,"enemies":"conspire:HollyBat","floor":25,"turns":4},{"damage":0,"enemies":"Sentry and Sphere","floor":29,"turns":3},{"damage":6,"enemies":"Shelled Parasite and Fungi","floor":31,"turns":3},{"damage":17,"enemies":"Collector","floor":33,"turns":4},{"damage":2,"enemies":"3 Darklings","floor":35,"turns":2},{"damage":0,"enemies":"Orb Walker","floor":37,"turns":2},{"damage":6,"enemies":"Nemesis","floor":40,"turns":4},{"damage":12,"enemies":"Giant Head","floor":42,"turns":8},{"damage":0,"enemies":"Reptomancer","floor":46,"turns":3},{"damage":11,"enemies":"Writhing Mass","floor":47,"turns":3},{"damage":0,"enemies":"3 Darklings","floor":48,"turns":2},{"damage":17,"enemies":"Time Eater","floor":50,"turns":8},{"damage":8,"enemies":"Shield and Spear","floor":54,"turns":4},{"damage":23,"enemies":"The Heart","floor":55,"turns":6}],"seed_played":"3859981032453618124","potions_obtained":[{"floor":0,"key":"blueLaboratory:SystemWipe"},{"floor":0,"key":"Venom Potion"},{"floor":0,"key":"blueLaboratory:BottleOfRum"},{"floor":8,"key":"blueLaboratory:Moonshine"},{"floor":11,"key":"Flashbang"},{"floor":14,"key":"blueLaboratory:SavagePotion"},{"floor":21,"key":"blueLaboratory:NullPotion"},{"floor":29,"key":"Reflective Coating"},{"floor":31,"key":"blueLaboratory:SystemWipe"},{"floor":35,"key":"Elixir"},{"floor":53,"key":"Weak Potion"},{"floor":53,"key":"blueLaboratory:FruitPunch"},{"floor":53,"key":"blueLaboratory:TrueEctoplasm"}],"is_trial":false,"path_per_floor":["M","M","?","$","?","E","R","E","T","R","E","R","M","M","R","B",null,"M","M","$","M","$","R","M","M","T","R","?","M","R","M","R","B",null,"M","?","M","T","T","E","$","E","T","R","?","E","M","M","R","B",null,"R","$","E","B",null],"character_chosen":"DEFECT","items_purchased":["Crystallizer","BasicCrystalCard","Doom and Gloom","Aggregate","Conserve Battery","Ball Lightning","Capacitor","ReplayTheSpireMod:Ninjato","Turbo+1","Cauldron","Conserve Battery"],"campfire_rested":3,"item_purchase_floors":[4,4,20,20,20,22,41,41,53,53,53],"current_hp_per_floor":[74,66,55,55,55,51,73,60,60,75,66,75,75,75,75,75,75,75,75,75,75,75,75,71,73,73,73,73,75,75,69,69,52,75,73,75,75,75,82,76,76,72,72,72,52,52,41,41,41,24,90,90,90,82,61],"gold":75,"neow_bonus":"THREE_SMALL_POTIONS","is_daily":false,"chose_seed":false,"campfire_upgraded":7,"win_rate":0.0,"timestamp":1613726566,"path_taken":["M","M","?","$","?","E","R","E","T","R","E","R","M","M","R","BOSS","M","M","$","M","$","R","M","M","T","R","?","M","R","M","R","BOSS","M","?","M","?","?","E","$","E","T","R","?","E","M","?","R","BOSS","R","$","E","BOSS"],"items_purchased_type":["Card","Card","Card","Card","Card","Card","Card","Relic","Card","Relic","Card"],"build_version":"2020-12-22","purchased_purges":0,"victory":true,"max_hp_per_floor":[75,75,75,75,75,75,75,75,75,75,75,75,75,75,75,75,75,75,75,75,75,75,75,75,75,75,75,75,75,75,75,75,75,75,75,75,75,75,82,82,82,90,90,90,90,90,90,90,90,90,90,90,90,90,92],"card_choices":[{"not_picked":["Barrage","ReplayTheSpireMod:Repulse"],"picked":"Sweeping Beam","floor":1},{"not_picked":["ReplayGash","Scrape"],"picked":"Barrage","floor":2},{"not_picked":["Hologram","StuffTheSpire:LoadUp"],"picked":"Chaos","floor":6},{"not_picked":["BootSequence","Gash"],"picked":"StuffTheSpire:Coldhearted","floor":8},{"not_picked":["Stack","Biased Cognition"],"picked":"StuffTheSpire:Coldhearted","floor":11},{"not_picked":["Hello World","Sweeping Beam"],"picked":"Turbo","floor":13},{"not_picked":["Barrage","Cold Snap"],"picked":"Conserve Battery","floor":14},{"not_picked":["StuffTheSpire:LaunchingStrike","StuffTheSpire:Purify"],"picked":"Rainbow","floor":16},{"not_picked":["Coolheaded","Sweeping Beam"],"picked":"Barrage+1","floor":18},{"not_picked":["BasicCrystalCard","StuffTheSpire:LoadUp+1"],"picked":"Sweeping Beam","floor":19},{"not_picked":["Self Repair","White Noise+1"],"picked":"Turbo","floor":21},{"not_picked":["ReplaySort+1","Crystallizer"],"picked":"Barrage","floor":24},{"not_picked":["Rip and Tear+1","ReplayTheSpireMod:Calculation Training"],"picked":"Conserve Battery","floor":25},{"not_picked":["Leap","Ball Lightning"],"picked":"Turbo","floor":29},{"not_picked":["Leap","StuffTheSpire:GlassShard"],"picked":"Redo","floor":31},{"not_picked":["All For One","StuffTheSpire:EventHorizon"],"picked":"ReplayRNGCard","floor":33},{"not_picked":["Hologram","Compile Driver"],"picked":"Turbo","floor":35},{"not_picked":["Hologram+1","Redo"],"picked":"Melter","floor":37},{"not_picked":["Time Bomb+1","Steam+1"],"picked":"Stack+1","floor":40},{"not_picked":["StuffTheSpire:Synthwave+1","Cold Snap+1"],"picked":"Reinforced Body+1","floor":42},{"not_picked":["Redo","Recycle"],"picked":"Barrage","floor":46},{"not_picked":["Leap+1","conspire:SharedLibrary+1"],"picked":"Buffer","floor":47},{"not_picked":["Barrage+1","Conserve Battery"],"picked":"Capacitor+1","floor":48},{"not_picked":["Go for the Eyes","Barrage+1"],"picked":"Tempest+1","floor":54}],"player_experience":161433,"relics_obtained":[{"floor":6,"key":"StoneCalendar"},{"floor":8,"key":"halation:AfternoonTea"},{"floor":9,"key":"Solar Panel"},{"floor":11,"key":"Ancient Tea Set"},{"floor":26,"key":"Shuriken"},{"floor":38,"key":"reliquary:SilkGlove"},{"floor":39,"key":"StuffTheSpire:CocoNut"},{"floor":40,"key":"hubris:GlazedTorus"},{"floor":42,"key":"hubris:Spice"},{"floor":43,"key":"MawBank"},{"floor":45,"key":"StuffTheSpire:GreaterSneckoEye"},{"floor":46,"key":"CrustySpines"},{"floor":49,"key":"Quantum Egg"},{"floor":54,"key":"aspiration:StickyExplosives_weak"}],"event_choices":[{"damage_healed":0,"gold_gain":0,"player_choice":"Slimed","damage_taken":11,"max_hp_gain":0,"max_hp_loss":0,"event_name":"betterThird:BetterGoop","floor":3,"gold_loss":38},{"damage_healed":0,"gold_gain":0,"player_choice":"Ignored","damage_taken":0,"max_hp_gain":0,"max_hp_loss":0,"event_name":"Purifier","floor":28,"gold_loss":0},{"damage_healed":19,"gold_gain":0,"player_choice":"Writhe","damage_taken":0,"max_hp_gain":0,"max_hp_loss":0,"event_name":"Winding Halls","floor":36,"gold_loss":0,"cards_obtained":["Writhe"]}],"is_beta":false,"boss_relics":[{"not_picked":["Coffee Dripper","halation:Yufonium"],"picked":"energizedSpire:MagnifyingGlass"},{"not_picked":["Replay:Wanted Poster","StuffTheSpire:RunicConfusion"],"picked":"reliquary:RedPaperclip"}],"items_purged_floors":[],"is_endless":false,"potions_floor_spawned":[8,11,14,21,29,31,35,48],"ascension_level":0}}