{"host":"rfvxwqmjnimh09wr","time":1613764588,"event":{"mods":["BaseMod","Colored Map","Hermit","Minty Spire (QoL Compilation)","StSLib"],"gold_per_floor":[114,130,146,158,5,32,32,50,76,76,76,87,87,118,118,118,118],"floor_reached":16,"language":"ENG","playtime":1273,"items_purged":[],"score":112,"play_id":"dfd436e1-4a6d-4c0c-8a95-41f5ab0d97f9","local_time":"20210219145628","is_ascension_mode":false,"campfire_choices":[{"data":"hermit:Vantage","floor":7,"key":"SMITH"},{"data":"hermit:TakeAim","floor":11,"key":"SMITH"},{"floor":15,"key":"REST"}],"circlet_count":0,"master_deck":["hermit:Strike_Hermit","hermit:Strike_Hermit","hermit:Strike_Hermit","hermit:Strike_Hermit","hermit:Defend_Hermit","hermit:Defend_Hermit","hermit:Defend_Hermit","hermit:Defend_Hermit","hermit:Snapshot","hermit:Covet","hermit:Vantage+1","hermit:HoleUp","hermit:Enervate+1","hermit:ItchyTrigger","hermit:TakeAim+1","hermit:ItchyTrigger","hermit:EyeOfTheStorm","hermit:Determination"],"relics":["hermit:Momento","NeowsBlessing","Sling","Lantern","MealTicket"],"acts_visited":["Exordium"],"potions_floor_usage":[8,12,14,14,14],"damage_taken":[{"damage":0,"enemies":"Jaw Worm","floor":1,"turns":1},{"damage":0,"enemies":"Cultist","floor":2,"turns":1},{"damage":0,"enemies":"2 Louse","floor":3,"turns":2},{"damage":0,"enemies":"Exordium Wildlife","floor":4,"turns":3},{"damage":15,"enemies":"Gremlin Nob","floor":6,"turns":4},{"damage":1,"enemies":"2 Fungi Beasts","floor":8,"turns":3},{"damage":12,"enemies":"Gremlin Gang","floor":12,"turns":5},{"damage":8,"enemies":"Lagavulin","floor":14,"turns":4},{"damage":62,"enemies":"The Guardian","floor":16,"turns":10}],"seed_played":"-6854418302363644930","potions_obtained":[{"floor":1,"key":"Ancient Potion"},{"floor":4,"key":"SpeedPotion"},{"floor":6,"key":"CultistPotion"},{"floor":8,"key":"ColorlessPotion"},{"floor":12,"key":"DistilledChaos"}],"is_trial":false,"path_per_floor":["M","M","M","M","$","E","R","M","T","$","R","M","?","E","R","B"],"character_chosen":"HERMIT","items_purchased":["Sling"],"campfire_rested":1,"item_purchase_floors":[5],"current_hp_per_floor":[75,75,75,75,75,60,60,59,59,59,59,47,47,39,61,0,0],"gold":118,"neow_bonus":"THREE_ENEMY_KILL","is_daily":false,"chose_seed":false,"campfire_upgraded":2,"win_rate":0.0,"timestamp":1613764588,"path_taken":["M","M","M","M","$","E","R","M","T","$","R","M","?","E","R","BOSS"],"items_purchased_type":["Relic"],"build_version":"2020-12-22","purchased_purges":0,"victory":false,"max_hp_per_floor":[75,75,75,75,75,75,75,75,75,75,75,75,75,75,75,75,75],"card_choices":[{"not_picked":["hermit:Spite","hermit:SprayPray"],"picked":"hermit:Vantage","floor":1},{"not_picked":["hermit:Coalescence","hermit:CursedWeapon"],"picked":"hermit:HoleUp","floor":2},{"not_picked":["hermit:Coalescence","hermit:HighCaliber"],"picked":"hermit:Enervate","floor":3},{"not_picked":["hermit:Misfire","hermit:Vantage"],"picked":"hermit:ItchyTrigger","floor":4},{"not_picked":["hermit:Ricochet","hermit:Gambit"],"picked":"hermit:TakeAim","floor":6},{"not_picked":["hermit:FlashPowder","hermit:LowProfile"],"picked":"hermit:ItchyTrigger","floor":8},{"not_picked":["hermit:LowProfile","hermit:NoHoldsBarred"],"picked":"hermit:EyeOfTheStorm","floor":12},{"not_picked":["hermit:LowProfile","hermit:Virtue"],"picked":"hermit:Determination","floor":14}],"player_experience":201996,"relics_obtained":[{"floor":6,"key":"Lantern"},{"floor":14,"key":"MealTicket"}],"event_choices":[{"damage_healed":0,"gold_gain":0,"player_choice":"Upgraded","damage_taken":0,"max_hp_gain":0,"max_hp_loss":0,"event_name":"Upgrade Shrine","floor":13,"gold_loss":0,"cards_upgraded":["hermit:Enervate"]}],"is_beta":false,"boss_relics":[],"items_purged_floors":[],"is_endless":false,"potions_floor_spawned":[1,4,6,8,12],"killed_by":"The Guardian","ascension_level":0}}