{"host":"lwys0gbp6t40j7jh","time":1613738644,"event":{"mods":["Act Like it!","BaseMod","CapriCore","Downfall","Friendly Minions","GifTheSpireLib","Minty Spire (QoL Compilation)","StSLib","SuperFastMode"],"gold_per_floor":[99,110,20,37,51,51,51,77,77,177,177,188,188,93,110,211,211,111,125,142,152,152,52,79,79,79,93,93,93,93],"floor_reached":28,"language":"ENG","playtime":847,"items_purged":["champ:Strike"],"score":218,"play_id":"d936b8a2-be71-4fe4-9e77-d1e0c1dfe946","local_time":"20210219134404","is_ascension_mode":false,"campfire_choices":[{"data":"champ:Execute","floor":1,"key":"SMITH"},{"data":"champ:BringItOn","floor":9,"key":"SMITH"},{"data":"champ:FancyFootwork","floor":11,"key":"SMITH"},{"floor":18,"key":"RECALL"},{"data":"champ:AdrenalArmor","floor":23,"key":"SMITH"},{"data":"champ:VampiricStrike","floor":25,"key":"SMITH"}],"circlet_count":0,"master_deck":["champ:Strike","champ:Strike","champ:Strike","champ:Defend+1","champ:Defend","champ:Defend+1","champ:Execute+1","champ:Taunt","Good Instincts","champ:Backstep","champ:FancyFootwork+1","champ:BringItOn+1","champ:Haymaker","champ:PreemptiveStrike+1","champ:EnragedBash","downfall:Malfunctioning","champ:TornadoPunch","champ:RisingSlash","champ:VampiricStrike+1","champ:Shatter","champ:AdrenalArmor+1","champ:FanOfKnives+1","champ:FocusedBerserking"],"relics":["champ:ChampionCrown","Mummified Hand","Regal Pillow","Runic Dome","downfall:HeartBlessingGreen","downfall:HeartBlessingRed","downfall:RedIOU"],"acts_visited":["Exordium","TheCity"],"potions_floor_usage":[20,20,20,28],"damage_taken":[{"damage":10,"enemies":"Small Slimes","floor":2,"turns":3},{"damage":20,"enemies":"downfall:FleeingMerchant","floor":3,"turns":4},{"damage":10,"enemies":"2 Louse","floor":4,"turns":3},{"damage":10,"enemies":"Cultist","floor":5,"turns":3},{"damage":56,"enemies":"Lagavulin","floor":8,"turns":7},{"damage":12,"enemies":"Exordium Wildlife","floor":12,"turns":6},{"damage":19,"enemies":"downfall:FleeingMerchant","floor":14,"turns":4},{"damage":20,"enemies":"Blue Slaver","floor":15,"turns":4},{"damage":47,"enemies":"SI_SHIV_ARCHETYPE","floor":16,"turns":16},{"damage":25,"enemies":"downfall:LooterAlt2","floor":19,"turns":4},{"damage":35,"enemies":"3 Byrds","floor":20,"turns":5},{"damage":42,"enemies":"Shelled Parasite and Fungi","floor":21,"turns":6},{"damage":49,"enemies":"Snecko","floor":27,"turns":6},{"damage":32,"enemies":"Slavers","floor":28,"turns":1}],"seed_played":"2319605537854220974","potions_obtained":[{"floor":5,"key":"SneckoOil"},{"floor":8,"key":"Dexterity Potion"},{"floor":12,"key":"Regen Potion"},{"floor":19,"key":"Strength Potion"},{"floor":27,"key":"sneckomod:MuddlingPotion"}],"is_trial":false,"path_per_floor":["R","M","$","M","M","?","T","E","R","?","R","M","?","$","M","B",null,"R","M","M","M","?","R","T","R","?","M","E"],"character_chosen":"THE_CHAMP","items_purchased":["champ:RisingSlash"],"campfire_rested":0,"item_purchase_floors":[14],"current_hp_per_floor":[90,90,90,90,90,90,90,69,69,69,69,67,67,63,58,36,90,90,80,79,67,59,59,59,59,59,25,0,0,0],"gold":93,"neow_bonus":"RANDOM_COLORLESS","is_daily":false,"chose_seed":false,"campfire_upgraded":5,"win_rate":0.0,"timestamp":1613738644,"path_taken":["R","M","$","M","M","?","T","E","R","?","R","M","?","$","M","BOSS","R","M","M","M","?","R","T","R","?","M","E"],"items_purchased_type":["Card"],"build_version":"2020-12-22","purchased_purges":1,"victory":false,"max_hp_per_floor":[90,90,90,90,90,90,90,90,90,90,90,90,90,90,90,90,90,90,90,90,90,90,90,90,90,90,90,90,90,90],"card_choices":[{"not_picked":["Forethought","Panacea"],"picked":"Good Instincts","floor":0},{"not_picked":["champ:FancyFootwork","champ:BringItOn"],"picked":"champ:Backstep","floor":2},{"not_picked":["champ:Encircle","champ:TornadoPunch"],"picked":"champ:FancyFootwork","floor":3},{"not_picked":["champ:TornadoPunch","champ:CrownThrow"],"picked":"champ:BringItOn","floor":4},{"not_picked":["champ:TornadoPunch","champ:EndlessRage"],"picked":"champ:Haymaker","floor":5},{"not_picked":["champ:Circumvent","champ:BerserkerStyle"],"picked":"champ:PreemptiveStrike","floor":8},{"not_picked":["champ:HeartStrike","champ:BerserkerStyle"],"picked":"champ:EnragedBash","floor":12},{"not_picked":["champ:Lariat","champ:DeathBlow"],"picked":"champ:TornadoPunch","floor":14},{"not_picked":["champ:CrownThrow","champ:CalledShot","champ:PerfectedStrike"],"picked":"SKIP","floor":15},{"not_picked":["champ:GladiatorForm","champ:SteelEdge"],"picked":"champ:VampiricStrike","floor":16},{"not_picked":["champ:FanOfKnives+1","champ:EnragedBash"],"picked":"champ:Shatter","floor":19},{"not_picked":["champ:GutPunch","champ:PreciseThrust"],"picked":"champ:AdrenalArmor","floor":20},{"not_picked":["champ:FancyFootwork+1","champ:Shatter+1"],"picked":"champ:FanOfKnives","floor":21},{"not_picked":["champ:BerserkersShout+1","champ:Backstep"],"picked":"champ:FocusedBerserking","floor":27}],"player_experience":1255576,"relics_obtained":[{"floor":7,"key":"Mummified Hand"},{"floor":8,"key":"Regal Pillow"},{"floor":24,"key":"Juzu Bracelet"}],"event_choices":[],"is_beta":false,"boss_relics":[{"not_picked":["Busted Crown","Coffee Dripper"],"picked":"Runic Dome"}],"items_purged_floors":[3],"is_endless":false,"potions_floor_spawned":[5,8,12,16,19,27],"killed_by":"Slavers","ascension_level":0}}