{"host":"clcuy39u5sybassp","time":1613713256,"event":{"mods":["AchievementEnabler","BaseMod","Challenge The Spire","Lobotomy","LobotomyExtend","Minty Spire (QoL Compilation)","Quick Restart","Replay The Spire","StSLib"],"gold_per_floor":[110,126,136,147,226,261,261,292,367,397,427,439,466,478,490,607,619,631,688,716,743,769,781,812,824,836,878,907,919,949,979,991,1105,1117,1140,1163,1175,1203,1228,1240,1272,1284,1296,971,971,573,589,605,605,605,605],"floor_reached":50,"language":"ZHS","playtime":2422,"items_purged":[],"score":715,"play_id":"140d9012-0497-4e91-b725-3b1770b9dd0b","local_time":"20210219134056","is_ascension_mode":false,"campfire_choices":[{"floor":49.0,"key":"RECALL"}],"circlet_count":0,"master_deck":["SpecialBullet","SpecialBullet","SpecialBullet","SpecialBullet","SpecialBullet","SpecialBullet","SpecialBullet","SpecialBullet","InformationCode","SecurityCode","GrinderMk4","BlackArmy","OSAHOGD","Funeral","SpecialBullet","Regret_ego","WelfareCode","BloodyDesire","LifeForTheDareDevil","GreedKing","OldLady","ControlCode","CherryBlossom","SpecialBullet","SpecialBullet","QueenOfHatred","SpecialBullet","Scarecrow","Mimicry","SpecialBullet","SpecialBullet","SpecialBullet","Beak","DreamingCurrent","Soda","LongBird","ExtractionCode","Dramatic Entrance","Heaven+1","Harvest","WristCuter+1"],"relics":["CogitoBucket","LetterFromLob","Pocketwatch","TungstenRod","Mercury Hourglass","MawBank","HellTrain","Replay:Ancient Bell","Regal Pillow","Singing Bowl","Peace Pipe","Gaze_r","LaetitiaHeart","Bag of Marbles","Blue Candle","Girya","SkinProphecy","AtMidnight","Replay:Grab Bag","Fusion Hammer","Coffee Dripper","Calling Bell","PreservedInsect","Kunai","Replay:Kaleidoscope","Replay:Ringing Soul","White Beast Statue","Orrery"],"acts_visited":["Exordium","TheCity","TheBeyond"],"potions_floor_usage":[50,50,50],"damage_taken":[{"damage":10.0,"enemies":"Small Slimes","floor":1.0,"turns":3.0},{"damage":11.0,"enemies":"Jaw Worm","floor":2.0,"turns":2.0},{"damage":6.0,"enemies":"2 Louse","floor":3.0,"turns":2.0},{"damage":0.0,"enemies":"Gremlin Gang","floor":4.0,"turns":2.0},{"damage":18.0,"enemies":"Lagavulin","floor":6.0,"turns":5.0},{"damage":0.0,"enemies":"Gremlin Nob","floor":8.0,"turns":2.0},{"damage":12.0,"enemies":"3 Sentries","floor":10.0,"turns":2.0},{"damage":12.0,"enemies":"Large Slime","floor":11.0,"turns":2.0},{"damage":8.0,"enemies":"Looter","floor":13.0,"turns":2.0},{"damage":0.0,"enemies":"Slime Boss","floor":16.0,"turns":3.0},{"damage":3.0,"enemies":"2 Thieves","floor":18.0,"turns":1.0},{"damage":16.0,"enemies":"2 Thieves","floor":20.0,"turns":3.0},{"damage":1.0,"enemies":"3 Byrds","floor":21.0,"turns":3.0},{"damage":10.0,"enemies":"Cultist and Chosen","floor":22.0,"turns":5.0},{"damage":3.0,"enemies":"Centurion and Healer","floor":24.0,"turns":3.0},{"damage":9.0,"enemies":"Slavers","floor":27.0,"turns":5.0},{"damage":1.0,"enemies":"3 Cultists","floor":28.0,"turns":3.0},{"damage":7.0,"enemies":"Snecko","floor":30.0,"turns":4.0},{"damage":53.0,"enemies":"Snake Plant","floor":31.0,"turns":10.0},{"damage":7.0,"enemies":"Champ","floor":33.0,"turns":5.0},{"damage":8.0,"enemies":"3 Shapes","floor":35.0,"turns":3.0},{"damage":5.0,"enemies":"Orb Walker","floor":36.0,"turns":2.0},{"damage":18.0,"enemies":"Spire Growth","floor":38.0,"turns":5.0},{"damage":35.0,"enemies":"3 Darklings","floor":39.0,"turns":5.0},{"damage":14.0,"enemies":"Jaw Worm Horde","floor":41.0,"turns":4.0},{"damage":4.0,"enemies":"Sphere and 2 Shapes","floor":47.0,"turns":3.0},{"damage":14.0,"enemies":"Maw","floor":48.0,"turns":6.0},{"damage":280,"enemies":"Time Eater","floor":50,"turns":9}],"seed_played":"-8491895717479089682","potions_obtained":[{"floor":1.0,"key":"ColorlessPotion"},{"floor":4.0,"key":"Flashbang"},{"floor":11.0,"key":"SteroidPotion"},{"floor":13.0,"key":"Swift Potion"}],"is_trial":false,"path_per_floor":["M","M","M","M","?","E","R","E","T","E","M","R","M","$","R","B",null,"M","?","M","M","M","R","M","R","T","E","M","R","M","M","R","B",null,"M","M","?","M","M","R","M","R","T","$","?","$","M","M","R","B"],"character_chosen":"Angela","items_purchased":["Replay:Ringing Soul","Dramatic Entrance","White Beast Statue","Orrery"],"campfire_rested":0,"item_purchase_floors":[44,44,46,46],"current_hp_per_floor":[75,72,74,77,77,67,67,75,75,75,78,78,83,83,83,85,91,42,42,41,49,62,62,80,80,80,98,119,119,121,102,102,129,129,131,137,137,145,149,149,153,153,153,156,156,167,172,179,179,0,0],"gold":605,"neow_bonus":"TEN_PERCENT_HP_BONUS","is_daily":false,"chose_seed":false,"campfire_upgraded":0,"win_rate":0.0,"timestamp":1613713256,"path_taken":["M","M","M","M","?","E","R","E","T","E","M","R","M","$","R","BOSS","M","?","M","M","?","R","M","R","T","E","M","R","M","M","R","BOSS","M","?","?","M","M","R","?","R","T","$","?","$","M","M","R","BOSS"],"items_purchased_type":["Relic","Card","Relic","Relic"],"build_version":"2020-12-22","purchased_purges":0,"victory":false,"max_hp_per_floor":[77,77,77,77,77,77,77,77,77,81,85,85,85,85,85,85,91,91,91,91,97,103,103,107,107,107,113,119,119,121,125,125,129,129,131,137,137,145,149,149,153,153,153,156,156,167,172,179,179,183,183],"card_choices":[{"not_picked":["ShyLook","MeatLantern"],"picked":"CrumblingArmor","floor":1.0},{"not_picked":["InTheNameOfLoveAndHate","RapturousDream"],"picked":"SKIP","floor":1.0},{"not_picked":["Lantern"],"picked":"GrinderMk4","floor":2.0},{"not_picked":["TheSmile"],"picked":"FourthMatchFlame","floor":3.0},{"not_picked":["RapturousDream","BlueScar"],"picked":"SKIP","floor":4.0},{"not_picked":["CherryBlossoms","UniverseFragment"],"picked":"BlackArmy","floor":6.0},{"not_picked":["ShedSkin","CUTE"],"picked":"SKIP","floor":6.0},{"not_picked":["BlackSwan_ego"],"picked":"FourthMatchFlame","floor":8.0},{"not_picked":["ShyLook","FieryBird"],"picked":"OSAHOGD","floor":10.0},{"not_picked":["Hypocrisy","SomewhereSpear"],"picked":"SKIP","floor":10.0},{"not_picked":["ShyLook","Murderer"],"picked":"Funeral","floor":11.0},{"not_picked":["BlueScar","Lantern"],"picked":"SKIP","floor":11.0},{"not_picked":["CherryBlossom"],"picked":"Regret_ego","floor":13.0},{"not_picked":["Voices","Hallucinations"],"picked":"Singing Bowl","floor":17.0},{"not_picked":["Clumsy","Languid"],"picked":"Singing Bowl","floor":17.0},{"not_picked":["Shame","Languid"],"picked":"Singing Bowl","floor":17.0},{"not_picked":["Regret_ego"],"picked":"BloodyDesire","floor":19.0},{"not_picked":["Beak+1"],"picked":"LifeForTheDareDevil","floor":20.0},{"not_picked":["WhitesApple","Yin"],"picked":"GreedKing","floor":21.0},{"not_picked":["TheSmile","Pleasure"],"picked":"Singing Bowl","floor":21.0},{"not_picked":["Wellcheers","CherryBlossoms"],"picked":"OldLady","floor":22.0},{"not_picked":["Christmas+1","Noise"],"picked":"Singing Bowl","floor":22.0},{"not_picked":["Alriune","BigBadWolf"],"picked":"CrumblingArmor","floor":24.0},{"not_picked":["Loneliness"],"picked":"CherryBlossom","floor":24.0},{"not_picked":["Porccubus","LaLuna"],"picked":"CrumblingArmor","floor":27.0},{"not_picked":["TodaysExpression","ParadiseLost"],"picked":"Singing Bowl","floor":27.0},{"not_picked":["DespairKnight","UniverseFragment"],"picked":"QueenOfHatred","floor":28.0},{"not_picked":["RapturousDream","Wingbeat"],"picked":"Singing Bowl","floor":28.0},{"not_picked":["Galaxy+1","SomewhereSpear"],"picked":"Singing Bowl","floor":30.0},{"not_picked":["Variant","MeatLantern"],"picked":"Scarecrow","floor":31.0},{"not_picked":["Soda"],"picked":"Mimicry","floor":31.0},{"not_picked":["TheSmile","DaCapo"],"picked":"Singing Bowl","floor":33.0},{"not_picked":["SolemnVow"],"picked":"Beak","floor":35.0},{"not_picked":["LittlePrince","Freischutz"],"picked":"DreamingCurrent","floor":36.0},{"not_picked":["DaCapo"],"picked":"Soda","floor":36.0},{"not_picked":["BigBadWolf","BigBird"],"picked":"LongBird","floor":38.0},{"not_picked":["Spore","Laetitia_ego"],"picked":"Singing Bowl","floor":38.0},{"not_picked":["FeatherOfHonor+1","TodaysExpression+1"],"picked":"Singing Bowl","floor":39.0},{"not_picked":["GreenStem","Penitence+1"],"picked":"Singing Bowl","floor":41.0},{"not_picked":["Regret_ego","Lantern+1"],"picked":"Singing Bowl","floor":46.0},{"not_picked":["FrostShard+1","Amita"],"picked":"Singing Bowl","floor":46.0},{"not_picked":["ShedSkin+1","ParadiseLost"],"picked":"Singing Bowl","floor":46.0},{"not_picked":["MagicBullet","TodaysExpression+1"],"picked":"Singing Bowl","floor":46.0},{"not_picked":["BloodyDesire"],"picked":"Heaven+1","floor":46.0},{"not_picked":["Noise"],"picked":"Harvest","floor":47.0},{"not_picked":["Amita"],"picked":"WristCuter+1","floor":48.0},{"not_picked":["InTheNameOfLoveAndHate+1","Penitence+1"],"picked":"Singing Bowl","floor":48.0}],"player_experience":199607,"relics_obtained":[{"floor":1.0,"key":"LetterFromLob"},{"floor":6.0,"key":"Pocketwatch"},{"floor":8.0,"key":"TungstenRod"},{"floor":9.0,"key":"Mercury Hourglass"},{"floor":10.0,"key":"MawBank"},{"floor":19.0,"key":"Bag of Marbles"},{"floor":26.0,"key":"Blue Candle"},{"floor":27.0,"key":"Girya"},{"floor":31.0,"key":"AtMidnight"},{"floor":34.0,"key":"PreservedInsect"},{"floor":34.0,"key":"Kunai"},{"floor":34.0,"key":"Replay:Kaleidoscope"}],"event_choices":[{"damage_healed":0.0,"max_hp_gain":0.0,"max_hp_loss":0.0,"gold_gain":79.0,"event_name":"Golden Wing","player_choice":"Gained Gold","floor":5.0,"gold_loss":0.0,"damage_taken":0.0},{"damage_healed":0.0,"max_hp_gain":0.0,"max_hp_loss":0.0,"gold_gain":0.0,"event_name":"Purifier","player_choice":"Ignored","floor":37.0,"gold_loss":0.0,"damage_taken":0.0}],"is_beta":false,"boss_relics":[{"not_picked":["Painkiller Herb","Kintsugi"],"picked":"Replay:Ancient Bell"},{"not_picked":["Smiling Mask","Tiny Chest"],"picked":"Regal Pillow"},{"not_picked":["Matryoshka","Chameleon Ring"],"picked":"Singing Bowl"},{"not_picked":["Gambling Chip","CaptainsWheel"],"picked":"Peace Pipe"},{"not_picked":["Snecko Eye","Velvet Choker"],"picked":"Replay:Grab Bag"},{"not_picked":["Philosopher\u0027s Stone","ChewingGum"],"picked":"Fusion Hammer"},{"not_picked":["Busted Crown","SlaversCollar"],"picked":"Coffee Dripper"},{"not_picked":["SacredBark","Tiny House"],"picked":"Calling Bell"}],"items_purged_floors":[],"is_endless":false,"potions_floor_spawned":[1,4,11,13,18,27,30,31,38,39,47,48],"killed_by":"Time Eater","ascension_level":0}}