{"host":"uzcks4yhskks9i02","time":1613711377,"event":{"mods":["BaseMod","Minty Spire (QoL Compilation)"],"gold_per_floor":[118,118,131,91,106,138,138,158,158,158,168,168,195,4,4,100,100,111,26,44,44,44,44,77,77,77,106,56,67,93,93,93,193,193,206,220,220,220,220],"floor_reached":38,"language":"ENG","playtime":2159,"items_purged":["Strike_B"],"score":483,"play_id":"504b5097-b5a2-4c45-a248-a005b7737353","local_time":"20210218220937","is_ascension_mode":true,"campfire_choices":[{"data":"Rainbow","floor":7.0,"key":"SMITH"},{"data":"Sunder","floor":10.0,"key":"SMITH"},{"floor":12.0,"key":"REST"},{"data":"Defragment","floor":15.0,"key":"SMITH"},{"floor":23.0,"key":"REST"},{"floor":25.0,"key":"REST"},{"floor":32.0,"key":"REST"}],"circlet_count":0,"master_deck":["Defend_B","Defend_B","Defend_B","Zap","Dualcast","Coolheaded","Scrape+1","Rainbow+1","Hello World","Sunder+1","Gash","Defragment+1","Seek","CurseOfTheBell","Lockon+1","Reinforced Body","Meteor Strike","Electrodynamics","All For One+1","Recycle+1","Hello World+1","Rip and Tear+1","Loop+1"],"relics":["Runic Dome","Potion Belt","Bottled Flame","WingedGreaves","Runic Capacitor","Calling Bell","Omamori","Symbiotic Virus","Turnip","Pocketwatch","Whetstone","Meat on the Bone","Smiling Mask","Centennial Puzzle","Astrolabe"],"acts_visited":["Exordium","TheCity","TheBeyond"],"potions_floor_usage":[],"damage_taken":[{"damage":4.0,"enemies":"Jaw Worm","floor":1.0,"turns":5.0},{"damage":3.0,"enemies":"Cultist","floor":3.0,"turns":5.0},{"damage":5.0,"enemies":"Small Slimes","floor":5.0,"turns":4.0},{"damage":21.0,"enemies":"Lagavulin","floor":6.0,"turns":7.0},{"damage":0.0,"enemies":"Exordium Thugs","floor":8.0,"turns":4.0},{"damage":4.0,"enemies":"2 Fungi Beasts","floor":11.0,"turns":3.0},{"damage":5.0,"enemies":"3 Sentries","floor":13.0,"turns":7.0},{"damage":25.0,"enemies":"The Guardian","floor":16.0,"turns":7.0},{"damage":28.0,"enemies":"2 Thieves","floor":18.0,"turns":4.0},{"damage":7.0,"enemies":"Chosen","floor":20.0,"turns":4.0},{"damage":51.0,"enemies":"Book of Stabbing","floor":24.0,"turns":5.0},{"damage":42.0,"enemies":"Gremlin Leader","floor":27.0,"turns":6.0},{"damage":0.0,"enemies":"Centurion and Healer","floor":29.0,"turns":4.0},{"damage":50.0,"enemies":"Collector","floor":33.0,"turns":14.0},{"damage":29,"enemies":"3 Darklings","floor":35,"turns":4},{"damage":16,"enemies":"3 Shapes","floor":36,"turns":4},{"damage":53,"enemies":"Spire Growth","floor":38,"turns":3}],"seed_played":"-8203246395592623453","potions_obtained":[{"floor":3.0,"key":"FocusPotion"},{"floor":4.0,"key":"EssenceOfDarkness"},{"floor":4.0,"key":"Regen Potion"},{"floor":8.0,"key":"Swift Potion"},{"floor":13.0,"key":"Swift Potion"},{"floor":27.0,"key":"FocusPotion"},{"floor":36,"key":"SteroidPotion"}],"is_trial":false,"path_per_floor":["M","?","M","?","M","E","R","M","T","R","M","R","E","$","R","B",null,"M","?","M","?","$","R","E","R","T","E","$","M","T","?","R","B",null,"M","M","?","M"],"character_chosen":"DEFECT","items_purchased":["Defragment","Runic Capacitor"],"campfire_rested":4,"item_purchase_floors":[14,14],"current_hp_per_floor":[71,71,68,68,63,42,42,42,42,42,38,60,55,55,55,30,75,47,47,40,40,40,62,25,47,47,17,17,29,29,54,75,37,75,46,42,42,0,0],"gold":220,"neow_bonus":"BOSS_RELIC","is_daily":false,"chose_seed":false,"campfire_upgraded":3,"win_rate":0.0,"timestamp":1613711377,"path_taken":["M","?","?","?","M","E","R","M","T","R","M","R","E","?","R","BOSS","M","?","M","?","?","R","E","R","T","E","$","?","?","?","R","BOSS","M","M","?","?"],"items_purchased_type":["Card","Relic"],"build_version":"2020-12-22","purchased_purges":1,"victory":false,"max_hp_per_floor":[75,75,75,75,75,75,75,75,75,75,75,75,75,75,75,75,75,75,75,75,75,75,75,75,75,75,75,75,75,75,75,75,75,75,75,75,75,75,75],"card_choices":[{"not_picked":["Compile Driver","Force Field"],"picked":"Coolheaded","floor":1.0},{"not_picked":["Turbo","Compile Driver"],"picked":"Scrape","floor":3.0},{"not_picked":["Reprogram","Leap"],"picked":"Rainbow","floor":5.0},{"not_picked":["Barrage","Beam Cell"],"picked":"Hello World","floor":6.0},{"not_picked":["Steam","Undo"],"picked":"Sunder","floor":8.0},{"not_picked":["Chaos","Streamline","Compile Driver"],"picked":"SKIP","floor":11.0},{"not_picked":["Sweeping Beam","Go for the Eyes"],"picked":"Gash","floor":13.0},{"not_picked":["Buffer","Biased Cognition"],"picked":"Seek","floor":16.0},{"not_picked":["Reprogram","Turbo","Stack"],"picked":"SKIP","floor":18.0},{"not_picked":["Recycle+1","Leap"],"picked":"Lockon","floor":20.0},{"not_picked":["Reprogram+1","Redo"],"picked":"Reinforced Body","floor":24.0},{"not_picked":["Compile Driver+1","Conserve Battery"],"picked":"Meteor Strike","floor":27.0},{"not_picked":["Steam","Go for the Eyes","Coolheaded"],"picked":"SKIP","floor":29.0},{"not_picked":["Meteor Strike","All For One"],"picked":"Electrodynamics","floor":33.0},{"not_picked":["Redo","Sweeping Beam"],"picked":"Rip and Tear+1","floor":35},{"not_picked":["Sunder","Chill"],"picked":"Loop","floor":36}],"player_experience":598314,"relics_obtained":[{"floor":6.0,"key":"Potion Belt"},{"floor":9.0,"key":"Bottled Flame"},{"floor":13.0,"key":"WingedGreaves"},{"floor":17.0,"key":"Omamori"},{"floor":17.0,"key":"Symbiotic Virus"},{"floor":17.0,"key":"Turnip"},{"floor":24.0,"key":"Whetstone"},{"floor":26.0,"key":"Meat on the Bone"},{"floor":27.0,"key":"Smiling Mask"},{"floor":30.0,"key":"Centennial Puzzle"}],"event_choices":[{"cards_removed":["Strike_B"],"damage_healed":0.0,"max_hp_gain":0.0,"max_hp_loss":0.0,"gold_gain":0.0,"event_name":"Purifier","player_choice":"Purged","floor":2.0,"gold_loss":0.0,"damage_taken":0.0},{"damage_healed":0.0,"max_hp_gain":0.0,"max_hp_loss":0.0,"gold_gain":0.0,"event_name":"The Woman in Blue","player_choice":"Bought 3 Potions","floor":4.0,"gold_loss":0.0,"damage_taken":0.0},{"damage_healed":0.0,"max_hp_gain":0.0,"max_hp_loss":0.0,"gold_gain":0.0,"event_name":"Addict","player_choice":"Obtained Relic","floor":19.0,"gold_loss":85.0,"damage_taken":0.0,"relics_obtained":["Pocketwatch"]},{"damage_healed":0.0,"max_hp_gain":0.0,"max_hp_loss":0.0,"gold_gain":0.0,"event_name":"Ghosts","player_choice":"Ignored","floor":21.0,"gold_loss":0.0,"damage_taken":0.0},{"damage_healed":25.0,"max_hp_gain":0.0,"max_hp_loss":0.0,"gold_gain":0.0,"event_name":"The Library","player_choice":"Heal","floor":31.0,"gold_loss":0.0,"damage_taken":0.0},{"damage_healed":0,"gold_gain":0,"player_choice":"Upgraded","damage_taken":0,"max_hp_gain":0,"max_hp_loss":0,"event_name":"Upgrade Shrine","floor":37,"gold_loss":0,"cards_upgraded":["Loop"]}],"is_beta":false,"boss_relics":[{"not_picked":["Pandora\u0027s Box","Philosopher\u0027s Stone"],"picked":"Calling Bell"},{"not_picked":["Sozu","Tiny House"],"picked":"Astrolabe"}],"items_purged_floors":[28],"is_endless":false,"potions_floor_spawned":[3,5,8,13,27,36],"killed_by":"Spire Growth","ascension_level":3}}