{"host":"51f0ad793vly1w6u","time":1613739073,"event":{"mods":["BaseMod","Colored Map","DeckTracker","Minty Spire (QoL Compilation)","StSLib","SuperFastMode"],"gold_per_floor":[114,133,55,55,55,55,91,91,91,23,42,42,19,37,37,165,165,178,197,197,221,65,104,132,144,156,202,230,242,254,290,302,314,314],"floor_reached":33,"language":"KOR","playtime":577,"items_purged":["Strike_R"],"score":419,"play_id":"7bec6156-959e-4ed1-9f09-9c45fd6cf23a","local_time":"20210219215113","is_ascension_mode":true,"campfire_choices":[{"data":"Whirlwind","floor":6.0,"key":"SMITH"},{"data":"Perfected Strike","floor":8.0,"key":"SMITH"},{"data":"Shockwave","floor":12.0,"key":"SMITH"},{"data":"Barricade","floor":15.0,"key":"SMITH"},{"data":"Perfected Strike","floor":25,"key":"SMITH"},{"floor":29,"key":"REST"},{"data":"Seeing Red","floor":32,"key":"SMITH"}],"circlet_count":0,"master_deck":["Strike_R","Strike_R","Strike_R","Defend_R","Defend_R","Defend_R","Defend_R","Bash","Perfected Strike+1","Whirlwind+1","Evolve","Carnage","Shockwave+1","Wild Strike","Barricade+1","Impervious","Perfected Strike+1","Seeing Red+1","Battle Trance","Twin Strike","Twin Strike+1","Twin Strike+1"],"relics":["Burning Blood","NeowsBlessing","Golden Idol","Orichalcum","Bottled Tornado","SacredBark","MawBank","Pear","Toy Ornithopter"],"acts_visited":["Exordium","TheCity"],"potions_floor_usage":[19,20,21,23,27,33,33],"damage_taken":[{"damage":0.0,"enemies":"2 Louse","floor":1.0,"turns":1.0},{"damage":0.0,"enemies":"Jaw Worm","floor":2.0,"turns":1.0},{"damage":0.0,"enemies":"Gremlin Nob","floor":7.0,"turns":1.0},{"damage":0.0,"enemies":"Cultist","floor":11.0,"turns":3.0},{"damage":7.0,"enemies":"Blue Slaver","floor":14.0,"turns":3.0},{"damage":25.0,"enemies":"The Guardian","floor":16.0,"turns":16.0},{"damage":27,"enemies":"Shell Parasite","floor":18,"turns":6},{"damage":45,"enemies":"Spheric Guardian","floor":19,"turns":8},{"damage":3,"enemies":"Centurion and Healer","floor":21,"turns":6},{"damage":9,"enemies":"Gremlin Leader","floor":23,"turns":4},{"damage":33,"enemies":"Snake Plant","floor":24,"turns":5},{"damage":19,"enemies":"Slavers","floor":27,"turns":5},{"damage":6,"enemies":"Snecko","floor":28,"turns":4},{"damage":10,"enemies":"Centurion and Healer","floor":31,"turns":3},{"damage":82,"enemies":"Automaton","floor":33,"turns":10}],"seed_played":"-6502122020164620318","potions_obtained":[{"floor":2.0,"key":"SteroidPotion"},{"floor":14.0,"key":"EssenceOfSteel"},{"floor":16.0,"key":"BloodPotion"},{"floor":18,"key":"Regen Potion"},{"floor":19,"key":"Strength Potion"},{"floor":20,"key":"CultistPotion"},{"floor":20,"key":"Energy Potion"},{"floor":23,"key":"Swift Potion"},{"floor":24,"key":"ColorlessPotion"}],"is_trial":false,"path_per_floor":["M","M","$","?","?","R","E","R","T","$","M","R","$","M","R","B",null,"M","M","?","M","$","E","M","R","T","E","M","R","$","M","R","B"],"character_chosen":"IRONCLAD","items_purchased":["Whirlwind","Carnage","Wild Strike","Battle Trance"],"campfire_rested":1,"item_purchase_floors":[3,10,13,22],"current_hp_per_floor":[78,80,80,60,53,53,59,59,59,59,65,65,65,64,64,45,71,50,51,80,80,80,77,50,50,60,47,47,74,74,70,70,0,0],"gold":314,"neow_bonus":"THREE_ENEMY_KILL","is_daily":false,"chose_seed":false,"campfire_upgraded":6,"win_rate":0.0,"timestamp":1613739073,"path_taken":["M","M","$","?","?","R","E","R","T","$","?","R","$","M","R","BOSS","M","?","?","?","?","E","M","R","T","E","M","R","?","?","R","BOSS"],"items_purchased_type":["Card","Card","Card","Card"],"build_version":"2020-12-22","purchased_purges":1,"victory":false,"max_hp_per_floor":[80,80,80,80,80,80,80,80,80,80,80,80,80,80,80,80,80,80,80,80,80,80,80,80,80,90,90,90,90,90,90,90,90,90],"card_choices":[{"not_picked":["Wild Strike","Thunderclap"],"picked":"Perfected Strike","floor":1.0},{"not_picked":["Fire Breathing","Flex","Clothesline"],"picked":"SKIP","floor":2.0},{"not_picked":["Thunderclap","Heavy Blade"],"picked":"Evolve","floor":7.0},{"not_picked":["Feel No Pain","Headbutt"],"picked":"Shockwave","floor":11.0},{"not_picked":["Entrench","Hemokinesis"],"picked":"Barricade","floor":14.0},{"not_picked":["Reaper","Exhume"],"picked":"Impervious","floor":16.0},{"not_picked":["Havoc","Rampage","Wild Strike"],"picked":"SKIP","floor":18},{"not_picked":["Twin Strike","Heavy Blade"],"picked":"Perfected Strike","floor":19},{"not_picked":["Intimidate","Rampage"],"picked":"Seeing Red","floor":21},{"not_picked":["Metallicize","Armaments"],"picked":"Twin Strike","floor":23},{"not_picked":["Wild Strike","Rupture"],"picked":"Twin Strike+1","floor":24},{"not_picked":["Carnage","Feel No Pain","Spot Weakness"],"picked":"SKIP","floor":27},{"not_picked":["Warcry","Dark Embrace","Flex"],"picked":"SKIP","floor":28},{"not_picked":["Spot Weakness","Armaments"],"picked":"Twin Strike+1","floor":31}],"player_experience":1464432,"relics_obtained":[{"floor":7.0,"key":"Orichalcum"},{"floor":9.0,"key":"Bottled Tornado"},{"floor":23,"key":"MawBank"},{"floor":26,"key":"Pear"},{"floor":27,"key":"Toy Ornithopter"}],"event_choices":[{"damage_healed":0.0,"max_hp_gain":0.0,"max_hp_loss":0.0,"gold_gain":0.0,"event_name":"Golden Idol","player_choice":"Take Damage","floor":4.0,"gold_loss":0.0,"damage_taken":20.0,"relics_obtained":["Golden Idol"]},{"cards_removed":["Strike_R"],"damage_healed":0.0,"max_hp_gain":0.0,"max_hp_loss":0.0,"gold_gain":0.0,"event_name":"Golden Wing","player_choice":"Card Removal","floor":5.0,"gold_loss":0.0,"damage_taken":7.0},{"damage_healed":0,"gold_gain":0,"player_choice":"Got Potions","damage_taken":0,"max_hp_gain":0,"max_hp_loss":0,"event_name":"Lab","floor":20,"gold_loss":0}],"is_beta":false,"boss_relics":[{"not_picked":["Pandora\u0027s Box","Tiny House"],"picked":"SacredBark"}],"items_purged_floors":[22],"is_endless":false,"potions_floor_spawned":[2,14,16,18,19,23,24],"killed_by":"Automaton","ascension_level":7}}