{"host":"f5gffvlv6a66yqkd","time":1613720740,"event":{"mods":["2.2 Compatiblity","BaseMod","Colored Map","Custom Start","DeckTracker","Keyboard Shortcuts","Minty Spire (QoL Compilation)","Permanent Neow","Quick Restart","Relic Stats","StSLib","SuperFastMode"],"gold_per_floor":[211,221,221,23,37,37,64,64,119,138,153,153,170,170,170,259,259,283,283,297,297,314,314,331,331,331,361,375,39,39,52,52,126,176,187,112,12,30,41,41,55,65,65,65,65,76,76,76,76,76,76,76,76,110,110,110],"floor_reached":55,"language":"KOR","playtime":1735,"items_purged":["Strike_P","Strike_P"],"score":1371,"play_id":"f870e9be-d7d1-47d3-b7a5-f03d9386f828","local_time":"20210219164540","is_ascension_mode":true,"campfire_choices":[{"data":"Eruption","floor":6.0,"key":"SMITH"},{"data":"Adaptation","floor":12.0,"key":"SMITH"},{"data":"TalkToTheHand","floor":15.0,"key":"SMITH"},{"floor":23.0,"key":"REST"},{"data":"Wallop","floor":30.0,"key":"SMITH"},{"data":"Tantrum","floor":32.0,"key":"SMITH"},{"data":"Prostrate","floor":40.0,"key":"SMITH"},{"floor":44.0,"key":"RECALL"},{"data":"EmptyMind","floor":49.0,"key":"SMITH"},{"data":"Vigilance","floor":52.0,"key":"SMITH"}],"circlet_count":0,"master_deck":["AscendersBane","Strike_P","Defend_P","Defend_P","Defend_P","Defend_P+1","Eruption+1","Vigilance+1","TalkToTheHand+1","CutThroughFate+1","SandsOfTime+1","Adaptation+1","EmptyMind+1","Consecrate","Adaptation+1","Prostrate+1","Wallop+1","FearNoEvil+1","Tantrum+1"],"relics":["PureWater","Centennial Puzzle","Regal Pillow","Bloody Idol","VioletLotus","PreservedInsect","Potion Belt","Bag of Preparation","Orrery","Tiny House","CloakClasp"],"acts_visited":["Exordium","TheCity","TheBeyond","TheEnding"],"potions_floor_usage":[54,55],"damage_taken":[{"damage":7.0,"enemies":"Jaw Worm","floor":1.0,"turns":3.0},{"damage":0.0,"enemies":"2 Louse","floor":2.0,"turns":4.0},{"damage":0.0,"enemies":"Cultist","floor":5.0,"turns":2.0},{"damage":0.0,"enemies":"Gremlin Nob","floor":7.0,"turns":2.0},{"damage":2.0,"enemies":"Looter","floor":10.0,"turns":3.0},{"damage":0.0,"enemies":"2 Fungi Beasts","floor":11.0,"turns":2.0},{"damage":5.0,"enemies":"Exordium Thugs","floor":13.0,"turns":3.0},{"damage":0.0,"enemies":"Slime Boss","floor":16.0,"turns":4.0},{"damage":19.0,"enemies":"Shell Parasite","floor":18.0,"turns":3.0},{"damage":11.0,"enemies":"2 Thieves","floor":20.0,"turns":2.0},{"damage":18.0,"enemies":"Cultist and Chosen","floor":22.0,"turns":4.0},{"damage":9.0,"enemies":"Snecko","floor":24.0,"turns":5.0},{"damage":0.0,"enemies":"Gremlin Leader","floor":27.0,"turns":4.0},{"damage":14.0,"enemies":"Snake Plant","floor":28.0,"turns":3.0},{"damage":0.0,"enemies":"Cultist and Chosen","floor":31.0,"turns":2.0},{"damage":38.0,"enemies":"Champ","floor":33.0,"turns":6.0},{"damage":10.0,"enemies":"3 Shapes","floor":35.0,"turns":6.0},{"damage":0.0,"enemies":"Orb Walker","floor":38.0,"turns":2.0},{"damage":3.0,"enemies":"Sphere and 2 Shapes","floor":39.0,"turns":3.0},{"damage":2.0,"enemies":"Transient","floor":41.0,"turns":6.0},{"damage":5.0,"enemies":"4 Shapes","floor":42.0,"turns":3.0},{"damage":9.0,"enemies":"Sphere and 2 Shapes","floor":46.0,"turns":3.0},{"damage":31.0,"enemies":"Time Eater","floor":50.0,"turns":8.0},{"damage":32,"enemies":"Shield and Spear","floor":54,"turns":6},{"damage":118,"enemies":"The Heart","floor":55,"turns":2}],"seed_played":"1825279027836828550","potions_obtained":[{"floor":1.0,"key":"Ambrosia"},{"floor":10.0,"key":"AttackPotion"},{"floor":11.0,"key":"ColorlessPotion"},{"floor":16.0,"key":"AttackPotion"},{"floor":20.0,"key":"Swift Potion"},{"floor":22.0,"key":"SpeedPotion"},{"floor":28.0,"key":"LiquidMemories"},{"floor":31.0,"key":"Swift Potion"},{"floor":34.0,"key":"Ambrosia"},{"floor":38.0,"key":"GamblersBrew"},{"floor":42.0,"key":"ColorlessPotion"},{"floor":46.0,"key":"Swift Potion"},{"floor":54,"key":"Fire Potion"}],"is_trial":false,"path_per_floor":["M","M","?","$","M","R","E","?","T","M","M","R","M","?","R","B",null,"M","?","M","?","M","R","M","?","T","E","M","$","R","M","R","B",null,"M","?","$","M","M","R","M","M","T","R","?","M","?","$","R","B",null,"R","$","E","B"],"character_chosen":"WATCHER","items_purchased":["SandsOfTime","Adaptation","Bag of Preparation","Orrery"],"campfire_rested":1,"item_purchase_floors":[4,4,29,29],"current_hp_per_floor":[54,54,59,59,59,59,59,37,37,35,35,35,30,30,30,30,57,38,38,27,27,14,48,44,44,44,49,40,40,40,45,45,12,59,54,54,54,59,61,61,64,64,64,64,64,60,60,60,60,29,61,61,61,34,0,0],"gold":110,"neow_bonus":"HUNDRED_GOLD","is_daily":false,"chose_seed":false,"campfire_upgraded":8,"win_rate":0.0,"timestamp":1613720740,"path_taken":["M","M","?","$","M","R","E","?","T","M","M","R","M","?","R","BOSS","M","?","?","?","M","R","M","?","T","E","?","$","R","M","R","BOSS","M","?","$","M","?","R","M","M","T","R","?","?","?","?","R","BOSS","R","$","E","BOSS"],"items_purchased_type":["Card","Card","Relic","Relic"],"build_version":"2020-12-22","purchased_purges":2,"victory":false,"max_hp_per_floor":[68,68,73,73,73,73,73,73,73,73,73,73,73,66,66,66,66,66,66,66,66,66,66,66,66,66,66,66,66,66,66,66,66,71,71,71,71,71,71,71,71,71,71,71,71,71,71,71,71,71,71,71,71,71,71,71],"relic_stats":{"Centennial Puzzle":[48],"Regal Pillow":15,"counters":[25,91],"Bloody Idol":70,"VioletLotus":[48],"PreservedInsect":125,"Bag of Preparation":[22],"CloakClasp":[12],"obtain_stats":[{"Potion Belt":27,"Centennial Puzzle":7,"Regal Pillow":9,"Tiny House":34,"Golden Idol":14,"Bloody Idol":21,"Orrery":29,"VioletLotus":17,"PreservedInsect":26,"Bag of Preparation":29,"CloakClasp":54,"PureWater":0},{"Potion Belt":13,"Centennial Puzzle":4,"Regal Pillow":4,"Tiny House":16,"Golden Idol":7,"Bloody Idol":10,"Orrery":14,"VioletLotus":8,"PreservedInsect":12,"Bag of Preparation":14,"CloakClasp":24,"PureWater":0},{"Potion Belt":41,"Centennial Puzzle":11,"Regal Pillow":11,"Tiny House":52,"Golden Idol":19,"Bloody Idol":28,"Orrery":44,"VioletLotus":23,"PreservedInsect":37,"Bag of Preparation":44,"CloakClasp":89,"PureWater":0}]},"card_choices":[{"not_picked":["EmptyBody","ThirdEye"],"picked":"TalkToTheHand","floor":1.0},{"not_picked":["BattleHymn","ReachHeaven"],"picked":"CutThroughFate","floor":2.0},{"not_picked":["SashWhip","Perseverance","Vengeance"],"picked":"SKIP","floor":5.0},{"not_picked":["FollowUp","Meditate","Protect"],"picked":"SKIP","floor":7.0},{"not_picked":["JustLucky","Pray"],"picked":"EmptyMind","floor":10.0},{"not_picked":["Protect","ReachHeaven"],"picked":"Consecrate","floor":11.0},{"not_picked":["Prostrate","FlyingSleeves","FollowUp"],"picked":"SKIP","floor":13.0},{"not_picked":["FlurryOfBlows","PathToVictory","BattleHymn"],"picked":"SKIP","floor":18.0},{"not_picked":["EmptyBody+1","ThirdEye","FlyingSleeves"],"picked":"SKIP","floor":20.0},{"not_picked":["CarveReality","Consecrate","CutThroughFate+1"],"picked":"SKIP","floor":22.0},{"not_picked":["ThirdEye","EmptyFist","EmptyBody"],"picked":"SKIP","floor":24.0},{"not_picked":["ReachHeaven","Protect"],"picked":"Prostrate","floor":27.0},{"not_picked":["PathToVictory","Indignation"],"picked":"Wallop","floor":28.0},{"not_picked":["CrushJoints","FlyingSleeves"],"picked":"FearNoEvil+1","floor":29.0},{"not_picked":["EmptyBody","LikeWater"],"picked":"Tantrum","floor":29.0},{"not_picked":["Indignation","ClearTheMind","SashWhip"],"picked":"SKIP","floor":31.0},{"not_picked":["Vengeance","EmptyBody","LikeWater+1"],"picked":"SKIP","floor":35.0},{"not_picked":["JustLucky","Vengeance","Wish"],"picked":"SKIP","floor":38.0},{"not_picked":["JustLucky","FlurryOfBlows+1","Protect"],"picked":"SKIP","floor":39.0},{"not_picked":["BowlingBash","Consecrate","CutThroughFate"],"picked":"SKIP","floor":41.0},{"not_picked":["Evaluate","EmptyFist","FlyingSleeves"],"picked":"SKIP","floor":42.0},{"not_picked":["Crescendo","Adaptation","Wireheading"],"picked":"SKIP","floor":46.0},{"not_picked":["Establishment","Protect","Wireheading"],"picked":"SKIP","floor":54}],"player_experience":1505540,"relics_obtained":[{"floor":7.0,"key":"Centennial Puzzle"},{"floor":9.0,"key":"Regal Pillow"},{"floor":26.0,"key":"PreservedInsect"},{"floor":27.0,"key":"Potion Belt"},{"floor":54,"key":"CloakClasp"}],"event_choices":[{"damage_healed":0.0,"max_hp_gain":5.0,"max_hp_loss":0.0,"gold_gain":0.0,"event_name":"Big Fish","player_choice":"Donut","floor":3.0,"gold_loss":0.0,"damage_taken":0.0},{"damage_healed":0.0,"max_hp_gain":0.0,"max_hp_loss":0.0,"gold_gain":0.0,"event_name":"Shining Light","player_choice":"Entered Light","floor":8.0,"gold_loss":0.0,"damage_taken":22.0,"cards_upgraded":["CutThroughFate","SandsOfTime"]},{"damage_healed":0.0,"max_hp_gain":0.0,"max_hp_loss":7.0,"gold_gain":0.0,"event_name":"Golden Idol","player_choice":"Lose Max HP","floor":14.0,"gold_loss":0.0,"damage_taken":0.0,"relics_obtained":["Golden Idol"]},{"damage_healed":0.0,"max_hp_gain":0.0,"max_hp_loss":0.0,"gold_gain":0.0,"event_name":"Duplicator","player_choice":"Copied","floor":19.0,"gold_loss":0.0,"damage_taken":0.0,"cards_obtained":["Adaptation"]},{"damage_healed":0.0,"max_hp_gain":0.0,"max_hp_loss":0.0,"gold_gain":0.0,"event_name":"Forgotten Altar","player_choice":"Gave Idol","floor":21.0,"relics_lost":["Golden Idol"],"gold_loss":0.0,"damage_taken":0.0,"relics_obtained":["Bloody Idol"]},{"damage_healed":0.0,"max_hp_gain":0.0,"max_hp_loss":0.0,"gold_gain":0.0,"event_name":"Ghosts","player_choice":"Ignored","floor":25.0,"gold_loss":0.0,"damage_taken":0.0},{"cards_removed":["Strike_P"],"damage_healed":0.0,"max_hp_gain":0.0,"max_hp_loss":0.0,"gold_gain":0.0,"event_name":"Designer","player_choice":"Single Remove","floor":36.0,"gold_loss":75.0,"damage_taken":0.0},{"damage_healed":0.0,"max_hp_gain":0.0,"max_hp_loss":0.0,"gold_gain":0.0,"event_name":"Wheel of Change","player_choice":"Cursed","floor":45.0,"gold_loss":0.0,"damage_taken":0.0,"cards_obtained":["Decay"]},{"cards_removed":["Decay"],"damage_healed":0.0,"max_hp_gain":0.0,"max_hp_loss":0.0,"gold_gain":0.0,"event_name":"Fountain of Cleansing","player_choice":"Removed Curses","floor":47.0,"gold_loss":0.0,"damage_taken":0.0}],"is_beta":false,"boss_relics":[{"not_picked":["Sozu","Velvet Choker"],"picked":"VioletLotus"},{"not_picked":["Runic Dome","SlaversCollar"],"picked":"Tiny House"}],"items_purged_floors":[4,37],"is_endless":false,"potions_floor_spawned":[1,10,11,16,20,22,28,31,38,42,46,54],"killed_by":"The Heart","ascension_level":17}}