{"host":"mxox80e574zusnt5","time":1613732569,"event":{"mods":["AchievementEnabler","Act Like it!","BaseMod","Better Match","CapriCore","Challenge The Spire","Energized Spire","Friendly Minions","GifTheSpireLib","HexUI Lib","Infinite Spire","Jorbs\u0027s Wanderer Trilogy","Minty Spire (QoL Compilation)","Quick Restart","Reliquary","Replay The Spire","Spire Arcade","StSLib","The Clintock","The Construct","The Elementalist","The Marked","The Servant 0.9.4","The Trickster"],"gold_per_floor":[112,124,137,153,173,198,198,213,213,213,138,81,81,81,81,115,115,219,219,229,229,229,139,139],"floor_reached":23,"language":"ENG","playtime":1950,"items_purged":[],"score":224,"play_id":"b0257f7a-afcb-4ee0-b8cd-ceeed8fe8344","local_time":"20210219050249","is_ascension_mode":false,"campfire_choices":[{"data":"construct:CreateCores","floor":10,"key":"SMITH"},{"data":"construct:Enhance+1","floor":17,"key":"SMITH"}],"circlet_count":0,"master_deck":["construct:Defend_Gold","construct:Defend_Gold","construct:Defend_Gold","construct:Defend_Gold","construct:Defend_Gold","construct:AttackMode","construct:DefenseMode","construct:Autoturret","construct:ClusterMines","construct:Analyze","construct:CreateCores+1","construct:Autoturret","construct:MetalShell","construct:Enhance+2","construct:SweepLaser","construct:Multistage","ReplayTheSpireMod:Splinters","construct:Meltdown","Impatience","infinitespire:NeuralNetwork","Zap","construct:ShieldBurst","Bite","Bite","Bite","Bite","Bite","ReplayTheSpireMod:Echoes of Time"],"relics":["construct:ClockworkPhoenix","NeowsBlessing","infinitespire:Beetle Shell","construct:FoamFinger","construct:RocketBooster","ReplayTheSpireMod:SealedPack"],"acts_visited":["Exordium","TheCity"],"potions_floor_usage":[4,16,18],"damage_taken":[{"damage":0,"enemies":"Jaw Worm","floor":1,"turns":1},{"damage":0,"enemies":"Cultist","floor":2,"turns":1},{"damage":0,"enemies":"2 Louse","floor":3,"turns":1},{"damage":23,"enemies":"Exordium Thugs","floor":4,"turns":9},{"damage":7,"enemies":"Looter","floor":5,"turns":2},{"damage":16,"enemies":"Lagavulin","floor":6,"turns":6},{"damage":4,"enemies":"2 Fungi Beasts","floor":8,"turns":4},{"damage":11,"enemies":"3 Sentries","floor":16,"turns":14},{"damage":44,"enemies":"Hexaghost","floor":18,"turns":11},{"damage":39,"enemies":"3 Byrds","floor":20,"turns":4},{"damage":52,"enemies":"2 Thieves","floor":23,"turns":3}],"seed_played":"8848294062674789296","potions_obtained":[{"floor":2,"key":"ColorlessPotion"},{"floor":4,"key":"Fruit Juice"},{"floor":5,"key":"GamblersBrew"},{"floor":18,"key":"Strength Potion"},{"floor":20,"key":"Strength Potion"}],"is_trial":false,"path_per_floor":["M","M","M","M","M","E","?","M","T","R","?","$","?","PTL","PTL","E","R","B",null,"M","?","?","M"],"character_chosen":"THE_CONSTRUCT_MOD","items_purchased":["construct:Enhance+1"],"campfire_rested":0,"item_purchase_floors":[12],"current_hp_per_floor":[85,85,85,67,60,44,44,40,40,40,40,40,90,90,90,79,79,35,90,51,51,35,0,0],"gold":139,"neow_bonus":"THREE_ENEMY_KILL","is_daily":false,"chose_seed":false,"campfire_upgraded":2,"win_rate":0.0,"timestamp":1613732569,"path_taken":["M","M","M","M","M","E","?","?","T","R","?","$","?","PTL","PTL","E","R","BOSS","M","?","?","M"],"items_purchased_type":["Card"],"build_version":"2020-12-22","purchased_purges":0,"victory":false,"max_hp_per_floor":[85,85,85,90,90,90,90,90,90,90,90,90,90,90,90,90,90,90,90,90,62,62,62,62],"card_choices":[{"not_picked":["construct:BatteryAcid","construct:FlakBarrage"],"picked":"construct:Autoturret","floor":1},{"not_picked":["construct:HeavyBolt","construct:Reinforce"],"picked":"construct:Missile","floor":2},{"not_picked":["construct:CreateCores","construct:FlammableFog"],"picked":"construct:ClusterMines","floor":3},{"not_picked":["construct:BatteryAcid","construct:Dampening"],"picked":"construct:Analyze","floor":4},{"not_picked":["construct:FlashFreeze","construct:FierceBash"],"picked":"construct:CreateCores","floor":5},{"not_picked":["construct:CreateCores","construct:Analyze"],"picked":"construct:Autoturret","floor":6},{"not_picked":["construct:Stasis","construct:PowerUp"],"picked":"construct:MetalShell","floor":8},{"not_picked":["construct:Tumble","construct:Forcefield"],"picked":"construct:SweepLaser","floor":16},{"not_picked":["construct:ShiftingStance","construct:Bunker"],"picked":"construct:Multistage","floor":18},{"not_picked":["construct:BatteryCore","construct:HyperBeam"],"picked":"construct:Meltdown","floor":19},{"not_picked":["Madness","Trip"],"picked":"Impatience","floor":19},{"not_picked":["infinitespire:SealOfDarkness+","ReplayTheSpireMod:Black Plague"],"picked":"infinitespire:NeuralNetwork","floor":19},{"not_picked":["stsjorbsmod:FreshAdventure","stsjorbsmod:Exhale"],"picked":"Zap","floor":19},{"not_picked":["construct:OneWayMirror+1","construct:FlammableFog"],"picked":"construct:ShieldBurst","floor":20},{"not_picked":["ReplayTheSpireMod:Haul","infinitespire:Menacing"],"picked":"ReplayTheSpireMod:Echoes of Time","floor":22}],"player_experience":986220,"relics_obtained":[{"floor":6,"key":"infinitespire:Beetle Shell"},{"floor":9,"key":"construct:FoamFinger"},{"floor":16,"key":"construct:RocketBooster"}],"event_choices":[{"cards_removed":["construct:Strike_Gold"],"damage_healed":0,"gold_gain":0,"player_choice":"Purged","damage_taken":0,"max_hp_gain":0,"max_hp_loss":0,"event_name":"Purifier","floor":7,"gold_loss":0},{"damage_healed":0,"gold_gain":0,"player_choice":"2","damage_taken":0,"max_hp_gain":0,"max_hp_loss":0,"event_name":"betterMatch:BetterMatch","floor":11,"gold_loss":0,"cards_obtained":[]},{"cards_removed":["construct:Missile"],"damage_healed":50,"gold_gain":0,"player_choice":"Offered Uncommon","damage_taken":0,"max_hp_gain":0,"max_hp_loss":0,"event_name":"Bonfire Elementals","floor":13,"gold_loss":0},{"damage_healed":0,"gold_gain":0,"player_choice":"Became a vampire","damage_taken":0,"max_hp_gain":0,"max_hp_loss":28,"event_name":"Vampires","floor":21,"gold_loss":0,"cards_obtained":["Bite","Bite","Bite","Bite","Bite"]}],"is_beta":false,"boss_relics":[{"not_picked":["energizedSpire:StickyHand","Kintsugi"],"picked":"ReplayTheSpireMod:SealedPack"}],"items_purged_floors":[],"is_endless":false,"potions_floor_spawned":[2,4,5,18,20],"killed_by":"2 Thieves","ascension_level":0}}