{"host":"krw8kyiy0um8ye49","time":1613763999,"event":{"mods":["BaseMod","Minty Spire (QoL Compilation)","StSLib"],"gold_per_floor":[116,133,133,308,324,324,356,356,424,424,440,451,229,261,261,357,357,367,384,384,398,74,104,104,134,134,150,150,168,168,195,195,294,294,310,38,52,12,12,12],"floor_reached":39,"language":"ENG","playtime":2432,"items_purged":["Strike_G","Decay"],"score":494,"play_id":"6bf851a4-4345-494b-9fc8-6145faedc81f","local_time":"20210219204639","is_ascension_mode":true,"campfire_choices":[{"data":"Footwork","floor":6,"key":"SMITH"},{"data":"Skewer","floor":8,"key":"SMITH"},{"data":"Unload","floor":10,"key":"SMITH"},{"floor":15,"key":"REST"},{"data":"1","floor":28,"key":"LIFT"},{"data":"2","floor":30,"key":"LIFT"},{"data":"3","floor":32,"key":"LIFT"}],"circlet_count":0,"master_deck":["Strike_G","Strike_G","Strike_G","Strike_G","Defend_G","Defend_G","Defend_G","Defend_G","Defend_G","Survivor","Neutralize","Skewer+1","Footwork+1","Terror","Doubt","Backflip","Unload+1","Cloak And Dagger","Escape Plan","Deadly Poison","Night Terror","Sucker Punch","PiercingWail","Distraction+1","Bandage Up","Poisoned Stab+1","PiercingWail+1","Leg Sweep+1","Riddle With Holes+1","Cloak And Dagger+1","Prepared+1","Accuracy"],"relics":["Ring of the Snake","Orichalcum","Gremlin Horn","Darkstone Periapt","Chemical X","MealTicket","Coffee Dripper","TheAbacus","Bottled Tornado","Toxic Egg 2","Girya","Snake Skull","SlaversCollar","Membership Card","Shuriken"],"acts_visited":["Exordium","TheCity","TheBeyond"],"potions_floor_usage":[7,14,18,23,33,33,39],"damage_taken":[{"damage":6,"enemies":"Jaw Worm","floor":1,"turns":4},{"damage":0,"enemies":"Small Slimes","floor":2,"turns":5},{"damage":2,"enemies":"2 Louse","floor":5,"turns":3},{"damage":32,"enemies":"Gremlin Nob","floor":7,"turns":6},{"damage":6,"enemies":"Gremlin Gang","floor":11,"turns":6},{"damage":4,"enemies":"Looter","floor":12,"turns":3},{"damage":6,"enemies":"3 Sentries","floor":14,"turns":8},{"damage":12,"enemies":"Slime Boss","floor":16,"turns":10},{"damage":0,"enemies":"Chosen","floor":18,"turns":6},{"damage":3,"enemies":"2 Thieves","floor":19,"turns":3},{"damage":35,"enemies":"Sentry and Sphere","floor":21,"turns":8},{"damage":19,"enemies":"Gremlin Leader","floor":23,"turns":9},{"damage":1,"enemies":"Book of Stabbing","floor":25,"turns":5},{"damage":2,"enemies":"3 Cultists","floor":27,"turns":6},{"damage":1,"enemies":"Cultist and Chosen","floor":29,"turns":8},{"damage":23,"enemies":"Slavers","floor":31,"turns":9},{"damage":17,"enemies":"Collector","floor":33,"turns":7},{"damage":12,"enemies":"3 Darklings","floor":35,"turns":5},{"damage":2,"enemies":"Orb Walker","floor":37,"turns":3},{"damage":91,"enemies":"2 Orb Walkers","floor":39,"turns":7}],"seed_played":"1637047089715385172","potions_obtained":[{"floor":1,"key":"PowerPotion"},{"floor":5,"key":"Fire Potion"},{"floor":14,"key":"ColorlessPotion"},{"floor":21,"key":"CunningPotion"},{"floor":27,"key":"SneckoOil"},{"floor":31,"key":"Energy Potion"},{"floor":37,"key":"BlessingOfTheForge"}],"is_trial":false,"path_per_floor":["M","M","?","?","M","R","E","R","T","R","M","M","$","E","R","B",null,"M","M","?","M","$","E","$","E","T","M","R","M","R","E","R","B",null,"M","$","M","$","?"],"character_chosen":"THE_SILENT","items_purchased":["Chemical X","TheAbacus","Bandage Up","Membership Card","Shuriken","Accuracy"],"campfire_rested":1,"item_purchase_floors":[13,22,22,36,36,38],"current_hp_per_floor":[64,64,61,61,59,59,27,27,27,27,21,17,17,11,32,20,70,70,67,73,38,53,38,53,56,56,58,58,61,61,42,42,25,76,64,76,74,76,0,0],"gold":12,"neow_bonus":"THREE_CARDS","is_daily":false,"chose_seed":false,"campfire_upgraded":3,"win_rate":0.0,"timestamp":1613763999,"path_taken":["M","M","?","?","M","R","E","R","T","R","M","M","$","E","R","BOSS","M","M","?","M","$","E","$","E","T","M","R","M","R","E","R","BOSS","M","$","M","$","?"],"items_purchased_type":["Relic","Relic","Card","Relic","Relic","Card"],"build_version":"2020-12-22","purchased_purges":2,"victory":false,"max_hp_per_floor":[70,70,70,70,70,70,70,70,70,70,70,70,70,70,70,70,70,70,70,76,76,76,76,76,76,76,76,76,76,76,76,76,76,76,76,76,76,76,76,76],"card_choices":[{"not_picked":["Deflect","Dodge and Roll"],"picked":"Skewer","floor":0},{"not_picked":["Dodge and Roll","Dagger Spray"],"picked":"Footwork","floor":1},{"not_picked":["Deflect","Bane"],"picked":"Terror","floor":2},{"not_picked":["Deflect","Flechettes"],"picked":"Backflip","floor":5},{"not_picked":["Backflip","Prepared"],"picked":"Unload","floor":7},{"not_picked":["Quick Slash","Acrobatics"],"picked":"Cloak And Dagger","floor":11},{"not_picked":["Prepared","Cloak And Dagger"],"picked":"Escape Plan","floor":12},{"not_picked":["Riddle With Holes","Dodge and Roll"],"picked":"Deadly Poison","floor":14},{"not_picked":["Storm of Steel","Phantasmal Killer"],"picked":"Night Terror","floor":16},{"not_picked":["Cloak And Dagger","PiercingWail"],"picked":"Sucker Punch","floor":18},{"not_picked":["Outmaneuver","Well Laid Plans"],"picked":"PiercingWail","floor":19},{"not_picked":["Blade Dance","Masterful Stab+1"],"picked":"Distraction+1","floor":21},{"not_picked":["Cloak And Dagger","Expertise"],"picked":"Poisoned Stab+1","floor":23},{"not_picked":["Concentrate+1","Poisoned Stab"],"picked":"PiercingWail+1","floor":25},{"not_picked":["Quick Slash+1","Burst+1"],"picked":"Leg Sweep+1","floor":27},{"not_picked":["Finisher","Backflip+1"],"picked":"Riddle With Holes+1","floor":29},{"not_picked":["Flying Knee+1","Endless Agony","Dash"],"picked":"SKIP","floor":31},{"not_picked":["Skewer+1","Sucker Punch"],"picked":"Cloak And Dagger+1","floor":35},{"not_picked":["Dash+1","Outmaneuver+1"],"picked":"Prepared+1","floor":37}],"player_experience":176551,"relics_obtained":[{"floor":7,"key":"Gremlin Horn"},{"floor":9,"key":"Darkstone Periapt"},{"floor":14,"key":"MealTicket"},{"floor":23,"key":"Bottled Tornado"},{"floor":25,"key":"Toxic Egg 2"},{"floor":26,"key":"Girya"},{"floor":31,"key":"Snake Skull"}],"event_choices":[{"damage_healed":0,"gold_gain":0,"player_choice":"Success","damage_taken":3,"relics_obtained":["Orichalcum"],"max_hp_gain":0,"max_hp_loss":0,"event_name":"Scrap Ooze","floor":3,"gold_loss":0},{"damage_healed":0,"gold_gain":175,"player_choice":"AGREE","damage_taken":0,"max_hp_gain":0,"max_hp_loss":0,"event_name":"Liars Game","floor":4,"gold_loss":0,"cards_obtained":["Doubt"]},{"damage_healed":0,"gold_gain":0,"player_choice":"Smashed Altar","damage_taken":0,"max_hp_gain":0,"max_hp_loss":0,"event_name":"Forgotten Altar","floor":20,"gold_loss":0,"cards_obtained":["Decay"]},{"damage_healed":0,"gold_gain":0,"player_choice":"Fight","damage_taken":0,"max_hp_gain":0,"max_hp_loss":0,"event_name":"Mysterious Sphere","floor":39,"gold_loss":0}],"is_beta":false,"boss_relics":[{"not_picked":["Ectoplasm","Pandora\u0027s Box"],"picked":"Coffee Dripper"},{"not_picked":["Black Star","Cursed Key"],"picked":"SlaversCollar"}],"items_purged_floors":[13,22],"is_endless":false,"potions_floor_spawned":[1,5,14,21,27,31,37],"killed_by":"2 Orb Walkers","ascension_level":2}}