{"host":"0fupymmp6wdjyqoi","time":1613722733,"event":{"mods":["BaseMod","Bestiary","Clockwork Mod","Conspire","Downfall","GifTheSpireLib","Hubris","Infinite Spire","Minty Spire (QoL Compilation)","Replay The Spire","StSLib","The Construct","The Senshi"],"gold_per_floor":[119,119,119,131,144,177,177,202,202,127,202,202,4,20,20,115,115,135,85,109,75,75,75,106,137,137,137,137,137],"floor_reached":28,"language":"ENG","playtime":6203,"items_purged":["Strike_G","Strike_G"],"score":216,"play_id":"a6e20c78-0cca-4ed8-b05a-a0cbb36a1123","local_time":"20210219091852","is_ascension_mode":false,"campfire_choices":[{"floor":7,"key":"REST"},{"floor":12,"key":"REST"},{"data":"Crippling Poison","floor":15,"key":"SMITH"},{"floor":23,"key":"REST"}],"circlet_count":0,"master_deck":["Strike_G","Strike_G","Strike_G+1","Defend_G","Defend_G","Defend_G","Defend_G","Defend_G","Survivor","Neutralize+1","Crippling Poison+1","Catalyst","Prepared","Deadly Poison","Specialist","Flying Knee","Atom Bomb","Flying Knee+1","conspire:SpireCoStock","PiercingWail","Bane+1","Bane","Corpse Explosion"],"relics":["Durian","Sizzling Blood","hubris:ToyBattleship","Whetstone","hubris:BottledRain","SlaversCollar","HornCleat"],"acts_visited":["Exordium","TheCity"],"potions_floor_usage":[6,6,16],"damage_taken":[{"damage":1,"enemies":"Small Slimes","floor":1,"turns":7},{"damage":5,"enemies":"Cultist","floor":4,"turns":7},{"damage":0,"enemies":"Jaw Worm","floor":5,"turns":5},{"damage":56,"enemies":"Gremlin Nob","floor":6,"turns":6},{"damage":5,"enemies":"Blue Slaver","floor":14,"turns":3},{"damage":48,"enemies":"Slime Boss","floor":16,"turns":12},{"damage":22,"enemies":"3 Byrds","floor":18,"turns":4},{"damage":12,"enemies":"Spheric Guardian","floor":20,"turns":4},{"damage":14,"enemies":"Snake Plant","floor":24,"turns":5},{"damage":27,"enemies":"Cultist and Chosen","floor":25,"turns":7},{"damage":34,"enemies":"Chosen and Byrds","floor":28,"turns":4}],"seed_played":"-2067611552516161837","potions_obtained":[{"floor":4,"key":"PowerPotion"},{"floor":5,"key":"Adrenaline Potion"},{"floor":14,"key":"PowerPotion"},{"floor":18,"key":"infinitespire:BlackPotion"}],"is_trial":false,"path_per_floor":["M","?","?","M","M","E","R","T","T","$","?","R","$","M","R","B",null,"M","?","M","$","?","R","M","M","T","?","M"],"character_chosen":"THE_SILENT","items_purchased":["Specialist","Bane+1"],"campfire_rested":3,"item_purchase_floors":[13,21],"current_hp_per_floor":[67,71,71,70,72,20,41,41,41,41,30,51,51,50,50,6,72,54,54,46,46,46,67,57,34,34,34,0,0],"gold":137,"neow_bonus":"ONE_RARE_RELIC","is_daily":false,"chose_seed":false,"campfire_upgraded":1,"win_rate":0.0,"timestamp":1613722732,"path_taken":["M","?","?","M","?","E","R","?","T","$","?","R","$","M","R","BOSS","M","?","M","$","?","R","M","?","T","?","M"],"items_purchased_type":["Card","Card"],"build_version":"2020-12-22","purchased_purges":2,"victory":false,"max_hp_per_floor":[68,72,72,72,72,72,72,72,72,72,72,72,72,72,72,72,72,72,72,72,72,72,72,72,72,72,72,72,72],"card_choices":[{"not_picked":["conspire:PoisonWeapons","Endless Agony"],"picked":"Crippling Poison","floor":1},{"not_picked":["Toxin Wave","Backflip"],"picked":"Catalyst","floor":4},{"not_picked":["Skewer","ReplayTheSpireMod:Tripwire"],"picked":"Prepared","floor":5},{"not_picked":["Dodge and Roll","Terror"],"picked":"Deadly Poison","floor":6},{"not_picked":["Hidden Blade","Underhanded Strike"],"picked":"Flying Knee","floor":14},{"not_picked":["Burst","Malaise"],"picked":"Atom Bomb","floor":16},{"not_picked":["Quick Slash","Dagger Spray+1"],"picked":"Flying Knee+1","floor":18},{"not_picked":["Finisher","Sucker Punch"],"picked":"PiercingWail","floor":20},{"not_picked":["Flying Knee","Dash"],"picked":"Bane","floor":24},{"not_picked":["hubris:SlightOfHand+1","Underhanded Strike"],"picked":"Corpse Explosion","floor":25}],"player_experience":36470,"relics_obtained":[{"floor":6,"key":"hubris:ToyBattleship"},{"floor":8,"key":"Whetstone"},{"floor":9,"key":"hubris:BottledRain"},{"floor":26,"key":"HornCleat"}],"event_choices":[{"damage_healed":0,"gold_gain":0,"player_choice":"Ignored","damage_taken":0,"max_hp_gain":0,"max_hp_loss":0,"event_name":"NoteForYourself","floor":3,"gold_loss":0},{"damage_healed":0,"gold_gain":75,"player_choice":"Gather Gold","damage_taken":11,"max_hp_gain":0,"max_hp_loss":0,"event_name":"World of Goop","floor":11,"gold_loss":0},{"damage_healed":0,"gold_gain":0,"player_choice":"Invest 1","damage_taken":0,"max_hp_gain":0,"max_hp_loss":0,"event_name":"conspire:Investor","floor":19,"gold_loss":0},{"damage_healed":0,"gold_gain":0,"player_choice":"0 cards matched","damage_taken":0,"max_hp_gain":0,"max_hp_loss":0,"event_name":"Match and Keep!","floor":22,"gold_loss":0,"cards_obtained":[]},{"damage_healed":0,"gold_gain":0,"player_choice":"Ignored","damage_taken":0,"max_hp_gain":0,"max_hp_loss":0,"event_name":"Cursed Tome","floor":27,"gold_loss":0}],"is_beta":false,"boss_relics":[{"not_picked":["Kintsugi","hubris:RunicObelisk"],"picked":"SlaversCollar"}],"items_purged_floors":[10,13],"is_endless":false,"potions_floor_spawned":[4,5,14,18],"killed_by":"Chosen and Byrds","ascension_level":0}}