{"host":"p7tmakh9l6iw5m47","time":1613744281,"event":{"mods":["Act Like it!","BaseMod","Conspire","Downfall","Googly Eyes","Highlight Path","Hubris","Ironclad Rager","Mimic Mod","Minty Spire (QoL Compilation)","Pale of the Ancients","Random Character Mod","Replay The Spire","Reworked Bosses","Ruina","Shapeshifter Mod","StSLib","The Forsaken","The IronCluck","The Juggle","The Jungle","The Necromancer","The Runesmith"],"gold_per_floor":[99,117,134,39,39,50,50,83,97,97,97,112,112,132,132,17,32,131,131,131,149,159,159,159,172,198,227,246,260,271,288,188,205,222,317,317,317,330,342,353,365,384,384,384,401,434,487,4,4,4,17,17,17,17,17],"floor_reached":53,"language":"ENG","playtime":3717,"items_purged":["hexamod:Strike","downfall:Malfunctioning"],"score":911,"play_id":"67b1c877-8b62-4f96-b8b5-5e78d3a0d88b","local_time":"20210219231801","is_ascension_mode":false,"campfire_choices":[{"data":"hexamod:Sear","floor":1,"key":"SMITH"},{"data":"hexamod:Rewind","floor":13,"key":"SMITH"},{"data":"hexamod:SkipABeat","floor":15,"key":"SMITH"},{"data":"hexamod:TimeWarp","floor":20,"key":"SMITH"},{"floor":32,"key":"REST"},{"data":"hexamod:CatchUp","floor":37,"key":"SMITH"},{"data":"hexamod:TimeWarp","floor":49,"key":"SMITH"}],"circlet_count":0,"master_deck":["hexamod:Strike","hexamod:Strike+1","hexamod:Strike","hexamod:Defend","hexamod:Defend","hexamod:Defend","hexamod:Defend+1","hexamod:Sear+1","hexamod:Float","hexamod:RadiantFlame","hexamod:HeatMetal","hexamod:ThirdSeal","hexamod:RainOfEmbers+1","hexamod:Hexaguard","hexamod:NightmareStrike","hexamod:GhostLash","hexamod:Rewind+1","hexamod:ExtraCrispy","hexamod:SkipABeat+1","hexamod:DynamicBlow","hexamod:HauntingEcho","hexamod:NightmareStrike","hexamod:ThermalTransfer","hexamod:GhostOfSpirePresent","hexamod:TimeWarp+1","hexamod:EmpoweredFlame","hexamod:SoulSteal","hexamod:Rewind+1","hexamod:HauntingEcho+1","hexamod:InspiringFlames","hexamod:AdvancingGuard+1","hexamod:CatchUp","hexamod:RecurringNightmare+1","hexamod:NightmareStrike","hexamod:GhostShield","hexamod:PhantomFireball+1","hexamod:CatchUp+1","hexamod:ParanormalForm","hexamod:VolcanoVisage","hexamod:PhantomFireball","hexamod:Rewind+1","hexamod:TimeWarp+1","hexamod:Firestarter+1","hexamod:BurningTouch+1","hexamod:RetreatToShadows+1","hexamod:SpectralAdrenaline","hexamod:SoulSteal+1","Pot Of Greed","Pot Of Greed","Pot Of Greed","Pot Of Greed","Pot Of Greed","hexamod:SearingWound"],"relics":["hexamod:SpiritBrand","hubris:64BitClover","Painkiller Herb","Bird Faced Urn","Strawberry","hubris:Metronome","downfall:HeartBlessingGreen","conspire:DeflatedDodgeball","conspire:RunicOctahedron","Gremlin Horn","Smiling Mask","Pear","hubris:Zylophone","Mirror","Grinning Jar","Lee\u0027s Waffle","paleoftheancients:Timepiece","paleoftheancients:KeyRelic","Letter Opener","CultistMask"],"acts_visited":["Exordium","TheCity","TheBeyond","paleoftheancients:PaleOfTheAncients"],"potions_floor_usage":[18,18,18,27,35,35,42,46,47,47,52,52],"damage_taken":[{"damage":0,"enemies":"Cultist","floor":2,"turns":3},{"damage":8,"enemies":"Jaw Worm","floor":3,"turns":3},{"damage":5,"enemies":"downfall:FleeingMerchant","floor":4,"turns":4},{"damage":0,"enemies":"Small Slimes","floor":6,"turns":3},{"damage":10,"enemies":"3 Sentries","floor":8,"turns":6},{"damage":0,"enemies":"Exordium Wildlife","floor":9,"turns":3},{"damage":0,"enemies":"Blue Slaver","floor":12,"turns":3},{"damage":8,"enemies":"Red Slaver","floor":14,"turns":3},{"damage":0,"enemies":"downfall:FleeingMerchant","floor":16,"turns":4},{"damage":13,"enemies":"Lots of Slimes","floor":17,"turns":3},{"damage":23,"enemies":"WA_ARCHETYPE_RETAIN","floor":18,"turns":7},{"damage":11,"enemies":"3 Byrds","floor":21,"turns":5},{"damage":5,"enemies":"Chosen","floor":22,"turns":3},{"damage":14,"enemies":"Shelled Parasite and Fungi","floor":25,"turns":3},{"damage":21,"enemies":"Replay:Snechameleon","floor":27,"turns":4},{"damage":17,"enemies":"Centurion and Healer","floor":28,"turns":3},{"damage":26,"enemies":"Snake Plant","floor":29,"turns":4},{"damage":26,"enemies":"Chosen and Byrds","floor":30,"turns":5},{"damage":8,"enemies":"3 Cultists","floor":31,"turns":4},{"damage":5,"enemies":"Cultist and Chosen","floor":33,"turns":4},{"damage":22,"enemies":"Shelled Parasite and Fungi","floor":34,"turns":3},{"damage":26,"enemies":"DF_ARCHETYPE_CLAW","floor":35,"turns":6},{"damage":7,"enemies":"Orb Walker","floor":38,"turns":3},{"damage":6,"enemies":"3 Darklings","floor":39,"turns":4},{"damage":0,"enemies":"4 Shapes","floor":40,"turns":4},{"damage":1,"enemies":"Spire Growth","floor":41,"turns":3},{"damage":6,"enemies":"Jaw Worm Horde","floor":42,"turns":5},{"damage":0,"enemies":"3 Darklings","floor":45,"turns":3},{"damage":18,"enemies":"Nemesis","floor":46,"turns":5},{"damage":27,"enemies":"2 Orb Walkers","floor":47,"turns":4},{"damage":10,"enemies":"downfall:FleeingMerchant","floor":48,"turns":4},{"damage":6,"enemies":"Spire Growth","floor":51,"turns":4},{"damage":12,"enemies":"IC_BLOCK_ARCHETYPE","floor":52,"turns":7},{"damage":109,"enemies":"IC_BLOCK_ARCHETYPE","floor":53,"turns":6}],"seed_played":"5607951240874516394","potions_obtained":[{"floor":3,"key":"AttackPotion"},{"floor":6,"key":"SpeedPotion"},{"floor":8,"key":"Dexterity Potion"},{"floor":21,"key":"BlessingOfTheForge"},{"floor":22,"key":"PowerPotion"},{"floor":24,"key":"FairyPotion"},{"floor":27,"key":"SteroidPotion"},{"floor":35,"key":"Dexterity Potion"},{"floor":39,"key":"Fire Potion"},{"floor":41,"key":"PowerPotion"},{"floor":42,"key":"hexamod:EctoCoolerPotion"},{"floor":45,"key":"Fire Potion"},{"floor":47,"key":"Block Potion"}],"is_trial":false,"path_per_floor":["R","M","M","$","?","M","T","E","M","PTL","PTL","M","R","M","R","$","M","B",null,"T","?","?","?","?","?","T","E","?","?","?","?","T","?","?","B",null,"T","?","?","?","?","?","T","?","?","E","?","?","T","T","?","B","?"],"character_chosen":"THE_SPIRIT","items_purchased":["hexamod:RainOfEmbers","hexamod:NightmareStrike","Mirror","Grinning Jar","Lee\u0027s Waffle","hexamod:SoulburnPotion","hexamod:SearingWound"],"campfire_rested":1,"item_purchase_floors":[4,16,48,48,48,48,48],"current_hp_per_floor":[77,77,69,64,64,64,64,54,54,54,54,54,54,46,46,46,33,10,77,77,66,61,61,61,51,58,43,32,10,25,21,46,49,29,13,84,84,83,77,84,83,81,81,81,84,78,53,101,101,101,101,101,101,101,101],"gold":17,"neow_bonus":"TEN_PERCENT_HP_BONUS","is_daily":false,"chose_seed":false,"campfire_upgraded":6,"win_rate":0.0,"timestamp":1613744281,"path_taken":["R","M","M","?","?","M","T","E","M","PTL","PTL","M","R","M","R","$","M","BOSS","T","?","?","?","?","?","T","E","?","?","?","?","T","?","?","BOSS","T","?","?","?","?","?","T","?","?","E","?","?","T","T","?","BOSS","?"],"items_purchased_type":["Card","Card","Relic","Relic","Relic","Potion","Card"],"build_version":"2020-12-22","purchased_purges":2,"victory":false,"max_hp_per_floor":[77,77,77,77,77,77,77,77,77,77,77,77,77,77,77,77,77,77,77,77,77,77,77,77,77,84,84,84,84,84,84,84,84,84,84,84,84,84,84,84,84,84,84,84,84,94,94,101,101,101,101,101,101,101,101],"card_choices":[{"not_picked":["hexamod:HeatMetal","hexamod:NightmareStrike"],"picked":"hexamod:RadiantFlame","floor":2},{"not_picked":["hexamod:ShieldOfDarkness","hexamod:GhostOfSpirePast"],"picked":"hexamod:HeatMetal","floor":3},{"not_picked":["hexamod:ChargedBarrage","hexamod:GhostOfSpirePresent"],"picked":"hexamod:ThirdSeal","floor":4},{"not_picked":["hexamod:HauntingEcho","hexamod:RainOfEmbers"],"picked":"hexamod:Hexaguard","floor":6},{"not_picked":["hexamod:SpectralAdrenaline","hexamod:GhostOfSpirePast","hexamod:NightmareStrike"],"picked":"SKIP","floor":6},{"not_picked":["hexamod:SpectralAdrenaline","hexamod:GhostOfSpirePast"],"picked":"hexamod:NightmareStrike","floor":6},{"not_picked":["hexamod:ChargedBarrage","hexamod:HauntingEcho"],"picked":"hexamod:GhostLash","floor":8},{"not_picked":["hexamod:RainOfEmbers","hexamod:SecondSeal"],"picked":"hexamod:Rewind","floor":8},{"not_picked":["hexamod:GhostflameBarrier","hexamod:SecondSeal","hexamod:NightmareStrike"],"picked":"SKIP","floor":9},{"not_picked":["hexamod:AdvancingGuard","hexamod:HeatMetal","hexamod:SpectersWail"],"picked":"SKIP","floor":12},{"not_picked":["hexamod:BurningTouch","hexamod:RecurringNightmare"],"picked":"hexamod:ExtraCrispy","floor":14},{"not_picked":["hexamod:NecessarySacrifice","hexamod:ShieldOfDarkness"],"picked":"hexamod:SkipABeat","floor":14},{"not_picked":["hexamod:NecessarySacrifice","hexamod:TurnItUp"],"picked":"hexamod:DynamicBlow","floor":16},{"not_picked":["hexamod:InspiringFlames","hexamod:NightmareStrike"],"picked":"hexamod:HauntingEcho","floor":16},{"not_picked":["hexamod:HeatShield","hexamod:ShieldOfDarkness"],"picked":"hexamod:ThermalTransfer","floor":17},{"not_picked":["hexamod:NightmareGuise","hexamod:ChargedBarrage","hexamod:SecondSeal"],"picked":"SKIP","floor":17},{"not_picked":["hexamod:GhostflameInferno","hexamod:HexaLevel"],"picked":"hexamod:GhostOfSpirePresent","floor":18},{"not_picked":["hexamod:UnlimitedPower","hexamod:VolcanoVisage"],"picked":"hexamod:TimeWarp","floor":18},{"not_picked":["hexamod:RecurringNightmare","hexamod:BurningTouch"],"picked":"hexamod:EmpoweredFlame","floor":21},{"not_picked":["hexamod:GhostLash+1","hexamod:ChargedBarrage"],"picked":"hexamod:SoulSteal","floor":21},{"not_picked":["hexamod:NightmareGuise","hexamod:ThermalTransfer"],"picked":"hexamod:Rewind","floor":22},{"not_picked":["hexamod:Firestarter","hexamod:NightmareGuise"],"picked":"hexamod:HauntingEcho+1","floor":22},{"not_picked":["hexamod:HeatMetal","hexamod:ThermalTransfer"],"picked":"hexamod:InspiringFlames","floor":25},{"not_picked":["hexamod:SpectersWail","hexamod:FirstSeal"],"picked":"hexamod:AdvancingGuard+1","floor":25},{"not_picked":["hexamod:ShieldOfDarkness","hexamod:HexaLevel","hexamod:SecondSeal"],"picked":"SKIP","floor":27},{"not_picked":["hexamod:SpectersWail","hexamod:InspiringFlames"],"picked":"hexamod:CatchUp","floor":28},{"not_picked":["hexamod:CatchUp","hexamod:GhostOfSpirePast"],"picked":"hexamod:RecurringNightmare+1","floor":29},{"not_picked":["hexamod:HeatShield+1","hexamod:StepThrough"],"picked":"hexamod:NightmareStrike","floor":30},{"not_picked":["hexamod:ShieldOfDarkness","hexamod:FastForward"],"picked":"hexamod:GhostShield","floor":30},{"not_picked":["hexamod:EmpoweredFlame","hexamod:ThermalTransfer","hexamod:NecessarySacrifice"],"picked":"SKIP","floor":31},{"not_picked":["hexamod:UnlimitedPower","hexamod:GhostShield+1"],"picked":"hexamod:PhantomFireball+1","floor":33},{"not_picked":["hexamod:SpectersWail+1","hexamod:SwordOfDarkness"],"picked":"hexamod:CatchUp","floor":33},{"not_picked":["hexamod:BurningTouch","hexamod:SwordOfDarkness+1","hexamod:StepThrough"],"picked":"SKIP","floor":34},{"not_picked":["hexamod:UnleashSpirits","hexamod:GhostflameInferno"],"picked":"hexamod:ParanormalForm","floor":35},{"not_picked":["hexamod:GhostOfSpirePresent","hexamod:WildfireWeapon"],"picked":"hexamod:VolcanoVisage","floor":35},{"not_picked":["hexamod:CatchUp","hexamod:ShieldOfDarkness+1"],"picked":"hexamod:PhantomFireball","floor":38},{"not_picked":["hexamod:ThermalTransfer+1","hexamod:SpectersWail","hexamod:AdvancingGuard"],"picked":"SKIP","floor":38},{"not_picked":["hexamod:RecurringNightmare","hexamod:BacktrackSmack+1","hexamod:GhostShield+1"],"picked":"SKIP","floor":39},{"not_picked":["hexamod:HeatMetal","hexamod:RainOfEmbers"],"picked":"hexamod:Rewind+1","floor":40},{"not_picked":["hexamod:GhostShield+1","hexamod:HeatShield+1","hexamod:SwordOfDarkness+1"],"picked":"SKIP","floor":40},{"not_picked":["hexamod:SwordOfDarkness+1","hexamod:Incineration"],"picked":"hexamod:TimeWarp","floor":41},{"not_picked":["hexamod:GhostOfSpireFuture+1","hexamod:HeatCrush"],"picked":"hexamod:Firestarter+1","floor":42},{"not_picked":["hexamod:NecessarySacrifice","hexamod:Firestarter+1"],"picked":"hexamod:BurningTouch+1","floor":45},{"not_picked":["hexamod:InspiringFlames+1","hexamod:GhostflameBarrier+1"],"picked":"hexamod:RetreatToShadows+1","floor":46},{"not_picked":["hexamod:PhantomCloak","hexamod:RecurringNightmare"],"picked":"hexamod:SpectralAdrenaline","floor":46},{"not_picked":["hexamod:SwordOfDarkness+1","hexamod:FifthSeal"],"picked":"hexamod:SoulSteal+1","floor":47},{"not_picked":["hexamod:HauntingEcho+1","hexamod:SpectersWail","hexamod:HeatShield+1"],"picked":"SKIP","floor":48},{"not_picked":["hexamod:AdvancingGuard+1","hexamod:NightmareGuise","hexamod:ExtraCrispy"],"picked":"SKIP","floor":51}],"player_experience":166712,"relics_obtained":[{"floor":7,"key":"InkBottle"},{"floor":8,"key":"hubris:64BitClover"},{"floor":22,"key":"Bird Faced Urn"},{"floor":26,"key":"Strawberry"},{"floor":27,"key":"hubris:Metronome"},{"floor":34,"key":"conspire:DeflatedDodgeball"},{"floor":43,"key":"Gremlin Horn"},{"floor":45,"key":"Smiling Mask"},{"floor":46,"key":"Pear"},{"floor":47,"key":"hubris:Zylophone"}],"event_choices":[{"damage_healed":0,"gold_gain":0,"player_choice":"Fight","damage_taken":0,"max_hp_gain":0,"max_hp_loss":0,"event_name":"Mysterious Sphere","floor":47,"gold_loss":0}],"is_beta":false,"boss_relics":[{"not_picked":["Kintsugi","SacredBark"],"picked":"Painkiller Herb"},{"not_picked":["Black Star","Runesmith:UraniumAnvil"],"picked":"conspire:RunicOctahedron"}],"items_purged_floors":[16,48],"is_endless":false,"potions_floor_spawned":[3,6,8,14,21,22,27,35,39,41,42,45,47],"killed_by":"IC_BLOCK_ARCHETYPE","ascension_level":0}}