{"host":"sav7uxregyirlf69","time":1613698115,"event":{"mods":["AchievementEnabler","BaseMod","Colored Map","DeckTracker","Keyboard Shortcuts","Minty Spire (QoL Compilation)","READ ME - Guardian Mod","StSLib","SuperFastMode"],"gold_per_floor":[12,12,31,31,42,42,62,77,127,161,161,86,96,6,6,83,83,99,119,44,44,63,63,96,296,323,336,336,349,87,87,87,164,164,175,187,237,254,299,299,299],"floor_reached":40,"language":"KOR","playtime":739,"items_purged":["Strike_G","Regret"],"score":966,"play_id":"afac30af-7b2f-483a-9231-233873e466ad","local_time":"20210219102835","is_ascension_mode":true,"campfire_choices":[{"data":"A Thousand Cuts","floor":6.0,"key":"SMITH"},{"data":"Noxious Fumes","floor":11.0,"key":"SMITH"},{"data":"Neutralize","floor":15.0,"key":"SMITH"},{"data":"Blade Dance","floor":23.0,"key":"SMITH"},{"floor":32,"key":"REST"}],"circlet_count":0,"master_deck":["AscendersBane","Defend_G","Survivor","Neutralize+1","A Thousand Cuts+1","Blade Dance+1","Dagger Spray","Noxious Fumes+1","After Image","Discovery","Blur","Acrobatics","PiercingWail","Burst","Deflect+1","Masterful Stab+1","Riddle With Holes+1","Reflex","Dodge and Roll+1","Pain"],"relics":["Ring of the Snake","Mercury Hourglass","MealTicket","Boot","Cursed Key","The Courier","Happy Flower","Astrolabe","Bronze Scales"],"acts_visited":["Exordium","TheCity","TheBeyond"],"potions_floor_usage":[27,33,33],"damage_taken":[{"damage":4.0,"enemies":"Cultist","floor":1.0,"turns":5.0},{"damage":6.0,"enemies":"Small Slimes","floor":3.0,"turns":3.0},{"damage":4.0,"enemies":"Jaw Worm","floor":5.0,"turns":3.0},{"damage":6.0,"enemies":"Looter","floor":7.0,"turns":3.0},{"damage":1.0,"enemies":"Exordium Thugs","floor":8.0,"turns":3.0},{"damage":0.0,"enemies":"Lagavulin","floor":10.0,"turns":3.0},{"damage":0.0,"enemies":"2 Fungi Beasts","floor":13.0,"turns":2.0},{"damage":23.0,"enemies":"Slime Boss","floor":16.0,"turns":7.0},{"damage":6.0,"enemies":"Chosen","floor":18.0,"turns":4.0},{"damage":11.0,"enemies":"Shell Parasite","floor":19.0,"turns":5.0},{"damage":0.0,"enemies":"Snake Plant","floor":22.0,"turns":5.0},{"damage":20.0,"enemies":"Slavers","floor":24.0,"turns":3.0},{"damage":15,"enemies":"Shelled Parasite and Fungi","floor":27,"turns":5},{"damage":1,"enemies":"Centurion and Healer","floor":29,"turns":5},{"damage":0,"enemies":"Automaton","floor":33,"turns":7},{"damage":22,"enemies":"3 Darklings","floor":35,"turns":4},{"damage":0,"enemies":"3 Shapes","floor":36,"turns":1},{"damage":24,"enemies":"Transient","floor":38,"turns":6},{"damage":29,"enemies":"Nemesis","floor":40,"turns":2}],"seed_played":"-976260768186925766","potions_obtained":[{"floor":5.0,"key":"SteroidPotion"},{"floor":8.0,"key":"CunningPotion"},{"floor":18.0,"key":"ColorlessPotion"},{"floor":19.0,"key":"SpeedPotion"},{"floor":27,"key":"ColorlessPotion"}],"is_trial":false,"path_per_floor":["M","?","M","?","M","R","M","M","T","E","R","$","M","$","R","B",null,"M","M","?","?","M","R","E","?","T","M","?","M","$","?","R","B",null,"M","M","?","M","T","E"],"character_chosen":"THE_SILENT","items_purchased":["Discovery","Happy Flower","Strength Potion"],"campfire_rested":1,"item_purchase_floors":[14,30,30],"current_hp_per_floor":[55,55,49,49,45,45,39,38,38,38,38,53,53,66,66,43,60,54,43,43,43,43,43,23,23,23,8,8,7,22,22,41,41,60,38,38,38,14,14,0,0],"gold":299,"neow_bonus":"REMOVE_TWO","is_daily":false,"chose_seed":false,"campfire_upgraded":4,"win_rate":0.0,"timestamp":1613698115,"path_taken":["M","?","M","?","M","R","M","?","T","E","R","?","?","$","R","BOSS","M","M","?","?","M","R","E","?","T","?","?","M","$","?","R","BOSS","M","M","?","?","?","E"],"items_purchased_type":["Card","Relic","Potion"],"build_version":"2020-12-22","purchased_purges":2,"victory":false,"max_hp_per_floor":[66,66,66,66,66,66,66,66,66,66,66,66,66,66,66,66,66,66,66,66,66,66,66,66,66,66,66,66,66,66,66,66,66,66,66,66,66,66,66,66,66],"card_choices":[{"not_picked":["Riddle With Holes","Caltrops"],"picked":"Cloak And Dagger","floor":1.0},{"not_picked":["Endless Agony","Prepared"],"picked":"Blade Dance","floor":3.0},{"not_picked":["Leg Sweep","Flying Knee"],"picked":"Dagger Spray","floor":5.0},{"not_picked":["PiercingWail","Sucker Punch","Eviscerate"],"picked":"SKIP","floor":7.0},{"not_picked":["Terror","Expertise","Heel Hook"],"picked":"SKIP","floor":8.0},{"not_picked":["PiercingWail","Blade Dance"],"picked":"Noxious Fumes","floor":10.0},{"not_picked":["Footwork","Dagger Throw"],"picked":"After Image","floor":13.0},{"not_picked":["Dodge and Roll","Choke","Catalyst"],"picked":"SKIP","floor":18.0},{"not_picked":["Flying Knee","Prepared"],"picked":"Blur","floor":19.0},{"not_picked":["Finisher","Outmaneuver"],"picked":"Acrobatics","floor":22.0},{"not_picked":["Riddle With Holes","Flechettes","Grand Finale"],"picked":"SKIP","floor":24.0},{"not_picked":["All Out Attack","Bouncing Flask","Choke"],"picked":"SKIP","floor":27},{"not_picked":["Deadly Poison","Bouncing Flask+1"],"picked":"PiercingWail","floor":29},{"not_picked":["Envenom","Doppelganger"],"picked":"Burst","floor":33},{"not_picked":["Prepared","Cloak And Dagger+1"],"picked":"Reflex","floor":35},{"not_picked":["PiercingWail","Quick Slash"],"picked":"Dodge and Roll+1","floor":36},{"not_picked":["Bouncing Flask","Poisoned Stab","Underhanded Strike"],"picked":"SKIP","floor":38}],"player_experience":1613767,"relics_obtained":[{"floor":9.0,"key":"MealTicket"},{"floor":10.0,"key":"Boot"},{"floor":24.0,"key":"The Courier"},{"floor":39,"key":"Bronze Scales"}],"event_choices":[{"damage_healed":0.0,"max_hp_gain":0.0,"max_hp_loss":0.0,"gold_gain":0.0,"cards_transformed":["Defend_G"],"event_name":"Living Wall","player_choice":"Change","floor":2.0,"gold_loss":0.0,"damage_taken":0.0,"cards_obtained":["A Thousand Cuts"]},{"cards_removed":["Cloak And Dagger"],"damage_healed":0.0,"max_hp_gain":0.0,"max_hp_loss":0.0,"gold_gain":0.0,"event_name":"WeMeetAgain","player_choice":"Gave Card","floor":4.0,"gold_loss":0.0,"damage_taken":0.0,"relics_obtained":["Mercury Hourglass"]},{"cards_removed":["Strike_G"],"damage_healed":0.0,"max_hp_gain":0.0,"max_hp_loss":0.0,"gold_gain":0.0,"event_name":"Beggar","player_choice":"Gave Gold","floor":20.0,"gold_loss":75.0,"damage_taken":0.0},{"damage_healed":0.0,"max_hp_gain":0.0,"max_hp_loss":0.0,"gold_gain":0.0,"event_name":"The Mausoleum","player_choice":"Ignored","floor":21.0,"gold_loss":0.0,"damage_taken":0.0},{"damage_healed":0.0,"max_hp_gain":0.0,"max_hp_loss":0.0,"gold_gain":200.0,"event_name":"Wheel of Change","player_choice":"Gold","floor":25.0,"gold_loss":0.0,"damage_taken":0.0},{"damage_healed":0,"gold_gain":0,"player_choice":"Ignored","damage_taken":0,"max_hp_gain":0,"max_hp_loss":0,"event_name":"Vampires","floor":28,"gold_loss":0},{"cards_removed":["Defend_G"],"damage_healed":0,"gold_gain":0,"player_choice":"Elegance","damage_taken":0,"max_hp_gain":0,"max_hp_loss":0,"event_name":"Back to Basics","floor":31,"gold_loss":0},{"damage_healed":0,"gold_gain":50,"player_choice":"Pray","damage_taken":0,"max_hp_gain":0,"max_hp_loss":0,"event_name":"Golden Shrine","floor":37,"gold_loss":0}],"is_beta":false,"boss_relics":[{"not_picked":["Busted Crown","Ectoplasm"],"picked":"Cursed Key"},{"not_picked":["Calling Bell","Tiny House"],"picked":"Astrolabe"}],"items_purged_floors":[12,30],"is_endless":false,"potions_floor_spawned":[5,8,18,19,27],"killed_by":"Nemesis","ascension_level":20}}