{"host":"os9owiyb0rak6c8n","time":1613747042,"event":{"mods":["AchievementEnabler","Astrologer","BaseMod","Beaked The Cultist","Better Third Choice","Block Reminder","Colored Map","Colored Powertips","Curses Come First","Dio Mod","Minty Spire (QoL Compilation)","Shapeshifter Mod","Spicy Shops","StSLib","The Death Knight","The Necromancer"],"gold_per_floor":[110,123,123,19,33,33,64,83,110,141,141,141,141,160,160,259,259,274,285,285,310,310,310],"floor_reached":22,"language":"ENG","playtime":1016,"items_purged":[],"score":262,"play_id":"d6dc5b8f-8a37-46a0-80c5-d2d38fb3eaef","local_time":"20210219160402","is_ascension_mode":true,"campfire_choices":[{"data":"DeathKnight:Runesurge","floor":6,"key":"SMITH"},{"floor":13,"key":"REST"},{"floor":15,"key":"REST"}],"circlet_count":0,"master_deck":["DeathKnight:Strike_DeathKnight","DeathKnight:Strike_DeathKnight","DeathKnight:Strike_DeathKnight","DeathKnight:Strike_DeathKnight","DeathKnight:Strike_DeathKnight","DeathKnight:Defend_DeathKnight","DeathKnight:Defend_DeathKnight","DeathKnight:Defend_DeathKnight","DeathKnight:Defend_DeathKnight","DeathKnight:Defend_DeathKnight","DeathKnight:RuneTap","DeathKnight:RuneStrike","DeathKnight:Runesurge+1","DeathKnight:ThirstingStrike","DeathKnight:UnholyAssault","DeathKnight:IceboundArmor","DeathKnight:HornOfWinter","DeathKnight:IcyTouch","DeathKnight:Pestilence","DeathKnight:Razorice","CurseOfTheBell","DeathKnight:BoneShield+1"],"relics":["DeathKnight:BrokenRuneblade","Tiny Chest","Dream Catcher","Akabeko","Calling Bell","DeathKnight:JainasLocket","Matryoshka","WingedGreaves","Art of War","PreservedInsect"],"acts_visited":["Exordium","TheCity"],"potions_floor_usage":[14,16,16,18,22,22,22],"damage_taken":[{"damage":7,"enemies":"Small Slimes","floor":1,"turns":5},{"damage":1,"enemies":"Cultist","floor":2,"turns":4},{"damage":3,"enemies":"2 Louse","floor":5,"turns":3},{"damage":44,"enemies":"Gremlin Nob","floor":7,"turns":5},{"damage":2,"enemies":"Looter","floor":8,"turns":2},{"damage":20,"enemies":"Lagavulin","floor":10,"turns":7},{"damage":5,"enemies":"Gremlin Gang","floor":14,"turns":5},{"damage":1,"enemies":"Hexaghost","floor":16,"turns":9},{"damage":28,"enemies":"3 Byrds","floor":18,"turns":4},{"damage":25,"enemies":"Chosen","floor":19,"turns":7},{"damage":14,"enemies":"3 Cultists","floor":22,"turns":5}],"seed_played":"3269969840657823901","potions_obtained":[{"floor":5,"key":"PowerPotion"},{"floor":7,"key":"LiquidMemories"},{"floor":8,"key":"Dexterity Potion"},{"floor":16,"key":"DeathKnight:PlagueVial"},{"floor":20,"key":"Ancient Potion"},{"floor":20,"key":"ColorlessPotion"},{"floor":20,"key":"LiquidBronze"}],"is_trial":false,"path_per_floor":["M","M","?","$","M","R","E","M","T","E","?","?","R","M","R","B",null,"M","M","?","T","M"],"character_chosen":"DEATH_KNIGHT","items_purchased":["DeathKnight:IceboundArmor","DeathKnight:HornOfWinter"],"campfire_rested":2,"item_purchase_floors":[4,4],"current_hp_per_floor":[61,60,75,75,72,72,28,26,26,6,6,6,28,23,45,44,67,39,14,14,14,0,0],"gold":310,"neow_bonus":"ONE_RANDOM_RARE_CARD","is_daily":false,"chose_seed":false,"campfire_upgraded":1,"win_rate":0.0,"timestamp":1613747042,"path_taken":["M","M","?","$","?","R","E","M","T","E","?","?","R","M","R","BOSS","M","M","?","?","M"],"items_purchased_type":["Card","Card"],"build_version":"2020-12-22","purchased_purges":0,"victory":false,"max_hp_per_floor":[75,75,75,75,75,75,75,75,75,75,75,75,75,75,75,75,75,75,75,75,75,75,75],"card_choices":[{"not_picked":["DeathKnight:ShatteringStrikes","DeathKnight:Obliterate"],"picked":"DeathKnight:ThirstingStrike","floor":1},{"not_picked":["DeathKnight:DeathsAdvance","DeathKnight:UnholyFrenzy"],"picked":"DeathKnight:UnholyAssault","floor":2},{"not_picked":["DeathKnight:RaiseAlly","DeathKnight:ShatteringStrikes","DeathKnight:DeathCoil"],"picked":"SKIP","floor":5},{"not_picked":["DeathKnight:DeathGrip","DeathKnight:BoneSpear","DeathKnight:RuneShock"],"picked":"SKIP","floor":7},{"not_picked":["DeathKnight:HornOfWinter","DeathKnight:DeathGrip"],"picked":"DeathKnight:IcyTouch","floor":8},{"not_picked":["DeathKnight:Marrowrend","DeathKnight:RunicCorruption","DeathKnight:BludPresence"],"picked":"SKIP","floor":10},{"not_picked":["DeathKnight:Defile","DeathKnight:UnholyPresence","DeathKnight:RuneShock"],"picked":"SKIP","floor":14},{"not_picked":["DeathKnight:BloodTap","DeathKnight:BloodEchoes"],"picked":"DeathKnight:Pestilence","floor":15},{"not_picked":["DeathKnight:SindragosasBreath","DeathKnight:ReapingStrike"],"picked":"DeathKnight:Razorice","floor":16},{"not_picked":["DeathKnight:DeathStrike","DeathKnight:DreadStrike"],"picked":"DeathKnight:BoneShield+1","floor":18},{"not_picked":["DeathKnight:SindragosasBreath","DeathKnight:MutagenicPlague","DeathKnight:BladedArmor"],"picked":"SKIP","floor":19}],"player_experience":619093,"relics_obtained":[{"floor":7,"key":"Tiny Chest"},{"floor":9,"key":"Dream Catcher"},{"floor":10,"key":"Akabeko"},{"floor":17,"key":"DeathKnight:JainasLocket"},{"floor":17,"key":"Matryoshka"},{"floor":17,"key":"WingedGreaves"},{"floor":21,"key":"Art of War"},{"floor":21,"key":"PreservedInsect"}],"event_choices":[{"damage_healed":15,"gold_gain":0,"player_choice":"Full Heal","damage_taken":0,"max_hp_gain":0,"max_hp_loss":0,"event_name":"Wheel of Change","floor":3,"gold_loss":0},{"damage_healed":0,"gold_gain":1,"player_choice":"LEAVE","damage_taken":0,"max_hp_gain":0,"max_hp_loss":0,"event_name":"betterThird:BetterScrap","floor":11,"gold_loss":0,"cards_obtained":["Static Discharge"]},{"damage_healed":0,"gold_gain":0,"player_choice":"Ignored","damage_taken":0,"max_hp_gain":0,"max_hp_loss":0,"event_name":"Golden Idol","floor":12,"gold_loss":0},{"damage_healed":0,"gold_gain":0,"player_choice":"Got Potions","damage_taken":0,"max_hp_gain":0,"max_hp_loss":0,"event_name":"Lab","floor":20,"gold_loss":0}],"is_beta":false,"boss_relics":[{"not_picked":["Runic Pyramid","Fusion Hammer"],"picked":"Calling Bell"}],"items_purged_floors":[],"is_endless":false,"potions_floor_spawned":[5,7,8,16],"killed_by":"3 Cultists","ascension_level":7}}