{"host":"24d0pl8innuz0yc5","time":1613722315,"event":{"mods":["Act Like it!","Ascension Reborn","Aspiration","Astrologer","BaseMod","Better Skull","Colored Powertips","Downfall","Friendly Minions","GifTheSpireLib","GungeonMod","Hallownest","HololiveMod","Hunter ?人","KinomotoSakuraMod(木之本?)","Kiyohime（清姬）","Koishi","LagranYue(拉格朗·月)","Lobotomy","LobotomyExtend","Minty Spire (QoL Compilation)","MostiFishMod","Permanent Neow","Prisma Mod","READ ME - Guardian Mod","Reimu（博???）","Relic Stats","Remilia（蕾米莉?）","RumiaBox-露米?的神秘盒子","Shop Mod","Spicy Shops","StSLib","TestMod","The Animator","The Bladedancer","The Bug Knight","The Cursed","The Dragon Tamer","The Gatherer","The Mystic","The Necromancer","The Poker Player","The Runesmith","Waifu the Spire","Youmu（魂魄妖?）","【?物卡牌】REMEMod"],"gold_per_floor":[78,97,97,97,113,168,186,226,240,273,2,50,82,143,143,268,268,293,293,317,497,497,497,544,544,544,597,597,641,667,706,706,830,830,878,900,930,768,768,768,810,810,904,747,790,809,835,876,876,898,898,898,361,406,421],"floor_reached":56,"language":"ZHS","playtime":8458,"items_purged":["Decay","Decay"],"score":1883,"play_id":"f5bafd4a-776a-4b58-af3a-512b2394f327","local_time":"20210219161155","is_ascension_mode":true,"campfire_choices":[{"floor":15,"key":"RECALL"},{"data":"Hololive_CallSpadeEcho","floor":23,"key":"SMITH"},{"data":"Hololive_CallDoris","floor":25,"key":"SMITH"},{"data":"Hololive_DDD","floor":32,"key":"SMITH"},{"data":"Hololive_CallYogiri","floor":40,"key":"SMITH"},{"data":"Hololive_RevenueBasedLive","floor":42,"key":"SMITH"},{"data":"Hololive_CallAyundaRisu","floor":49,"key":"SMITH"},{"data":"Hololive_CallTokoyamiTowa","floor":52,"key":"SMITH"}],"circlet_count":0,"master_deck":["Hololive_Strike+1","Hololive_Strike+1","Hololive_Defend+1","Hololive_Defend+1","Hololive_Drill+1","Hololive_CallHoshimachiSuisei+1","Hololive_CallAiraniIofifteen+1","Hololive_CallAiraniIofifteen+1","Hololive_CallNatsuiroMatsuri+1","Hololive_CallRoboco+1","DemonKingCradle+1","Hololive_FlyingPonyTail+1","Hololive_Teleport+1","Hololive_CallOkamiMio+1","Hololive_CallYukihanaLamy","Hololive_CallTsunomakiWatame+1","Hololive_CallYogiri+1","Hololive_RevenueBasedLive+1","Hololive_CallMurasakiShion+1","Hololive_CallArtia+1","Hololive_CallSpadeEcho+1","Hololive_CallDoris+1","Hololive_CallMinatoAqua+1","Hololive_CallTokoyamiTowa+1","Hololive_Thief+1","Hololive_CallYozoraMel","Hololive_CallAyundaRisu+1","Hololive_CallShiranuiFlare+1","Hololive_OvertimeWork+1","Hololive_CallUruhaRushia+1","Hololive_CallMomosuzuNene+3","Hololive_DDD+1","Hololive_MaximGun","Hololive_CallAmaneKanata+1","Hololive_DevilCharm+1","Hololive_CallOzoraSubaru+1","Hololive_AWSL","Hololive_CallCivia+1","Hololive_CallFriendA+1","Hololive_CallSakuraMiko+1","Hololive_CallSpadeEcho","Hololive_CallNakiriAyame+1","Hololive_RevenueBasedLive+1","Hololive_LuckPotion+1","Hololive_CallYukihanaLamy","Hololive_Trident+1","Hololive_FlyingPonyTail","testmod-HandmadeProducts"],"relics":["Hololive_TheStar","testmod-TestBox","DaveBox","REME_ComplimentaryCards","testmod-Antiphasic","MostiFishMod:AdaptiveDefenses","LagranYue:ReturningEmperorRelic","SynthV:TestCard","DemoMod:GlassGuonStoneRelic","testmod-DragonStarHat","aspiration:HiddenCompartment","Tiny Chest","Membership Card","Omamori","testmod-IntensifyImprint","REME_HourglassOfDeath","aspiration:ChemicalBlood","testmod-Fortitude","REME_LowDesire","testmod-OneHitWonder","ZombieArmy","DemoMod:MeltedRock","Bag of Marbles","Nunchaku","Darkstone Periapt","LagranYue:MagicReflectiveArmorRelic","PreservedInsect","MutagenicStrength","testmod-Acrobat","Hololive_FriedShrimpLion","DianPoetry","Unceasing Top","HereWithMe","Mercury Hourglass","War Paint","Technique","aspiration:FrozenJewel","Runesmith:Nanobots","Pocketwatch","Pear","testmod-IndustrialRevolution","Art of War","testmod-TheFather","Pen Nib","Lizard Tail","Toy Ornithopter","GodSword1","HandDrill","REME_IWantAll","BirthdayGift-Icosahedron","Sundial"],"acts_visited":["Exordium","TheCity","TheBeyond","TheEnding"],"potions_floor_usage":[6,7,8,8,12,14,14,29,33,33,46],"damage_taken":[{"damage":0,"enemies":"Jaw Worm","floor":1,"turns":3},{"damage":0,"enemies":"Cultist","floor":2,"turns":2},{"damage":0,"enemies":"2 Louse","floor":5,"turns":3},{"damage":0,"enemies":"Lagavulin","floor":6,"turns":4},{"damage":0,"enemies":"Blue Slaver","floor":7,"turns":3},{"damage":0,"enemies":"3 Sentries","floor":8,"turns":4},{"damage":0,"enemies":"Large Slime","floor":10,"turns":3},{"damage":0,"enemies":"HollowMod:MossKnight","floor":12,"turns":3},{"damage":0,"enemies":"Exordium Thugs","floor":14,"turns":2},{"damage":0,"enemies":"The Guardian","floor":16,"turns":4},{"damage":0,"enemies":"Shell Parasite","floor":18,"turns":3},{"damage":0,"enemies":"Snecko","floor":20,"turns":2},{"damage":0,"enemies":"HollowMod:Nosk","floor":24,"turns":3},{"damage":0,"enemies":"Slavers","floor":27,"turns":2},{"damage":0,"enemies":"HollowMod:Nosk","floor":29,"turns":3},{"damage":0,"enemies":"3 Cultists","floor":30,"turns":2},{"damage":0,"enemies":"Gremlin Leader","floor":31,"turns":2},{"damage":0,"enemies":"Collector","floor":33,"turns":3},{"damage":0,"enemies":"3 Darklings","floor":35,"turns":3},{"damage":0,"enemies":"Orb Walker","floor":36,"turns":2},{"damage":0,"enemies":"Writhing Mass","floor":37,"turns":2},{"damage":0,"enemies":"Nemesis","floor":41,"turns":2},{"damage":0,"enemies":"Giant Head","floor":45,"turns":4},{"damage":0,"enemies":"Maw","floor":46,"turns":2},{"damage":0,"enemies":"Spire Growth","floor":47,"turns":1},{"damage":0,"enemies":"HollowMod:StalkingDevout","floor":48,"turns":1},{"damage":0,"enemies":"Awakened One","floor":50,"turns":2},{"damage":0,"enemies":"Shield and Spear","floor":54,"turns":1},{"damage":0,"enemies":"The Heart","floor":55,"turns":1}],"seed_played":"7859165340879939362","potions_obtained":[{"floor":1,"key":"GrandPatriotsElixir:ReiMu"},{"floor":2,"key":"DemoMod:LeadSkinPotion"},{"floor":5,"key":"Explosive Potion"},{"floor":6,"key":"DemoMod:BlankPotion"},{"floor":7,"key":"Fire Potion"},{"floor":8,"key":"Block Potion"},{"floor":10,"key":"Fire Potion"},{"floor":12,"key":"REME_GoldPotion"},{"floor":14,"key":"Strength Potion"},{"floor":16,"key":"Swift Potion"},{"floor":27,"key":"Explosive Potion"},{"floor":30,"key":"Fire Potion"},{"floor":33,"key":"Strength Potion"},{"floor":35,"key":"Energy Potion"},{"floor":46,"key":"Block Potion"}],"is_trial":false,"path_per_floor":["M","M","?","?","M","E","M","E","T","M","$","E","T","M","R","B",null,"M","?","M","?","T","R","E","R","T","E","?","E","M","E","R","B",null,"M","M","M","$","?","R","E","R","T","$","E","M","M","E","R","B",null,"R","$","E","B",null],"character_chosen":"Hololive_HololiveCharacter","items_purchased":["Membership Card","Omamori","Hololive_CallSpadeEcho","Mercury Hourglass","War Paint","Technique","Pear","testmod-IndustrialRevolution","Art of War","GodSword1","HandDrill","REME_IWantAll","BirthdayGift-Icosahedron","Hololive_CallSpadeEcho"],"campfire_rested":0,"item_purchase_floors":[11,11,11,38,38,38,44,44,44,53,53,53,53,53],"current_hp_per_floor":[40,40,40,40,40,40,40,40,40,40,40,40,40,40,40,45,45,45,45,45,45,45,45,45,45,45,45,45,45,45,45,45,50,50,50,50,50,50,50,50,50,50,50,60,61,62,63,64,64,70,70,70,70,78,84],"gold":421,"neow_bonus":"ONE_RARE_RELIC","is_daily":false,"chose_seed":false,"campfire_upgraded":7,"win_rate":0.0,"timestamp":1613722315,"path_taken":["M","M","?","?","?","E","?","E","T","M","$","E","?","M","R","BOSS","M","?","M","?","?","R","E","R","T","E","?","E","M","E","R","BOSS","M","M","M","$","?","R","E","R","T","$","E","M","M","E","R","BOSS","R","$","E","BOSS"],"items_purchased_type":["Relic","Relic","Card","Relic","Relic","Relic","Relic","Relic","Relic","Relic","Relic","Relic","Relic","Card"],"build_version":"2020-12-22","purchased_purges":2,"victory":true,"max_hp_per_floor":[40,40,40,40,40,40,40,40,40,40,40,40,40,40,40,45,45,45,45,45,45,45,45,45,45,45,45,45,45,45,45,45,50,50,50,50,50,50,50,50,50,50,50,60,61,62,63,64,64,70,70,70,70,78,84],"relic_stats":{"Darkstone Periapt":0,"counters":[29,71],"PreservedInsect":303,"Pen Nib":[0],"War Paint":["Hololive_Thief","Hololive_FlyingPonyTail"],"Mercury Hourglass":[64],"Nunchaku":[1],"Lizard Tail":0,"Sundial":[0],"Tiny Chest":1,"Art of War":[5],"HandDrill":[0],"obtain_stats":[{"MostiFishMod:AdaptiveDefenses":0,"DemoMod:GlassGuonStoneRelic":2,"BirthdayGift-Icosahedron":53,"REME_IWantAll":53,"LagranYue:ReturningEmperorRelic":0,"Lizard Tail":47,"Sundial":54,"DemoMod:MeltedRock":22,"HereWithMe":34,"testmod-DragonStarHat":6,"HandDrill":53,"testmod-IntensifyImprint":12,"testmod-TestBox":0,"Pear":44,"Pen Nib":46,"War Paint":38,"aspiration:HiddenCompartment":7,"aspiration:FrozenJewel":41,"testmod-Fortitude":16,"REME_HourglassOfDeath":13,"MutagenicStrength":28,"testmod-Acrobat":29,"Hololive_TheStar":0,"Technique":38,"testmod-OneHitWonder":17,"Unceasing Top":33,"Pocketwatch":43,"GodSword1":53,"Darkstone Periapt":26,"DaveBox":0,"DianPoetry":31,"LagranYue:MagicReflectiveArmorRelic":26,"Nunchaku":24,"Tiny Chest":9,"testmod-TheFather":45,"REME_LowDesire":17,"aspiration:ChemicalBlood":13,"ZombieArmy":17,"Runesmith:Nanobots":43,"PreservedInsect":27,"Omamori":11,"MawBank":8,"testmod-IndustrialRevolution":44,"Mercury Hourglass":38,"testmod-Antiphasic":0,"SynthV:TestCard":1,"Hololive_FriedShrimpLion":30,"Bag of Marbles":22,"Art of War":44,"Membership Card":11,"Toy Ornithopter":48,"REME_ComplimentaryCards":0},{"MostiFishMod:AdaptiveDefenses":0,"DemoMod:GlassGuonStoneRelic":2,"BirthdayGift-Icosahedron":27,"REME_IWantAll":27,"LagranYue:ReturningEmperorRelic":0,"Lizard Tail":25,"Sundial":28,"DemoMod:MeltedRock":12,"HereWithMe":18,"testmod-DragonStarHat":4,"HandDrill":27,"testmod-IntensifyImprint":8,"testmod-TestBox":0,"Pear":22,"Pen Nib":24,"War Paint":21,"aspiration:HiddenCompartment":5,"aspiration:FrozenJewel":22,"testmod-Fortitude":10,"REME_HourglassOfDeath":8,"MutagenicStrength":14,"testmod-Acrobat":15,"Hololive_TheStar":0,"Technique":21,"testmod-OneHitWonder":10,"Unceasing Top":18,"Pocketwatch":22,"GodSword1":27,"Darkstone Periapt":13,"DaveBox":0,"DianPoetry":17,"LagranYue:MagicReflectiveArmorRelic":13,"Nunchaku":13,"Tiny Chest":6,"testmod-TheFather":23,"REME_LowDesire":10,"aspiration:ChemicalBlood":8,"ZombieArmy":10,"Runesmith:Nanobots":22,"PreservedInsect":14,"Omamori":7,"MawBank":6,"testmod-IndustrialRevolution":22,"Mercury Hourglass":21,"testmod-Antiphasic":0,"SynthV:TestCard":1,"Hololive_FriedShrimpLion":16,"Bag of Marbles":12,"Art of War":22,"Membership Card":7,"Toy Ornithopter":26,"REME_ComplimentaryCards":0},{"MostiFishMod:AdaptiveDefenses":0,"DemoMod:GlassGuonStoneRelic":5,"BirthdayGift-Icosahedron":69,"REME_IWantAll":69,"LagranYue:ReturningEmperorRelic":0,"Lizard Tail":66,"Sundial":70,"DemoMod:MeltedRock":36,"HereWithMe":51,"testmod-DragonStarHat":12,"HandDrill":69,"testmod-IntensifyImprint":25,"testmod-TestBox":0,"Pear":60,"Pen Nib":65,"War Paint":58,"aspiration:HiddenCompartment":15,"aspiration:FrozenJewel":60,"testmod-Fortitude":31,"REME_HourglassOfDeath":25,"MutagenicStrength":41,"testmod-Acrobat":44,"Hololive_TheStar":0,"Technique":58,"testmod-OneHitWonder":31,"Unceasing Top":51,"Pocketwatch":60,"GodSword1":69,"Darkstone Periapt":39,"DaveBox":0,"DianPoetry":48,"LagranYue:MagicReflectiveArmorRelic":39,"Nunchaku":39,"Tiny Chest":19,"testmod-TheFather":63,"REME_LowDesire":31,"aspiration:ChemicalBlood":25,"ZombieArmy":31,"Runesmith:Nanobots":60,"PreservedInsect":41,"Omamori":22,"MawBank":19,"testmod-IndustrialRevolution":60,"Mercury Hourglass":58,"testmod-Antiphasic":0,"SynthV:TestCard":3,"Hololive_FriedShrimpLion":46,"Bag of Marbles":36,"Art of War":60,"Membership Card":22,"Toy Ornithopter":67,"REME_ComplimentaryCards":0}],"Unceasing Top":[0],"Toy Ornithopter":0,"Pocketwatch":[0]},"card_choices":[{"not_picked":["Hololive_CallYuzukiChoco+1","Hololive_Trident","Hololive_CallSakuraMiko"],"picked":"Hololive_FlyingPonyTail","floor":1},{"not_picked":["Hololive_Breathe","Hololive_StrengthChampion","Hololive_BeCareful","Hololive_BringToTrial","Hololive_Psychosis+1"],"picked":"Hololive_Teleport+1","floor":2},{"not_picked":["Hololive_CocoNews","Hololive_Rebound+1","Hololive_HuntDinosaur","Hololive_Drill","Hololive_SummonFox+1"],"picked":"Hololive_CallOkamiMio+1","floor":5},{"not_picked":["Hololive_Sequa+1","Hololive_IdolExercise","Hololive_CandyCastle","Hololive_Psychosis","Hololive_CallUsadaPekora"],"picked":"Hololive_CallYukihanaLamy","floor":6},{"not_picked":["Hololive_Rebound","Hololive_LuckPotion","Hololive_HuntDinosaur","Hololive_Drill","Hololive_CallFriendA"],"picked":"Hololive_CallTsunomakiWatame+1","floor":6},{"not_picked":["Hololive_CallCivia","Hololive_CallShiroganeNoel","Hololive_CallShishiroBotan","Hololive_LuckPotion","Hololive_Sequa"],"picked":"Hololive_CallYogiri","floor":7},{"not_picked":["Hololive_Spy","Hololive_CallSakuraMiko","Hololive_Psychosis","Hololive_Breathe","Hololive_OvertimeWork"],"picked":"Hololive_RevenueBasedLive","floor":8},{"not_picked":["Hololive_SoulCatcher+1","Hololive_FlareMind","Hololive_OvertimeWork","Hololive_Yoholoon","Hololive_ScarfAndHalo"],"picked":"Hololive_CallMurasakiShion","floor":8},{"not_picked":["Hololive_CallYogiri","Hololive_Breathe+1","Hololive_RevenueBasedLive+1","Hololive_CallHimemoriLuna","Hololive_CallAkiRosenthal"],"picked":"Hololive_CallArtia","floor":10},{"not_picked":["Hololive_CallSpadeEcho","Hololive_RevenueBasedLive+1","Hololive_Drill","Hololive_StrengthChampion","Hololive_Psychosis"],"picked":"Hololive_CallDoris","floor":12},{"not_picked":["Hololive_OvertimeWork","Hololive_IdolExercise","Hololive_HuntDinosaur+1","Hololive_Trident","Hololive_Drill"],"picked":"Hololive_CallMinatoAqua+1","floor":12},{"not_picked":["Hololive_Sequa","Hololive_FlyingPonyTail+1","Hololive_RevenueBasedLive","Hololive_CallYukihanaLamy+1","Hololive_StrengthChampion"],"picked":"Hololive_CallTokoyamiTowa","floor":14},{"not_picked":["Hololive_DurableLive","Hololive_Nanodesu","Hololive_StarCraft","Hololive_ScarfAndHalo","Hololive_HighAtkLowDef"],"picked":"Hololive_Thief","floor":16},{"not_picked":["Hololive_RevenueBasedLive+1","Hololive_BringToTrial+1","Hololive_CallYogiri","Hololive_Drill+1","Hololive_FlyingPonyTail+1","testmod-VirtualReality"],"picked":"Hololive_CallYozoraMel","floor":18},{"not_picked":["Hololive_HuntDinosaur","Hololive_IdolExercise","Hololive_CallFriendA","Hololive_Psychosis","Hololive_CallShishiroBotan","Bandage Up"],"picked":"Hololive_CallAyundaRisu","floor":20},{"not_picked":["Hololive_Rebound","Hololive_OvertimeWork","Hololive_Drill","Hololive_Watashimo","Hololive_CallFriendA+1","testmod-AdversityCounterattack"],"picked":"Hololive_CallShiranuiFlare+1","floor":24},{"not_picked":["Hololive_FlareMind","Hololive_Psychosis+1","Hololive_ILoveYou","Hololive_Watashimo+1","Hololive_RevenueBasedLive","testmod-AssimilatedRune"],"picked":"Hololive_OvertimeWork+1","floor":27},{"not_picked":["Hololive_RevenueBasedLive","Hololive_OvertimeWork+1","Hololive_SummonFox","Hololive_HuntDinosaur","Hololive_CocoNews+1","MostiFishMod:Kaleido"],"picked":"Hololive_CallUruhaRushia+1","floor":29},{"not_picked":["Hololive_StarCraft","Hololive_FlyingPonyTail","Hololive_OvertimeWork+1","Hololive_RevenueBasedLive","Hololive_CallHoshimachiSuisei+1","testmod-Reverberation"],"picked":"Hololive_CallMomosuzuNene+1","floor":30},{"not_picked":["Hololive_FlyingPonyTail+1","Hololive_CallAkiRosenthal","Hololive_CallFriendA","Hololive_AWSL","Hololive_Trident","testmod-ChaoticCore"],"picked":"Hololive_DDD","floor":31},{"not_picked":["Hololive_HighAtkLowDef","Hololive_Recruit","Hololive_IdolExercise","Hololive_ASMR","Hololive_DiamondStrike","Master of Strategy"],"picked":"Hololive_MaximGun","floor":33},{"not_picked":["Hololive_BringToTrial+1","Hololive_CallHimemoriLuna+1","Hololive_Rebound+1","Hololive_CallTsunomakiWatame+1","Hololive_DevilCharm+1","Dramatic Entrance"],"picked":"Hololive_CallAmaneKanata+1","floor":35},{"not_picked":["Hololive_CallAmaneKanata+1","Hololive_StrengthChampion","Hololive_Rebound+1","Hololive_Psychosis","Hololive_CocoNews","MostiFishMod:ElfcollectionBox"],"picked":"Hololive_DevilCharm+1","floor":36},{"not_picked":["Hololive_CallArtia+1","Hololive_RevenueBasedLive+1","Hololive_Breathe+1","Hololive_SoulCatcher+1","Hololive_Psychosis+1","testmod-Arrangement"],"picked":"Hololive_CallOzoraSubaru+1","floor":37},{"not_picked":["Hololive_CallAyundaRisu","Hololive_Drill","Hololive_HuntDinosaur+1","Hololive_CallSpadeEcho+1","Hololive_Breathe","testmod-EnhanceArmerment"],"picked":"Hololive_AWSL","floor":41},{"not_picked":["Hololive_Drill","Hololive_CallYukihanaLamy+1","Hololive_CallShishiroBotan+1","Hololive_CallSakuraMiko+1","Hololive_CallShiranuiFlare+1","MostiFishMod:Kaleido"],"picked":"Hololive_CallCivia+1","floor":45},{"not_picked":["Hololive_HuntDinosaur+1","Hololive_Rebound","Hololive_Sequa+1","Hololive_Psychosis+1","Hololive_CallShirakamiFubuki+1","testmod-Mystery+1"],"picked":"Hololive_CallFriendA+1","floor":46},{"not_picked":["Hololive_DiamondStrike","Hololive_Sequa+1","Hololive_Rebound+1","Hololive_Psychosis+1","Hololive_CocoNews+1","Hololive_FlyingPonyTail+1","testmod-Bloodthirsty"],"picked":"SKIP","floor":47},{"not_picked":["Hololive_Breathe","Hololive_ManjiGathering+1","Hololive_Psychosis+1","Hololive_WolfAndLamb","Hololive_CocoNews+1","HandOfGreed"],"picked":"Hololive_CallSakuraMiko+1","floor":48},{"not_picked":["Hololive_CallNakiriAyame+1","Hololive_RevenueBasedLive+1","Hololive_LuckPotion+1","Hololive_CallYukihanaLamy","Hololive_Trident+1","Hololive_FlyingPonyTail","testmod-HandmadeProducts"],"picked":"Singing Bowl","floor":54}],"player_experience":583895,"relics_obtained":[{"floor":1,"key":"SynthV:TestCard"},{"floor":6,"key":"testmod-DragonStarHat"},{"floor":7,"key":"aspiration:HiddenCompartment"},{"floor":8,"key":"MawBank"},{"floor":9,"key":"Tiny Chest"},{"floor":12,"key":"testmod-IntensifyImprint"},{"floor":13,"key":"REME_HourglassOfDeath"},{"floor":13,"key":"aspiration:ChemicalBlood"},{"floor":16,"key":"testmod-Fortitude"},{"floor":17,"key":"testmod-OneHitWonder"},{"floor":17,"key":"ZombieArmy"},{"floor":22,"key":"DemoMod:MeltedRock"},{"floor":22,"key":"Bag of Marbles"},{"floor":24,"key":"Nunchaku"},{"floor":26,"key":"Darkstone Periapt"},{"floor":26,"key":"LagranYue:MagicReflectiveArmorRelic"},{"floor":27,"key":"PreservedInsect"},{"floor":29,"key":"testmod-Acrobat"},{"floor":30,"key":"Hololive_FriedShrimpLion"},{"floor":31,"key":"DianPoetry"},{"floor":33,"key":"Unceasing Top"},{"floor":41,"key":"aspiration:FrozenJewel"},{"floor":43,"key":"Runesmith:Nanobots"},{"floor":43,"key":"Pocketwatch"},{"floor":45,"key":"testmod-TheFather"},{"floor":46,"key":"Pen Nib"},{"floor":47,"key":"Lizard Tail"},{"floor":48,"key":"Toy Ornithopter"},{"floor":54,"key":"Sundial"}],"event_choices":[{"damage_healed":0,"gold_gain":0,"player_choice":"Grow","damage_taken":0,"max_hp_gain":0,"max_hp_loss":0,"event_name":"Living Wall","floor":3,"gold_loss":0,"cards_upgraded":["DemonKingCradle"]},{"damage_healed":0,"gold_gain":0,"player_choice":"Cursed","damage_taken":0,"max_hp_gain":0,"max_hp_loss":0,"event_name":"Wheel of Change","floor":4,"gold_loss":0,"cards_obtained":["Decay"]},{"damage_healed":0,"gold_gain":150,"player_choice":"Sell","damage_taken":0,"max_hp_gain":0,"max_hp_loss":0,"event_name":"恩洛斯的?子","floor":21,"relics_lost":["MawBank"],"gold_loss":0},{"damage_healed":0,"gold_gain":0,"player_choice":"Inject Mutagens","damage_taken":0,"relics_obtained":["MutagenicStrength"],"max_hp_gain":0,"max_hp_loss":0,"event_name":"Drug Dealer","floor":28,"gold_loss":0}],"is_beta":false,"boss_relics":[{"not_picked":["testmod-HarvestTotem","GreenFoldingFan"],"picked":"REME_LowDesire"},{"not_picked":["Cursed Key","SlaversCollar"],"picked":"HereWithMe"}],"items_purged_floors":[11,11],"is_endless":false,"potions_floor_spawned":[2,5,10,12,16,18,24,30,31,35,45,46,48,54],"ascension_level":0}}