{"host":"eeb412nj2w7f9cz8","time":1613722436,"event":{"mods":["ATMod(°¢èªMod)","Act Like it!","BaseMod","Gensokyo","Minty Spire (QoL Compilation)","Ruina","StSLib"],"gold_per_floor":[117,127,127,45,64,64,77,77,77,105,105,105,137,137,137,137,137],"floor_reached":16,"language":"ZHS","playtime":1307,"items_purged":[],"score":108,"play_id":"ed765e42-0c31-4c56-8d83-5d820a156586","local_time":"20210219161356","is_ascension_mode":false,"campfire_choices":[{"data":"AT_EssenceShift","floor":6,"key":"SMITH"},{"data":"Tools of the Trade","floor":8,"key":"SMITH"},{"data":"Neutralize","floor":12,"key":"SMITH"},{"floor":15,"key":"REST"}],"circlet_count":0,"master_deck":["Strike_G","Strike_G","Strike_G","Strike_G","Strike_G","Defend_G","Defend_G","Defend_G","Defend_G","Survivor","Neutralize+1","Tools of the Trade+1","AT_EssenceShift+1","Calculated Gamble","Outmaneuver","Tactician"],"relics":["Ring of the Snake","AT_ATBox","Gensokyo:CelestialsFlawlessClothing","Sundial","Anchor","CeramicFish"],"acts_visited":["Gensokyo:Gensokyo"],"potions_floor_usage":[7,10,16],"damage_taken":[{"damage":0,"enemies":"Gensokyo:3_Fairies","floor":1,"turns":5},{"damage":3,"enemies":"Gensokyo:Gryphon","floor":2,"turns":6},{"damage":1,"enemies":"Gensokyo:2_Kodama","floor":5,"turns":5},{"damage":8,"enemies":"Gensokyo:5_Fairies","floor":7,"turns":9},{"damage":16,"enemies":"Gensokyo:Aya","floor":10,"turns":7},{"damage":25,"enemies":"Gensokyo:Cirno","floor":13,"turns":8},{"damage":84,"enemies":"Gensokyo:Yukari","floor":16,"turns":8}],"seed_played":"-2838184869067927746","potions_obtained":[{"floor":1,"key":"SmokeBomb"},{"floor":5,"key":"Block Potion"},{"floor":7,"key":"AttackPotion"},{"floor":13,"key":"GamblersBrew"}],"is_trial":false,"path_per_floor":["M","M","?","?","M","R","M","R","T","?","?","R","E","?","R","B"],"character_chosen":"THE_SILENT","items_purchased":[],"campfire_rested":1,"item_purchase_floors":[],"current_hp_per_floor":[49,46,29,70,69,69,61,61,61,45,45,45,20,6,27,13,13],"gold":137,"neow_bonus":"THREE_RARE_CARDS","is_daily":false,"chose_seed":false,"campfire_upgraded":3,"win_rate":0.0,"timestamp":1613722436,"path_taken":["M","M","?","?","M","R","?","R","T","?","?","R","E","?","R","BOSS"],"items_purchased_type":[],"build_version":"2020-12-22","purchased_purges":0,"victory":false,"max_hp_per_floor":[70,70,70,70,70,70,70,70,70,70,70,70,70,70,70,70,70],"card_choices":[{"not_picked":["Bullet Time","Phantasmal Killer"],"picked":"Tools of the Trade","floor":0},{"not_picked":["Flechettes","Dagger Spray","Crippling Poison"],"picked":"SKIP","floor":1},{"not_picked":["Dagger Spray","Accuracy","Dagger Throw"],"picked":"SKIP","floor":2},{"not_picked":["Blur","Catalyst","Concentrate"],"picked":"SKIP","floor":5},{"not_picked":["Bane","Prepared"],"picked":"Calculated Gamble","floor":7},{"not_picked":["Night Terror","Quick Slash"],"picked":"Outmaneuver","floor":10},{"not_picked":["After Image","Dodge and Roll"],"picked":"Tactician","floor":13}],"player_experience":121438,"relics_obtained":[{"floor":10,"key":"Sundial"},{"floor":13,"key":"Anchor"}],"event_choices":[],"is_beta":false,"boss_relics":[],"items_purged_floors":[],"is_endless":false,"potions_floor_spawned":[1,5,7,13],"killed_by":"Gensokyo:Yukari","ascension_level":0}}