{"host":"cijhj3091wf4aho3","time":1613708190,"event":{"mods":["BaseMod","Colored Map","Colored Powertips","Downfall","Friendly Minions","GifTheSpireLib","Highlight Path","Minty Spire (QoL Compilation)","Permanent Neow","Random Character Button","Relic Sorter","Relic Stats","StSLib","everything is the same but u backflip on backflip","slay the spire mod where everything is the same but ironclad has a cowboy hat"],"gold_per_floor":[99,111,121,138,156,169,169,189,89,89,104,104,119,153,165,243,243,143,153,173,173,3,3,26,26,37,54,80,80,80,180,198,272,272,172,190,61,71,56,56,128,157,157,185,197,141,161,195,206,206,206,234,109,109,109,109,109,109],"floor_reached":56,"language":"ENG","playtime":3279,"items_purged":["Guardian:Strike_Guardian","Guardian:Strike_Guardian","Guardian:Strike_Guardian"],"score":1390,"play_id":"584b2cc5-6130-4fe0-abcd-18f0db349abc","local_time":"20210218201630","is_ascension_mode":true,"campfire_choices":[{"floor":1,"key":"RECALL"},{"data":"Guardian:FloatingOrbs","floor":9,"key":"SMITH"},{"data":"Guardian:DonusPower","floor":12,"key":"SMITH"},{"data":"Guardian:SentryBeam","floor":18,"key":"SMITH"},{"data":"Guardian:ChargeUp","floor":23,"key":"SMITH"},{"data":"Guardian:CurlUp","floor":25,"key":"SMITH"},{"data":"Guardian:PiercingHide","floor":30,"key":"SMITH"},{"data":"Guardian:Incinerate","floor":35,"key":"SMITH"},{"data":"Guardian:ShieldSpikes","floor":54,"key":"SMITH"}],"circlet_count":0,"master_deck":["AscendersBane","Guardian:Defend_Guardian","Guardian:Defend_Guardian","Guardian:Defend_Guardian","Guardian:Defend_Guardian","Guardian:CurlUp+1","Guardian:TwinSlam+1","Guardian:FloatingOrbs+1","Guardian:ChargeUp+1","Guardian:DonusPower+1","Guardian:SentryBeam+1","Guardian:PiercingHide+1","Guardian:Incinerate+1","Guardian:TemporalShield+1","Guardian:FloatingOrbs","Guardian:StasisField+1","Guardian:ConstructionForm","Guardian:ShieldSpikes+1","Guardian:BodySlam+1"],"relics":["Guardian:ModeShifter","Thread and Needle","downfall:HeartBlessingRed","Bird Faced Urn","Sozu","downfall:HeartBlessingGreen","Lee\u0027s Waffle","Ginger","hexamod:Sixitude","Molten Egg 2","bronze:MakeshiftBattery","downfall:HeartBlessingBlue","Pear","Nunchaku","Mercury Hourglass","OrangePellets","Meat on the Bone","InkBottle"],"acts_visited":["Exordium","TheCity","TheBeyond","TheEnding"],"potions_floor_usage":[5,16,56],"damage_taken":[{"damage":1,"enemies":"Cultist","floor":2,"turns":4},{"damage":0,"enemies":"Small Slimes","floor":3,"turns":3},{"damage":7,"enemies":"Jaw Worm","floor":4,"turns":3},{"damage":3,"enemies":"Gremlin Gang","floor":5,"turns":5},{"damage":9,"enemies":"Large Slime","floor":6,"turns":7},{"damage":4,"enemies":"Blue Slaver","floor":8,"turns":4},{"damage":5,"enemies":"3 Louse","floor":11,"turns":3},{"damage":11,"enemies":"2 Fungi Beasts","floor":13,"turns":4},{"damage":11,"enemies":"Lagavulin","floor":14,"turns":6},{"damage":0,"enemies":"Red Slaver","floor":15,"turns":3},{"damage":11,"enemies":"SI_SHIV_ARCHETYPE","floor":16,"turns":6},{"damage":9,"enemies":"3 Byrds","floor":19,"turns":5},{"damage":18,"enemies":"Spheric Guardian","floor":20,"turns":4},{"damage":0,"enemies":"downfall:FleeingMerchant","floor":22,"turns":4},{"damage":8,"enemies":"Snake Plant","floor":26,"turns":4},{"damage":0,"enemies":"Cultist and Chosen","floor":27,"turns":6},{"damage":24,"enemies":"Gremlin Leader","floor":28,"turns":7},{"damage":10,"enemies":"Colosseum Nobs","floor":31,"turns":5},{"damage":8,"enemies":"Centurion and Healer","floor":32,"turns":5},{"damage":26,"enemies":"WA_ARCHETYPE_CALM","floor":33,"turns":9},{"damage":0,"enemies":"3 Shapes","floor":36,"turns":8},{"damage":0,"enemies":"downfall:FleeingMerchant","floor":37,"turns":4},{"damage":0,"enemies":"Orb Walker","floor":38,"turns":2},{"damage":5,"enemies":"downfall:FleeingMerchant","floor":39,"turns":4},{"damage":24,"enemies":"Giant Head","floor":42,"turns":7},{"damage":35,"enemies":"Reptomancer","floor":44,"turns":5},{"damage":10,"enemies":"Maw","floor":45,"turns":7},{"damage":0,"enemies":"downfall:FleeingMerchant","floor":46,"turns":1},{"damage":0,"enemies":"Jaw Worm Horde","floor":47,"turns":5},{"damage":7,"enemies":"Nemesis","floor":48,"turns":7},{"damage":2,"enemies":"4 Shapes","floor":49,"turns":5},{"damage":2,"enemies":"DF_ARCHETYPE_ORBS","floor":50,"turns":10},{"damage":0,"enemies":"downfall:CharBossMerchant","floor":52,"turns":7},{"damage":12,"enemies":"downfall:NeowBoss","floor":55,"turns":19},{"damage":97,"enemies":"downfall:NeowBossFinal","floor":56,"turns":8}],"seed_played":"-7686013046385641156","potions_obtained":[{"floor":2,"key":"Block Potion"},{"floor":8,"key":"LiquidBronze"},{"floor":11,"key":"CultistPotion"}],"is_trial":false,"path_per_floor":["R","M","M","M","M","M","T","M","R","?","M","R","M","E","M","B",null,"R","M","M","?","$","R","T","R","M","M","E","?","R","?","M","B",null,"R","M","$","M","$","?","T","E","?","E","M","$","M","E","M","B",null,"E","$","R","B","B"],"character_chosen":"GUARDIAN","items_purchased":["Lee\u0027s Waffle","Guardian:FloatingOrbs","Guardian:ConstructionForm","OrangePellets","Guardian:ShieldSpikes"],"campfire_rested":0,"item_purchase_floors":[22,37,46,46,46],"current_hp_per_floor":[65,64,64,57,54,45,45,41,41,41,36,36,25,14,16,7,56,56,49,33,33,79,79,79,79,73,75,53,53,53,45,39,15,63,73,75,77,81,80,80,90,70,70,39,33,33,37,36,52,56,88,94,94,94,88,0,0,0],"gold":109,"neow_bonus":"UPGRADE_CARD","is_daily":false,"chose_seed":false,"campfire_upgraded":8,"win_rate":0.0,"timestamp":1613708190,"path_taken":["R","M","M","M","M","M","T","?","R","?","?","R","M","E","M","BOSS","R","M","M","?","$","R","T","R","M","?","E","?","R","?","M","BOSS","R","M","$","M","$","?","T","E","?","E","?","?","M","E","M","BOSS","E","$","R","BOSS","BOSS"],"items_purchased_type":["Relic","Card","Card","Relic","Card"],"build_version":"2020-12-22","purchased_purges":3,"victory":false,"max_hp_per_floor":[72,72,72,72,72,72,72,72,72,72,72,72,72,72,72,72,72,72,72,72,72,79,79,79,79,79,79,79,79,79,79,79,79,79,89,89,89,89,89,89,99,99,99,99,99,99,99,99,99,99,99,99,99,99,99,99,99,99],"relic_stats":{"Sozu":9,"OrangePellets":[5],"Lee\u0027s Waffle":44,"Nunchaku":[20],"counters":[35,196],"Bird Faced Urn":[86],"Ginger":[39],"obtain_stats":[{"Lee\u0027s Waffle":22,"Pear":41,"downfall:HeartBlessingRed":9,"Guardian:ModeShifter":0,"hexamod:Sixitude":31,"Thread and Needle":7,"downfall:HeartBlessingGreen":18,"Ginger":28,"Mercury Hourglass":44,"Sozu":17,"OrangePellets":46,"Nunchaku":42,"downfall:HeartBlessingBlue":35,"Bird Faced Urn":14,"Molten Egg 2":31,"bronze:MakeshiftBattery":34,"InkBottle":52,"Meat on the Bone":48},{"Lee\u0027s Waffle":14,"Pear":24,"downfall:HeartBlessingRed":6,"Guardian:ModeShifter":0,"hexamod:Sixitude":18,"Thread and Needle":5,"downfall:HeartBlessingGreen":11,"Ginger":17,"Mercury Hourglass":26,"Sozu":11,"OrangePellets":28,"Nunchaku":25,"downfall:HeartBlessingBlue":20,"Bird Faced Urn":9,"Molten Egg 2":18,"bronze:MakeshiftBattery":20,"InkBottle":33,"Meat on the Bone":30},{"Lee\u0027s Waffle":61,"Pear":115,"downfall:HeartBlessingRed":26,"Guardian:ModeShifter":0,"hexamod:Sixitude":83,"Thread and Needle":22,"downfall:HeartBlessingGreen":48,"Ginger":78,"Mercury Hourglass":127,"Sozu":48,"OrangePellets":135,"Nunchaku":122,"downfall:HeartBlessingBlue":97,"Bird Faced Urn":39,"Molten Egg 2":83,"bronze:MakeshiftBattery":97,"InkBottle":169,"Meat on the Bone":147}],"InkBottle":[19],"Mercury Hourglass":[116],"Meat on the Bone":12},"card_choices":[{"not_picked":["Guardian:DonusPower","Guardian:Gem_Cyan"],"picked":"Guardian:FloatingOrbs","floor":2},{"not_picked":["Guardian:RollAttack","Guardian:PiercingHide"],"picked":"Guardian:ChargeUp","floor":3},{"not_picked":["Guardian:SpikerProtocol","Guardian:Reroute"],"picked":"Guardian:DonusPower","floor":4},{"not_picked":["Guardian:Planning","Guardian:ShieldCharger"],"picked":"Guardian:Gem_Cyan","floor":5},{"not_picked":["Guardian:WalkerClaw","Guardian:PolyBeam","Guardian:SpikerProtocol"],"picked":"SKIP","floor":6},{"not_picked":["Guardian:VentSteam","Guardian:ChargeCore"],"picked":"Guardian:Gem_Cyan","floor":8},{"not_picked":["Guardian:TimeSifter","Guardian:RollAttack","Guardian:TimeBomb"],"picked":"SKIP","floor":11},{"not_picked":["Guardian:Gem_Green","Guardian:MultiBeam","Guardian:Emergency"],"picked":"SKIP","floor":13},{"not_picked":["Guardian:CrystalBeam","Guardian:WalkerClaw","Guardian:Harden"],"picked":"SKIP","floor":14},{"not_picked":["Guardian:CrystalBeam","Guardian:WalkerClaw","Guardian:Harden"],"picked":"SKIP","floor":14},{"not_picked":["Guardian:EvasiveProtocol","Guardian:TemporalStrike"],"picked":"Guardian:SentryBeam","floor":15},{"not_picked":["Guardian:StasisEngine","Guardian:BaubleBeam"],"picked":"Guardian:Gem_Synthetic","floor":16},{"not_picked":["Guardian:Clone+1","Guardian:Gem_Green","Guardian:Gem_Cyan"],"picked":"SKIP","floor":19},{"not_picked":["Guardian:ChargeCore","Guardian:Gem_Lightblue"],"picked":"Guardian:Gem_Purple","floor":20},{"not_picked":["Guardian:Suspension","Guardian:Planning","Guardian:Gem_Lightblue"],"picked":"SKIP","floor":22},{"not_picked":["Guardian:MultiBeam","Guardian:Gem_Red"],"picked":"Guardian:PiercingHide","floor":26},{"not_picked":["Guardian:Gem_Red","Guardian:Harden","Guardian:ShieldCharger"],"picked":"SKIP","floor":27},{"not_picked":["Guardian:FastForward","Guardian:PolyBeam"],"picked":"Guardian:Incinerate","floor":28},{"not_picked":["Guardian:PiercingHide","Guardian:BodySlam+1","Guardian:EvasiveProtocol"],"picked":"SKIP","floor":32},{"not_picked":["Guardian:PiercingHide","Guardian:Gem_Yellow","Guardian:RollAttack+1"],"picked":"SKIP","floor":36},{"not_picked":["Guardian:Orbwalk+1","Guardian:VentSteam"],"picked":"Guardian:TemporalShield+1","floor":37},{"not_picked":["Guardian:ArmoredProtocol","Guardian:CrystalBeam+1","Guardian:ChargeCore+1"],"picked":"SKIP","floor":38},{"not_picked":["Guardian:GemFire+1","Guardian:DonusPower","Guardian:Gem_Lightblue"],"picked":"SKIP","floor":39},{"not_picked":["Guardian:RollAttack+1","Guardian:Gem_Red"],"picked":"Guardian:StasisField","floor":42},{"not_picked":["Guardian:Gem_Red","Guardian:BronzeOrb+1","Guardian:PiercingHide"],"picked":"SKIP","floor":44},{"not_picked":["Guardian:TimeCapacitor","Guardian:Reroute+1","Guardian:Gem_Cyan"],"picked":"SKIP","floor":45},{"not_picked":["Guardian:Planning","Guardian:EvasiveProtocol+1","Guardian:Gem_Red"],"picked":"SKIP","floor":46},{"not_picked":["Guardian:VentSteam","Guardian:ChargeCore+1","Guardian:TemporalStrike+1"],"picked":"SKIP","floor":47},{"not_picked":["Guardian:HyperBeam_Guardian+1","Guardian:Planning"],"picked":"Guardian:BodySlam+1","floor":48},{"not_picked":["Guardian:Suspension","Guardian:Gem_Yellow","Guardian:Recover"],"picked":"SKIP","floor":49},{"not_picked":["Guardian:Reroute+1","Guardian:DonusPower","Guardian:PrimingBeam+1"],"picked":"SKIP","floor":52}],"player_experience":596621,"relics_obtained":[{"floor":7,"key":"Thread and Needle"},{"floor":14,"key":"Bird Faced Urn"},{"floor":28,"key":"Ginger"},{"floor":31,"key":"hexamod:Sixitude"},{"floor":31,"key":"Molten Egg 2"},{"floor":41,"key":"Pear"},{"floor":42,"key":"Nunchaku"},{"floor":44,"key":"Mercury Hourglass"},{"floor":48,"key":"Meat on the Bone"},{"floor":52,"key":"InkBottle"}],"event_choices":[{"cards_removed":["Guardian:Strike_Guardian"],"damage_healed":0,"gold_gain":0,"player_choice":"Removed Attack","damage_taken":0,"max_hp_gain":0,"max_hp_loss":0,"event_name":"Falling","floor":40,"gold_loss":0}],"is_beta":false,"boss_relics":[{"not_picked":["SlaversCollar","Runic Dome"],"picked":"Sozu"},{"not_picked":["Cursed Key","SacredBark"],"picked":"bronze:MakeshiftBattery"}],"items_purged_floors":[37,46,53],"is_endless":false,"potions_floor_spawned":[2,8,11,14,26,27,31,32,42,45,47,48,49],"killed_by":"downfall:NeowBossFinal","ascension_level":14}}