{"host":"os9owiyb0rak6c8n","time":1613752948,"event":{"mods":["AchievementEnabler","Astrologer","BaseMod","Beaked The Cultist","Better Third Choice","Block Reminder","Colored Map","Colored Powertips","Curses Come First","Dio Mod","Minty Spire (QoL Compilation)","Shapeshifter Mod","Spicy Shops","StSLib","The Death Knight","The Necromancer"],"gold_per_floor":[113,128,128,203,213,213,213,213,213,64,89,89,14,24,24,24,24],"floor_reached":16,"language":"ENG","playtime":482,"items_purged":["DeathKnight:Strike_DeathKnight"],"score":132,"play_id":"47be17bc-c187-4ccf-9029-7e0611842088","local_time":"20210219174228","is_ascension_mode":true,"campfire_choices":[{"floor":6,"key":"REST"},{"data":"DeathKnight:ArmyOfTheDead","floor":8,"key":"SMITH"},{"floor":15,"key":"REST"}],"circlet_count":0,"master_deck":["DeathKnight:Strike_DeathKnight","DeathKnight:Strike_DeathKnight","DeathKnight:Strike_DeathKnight","DeathKnight:Strike_DeathKnight","DeathKnight:Defend_DeathKnight","DeathKnight:Defend_DeathKnight","DeathKnight:Defend_DeathKnight","DeathKnight:Defend_DeathKnight","DeathKnight:Defend_DeathKnight","DeathKnight:RuneTap","DeathKnight:RuneStrike","DeathKnight:ArmyOfTheDead+1","DeathKnight:BloodStrike","DeathKnight:DeathCoil","Burn","DeathKnight:BloodPact","DeathKnight:HartStrike","DeathKnight:HornOfWinter+1","DeathKnight:HowlingBlast","DeathKnight:GargoyleSkin"],"relics":["DeathKnight:BrokenRuneblade","DeathKnight:SylvanasMusicBox","Kunai","Pear"],"acts_visited":["Exordium"],"potions_floor_usage":[16],"damage_taken":[{"damage":7,"enemies":"2 Louse","floor":1,"turns":5},{"damage":6,"enemies":"Jaw Worm","floor":2,"turns":4},{"damage":13,"enemies":"Small Slimes","floor":5,"turns":5},{"damage":18,"enemies":"Lagavulin","floor":11,"turns":7},{"damage":21,"enemies":"Blue Slaver","floor":14,"turns":5},{"damage":31,"enemies":"Hexaghost","floor":16,"turns":9}],"seed_played":"5215579979359344020","potions_obtained":[{"floor":1,"key":"DuplicationPotion"},{"floor":14,"key":"SmokeBomb"}],"is_trial":false,"path_per_floor":["M","M","?","?","M","R","?","R","T","$","E","?","$","M","R","B"],"character_chosen":"DEATH_KNIGHT","items_purchased":["DeathKnight:HartStrike","DeathKnight:HowlingBlast"],"campfire_rested":2,"item_purchase_floors":[10,13],"current_hp_per_floor":[61,55,55,44,31,53,35,35,35,35,27,27,27,6,31,0,0],"gold":24,"neow_bonus":"ONE_RANDOM_RARE_CARD","is_daily":false,"chose_seed":false,"campfire_upgraded":1,"win_rate":0.0,"timestamp":1613752948,"path_taken":["M","M","?","?","M","R","?","R","T","$","E","?","$","?","R","BOSS"],"items_purchased_type":["Card","Card"],"build_version":"2020-12-22","purchased_purges":1,"victory":false,"max_hp_per_floor":[75,75,75,75,75,75,75,75,75,75,85,85,85,85,85,85,85],"card_choices":[{"not_picked":["DeathKnight:UnholyPresence","DeathKnight:DreadStrike"],"picked":"DeathKnight:BloodStrike","floor":1},{"not_picked":["DeathKnight:DeathGrip","DeathKnight:ShatteringStrikes"],"picked":"DeathKnight:DeathCoil","floor":2},{"not_picked":["DeathKnight:Contagion","DeathKnight:ChainsOfIce"],"picked":"DeathKnight:BloodPact","floor":5},{"not_picked":["DeathKnight:Hysteria","DeathKnight:RaiseAlly"],"picked":"DeathKnight:HornOfWinter","floor":11},{"not_picked":["DeathKnight:DeathRune","DeathKnight:ShatteringStrikes"],"picked":"DeathKnight:GargoyleSkin","floor":14}],"player_experience":624422,"relics_obtained":[{"floor":9,"key":"Kunai"},{"floor":11,"key":"Pear"}],"event_choices":[{"damage_healed":55,"gold_gain":0,"player_choice":"Embrace Burn","damage_taken":0,"max_hp_gain":0,"max_hp_loss":75,"event_name":"betterThird:BetterShining","floor":3,"gold_loss":0},{"damage_healed":0,"gold_gain":75,"player_choice":"Gold","damage_taken":11,"max_hp_gain":0,"max_hp_loss":0,"event_name":"betterThird:BetterGoop","floor":4,"gold_loss":0},{"damage_healed":0,"gold_gain":0,"player_choice":"Relic ","damage_taken":18,"max_hp_gain":0,"max_hp_loss":0,"event_name":"betterThird:BetterScrap","floor":7,"gold_loss":0,"cards_obtained":["Second Wind"]},{"damage_healed":0,"gold_gain":0,"player_choice":"Forge","damage_taken":0,"max_hp_gain":0,"max_hp_loss":0,"event_name":"Accursed Blacksmith","floor":12,"gold_loss":0,"cards_upgraded":["DeathKnight:HornOfWinter"]}],"is_beta":false,"boss_relics":[],"items_purged_floors":[10],"is_endless":false,"potions_floor_spawned":[1,14],"killed_by":"Hexaghost","ascension_level":7}}