{"host":"6p0attdrtjqaih7v","time":1613760947,"event":{"mods":["2.2 Compatiblity","AchievementEnabler","Bard","BaseMod","Better Skull","Better Third Choice","Card Filter","Colored Powertips","Hermit","Highlight Path","Hubris","Key Reminder","Minty Spire (QoL Compilation)","Permanent Neow","Quick Restart","Random Character Button","Relic Filter","Relic Stats","Reliquary","Replay The Spire","Robot Space Explorer","StSLib","The Hayseed","The Witch"],"gold_per_floor":[113,132,145,145,14,47,47,66,66,80,97,23,58,76,76,81,81],"floor_reached":16,"language":"ENG","playtime":552,"items_purged":["hermit:Defend_Hermit"],"score":228,"play_id":"6edd149f-1567-4f2a-bf50-b087687a7e3f","local_time":"20210219135547","is_ascension_mode":true,"campfire_choices":[{"data":"hubris:DuctTapeCard","floor":7,"key":"SMITH"},{"data":"hermit:Determination","floor":15,"key":"SMITH"}],"circlet_count":0,"master_deck":["AscendersBane","hermit:Strike_Hermit","hermit:Strike_Hermit","hermit:Strike_Hermit","hermit:Strike_Hermit","hermit:Defend_Hermit","hermit:Defend_Hermit","hermit:Defend_Hermit","hermit:Snapshot","hermit:Covet","hermit:Manifest","hermit:PistolWhip","hubris:DuctTapeCard+2","hermit:LowProfile","hermit:Headshot","hermit:TakeAim","hermit:Scavenge","hermit:Determination+1"],"relics":["Coffee Dripper","hubris:DuctTape","Mummified Hand","hubris:TenFootPole"],"acts_visited":["Exordium"],"potions_floor_usage":[6,13,14],"damage_taken":[{"damage":4,"enemies":"Small Slimes","floor":1,"turns":3},{"damage":0,"enemies":"Cultist","floor":2,"turns":3},{"damage":0,"enemies":"Jaw Worm","floor":3,"turns":2},{"damage":19,"enemies":"Gremlin Nob","floor":6,"turns":4},{"damage":0,"enemies":"3 Louse","floor":8,"turns":2},{"damage":2,"enemies":"Large Slime","floor":10,"turns":3},{"damage":0,"enemies":"2 Fungi Beasts","floor":11,"turns":3},{"damage":20,"enemies":"Lagavulin","floor":13,"turns":4},{"damage":0,"enemies":"Looter","floor":14,"turns":1},{"damage":34,"enemies":"Slime Boss","floor":16,"turns":3}],"seed_played":"-1025172291381794378","potions_obtained":[{"floor":2,"key":"CultistPotion"},{"floor":8,"key":"SteroidPotion"},{"floor":14,"key":"DuplicationPotion"}],"is_trial":false,"path_per_floor":["M","M","M","?","$","E","R","M","T","M","M","$","E","M","R","B"],"character_chosen":"HERMIT","items_purchased":["Weak Potion","hermit:TakeAim"],"campfire_rested":0,"item_purchase_floors":[5,12],"current_hp_per_floor":[60,60,60,50,50,31,31,31,31,29,29,29,9,9,9,0,0],"gold":81,"neow_bonus":"BOSS_RELIC","is_daily":false,"chose_seed":false,"campfire_upgraded":2,"win_rate":0.0,"timestamp":1613760947,"path_taken":["M","M","M","?","$","E","R","M","T","?","M","?","E","M","R","BOSS"],"items_purchased_type":["Potion","Card"],"build_version":"2020-12-22","purchased_purges":1,"victory":false,"max_hp_per_floor":[71,71,71,71,71,71,71,71,71,71,71,71,71,71,71,71,71],"relic_stats":{"counters":[10,28],"Mummified Hand":[3],"obtain_stats":[{"hubris:DuctTape":6,"Mummified Hand":9,"Coffee Dripper":0,"hubris:TenFootPole":13,"hermit:Momento":0},{"hubris:DuctTape":4,"Mummified Hand":5,"Coffee Dripper":0,"hubris:TenFootPole":8,"hermit:Momento":0},{"hubris:DuctTape":12,"Mummified Hand":14,"Coffee Dripper":0,"hubris:TenFootPole":24,"hermit:Momento":0}]},"card_choices":[{"not_picked":["hermit:Snipe","hermit:Vantage"],"picked":"hermit:Roulette","floor":1},{"not_picked":["hermit:Shortfuse","hermit:Glare"],"picked":"hermit:Manifest","floor":2},{"not_picked":["hermit:Spite","hermit:HoleUp"],"picked":"hermit:PistolWhip","floor":3},{"not_picked":["hermit:WideOpen","hermit:Ricochet"],"picked":"hermit:Coalescence","floor":6},{"not_picked":["hermit:FullyLoaded","hermit:Misfire","hermit:WideOpen"],"picked":"SKIP","floor":8},{"not_picked":["hermit:HighCaliber","hermit:Misfire"],"picked":"hermit:LowProfile","floor":10},{"not_picked":["hermit:Quickdraw","hermit:Malice"],"picked":"hermit:Headshot","floor":11},{"not_picked":["hermit:Quickdraw","hermit:HeroicBravado"],"picked":"hermit:Scavenge","floor":13},{"not_picked":["hermit:Snipe","hermit:Headshot"],"picked":"hermit:Determination","floor":14}],"player_experience":1141059,"relics_obtained":[{"floor":6,"key":"hubris:DuctTape"},{"floor":9,"key":"Mummified Hand"},{"floor":13,"key":"hubris:TenFootPole"}],"event_choices":[{"damage_healed":0,"gold_gain":0,"player_choice":"Damaged","damage_taken":10,"max_hp_gain":0,"max_hp_loss":0,"event_name":"Wheel of Change","floor":4,"gold_loss":0}],"is_beta":false,"boss_relics":[],"items_purged_floors":[5],"is_endless":false,"potions_floor_spawned":[2,8,14],"killed_by":"Slime Boss","ascension_level":20}}