{"host":"zxkjcgzis4pm3za5","time":1613762586,"event":{"mods":["2.2 Compatiblity","AchievementEnabler","BaseMod","Colored Map","Colored Powertips","Minty Spire (QoL Compilation)","Quick Restart","Random Character Button","Relic Filter Mod","Relic Sorter","Relic Stats","StSLib"],"gold_per_floor":[16,32,32,55,105,148,148,187,238,238,252,252,252],"floor_reached":12,"language":"ENG","playtime":246,"items_purged":[],"score":176,"play_id":"7e466df5-d4fa-4575-81d9-f38f2d30aba1","local_time":"20210220005306","is_ascension_mode":true,"campfire_choices":[{"data":"Spot Weakness","floor":7.0,"key":"SMITH"},{"floor":10.0,"key":"REST"}],"circlet_count":0,"master_deck":["AscendersBane","Strike_R","Strike_R","Strike_R","Strike_R","Strike_R","Defend_R","Defend_R","Defend_R","Defend_R","Bash","Anger","Twin Strike","Shrug It Off","Spot Weakness+1","Sword Boomerang"],"relics":["Burning Blood","StoneCalendar","Golden Idol","Frozen Egg 2","Art of War","Oddly Smooth Stone"],"acts_visited":["Exordium"],"potions_floor_usage":[12],"damage_taken":[{"damage":5.0,"enemies":"Small Slimes","floor":1.0,"turns":3.0},{"damage":1.0,"enemies":"Cultist","floor":2.0,"turns":3.0},{"damage":15.0,"enemies":"2 Louse","floor":4.0,"turns":3.0},{"damage":24.0,"enemies":"Gremlin Nob","floor":6.0,"turns":4.0},{"damage":17.0,"enemies":"Lagavulin","floor":8.0,"turns":7.0},{"damage":23,"enemies":"Gremlin Gang","floor":11,"turns":4},{"damage":32,"enemies":"Gremlin Nob","floor":12,"turns":3}],"seed_played":"-7867406822325179103","potions_obtained":[{"floor":2.0,"key":"Ancient Potion"},{"floor":8.0,"key":"ElixirPotion"},{"floor":11,"key":"AttackPotion"}],"is_trial":false,"path_per_floor":["M","M","?","M","?","E","R","E","T","R","M","E"],"character_chosen":"IRONCLAD","items_purchased":[],"campfire_rested":1,"item_purchase_floors":[],"current_hp_per_floor":[69,74,68,59,53,35,35,24,24,44,27,0,0],"gold":252,"neow_bonus":"ONE_RARE_RELIC","is_daily":false,"chose_seed":false,"campfire_upgraded":1,"win_rate":0.0,"timestamp":1613762586,"path_taken":["M","M","?","M","?","E","R","E","T","R","?","E"],"items_purchased_type":[],"build_version":"2020-12-22","purchased_purges":0,"victory":false,"max_hp_per_floor":[75,75,68,68,68,68,68,68,68,68,68,68,68],"relic_stats":{"counters":[7,27],"Golden Idol":25,"StoneCalendar":[0],"Art of War":[0],"obtain_stats":[{"Golden Idol":3,"Oddly Smooth Stone":9,"StoneCalendar":0,"Art of War":8,"Frozen Egg 2":6,"Burning Blood":0},{"Golden Idol":2,"Oddly Smooth Stone":5,"StoneCalendar":0,"Art of War":5,"Frozen Egg 2":4,"Burning Blood":0},{"Golden Idol":6,"Oddly Smooth Stone":20,"StoneCalendar":0,"Art of War":20,"Frozen Egg 2":13,"Burning Blood":0}],"Burning Blood":36},"card_choices":[{"not_picked":["Sword Boomerang","True Grit"],"picked":"Anger","floor":1.0},{"not_picked":["Wild Strike","Dark Embrace"],"picked":"Twin Strike","floor":2.0},{"not_picked":["Perfected Strike","Seeing Red"],"picked":"Shrug It Off","floor":4.0},{"not_picked":["Pommel Strike","Warcry"],"picked":"Spot Weakness","floor":6.0},{"not_picked":["Clothesline","Iron Wave"],"picked":"Sword Boomerang","floor":8.0},{"not_picked":["Entrench","Warcry","Fiend Fire"],"picked":"SKIP","floor":11}],"player_experience":403099,"relics_obtained":[{"floor":6.0,"key":"Frozen Egg 2"},{"floor":8.0,"key":"Art of War"},{"floor":9.0,"key":"Oddly Smooth Stone"}],"event_choices":[{"damage_healed":0.0,"max_hp_gain":0.0,"max_hp_loss":7.0,"gold_gain":0.0,"event_name":"Golden Idol","player_choice":"Lose Max HP","floor":3.0,"gold_loss":0.0,"damage_taken":0.0,"relics_obtained":["Golden Idol"]},{"damage_healed":0.0,"max_hp_gain":0.0,"max_hp_loss":0.0,"gold_gain":50.0,"event_name":"FaceTrader","player_choice":"Touch","floor":5.0,"gold_loss":0.0,"damage_taken":6.0}],"is_beta":false,"boss_relics":[],"items_purged_floors":[],"is_endless":false,"potions_floor_spawned":[2,8,11],"killed_by":"Gremlin Nob","ascension_level":20}}