{"host":"x5w9zppki4gdwvc7","time":1613778565,"event":{"mods":["AchievementEnabler","BaseMod","Colored Powertips","DeckTracker","Minty Spire (QoL Compilation)","SuperFastMode"],"gold_per_floor":[110,110,122,42,54,54,66,100,100,119,129,129,155,172,172,269,269,282,295,306,77,176,176,176,210,210,242,242,242,268,280,280,384,384,400,414,424,478,292,292,158,158,158,177,209,209,238,238,238,238,238,238,19,45,45],"floor_reached":56,"language":"ENG","playtime":4036,"items_purged":["Strike_G","Writhe","Decay","Strike_G"],"score":1250,"play_id":"612d8bc6-62d7-4e95-a39b-c644ccef4467","local_time":"20210220004925","is_ascension_mode":false,"campfire_choices":[{"data":"Leg Sweep","floor":6.0,"key":"SMITH"},{"data":"Accuracy","floor":12.0,"key":"SMITH"},{"data":"Footwork","floor":15.0,"key":"SMITH"},{"data":"Enlightenment","floor":23.0,"key":"SMITH"},{"data":"Footwork","floor":28.0,"key":"SMITH"},{"data":"Burst","floor":32.0,"key":"SMITH"},{"data":"After Image","floor":40.0,"key":"SMITH"},{"data":"Adrenaline","floor":42.0,"key":"SMITH"},{"floor":49.0,"key":"RECALL"},{"data":"Accuracy","floor":52.0,"key":"SMITH"}],"circlet_count":0,"master_deck":["Strike_G","Defend_G","Defend_G","Defend_G","Defend_G","Defend_G","Survivor","Neutralize","Cloak And Dagger","Blade Dance","Leg Sweep+1","Accuracy+1","Accuracy+1","Cloak And Dagger","Footwork+1","Leg Sweep","Burst+1","Dodge and Roll","Choke+1","Footwork+1","Enlightenment+1","Envenom","Cloak And Dagger","Deflect+1","Backflip+1","Blade Dance+1","Adrenaline+1","Tools of the Trade","Underhanded Strike+1","Prepared+1","Prepared+1","After Image+1","Panacea","Parasite","Prepared+1","Backflip","Dark Shackles","Expertise","Accuracy+1"],"relics":["Ring of the Snake","GremlinMask","Strawberry","Gremlin Horn","StoneCalendar","Cursed Key","White Beast Statue","Matryoshka","Question Card","Eternal Feather","Smiling Mask","HoveringKite","Pocketwatch","Bronze Scales","Akabeko","Pear","Ninja Scroll"],"acts_visited":["Exordium","TheCity","TheBeyond","TheEnding"],"potions_floor_usage":[55,55],"damage_taken":[{"damage":1.0,"enemies":"Cultist","floor":1.0,"turns":5.0},{"damage":13.0,"enemies":"Small Slimes","floor":3.0,"turns":4.0},{"damage":0.0,"enemies":"2 Louse","floor":5.0,"turns":3.0},{"damage":2.0,"enemies":"Looter","floor":7.0,"turns":4.0},{"damage":11.0,"enemies":"3 Sentries","floor":8.0,"turns":8.0},{"damage":0.0,"enemies":"Blue Slaver","floor":10.0,"turns":4.0},{"damage":5.0,"enemies":"3 Louse","floor":11.0,"turns":3.0},{"damage":22.0,"enemies":"Lagavulin","floor":13.0,"turns":7.0},{"damage":0.0,"enemies":"Looter","floor":14.0,"turns":4.0},{"damage":5.0,"enemies":"The Guardian","floor":16.0,"turns":13.0},{"damage":4.0,"enemies":"Shell Parasite","floor":18.0,"turns":6.0},{"damage":0.0,"enemies":"Chosen","floor":19.0,"turns":7.0},{"damage":3.0,"enemies":"Centurion and Healer","floor":20.0,"turns":7.0},{"damage":0.0,"enemies":"Gremlin Leader","floor":25.0,"turns":8.0},{"damage":15.0,"enemies":"Book of Stabbing","floor":27.0,"turns":5.0},{"damage":19.0,"enemies":"Slavers","floor":30.0,"turns":8.0},{"damage":0.0,"enemies":"Cultist and Chosen","floor":31.0,"turns":4.0},{"damage":18.0,"enemies":"Automaton","floor":33.0,"turns":11.0},{"damage":40.0,"enemies":"3 Darklings","floor":35.0,"turns":7.0},{"damage":1.0,"enemies":"Orb Walker","floor":36.0,"turns":4.0},{"damage":14.0,"enemies":"Jaw Worm Horde","floor":37.0,"turns":6.0},{"damage":35.0,"enemies":"2 Orb Walkers","floor":38.0,"turns":7.0},{"damage":19.0,"enemies":"Spire Growth","floor":44.0,"turns":5.0},{"damage":23.0,"enemies":"Reptomancer","floor":45.0,"turns":6.0},{"damage":10.0,"enemies":"Giant Head","floor":47.0,"turns":6.0},{"damage":25.0,"enemies":"Awakened One","floor":50.0,"turns":14.0},{"damage":37.0,"enemies":"Shield and Spear","floor":54.0,"turns":8.0},{"damage":42,"enemies":"The Heart","floor":55,"turns":9}],"seed_played":"3180737259287105380","potions_obtained":[{"floor":5.0,"key":"LiquidMemories"},{"floor":8.0,"key":"LiquidMemories"},{"floor":10.0,"key":"ColorlessPotion"},{"floor":11.0,"key":"Ancient Potion"},{"floor":18.0,"key":"Swift Potion"},{"floor":20.0,"key":"EntropicBrew"},{"floor":25.0,"key":"FearPotion"},{"floor":30.0,"key":"BlessingOfTheForge"},{"floor":37.0,"key":"Ancient Potion"},{"floor":38.0,"key":"GamblersBrew"},{"floor":45.0,"key":"Explosive Potion"},{"floor":47.0,"key":"LiquidMemories"},{"floor":54.0,"key":"Regen Potion"}],"is_trial":false,"path_per_floor":["M","?","M","$","M","R","M","E","T","M","M","R","E","M","R","B",null,"M","M","M","$","?","R","?","E","T","E","R","?","E","M","R","B",null,"M","M","M","?","$","R","$","R","T","M","E","?","E","?","R","B",null,"R","$","E","B",null],"character_chosen":"THE_SILENT","items_purchased":["Accuracy","Footwork","Enlightenment","After Image","Panacea","Weak Potion","BlessingOfTheForge","Expertise"],"campfire_rested":0,"item_purchase_floors":[4,21,21,39,41,53,53,53],"current_hp_per_floor":[69,69,56,56,56,56,54,50,50,50,45,45,23,23,23,18,77,73,73,70,70,70,70,70,70,70,55,55,55,36,36,54,36,77,37,36,22,22,22,40,40,58,58,39,16,16,16,16,37,12,83,83,83,46,19],"gold":45,"neow_bonus":"THREE_CARDS","is_daily":false,"chose_seed":false,"campfire_upgraded":9,"win_rate":0.0,"timestamp":1613778565,"path_taken":["M","?","M","?","M","R","?","E","T","M","M","R","E","M","R","BOSS","M","M","M","$","?","R","?","E","T","E","R","?","E","M","R","BOSS","M","M","M","?","$","R","$","R","T","M","E","?","E","?","R","BOSS","R","$","E","BOSS"],"items_purchased_type":["Card","Card","Card","Card","Card","Potion","Potion","Card"],"build_version":"2020-12-22","purchased_purges":4,"victory":true,"max_hp_per_floor":[70,70,70,70,70,70,70,77,77,77,77,77,77,77,77,77,77,77,77,77,77,77,77,77,77,77,77,77,77,77,77,77,77,77,77,77,77,77,77,77,77,77,77,77,77,73,83,83,83,83,83,83,83,83,83],"card_choices":[{"not_picked":["Bane","Prepared"],"picked":"Cloak And Dagger","floor":0.0},{"not_picked":["Prepared","Flechettes"],"picked":"Blade Dance","floor":1.0},{"not_picked":["Acrobatics","Quick Slash"],"picked":"Leg Sweep","floor":3.0},{"not_picked":["Deflect","Prepared"],"picked":"Accuracy","floor":5.0},{"not_picked":["Catalyst","Underhanded Strike","Sucker Punch"],"picked":"SKIP","floor":7.0},{"not_picked":["Predator","Riddle With Holes","All Out Attack"],"picked":"SKIP","floor":8.0},{"not_picked":["Bane","PiercingWail"],"picked":"Cloak And Dagger","floor":10.0},{"not_picked":["Prepared","Quick Slash","Dash"],"picked":"SKIP","floor":11.0},{"not_picked":["Concentrate","Dodge and Roll"],"picked":"Footwork","floor":13.0},{"not_picked":["Wraith Form v2","Prepared"],"picked":"Leg Sweep","floor":14.0},{"not_picked":["Glass Knife","Bullet Time"],"picked":"Burst","floor":16.0},{"not_picked":["Setup","Flying Knee"],"picked":"Dodge and Roll","floor":18.0},{"not_picked":["Deadly Poison","Flying Knee+1"],"picked":"Choke+1","floor":19.0},{"not_picked":["Reflex","Infinite Blades","Outmaneuver"],"picked":"SKIP","floor":20.0},{"not_picked":["Riddle With Holes","Deadly Poison"],"picked":"Deflect+1","floor":25.0},{"not_picked":["Flechettes","Poisoned Stab+1"],"picked":"Backflip+1","floor":27.0},{"not_picked":["Deflect","Caltrops","Setup"],"picked":"Blade Dance+1","floor":30.0},{"not_picked":["Blade Dance","Deadly Poison","All Out Attack"],"picked":"Adrenaline","floor":31.0},{"not_picked":["Malaise","A Thousand Cuts","Burst"],"picked":"Tools of the Trade","floor":33.0},{"not_picked":["Dagger Spray+1","Distraction","Outmaneuver+1"],"picked":"Underhanded Strike+1","floor":35.0},{"not_picked":["Flying Knee","Caltrops","Quick Slash","Outmaneuver"],"picked":"SKIP","floor":36.0},{"not_picked":["Sucker Punch+1","Masterful Stab","Poisoned Stab"],"picked":"Prepared+1","floor":37.0},{"not_picked":["Quick Slash","Blade Dance+1","Catalyst+1"],"picked":"Prepared+1","floor":38.0},{"not_picked":["Prepared","Masterful Stab","Backstab+1","Bouncing Flask"],"picked":"SKIP","floor":44.0},{"not_picked":["Flying Knee","Finisher","Endless Agony+1"],"picked":"Prepared+1","floor":45.0},{"not_picked":["Backstab+1","Poisoned Stab","Expertise+1"],"picked":"Backflip","floor":47.0},{"not_picked":["Blind","Good Instincts","Flash of Steel"],"picked":"Dark Shackles","floor":48.0},{"not_picked":["Die Die Die","Acrobatics","Backflip"],"picked":"Accuracy+1","floor":54.0}],"player_experience":681225,"relics_obtained":[{"floor":8.0,"key":"Strawberry"},{"floor":9.0,"key":"Gremlin Horn"},{"floor":13.0,"key":"StoneCalendar"},{"floor":25.0,"key":"White Beast Statue"},{"floor":26.0,"key":"Matryoshka"},{"floor":27.0,"key":"Question Card"},{"floor":30.0,"key":"Smiling Mask"},{"floor":38.0,"key":"Pocketwatch"},{"floor":43.0,"key":"Bronze Scales"},{"floor":45.0,"key":"Akabeko"},{"floor":47.0,"key":"Pear"},{"floor":54.0,"key":"Ninja Scroll"}],"event_choices":[{"damage_healed":0.0,"max_hp_gain":0.0,"max_hp_loss":0.0,"gold_gain":0.0,"event_name":"FaceTrader","player_choice":"Trade","floor":2.0,"gold_loss":0.0,"damage_taken":0.0,"relics_obtained":["GremlinMask"]},{"damage_healed":0.0,"max_hp_gain":0.0,"max_hp_loss":0.0,"gold_gain":99.0,"event_name":"Nest","player_choice":"Stole From Cult","floor":22.0,"gold_loss":0.0,"damage_taken":0.0},{"damage_healed":0.0,"max_hp_gain":0.0,"max_hp_loss":0.0,"gold_gain":0.0,"cards_transformed":["Strike_G","Strike_G"],"event_name":"Drug Dealer","player_choice":"Became Test Subject","floor":24.0,"gold_loss":0.0,"damage_taken":0.0,"cards_obtained":["Envenom","Cloak And Dagger"]},{"damage_healed":0.0,"max_hp_gain":0.0,"max_hp_loss":0.0,"gold_gain":0.0,"event_name":"The Mausoleum","player_choice":"Opened","floor":29.0,"gold_loss":0.0,"damage_taken":0.0,"relics_obtained":["Eternal Feather"],"cards_obtained":["Writhe"]},{"damage_healed":0.0,"max_hp_gain":0.0,"max_hp_loss":0.0,"gold_gain":0.0,"event_name":"Mysterious Sphere","player_choice":"Fight","floor":38.0,"gold_loss":0.0,"damage_taken":0.0},{"damage_healed":0.0,"max_hp_gain":0.0,"max_hp_loss":4.0,"gold_gain":0.0,"event_name":"Winding Halls","player_choice":"Max HP","floor":46.0,"gold_loss":0.0,"damage_taken":0.0},{"damage_healed":0.0,"max_hp_gain":0.0,"max_hp_loss":0.0,"gold_gain":0.0,"event_name":"SensoryStone","player_choice":"Memory 1","floor":48.0,"gold_loss":0.0,"damage_taken":0.0}],"is_beta":false,"boss_relics":[{"not_picked":["Empty Cage","Calling Bell"],"picked":"Cursed Key"},{"not_picked":["Snecko Eye","SacredBark"],"picked":"HoveringKite"}],"items_purged_floors":[21,39,41,53],"is_endless":false,"potions_floor_spawned":[5,8,10,11,14,18,20,25,27,30,31,33,35,36,37,38,44,45,47,54],"ascension_level":0}}