{"host":"qy6st0zp32tctd9l","time":1613747673,"event":{"mods":["BaseMod","Colored Map","Downfall","GifTheSpireLib","Hermit","Marisa£®ÏF”Í°°ƒß¿Ì…≥£©","Minty Spire (QoL Compilation)","Remilia£®¿Ÿ√◊¿Ú—«£©","StSLib","The Cursed","The Servant 0.9.4","UnlockEverythingMod"],"gold_per_floor":[117,130,149,74,92,108,108,156,156,190,205,215,245,256,256,335,335,346,346,346,346,357,357,367,367,367,367,367],"floor_reached":27,"language":"ZHS","playtime":1109,"items_purged":["Strike_S"],"score":431,"play_id":"7a51419b-04ee-4c84-bfb8-f56da8786e5d","local_time":"20210219231433","is_ascension_mode":true,"campfire_choices":[{"data":"Luminosity","floor":7.0,"key":"SMITH"},{"data":"LightFlow","floor":15.0,"key":"SMITH"},{"data":"MurderousAura","floor":23,"key":"SMITH"}],"circlet_count":0,"master_deck":["AscendersBane","KidneyShot","Exchange","GearUp","Ricochet","FastForward","Luminosity+1","Starlight","Alleviate","TimeWarp","LightFlow+1","Solidify+1","SilverBlades","Duplication","GearUp","Misdirection","MurderousAura+1","Initiator","DancingSilver"],"relics":["Uniform","NeowsBlessing","Bottled Tornado","Pantograph","Pandora\u0027s Box","Nloth\u0027s Gift","Peace Pipe"],"acts_visited":["Exordium","TheCity"],"potions_floor_usage":[],"damage_taken":[{"damage":0.0,"enemies":"Cultist","floor":1.0,"turns":1.0},{"damage":0.0,"enemies":"Jaw Worm","floor":2.0,"turns":1.0},{"damage":0.0,"enemies":"Small Slimes","floor":3.0,"turns":1.0},{"damage":3.0,"enemies":"Gremlin Gang","floor":5.0,"turns":5.0},{"damage":0.0,"enemies":"Exordium Wildlife","floor":6.0,"turns":4.0},{"damage":28.0,"enemies":"3 Sentries","floor":10.0,"turns":9.0},{"damage":0.0,"enemies":"Red Slaver","floor":11.0,"turns":5.0},{"damage":0.0,"enemies":"Large Slime","floor":12.0,"turns":6.0},{"damage":9.0,"enemies":"Lagavulin","floor":13.0,"turns":9.0},{"damage":0.0,"enemies":"2 Fungi Beasts","floor":14.0,"turns":3.0},{"damage":35.0,"enemies":"Hexaghost","floor":16.0,"turns":13.0},{"damage":2.0,"enemies":"Chosen","floor":18.0,"turns":5.0},{"damage":17,"enemies":"Shell Parasite","floor":22,"turns":5},{"damage":21,"enemies":"3 Cultists","floor":24,"turns":5},{"damage":6,"enemies":"Centurion and Healer","floor":27,"turns":2}],"seed_played":"3041104371965424553","potions_obtained":[{"floor":1.0,"key":"DistilledChaos"},{"floor":10.0,"key":"SteroidPotion"},{"floor":11.0,"key":"champ:CounterPotion"},{"floor":16.0,"key":"Slimebound:ThreeZeroPotion"},{"floor":18.0,"key":"SpeedPotion"}],"is_trial":false,"path_per_floor":["M","M","M","$","M","M","R","T","T","E","M","M","E","M","R","B",null,"M","$","?","?","M","R","M","?","T","M"],"character_chosen":"THE_SERVANT","items_purchased":[],"campfire_rested":0,"item_purchase_floors":[],"current_hp_per_floor":[54,54,54,54,51,51,51,51,51,23,23,23,14,14,14,4,46,44,44,44,44,27,27,6,6,6,0,0],"gold":367,"neow_bonus":"THREE_ENEMY_KILL","is_daily":false,"chose_seed":false,"campfire_upgraded":3,"win_rate":0.0,"timestamp":1613747673,"path_taken":["M","M","M","$","?","M","R","?","T","E","M","M","E","M","R","BOSS","M","$","?","?","M","R","?","?","T","?"],"items_purchased_type":[],"build_version":"2020-12-22","purchased_purges":1,"victory":false,"max_hp_per_floor":[60,60,60,60,60,60,60,60,60,60,60,60,60,60,60,60,60,60,60,60,60,60,60,60,60,60,60,60],"card_choices":[{"not_picked":["DualDimension","Starlight"],"picked":"GearUp","floor":1.0},{"not_picked":["Spin","ShatteredReality"],"picked":"Ricochet","floor":2.0},{"not_picked":["Shuttle","SpecialFormula"],"picked":"FastForward","floor":3.0},{"not_picked":["Rewind","Revamp","DoubleEdge"],"picked":"SKIP","floor":5.0},{"not_picked":["FastForward","DoubleEdge"],"picked":"Luminosity","floor":6.0},{"not_picked":["Potential","TrueSight"],"picked":"Starlight","floor":10.0},{"not_picked":["Replace","Potential"],"picked":"Alleviate","floor":11.0},{"not_picked":["Snipe","Rewind"],"picked":"TimeWarp","floor":12.0},{"not_picked":["Gouge","Spin"],"picked":"LightFlow","floor":13.0},{"not_picked":["Replace","Revamp","Starlight"],"picked":"SKIP","floor":14.0},{"not_picked":["Deny","KillingDoll"],"picked":"Solidify","floor":16.0},{"not_picked":["Unruled","Ricochet","Starlight"],"picked":"SKIP","floor":18.0},{"not_picked":["Potential","Snipe","DoubleEdge"],"picked":"SKIP","floor":22},{"not_picked":["Starlight","TimeWarp","TrueSight"],"picked":"SKIP","floor":24}],"player_experience":229918,"relics_obtained":[{"floor":9.0,"key":"Bottled Tornado"},{"floor":10.0,"key":"Pantograph"},{"floor":13.0,"key":"Smiling Mask"},{"floor":26,"key":"Peace Pipe"}],"event_choices":[{"damage_healed":0.0,"max_hp_gain":0.0,"max_hp_loss":0.0,"gold_gain":0.0,"event_name":"Vampires","player_choice":"Ignored","floor":20.0,"gold_loss":0.0,"damage_taken":0.0},{"damage_healed":0.0,"max_hp_gain":0.0,"max_hp_loss":0.0,"gold_gain":0.0,"event_name":"N\u0027loth","player_choice":"Traded Relic","floor":21.0,"relics_lost":["Smiling Mask"],"gold_loss":0.0,"damage_taken":0.0,"relics_obtained":["Nloth\u0027s Gift"]},{"damage_healed":0,"gold_gain":0,"player_choice":"Upgraded","damage_taken":0,"max_hp_gain":0,"max_hp_loss":0,"event_name":"Upgrade Shrine","floor":25,"gold_loss":0,"cards_upgraded":["Solidify"]}],"is_beta":false,"boss_relics":[{"not_picked":["Velvet Choker","StoneMask"],"picked":"Pandora\u0027s Box"}],"items_purged_floors":[4],"is_endless":false,"potions_floor_spawned":[1,10,11,12,16,18],"killed_by":"Centurion and Healer","ascension_level":18}}