{"host":"w5thk1acqacem6ba","time":1613714470,"event":{"mods":["AchievementEnabler","BaseMod","Colored Map","KOR Keyword Fix","Minty Spire (QoL Compilation)","SuperFastMode"],"gold_per_floor":[111,111,123,26,41,41,67,67,67,86,86,99,119,134,134,237,237,252,177,177,177,128,139,158,169,169,22,33,33,46,60,60,162,162,175,175,30,30,0,0,54,67,67,117,136,136,149,163,163,163,163],"floor_reached":50,"language":"KOR","playtime":1613,"items_purged":["Brutality","Writhe"],"score":607,"play_id":"bf4aae83-9500-4e89-88f4-95369b95bb56","local_time":"20210219150110","is_ascension_mode":true,"campfire_choices":[{"data":"Perfected Strike","floor":6.0,"key":"SMITH"},{"data":"Perfected Strike","floor":8.0,"key":"SMITH"},{"data":"Bash","floor":15.0,"key":"SMITH"},{"floor":29.0,"key":"REST"},{"floor":32.0,"key":"REST"},{"floor":40.0,"key":"REST"},{"floor":46.0,"key":"REST"},{"floor":49.0,"key":"REST"}],"circlet_count":0,"master_deck":["Strike_R","Strike_R","Strike_R","Strike_R","Strike_R","Defend_R","Bash+1","Discovery+1","Perfected Strike+1","Perfected Strike+1","Pommel Strike","Seeing Red","Pommel Strike","Impervious","Pommel Strike","Seeing Red","Twin Strike","Shrug It Off","Wild Strike","Havoc+1","Flame Barrier","Perfected Strike","Shrug It Off","Double Tap","Fiend Fire","Wild Strike","Twin Strike+1"],"relics":["Burning Blood","Letter Opener","Dream Catcher","Fusion Hammer","Juzu Bracelet","Busted Crown","Red Mask","Mango","TungstenRod","Lizard Tail"],"acts_visited":["Exordium","TheCity","TheBeyond"],"potions_floor_usage":[50,50],"damage_taken":[{"damage":0.0,"enemies":"Cultist","floor":1.0,"turns":3.0},{"damage":0.0,"enemies":"2 Louse","floor":3.0,"turns":1.0},{"damage":0.0,"enemies":"Small Slimes","floor":5.0,"turns":2.0},{"damage":40.0,"enemies":"Lagavulin","floor":7.0,"turns":4.0},{"damage":9.0,"enemies":"Exordium Thugs","floor":10.0,"turns":3.0},{"damage":9.0,"enemies":"Red Slaver","floor":12.0,"turns":2.0},{"damage":5.0,"enemies":"Exordium Wildlife","floor":13.0,"turns":3.0},{"damage":1.0,"enemies":"Looter","floor":14.0,"turns":2.0},{"damage":13.0,"enemies":"Slime Boss","floor":16.0,"turns":6.0},{"damage":11.0,"enemies":"Spheric Guardian","floor":18.0,"turns":3.0},{"damage":12.0,"enemies":"Chosen","floor":23.0,"turns":2.0},{"damage":13.0,"enemies":"Snake Plant","floor":24.0,"turns":2.0},{"damage":21.0,"enemies":"Centurion and Healer","floor":25.0,"turns":4.0},{"damage":10.0,"enemies":"Cultist and Chosen","floor":28.0,"turns":4.0},{"damage":29.0,"enemies":"3 Cultists","floor":30.0,"turns":5.0},{"damage":0.0,"enemies":"Snake Plant","floor":31.0,"turns":3.0},{"damage":65.0,"enemies":"Champ","floor":33.0,"turns":8.0},{"damage":18.0,"enemies":"3 Shapes","floor":35.0,"turns":4.0},{"damage":14.0,"enemies":"2 Orb Walkers","floor":41.0,"turns":3.0},{"damage":8.0,"enemies":"Orb Walker","floor":42.0,"turns":2.0},{"damage":9.0,"enemies":"Mind Bloom Boss Battle","floor":44.0,"turns":5.0},{"damage":30.0,"enemies":"3 Darklings","floor":45.0,"turns":3.0},{"damage":0.0,"enemies":"Transient","floor":47.0,"turns":5.0},{"damage":21.0,"enemies":"4 Shapes","floor":48.0,"turns":3.0},{"damage":105,"enemies":"Awakened One","floor":50,"turns":8}],"seed_played":"-1001485316934453136","potions_obtained":[{"floor":7.0,"key":"EssenceOfSteel"},{"floor":10.0,"key":"Block Potion"},{"floor":33.0,"key":"DuplicationPotion"},{"floor":41.0,"key":"AttackPotion"},{"floor":42.0,"key":"Fruit Juice"},{"floor":44.0,"key":"Swift Potion"}],"is_trial":false,"path_per_floor":["M","?","M","$","M","R","E","R","T","M","?","M","M","M","R","B",null,"M","?","?","?","$","M","M","M","T","$","M","R","M","M","R","B",null,"M","?","$","?","?","R","?","M","T","?","M","R","M","M","R","B"],"character_chosen":"IRONCLAD","items_purchased":["Perfected Strike","Explosive Potion","Shrug It Off","Flame Barrier","Wild Strike"],"campfire_rested":5,"item_purchase_floors":[4,4,22,27,37],"current_hp_per_floor":[78,78,80,80,80,80,46,46,46,43,90,87,88,90,90,83,88,83,83,83,83,83,77,70,55,55,55,51,78,55,61,88,29,75,63,86,86,86,86,90,96,99,99,96,72,104,109,94,109,4,4],"gold":163,"neow_bonus":"RANDOM_COLORLESS","is_daily":false,"chose_seed":false,"campfire_upgraded":3,"win_rate":0.0,"timestamp":1613714470,"path_taken":["M","?","M","$","?","R","E","R","T","M","?","?","M","M","R","BOSS","M","?","?","?","$","M","?","M","T","?","M","R","M","M","R","BOSS","M","?","$","?","?","R","?","M","T","?","M","R","M","M","R","BOSS"],"items_purchased_type":["Card","Potion","Card","Card","Card"],"build_version":"2020-12-22","purchased_purges":2,"victory":false,"max_hp_per_floor":[80,80,80,80,80,80,80,80,80,80,90,90,90,90,90,90,90,90,90,90,90,90,90,90,90,90,90,90,90,90,90,90,90,90,90,90,90,90,90,90,104,109,109,109,109,109,109,109,109,109,109],"card_choices":[{"not_picked":["Blind","Purity"],"picked":"Discovery","floor":0.0},{"not_picked":["Twin Strike","Shrug It Off"],"picked":"Perfected Strike","floor":1.0},{"not_picked":["Sword Boomerang","Second Wind","Spot Weakness"],"picked":"SKIP","floor":3.0},{"not_picked":["Warcry","Flex"],"picked":"Pommel Strike","floor":5.0},{"not_picked":["Sentinel","Sword Boomerang"],"picked":"Exhume","floor":7.0},{"not_picked":["Rage","Sentinel"],"picked":"Seeing Red","floor":10.0},{"not_picked":["Bloodletting","Sentinel","Burning Pact"],"picked":"SKIP","floor":12.0},{"not_picked":["Clash","Sword Boomerang","Fire Breathing"],"picked":"SKIP","floor":13.0},{"not_picked":["Iron Wave","Flex"],"picked":"Pommel Strike","floor":14.0},{"not_picked":["Bludgeon","Berserk"],"picked":"Impervious","floor":16.0},{"not_picked":["Heavy Blade+1","Fire Breathing"],"picked":"Pommel Strike","floor":18.0},{"not_picked":["Cleave","Iron Wave","Bloodletting"],"picked":"SKIP","floor":23.0},{"not_picked":["Warcry+1","Headbutt+1"],"picked":"Wild Strike","floor":24.0},{"not_picked":["Disarm","Rampage"],"picked":"Havoc+1","floor":25.0},{"not_picked":["Hemokinesis+1","Flex","Rupture"],"picked":"SKIP","floor":28.0},{"not_picked":["Blood for Blood","Battle Trance"],"picked":"Perfected Strike","floor":29.0},{"not_picked":["Warcry","Second Wind"],"picked":"Shrug It Off","floor":30.0},{"not_picked":["Cleave+1","Thunderclap","Headbutt"],"picked":"SKIP","floor":31.0},{"not_picked":["Entrench","Clothesline"],"picked":"Double Tap","floor":32.0},{"not_picked":["Corruption","Exhume"],"picked":"Fiend Fire","floor":33.0},{"not_picked":["Sentinel"],"picked":"SKIP","floor":35.0},{"not_picked":[],"picked":"Twin Strike+1","floor":40.0},{"not_picked":["Anger"],"picked":"SKIP","floor":42.0},{"not_picked":["Spot Weakness+1"],"picked":"SKIP","floor":45.0},{"not_picked":["Battle Trance"],"picked":"SKIP","floor":47.0},{"not_picked":["Blood for Blood+1"],"picked":"SKIP","floor":48.0}],"player_experience":419747,"relics_obtained":[{"floor":7.0,"key":"Letter Opener"},{"floor":9.0,"key":"Dream Catcher"},{"floor":26.0,"key":"Juzu Bracelet"},{"floor":41.0,"key":"Mango"},{"floor":43.0,"key":"TungstenRod"},{"floor":44.0,"key":"Lizard Tail"}],"event_choices":[{"damage_healed":0.0,"max_hp_gain":0.0,"max_hp_loss":0.0,"gold_gain":0.0,"event_name":"Upgrade Shrine","player_choice":"Upgraded","floor":2.0,"gold_loss":0.0,"damage_taken":0.0,"cards_upgraded":["Discovery"]},{"cards_removed":["Exhume"],"damage_healed":37.0,"max_hp_gain":10.0,"max_hp_loss":0.0,"gold_gain":0.0,"event_name":"Bonfire Elementals","player_choice":"Offered Rare","floor":11.0,"gold_loss":0.0,"damage_taken":0.0},{"cards_removed":["Defend_R"],"damage_healed":0.0,"max_hp_gain":0.0,"max_hp_loss":0.0,"gold_gain":0.0,"event_name":"Beggar","player_choice":"Gave Gold","floor":19.0,"gold_loss":75.0,"damage_taken":0.0},{"damage_healed":0.0,"max_hp_gain":0.0,"max_hp_loss":0.0,"gold_gain":0.0,"cards_transformed":["Defend_R","Defend_R"],"event_name":"Drug Dealer","player_choice":"Became Test Subject","floor":20.0,"gold_loss":0.0,"damage_taken":0.0,"cards_obtained":["Seeing Red","Brutality"]},{"damage_healed":0.0,"max_hp_gain":0.0,"max_hp_loss":0.0,"gold_gain":0.0,"event_name":"The Library","player_choice":"Read","floor":21.0,"gold_loss":0.0,"damage_taken":0.0,"cards_obtained":["Twin Strike"]},{"damage_healed":23.0,"max_hp_gain":0.0,"max_hp_loss":0.0,"gold_gain":0.0,"event_name":"Winding Halls","player_choice":"Writhe","floor":36.0,"gold_loss":0.0,"damage_taken":0.0,"cards_obtained":["Writhe"]},{"damage_healed":0.0,"max_hp_gain":0.0,"max_hp_loss":0.0,"gold_gain":0.0,"event_name":"SensoryStone","player_choice":"Memory 1","floor":38.0,"gold_loss":0.0,"damage_taken":0.0},{"damage_healed":0.0,"max_hp_gain":0.0,"max_hp_loss":0.0,"gold_gain":0.0,"event_name":"Tomb of Lord Red Mask","player_choice":"Paid","floor":39.0,"gold_loss":30.0,"damage_taken":0.0,"relics_obtained":["Red Mask"]},{"damage_healed":0.0,"max_hp_gain":0.0,"max_hp_loss":0.0,"gold_gain":0.0,"event_name":"Mysterious Sphere","player_choice":"Fight","floor":41.0,"gold_loss":0.0,"damage_taken":0.0},{"damage_healed":0.0,"max_hp_gain":0.0,"max_hp_loss":0.0,"gold_gain":0.0,"event_name":"MindBloom","player_choice":"Fight","floor":44.0,"gold_loss":0.0,"damage_taken":0.0}],"is_beta":false,"boss_relics":[{"not_picked":["Runic Cube","Runic Dome"],"picked":"Fusion Hammer"},{"not_picked":["Philosopher\u0027s Stone","Runic Pyramid"],"picked":"Busted Crown"}],"items_purged_floors":[27,37],"is_endless":false,"potions_floor_spawned":[7,10,12,16,18,28,30,31,33,41,42,44],"killed_by":"Awakened One","ascension_level":6}}