{"host":"lwys0gbp6t40j7jh","time":1613730897,"event":{"mods":["Act Like it!","Arknights","BaseMod","CapriCore","Downfall","Friendly Minions","GifTheSpireLib","Luminous","Minty Spire (QoL Compilation)","StSLib","SuperFastMode","The Marked"],"gold_per_floor":[117,0,12,29,45,45,45,45,120,153,153,186,201,218,218,316,316,327,327,145,157,157,157,173,199,199,199,280,280,308,324,324,426,426,445,241,341,354,367,367,385,385,431,447,496,508,408,426,426,426],"floor_reached":51,"language":"ENG","playtime":1481,"items_purged":["ats:Strike V","ats:Strike C","ats:Strike G"],"score":699,"play_id":"baff5083-e2a1-4513-9a2e-a3225790056a","local_time":"20210219113457","is_ascension_mode":false,"campfire_choices":[{"data":"ats:Sashimi Platter","floor":6,"key":"SMITH"},{"data":"ats:Consecutive Shot Auto","floor":8,"key":"SMITH"},{"data":"ats:Blood Oath","floor":11,"key":"SMITH"},{"data":"ats:Overload","floor":15,"key":"SMITH"},{"data":"ats:Calcification","floor":23,"key":"SMITH"},{"data":"ats:Blood Oath","floor":27,"key":"SMITH"},{"data":"ats:Hammer On","floor":29,"key":"SMITH"},{"floor":32,"key":"REST"},{"data":"ats:Blood Oath","floor":40,"key":"SMITH"},{"floor":42,"key":"REST"},{"data":"ats:Composite Medical Shells","floor":49,"key":"SMITH"}],"circlet_count":0,"master_deck":["ats:Strike S","ats:Armor Crushing Shot","ats:Defend","ats:Defend","ats:Defend","ats:Defend","ats:Emotion Absorption","ats:Blood Oath+1","ats:Sashimi Platter+1","ats:Apocalypse","ats:Consecutive Shot Auto+1","ats:Shell Defense","ats:Blood Oath+1","ats:Blood Oath+1","ats:Explosion Area Strengthen","ats:Leaping Hammer","ats:Overload+1","ats:Calcification+1","ats:Hammer On+1","ats:Closed Bolt Burst Fire+1","ats:Guard Mode","ats:Revitalization","ats:Shell Defense+1","ats:Flexible Camouflage+1","ats:Composite Medical Shells+1","Parasite","ats:Shell Defense"],"relics":["ats:Sanity","Bronze Scales","The Courier","ats:Originium","Ornamental Fan","ats:Industrial Water Cannon","SlaversCollar","Guardian:PocketSentry","Mercury Hourglass","Molten Egg 2","Matryoshka","Dream Catcher","Busted Crown","ats:Spiritual Recovery","Toy Ornithopter","Pen Nib","Incense Burner"],"acts_visited":["Exordium","TheCity","TheBeyond"],"potions_floor_usage":[12,16,16,16,39,39,50],"damage_taken":[{"damage":0,"enemies":"Cultist","floor":1,"turns":4},{"damage":3,"enemies":"Small Slimes","floor":3,"turns":6},{"damage":6,"enemies":"2 Louse","floor":4,"turns":3},{"damage":15,"enemies":"Exordium Wildlife","floor":5,"turns":7},{"damage":34,"enemies":"3 Sentries","floor":10,"turns":10},{"damage":10,"enemies":"Gremlin Nob","floor":12,"turns":3},{"damage":7,"enemies":"Exordium Thugs","floor":13,"turns":4},{"damage":0,"enemies":"Looter","floor":14,"turns":3},{"damage":38,"enemies":"The Guardian","floor":16,"turns":9},{"damage":59,"enemies":"Shell Parasite","floor":18,"turns":9},{"damage":16,"enemies":"Spheric Guardian","floor":21,"turns":4},{"damage":22,"enemies":"Snake Plant","floor":24,"turns":4},{"damage":38,"enemies":"Gremlin Leader","floor":25,"turns":9},{"damage":31,"enemies":"Slavers","floor":30,"turns":4},{"damage":30,"enemies":"Centurion and Healer","floor":31,"turns":4},{"damage":135,"enemies":"Champ","floor":33,"turns":16},{"damage":1,"enemies":"Orb Walker","floor":35,"turns":4},{"damage":14,"enemies":"3 Shapes","floor":38,"turns":4},{"damage":22,"enemies":"Transient","floor":39,"turns":5},{"damage":33,"enemies":"4 Shapes","floor":41,"turns":6},{"damage":8,"enemies":"Sphere and 2 Shapes","floor":44,"turns":5},{"damage":44,"enemies":"2 Orb Walkers","floor":45,"turns":6},{"damage":16,"enemies":"Jaw Worm Horde","floor":46,"turns":4},{"damage":8,"enemies":"Writhing Mass","floor":48,"turns":7},{"damage":72,"enemies":"Awakened One","floor":50,"turns":12}],"seed_played":"-9213696918429915030","potions_obtained":[{"floor":1,"key":"ats:Top Emergency Sanity Potion"},{"floor":3,"key":"SkillPotion"},{"floor":4,"key":"Fire Potion"},{"floor":10,"key":"hexamod:SoulburnPotion"},{"floor":13,"key":"Strength Potion"},{"floor":33,"key":"Energy Potion"},{"floor":38,"key":"FearPotion"},{"floor":39,"key":"ats:Flame Arts Potion"},{"floor":46,"key":"CultistPotion"}],"is_trial":false,"path_per_floor":["M","$","M","M","M","R","?","R","T","E","R","E","M","M","R","B",null,"M","?","$","M","$","R","M","E","T","R","T","R","E","M","R","B",null,"M","$","?","M","M","R","M","R","T","M","?","M","$","M","R","B",null],"character_chosen":"DOCTOR_CLASS","items_purchased":["ats:Sashimi Platter","ats:Apocalypse","Guardian:PocketSentry","ats:Spiritual Recovery"],"campfire_rested":2,"item_purchase_floors":[2,2,20,36],"current_hp_per_floor":[79,79,79,78,75,75,75,75,75,75,75,76,79,79,79,60,79,67,67,67,63,63,63,58,73,73,73,73,73,58,54,77,28,79,79,79,79,68,77,77,46,69,69,76,67,79,79,79,79,79],"gold":426,"neow_bonus":"TEN_PERCENT_HP_BONUS","is_daily":false,"chose_seed":false,"campfire_upgraded":9,"win_rate":0.0,"timestamp":1613730897,"path_taken":["M","$","M","?","M","R","?","R","T","E","R","E","?","M","R","BOSS","M","?","$","M","$","R","M","E","T","R","?","R","E","?","R","BOSS","M","$","?","M","M","R","M","R","T","?","?","M","$","M","R","BOSS"],"items_purchased_type":["Card","Card","Relic","Relic"],"build_version":"2020-12-22","purchased_purges":3,"victory":true,"max_hp_per_floor":[79,79,79,79,79,79,79,79,79,79,79,79,79,79,79,79,79,79,79,79,79,79,79,79,79,79,79,79,79,79,79,79,79,79,79,79,79,79,79,79,79,79,79,79,79,79,79,79,79,79],"card_choices":[{"not_picked":["ats:Literary Storm","ats:Poison Spread"],"picked":"ats:Blood Oath","floor":1},{"not_picked":["ats:LN2 Cannon","ats:Healing Strengthening"],"picked":"ats:Consecutive Shot Auto","floor":3},{"not_picked":["ats:Assault Order","ats:Durian"],"picked":"ats:Shell Defense","floor":4},{"not_picked":["ats:Demon Strength","ats:Shadow Raid"],"picked":"ats:Blood Oath","floor":5},{"not_picked":["ats:Apocalypse","ats:Very Hot Blade"],"picked":"ats:Blood Oath","floor":10},{"not_picked":["ats:Blood Oath","ats:Guardian Obelisk"],"picked":"ats:Explosion Area Strengthen","floor":12},{"not_picked":["ats:Neurotoxin","ats:Beaten Up"],"picked":"ats:Leaping Hammer","floor":13},{"not_picked":["ats:Hammer On","ats:Assault Order"],"picked":"ats:Overload","floor":14},{"not_picked":["ats:Soul Rend","ats:Volcano"],"picked":"ats:Calcification","floor":16},{"not_picked":["ats:Steam Pump+1","ats:Support Order"],"picked":"ats:Hammer On","floor":18},{"not_picked":["ats:Defend Order","ats:Demon Strength","ats:Powerful Strike"],"picked":"SKIP","floor":21},{"not_picked":["ats:Neurotoxin","ats:Part Time Job"],"picked":"ats:Closed Bolt Burst Fire+1","floor":24},{"not_picked":["ats:Revitalization","ats:Volcano"],"picked":"ats:Guard Mode","floor":25},{"not_picked":["ats:Blood Oath+1","ats:LN2 Cannon+1"],"picked":"ats:Revitalization","floor":30},{"not_picked":["ats:Hammer On+1","ats:LN2 Cannon+1","ats:Absolute Focus"],"picked":"SKIP","floor":31},{"not_picked":["ats:Leaping Hammer+1","ats:Very Hot Blade+1"],"picked":"ats:Shell Defense+1","floor":32},{"not_picked":["ats:Explosion Area Strengthen+1"],"picked":"SKIP","floor":35},{"not_picked":["ats:Poison Spread+1"],"picked":"SKIP","floor":38},{"not_picked":[],"picked":"ats:Flexible Camouflage+1","floor":39},{"not_picked":["ats:Flexible Camouflage+1"],"picked":"SKIP","floor":41},{"not_picked":["ats:Flame Of Heaven+1"],"picked":"SKIP","floor":44},{"not_picked":[],"picked":"ats:Composite Medical Shells","floor":45},{"not_picked":["ats:Assault Order+1"],"picked":"SKIP","floor":46},{"not_picked":[],"picked":"ats:Shell Defense","floor":48}],"player_experience":1252351,"relics_obtained":[{"floor":9,"key":"The Courier"},{"floor":10,"key":"ats:Originium"},{"floor":10,"key":"Ornamental Fan"},{"floor":12,"key":"ats:Originium"},{"floor":12,"key":"ats:Industrial Water Cannon"},{"floor":25,"key":"ats:Originium"},{"floor":25,"key":"Mercury Hourglass"},{"floor":26,"key":"Molten Egg 2"},{"floor":28,"key":"Matryoshka"},{"floor":30,"key":"ats:Originium"},{"floor":30,"key":"Dream Catcher"},{"floor":43,"key":"Toy Ornithopter"},{"floor":43,"key":"Pen Nib"},{"floor":45,"key":"Incense Burner"}],"event_choices":[{"damage_healed":0,"gold_gain":0,"player_choice":"Gave Potion","damage_taken":0,"relics_obtained":["Bronze Scales"],"max_hp_gain":0,"max_hp_loss":0,"event_name":"WeMeetAgain","floor":7,"gold_loss":0},{"damage_healed":0,"gold_gain":100,"player_choice":"Pray","damage_taken":0,"max_hp_gain":0,"max_hp_loss":0,"event_name":"Golden Shrine","floor":37,"gold_loss":0},{"damage_healed":0,"gold_gain":0,"player_choice":"Fight","damage_taken":0,"max_hp_gain":0,"max_hp_loss":0,"event_name":"Mysterious Sphere","floor":45,"gold_loss":0}],"is_beta":false,"boss_relics":[{"not_picked":["Fusion Hammer","ats:Sanity Plus"],"picked":"SlaversCollar"},{"not_picked":["Calling Bell","Cursed Key"],"picked":"Busted Crown"}],"items_purged_floors":[20,36,47],"is_endless":false,"potions_floor_spawned":[1,3,4,10,13,24,33,38,39,46,48],"ascension_level":0}}