{"host":"n1v11un6j7y72mz7","time":1613721937,"event":{"mods":["Act Like it!","BaseMod","Downfall","Minty Spire (QoL Compilation)","Reliquary","StSLib","The Animator","Waifu the Spire"],"gold_per_floor":[119,119,119,47,66,66,89,39,39,39,59,74,49,49,63,63,186,249,267,267,267,78,101,200,200,223,223,223],"floor_reached":27,"language":"ZHS","playtime":601,"items_purged":["Strike_B"],"score":213,"play_id":"58dc3abf-306f-4172-b1ae-b359d8ddcc4b","local_time":"20210219160537","is_ascension_mode":true,"campfire_choices":[{"data":"Dualcast","floor":6,"key":"SMITH"},{"data":"Tempest","floor":14,"key":"SMITH"},{"data":"Cold Snap","floor":16,"key":"SMITH"},{"floor":25,"key":"REST"}],"circlet_count":0,"master_deck":["Strike_B+1","Defend_B+1","Defend_B","Defend_B","Defend_B","Zap+1","Dualcast+1","Tempest+1","Cold Snap+1","Capacitor","Double Energy","Ball Lightning","Compile Driver","Rainbow","Barrage","Loop","Doom and Gloom","Storm","Redo+1"],"relics":["Cracked Core","NeowsBlessing","Golden Idol","War Paint","Smiling Mask","reliquary:QuartzCube","Tiny House"],"acts_visited":["Exordium","TheCity"],"potions_floor_usage":[12,26],"damage_taken":[{"damage":0,"enemies":"Jaw Worm","floor":1,"turns":1},{"damage":0,"enemies":"2 Louse","floor":5,"turns":1},{"damage":0,"enemies":"Small Slimes","floor":7,"turns":1},{"damage":6,"enemies":"Red Slaver","floor":11,"turns":2},{"damage":7,"enemies":"Large Slime","floor":12,"turns":5},{"damage":11,"enemies":"Exordium Wildlife","floor":15,"turns":3},{"damage":14,"enemies":"Hexaghost","floor":17,"turns":9},{"damage":17,"enemies":"Shell Parasite","floor":19,"turns":4},{"damage":34,"enemies":"2 Thieves","floor":23,"turns":4},{"damage":18,"enemies":"Cultist and Chosen","floor":26,"turns":4},{"damage":39,"enemies":"Shelled Parasite and Fungi","floor":27,"turns":4}],"seed_played":"-7949553173536425111","potions_obtained":[{"floor":5,"key":"Fire Potion"},{"floor":12,"key":"Fire Potion"},{"floor":17,"key":"SpeedPotion"},{"floor":18,"key":"EssenceOfSteel"}],"is_trial":false,"path_per_floor":["M","?","?","?","M","R","M","$","T","T","M","M","$","R","M","R","B",null,"M","?","?","$","M","?","R","M","M"],"character_chosen":"DEFECT","items_purchased":["Cold Snap","Ball Lightning","Doom and Gloom","Storm"],"campfire_rested":1,"item_purchase_floors":[8,13,22,22],"current_hp_per_floor":[75,57,57,57,57,57,57,57,57,57,51,44,44,44,33,33,19,80,63,63,63,63,29,29,53,35,0,0],"gold":223,"neow_bonus":"THREE_ENEMY_KILL","is_daily":false,"chose_seed":false,"campfire_upgraded":3,"win_rate":0.0,"timestamp":1613721937,"path_taken":["M","?","?","?","?","R","M","$","T","T","M","M","$","R","M","R","BOSS","M","?","?","$","?","?","R","M","M"],"items_purchased_type":["Card","Card","Card","Card"],"build_version":"2020-12-22","purchased_purges":1,"victory":false,"max_hp_per_floor":[75,75,75,75,75,75,75,75,75,75,75,75,75,75,75,75,75,80,80,80,80,80,80,80,80,80,80,80],"card_choices":[{"not_picked":["Sweeping Beam","Auto Shields","Beam Cell"],"picked":"SKIP","floor":1},{"not_picked":["Force Field","Scrape","Go for the Eyes"],"picked":"SKIP","floor":5},{"not_picked":["Go for the Eyes","Barrage"],"picked":"Tempest","floor":7},{"not_picked":["Turbo","Consume"],"picked":"Capacitor","floor":11},{"not_picked":["Gash","Hologram"],"picked":"Double Energy","floor":12},{"not_picked":["Sunder","Leap"],"picked":"Compile Driver","floor":15},{"not_picked":["Amplify","Fission"],"picked":"Rainbow","floor":17},{"not_picked":["Stack","Hologram"],"picked":"Barrage","floor":18},{"not_picked":["Reprogram+1","Rip and Tear","Ball Lightning"],"picked":"SKIP","floor":19},{"not_picked":["Auto Shields","Stack"],"picked":"Redo+1","floor":23},{"not_picked":["Steam","Sweeping Beam","Gash"],"picked":"SKIP","floor":26}],"player_experience":214144,"relics_obtained":[{"floor":9,"key":"Smiling Mask"},{"floor":10,"key":"reliquary:QuartzCube"}],"event_choices":[{"damage_healed":0,"gold_gain":0,"player_choice":"Take Damage","damage_taken":18,"relics_obtained":["Golden Idol"],"max_hp_gain":0,"max_hp_loss":0,"event_name":"Golden Idol","floor":2,"gold_loss":0},{"cards_removed":["Strike_B"],"damage_healed":0,"gold_gain":0,"player_choice":"Forget","damage_taken":0,"max_hp_gain":0,"max_hp_loss":0,"event_name":"Living Wall","floor":3,"gold_loss":0},{"damage_healed":0,"gold_gain":0,"player_choice":"Paid Gold","damage_taken":0,"relics_obtained":["War Paint"],"max_hp_gain":0,"max_hp_loss":0,"event_name":"WeMeetAgain","floor":4,"gold_loss":72},{"damage_healed":0,"gold_gain":0,"cards_transformed":["Strike_B"],"player_choice":"Transformed","damage_taken":0,"max_hp_gain":0,"max_hp_loss":0,"event_name":"Transmorgrifier","floor":21,"gold_loss":0,"cards_obtained":["Loop"]},{"damage_healed":0,"gold_gain":99,"player_choice":"Stole From Cult","damage_taken":0,"max_hp_gain":0,"max_hp_loss":0,"event_name":"Nest","floor":24,"gold_loss":0}],"is_beta":false,"boss_relics":[{"not_picked":["Velvet Choker","Sozu"],"picked":"Tiny House"}],"items_purged_floors":[22],"is_endless":false,"potions_floor_spawned":[5,12,17,23],"killed_by":"Shelled Parasite and Fungi","ascension_level":1}}