{"host":"2ty4h143nj8vwezc","time":1613716275,"event":{"mods":["BaseMod","Colored Map","Googly Eyes","Highlight Path","Minty Spire (QoL Compilation)","Quick Restart","StSLib"],"gold_per_floor":[116,136,136,100,100,127,402,416,416,13,46,0,12,12,12,12,12],"floor_reached":16,"language":"ENG","playtime":806,"items_purged":["Regret"],"score":226,"play_id":"ba887947-b152-4a89-838a-b7664461ce90","local_time":"20210219013115","is_ascension_mode":true,"campfire_choices":[{"floor":15,"key":"REST"}],"circlet_count":0,"master_deck":["AscendersBane","Strike_B","Strike_B","Strike_B","Strike_B","Defend_B","Defend_B","Defend_B","Defend_B","Zap","Dualcast","Skim","Tempest","Scrape+1","Machine Learning","Turbo","Auto Shields","Leap"],"relics":["Cracked Core","NeowsBlessing","Sundial","Bag of Preparation","TungstenRod","Ornamental Fan","Bottled Flame"],"acts_visited":["Exordium"],"potions_floor_usage":[11,11,13],"damage_taken":[{"damage":0,"enemies":"Jaw Worm","floor":1,"turns":1},{"damage":0,"enemies":"Cultist","floor":2,"turns":1},{"damage":0,"enemies":"Gremlin Nob","floor":6,"turns":1},{"damage":22,"enemies":"Small Slimes","floor":8,"turns":4},{"damage":8,"enemies":"3 Sentries","floor":11,"turns":8},{"damage":3,"enemies":"Exordium Thugs","floor":13,"turns":6},{"damage":27,"enemies":"The Guardian","floor":16,"turns":14}],"seed_played":"8772958052994111605","potions_obtained":[{"floor":1,"key":"Dexterity Potion"},{"floor":6,"key":"SpeedPotion"},{"floor":11,"key":"Dexterity Potion"}],"is_trial":false,"path_per_floor":["M","M","?","$","?","E","?","M","T","$","E","?","M","?","R","B"],"character_chosen":"DEFECT","items_purchased":["Scrape","Turbo","Ornamental Fan","Auto Shields"],"campfire_rested":1,"item_purchase_floors":[4,10,10,10],"current_hp_per_floor":[64,64,57,57,39,39,39,17,17,17,9,9,6,6,27,0,0],"gold":12,"neow_bonus":"THREE_ENEMY_KILL","is_daily":false,"chose_seed":false,"campfire_upgraded":0,"win_rate":0.0,"timestamp":1613716275,"path_taken":["M","M","?","?","?","E","?","?","T","$","E","?","M","?","R","BOSS"],"items_purchased_type":["Card","Card","Relic","Card"],"build_version":"2020-12-22","purchased_purges":1,"victory":false,"max_hp_per_floor":[71,71,71,71,71,71,71,71,71,71,71,71,71,71,71,71,71],"card_choices":[{"not_picked":["Turbo","Barrage"],"picked":"Skim","floor":1},{"not_picked":["Sweeping Beam","Compile Driver"],"picked":"Tempest","floor":2},{"not_picked":["Ball Lightning","Force Field"],"picked":"Machine Learning","floor":6},{"not_picked":["Stack","Chaos","Melter"],"picked":"SKIP","floor":8},{"not_picked":["Cold Snap","Coolheaded","Stack"],"picked":"SKIP","floor":11},{"not_picked":["Recycle","Stack"],"picked":"Leap","floor":13}],"player_experience":448250,"relics_obtained":[{"floor":6,"key":"Bag of Preparation"},{"floor":9,"key":"TungstenRod"},{"floor":11,"key":"Bottled Flame"}],"event_choices":[{"damage_healed":0,"gold_gain":0,"player_choice":"Damaged","damage_taken":7,"max_hp_gain":0,"max_hp_loss":0,"event_name":"Wheel of Change","floor":3,"gold_loss":0},{"damage_healed":0,"gold_gain":0,"player_choice":"Success","damage_taken":18,"relics_obtained":["Sundial"],"max_hp_gain":0,"max_hp_loss":0,"event_name":"Scrap Ooze","floor":5,"gold_loss":0},{"damage_healed":0,"gold_gain":275,"player_choice":"Desecrate","damage_taken":0,"max_hp_gain":0,"max_hp_loss":0,"event_name":"Golden Shrine","floor":7,"gold_loss":0,"cards_obtained":["Regret"]},{"damage_healed":0,"gold_gain":0,"player_choice":"Left Gold","damage_taken":0,"max_hp_gain":0,"max_hp_loss":0,"event_name":"World of Goop","floor":12,"gold_loss":46},{"damage_healed":0,"gold_gain":0,"player_choice":"Grow","damage_taken":0,"max_hp_gain":0,"max_hp_loss":0,"event_name":"Living Wall","floor":14,"gold_loss":0,"cards_upgraded":["Scrape"]}],"is_beta":false,"boss_relics":[],"items_purged_floors":[10],"is_endless":false,"potions_floor_spawned":[1,6,11],"killed_by":"The Guardian","ascension_level":14}}