{"host":"fxrgx7wt2cpkbhka","time":1613718606,"event":{"mods":["AchievementEnabler","BaseMod","Colored Powertips","Dark Map","Minty Spire (QoL Compilation)","Permanent Neow","Quick Restart","Slay-I","StSLib","Waifu the Spire"],"gold_per_floor":[114,132,149,56,56,56,82,82,82,111,123,123,123,198,198,275,275,290,304,304,316,316,316,316,316],"floor_reached":24,"language":"ENG","playtime":871,"items_purged":[],"score":347,"play_id":"2bfe9080-6feb-4bd2-b7a8-76abea2c8ea3","local_time":"20210218231006","is_ascension_mode":true,"campfire_choices":[{"data":"Fission","floor":6,"key":"SMITH"},{"data":"Self Repair","floor":12,"key":"SMITH"},{"data":"Defragment","floor":15,"key":"SMITH"},{"data":"Electrodynamics","floor":23,"key":"SMITH"}],"circlet_count":0,"master_deck":["AscendersBane","Strike_B","Strike_B","Strike_B","Strike_B","Defend_B","Defend_B","Defend_B","Defend_B","Zap","Dualcast","Fission+1","Defragment+1","Cold Snap","Auto Shields","Cold Snap","Chill","Self Repair+1","Leap","Electrodynamics+1","Go for the Eyes","Defragment","Capacitor"],"relics":["Cracked Core","Potion Belt","The Courier","Gremlin Horn","Bag of Marbles","Black Star"],"acts_visited":["Exordium","TheCity"],"potions_floor_usage":[7,16,24],"damage_taken":[{"damage":13,"enemies":"Small Slimes","floor":1,"turns":3},{"damage":0,"enemies":"Cultist","floor":2,"turns":4},{"damage":7,"enemies":"Jaw Worm","floor":3,"turns":4},{"damage":25,"enemies":"Gremlin Nob","floor":7,"turns":6},{"damage":2,"enemies":"3 Sentries","floor":10,"turns":9},{"damage":2,"enemies":"Blue Slaver","floor":11,"turns":5},{"damage":1,"enemies":"The Guardian","floor":16,"turns":14},{"damage":9,"enemies":"Chosen","floor":18,"turns":6},{"damage":7,"enemies":"Shell Parasite","floor":19,"turns":10},{"damage":40,"enemies":"Snake Plant","floor":21,"turns":6},{"damage":45,"enemies":"Chosen and Byrds","floor":24,"turns":6}],"seed_played":"-1512203749782596817","potions_obtained":[{"floor":1,"key":"BlessingOfTheForge"},{"floor":2,"key":"PowerPotion"},{"floor":7,"key":"Fruit Juice"},{"floor":10,"key":"Dexterity Potion"}],"is_trial":false,"path_per_floor":["M","M","M","$","?","R","E","?","T","E","M","R","?","?","R","B",null,"M","M","$","M","?","R","M"],"character_chosen":"DEFECT","items_purchased":["Auto Shields","Cold Snap"],"campfire_rested":0,"item_purchase_floors":[4,4],"current_hp_per_floor":[51,51,44,44,67,67,47,47,47,45,50,50,47,40,40,49,69,70,73,73,43,43,43,0,0],"gold":316,"neow_bonus":"ONE_RANDOM_RARE_CARD","is_daily":false,"chose_seed":false,"campfire_upgraded":4,"win_rate":0.0,"timestamp":1613718606,"path_taken":["M","M","M","$","?","R","E","?","T","E","M","R","?","?","R","BOSS","M","?","$","?","?","R","M"],"items_purchased_type":["Card","Card"],"build_version":"2020-12-22","purchased_purges":0,"victory":false,"max_hp_per_floor":[71,71,71,71,71,71,76,76,76,76,76,76,76,76,76,76,76,76,76,76,76,76,76,76,76],"card_choices":[{"not_picked":["Heatsinks","Gash"],"picked":"Defragment","floor":1},{"not_picked":["Doom and Gloom","Darkness"],"picked":"Cold Snap","floor":2},{"not_picked":["Darkness","Steam Power","Coolheaded"],"picked":"SKIP","floor":3},{"not_picked":["Sunder","Beam Cell"],"picked":"Chill","floor":7},{"not_picked":["Reinforced Body","Redo"],"picked":"Self Repair","floor":10},{"not_picked":["Sweeping Beam","Beam Cell"],"picked":"Leap","floor":11},{"not_picked":["Amplify","Fission"],"picked":"Electrodynamics","floor":16},{"not_picked":["Reinforced Body","Blizzard","Hologram"],"picked":"SKIP","floor":18},{"not_picked":["Chaos","Conserve Battery"],"picked":"Go for the Eyes","floor":19},{"not_picked":["Compile Driver","Go for the Eyes"],"picked":"Defragment","floor":21}],"player_experience":795480,"relics_obtained":[{"floor":7,"key":"Potion Belt"},{"floor":9,"key":"The Courier"},{"floor":10,"key":"Gremlin Horn"}],"event_choices":[{"damage_healed":23,"gold_gain":0,"player_choice":"Banana","damage_taken":0,"max_hp_gain":0,"max_hp_loss":0,"event_name":"Big Fish","floor":5,"gold_loss":0},{"damage_healed":0,"gold_gain":0,"player_choice":"Ignored","damage_taken":0,"max_hp_gain":0,"max_hp_loss":0,"event_name":"Golden Wing","floor":8,"gold_loss":0},{"damage_healed":0,"gold_gain":0,"player_choice":"Success","damage_taken":3,"relics_obtained":["Bag of Marbles"],"max_hp_gain":0,"max_hp_loss":0,"event_name":"Scrap Ooze","floor":13,"gold_loss":0},{"damage_healed":0,"gold_gain":75,"player_choice":"Touch","damage_taken":7,"max_hp_gain":0,"max_hp_loss":0,"event_name":"FaceTrader","floor":14,"gold_loss":0},{"damage_healed":0,"gold_gain":0,"player_choice":"Read","damage_taken":0,"max_hp_gain":0,"max_hp_loss":0,"event_name":"The Library","floor":22,"gold_loss":0,"cards_obtained":["Capacitor"]}],"is_beta":false,"boss_relics":[{"not_picked":["Runic Pyramid","Philosopher\u0027s Stone"],"picked":"Black Star"}],"items_purged_floors":[],"is_endless":false,"potions_floor_spawned":[1,2,7,10],"killed_by":"Chosen and Byrds","ascension_level":14}}