{"host":"r7hmxrtwvofdnlkf","time":1613768182,"event":{"mods":["AchievementEnabler","BaseMod","Colored Powertips","Minty Spire (QoL Compilation)","Relic Stats","StSLib"],"gold_per_floor":[118,129,229,241,257,286,286,303,303,303,335,32,67,79,79,178,178,192,204,204,223,238,238,238,238],"floor_reached":24,"language":"ENG","playtime":1515,"items_purged":[],"score":245,"play_id":"8ddb1cd2-4495-426c-9247-d16c01205220","local_time":"20210219215622","is_ascension_mode":false,"campfire_choices":[{"floor":7,"key":"REST"},{"data":"Consume","floor":10,"key":"SMITH"},{"floor":15,"key":"REST"},{"floor":23,"key":"REST"}],"circlet_count":0,"master_deck":["Strike_B","Strike_B","Strike_B","Strike_B","Defend_B","Defend_B","Defend_B","Defend_B","Zap","Dualcast","Consume+1","Coolheaded","Conserve Battery","Coolheaded","Skim","Loop","Echo Form","Conserve Battery","Undo","Machine Learning","Recycle","Conserve Battery+1"],"relics":["Cracked Core","Sundial","Blue Candle","Dead Branch","Runic Capacitor","White Beast Statue","SacredBark","Nilry\u0027s Codex"],"acts_visited":["Exordium","TheCity"],"potions_floor_usage":[4,6,16,16,18,21,24,24,24],"damage_taken":[{"damage":2,"enemies":"2 Louse","floor":1,"turns":3},{"damage":0,"enemies":"Cultist","floor":2,"turns":3},{"damage":4,"enemies":"Small Slimes","floor":4,"turns":3},{"damage":4,"enemies":"Blue Slaver","floor":5,"turns":4},{"damage":35,"enemies":"Gremlin Nob","floor":6,"turns":5},{"damage":2,"enemies":"2 Fungi Beasts","floor":8,"turns":3},{"damage":19,"enemies":"3 Sentries","floor":11,"turns":11},{"damage":0,"enemies":"Lagavulin","floor":13,"turns":8},{"damage":11,"enemies":"Exordium Wildlife","floor":14,"turns":4},{"damage":7,"enemies":"Hexaghost","floor":16,"turns":12},{"damage":7,"enemies":"Spheric Guardian","floor":18,"turns":7},{"damage":16,"enemies":"3 Byrds","floor":19,"turns":8},{"damage":18,"enemies":"Snake Plant","floor":21,"turns":4},{"damage":16,"enemies":"Snecko","floor":22,"turns":8},{"damage":22,"enemies":"Gremlin Leader","floor":24,"turns":9}],"seed_played":"-1193717056365279905","potions_obtained":[{"floor":1,"key":"Explosive Potion"},{"floor":2,"key":"LiquidMemories"},{"floor":13,"key":"SneckoOil"},{"floor":14,"key":"ColorlessPotion"},{"floor":16,"key":"Block Potion"},{"floor":18,"key":"Weak Potion"},{"floor":19,"key":"PowerPotion"},{"floor":21,"key":"BlessingOfTheForge"},{"floor":22,"key":"ColorlessPotion"}],"is_trial":false,"path_per_floor":["M","M","?","M","M","E","R","M","T","R","E","$","E","M","R","B",null,"M","M","?","M","M","R","E"],"character_chosen":"DEFECT","items_purchased":["Runic Capacitor","Echo Form"],"campfire_rested":3,"item_purchase_floors":[12,12],"current_hp_per_floor":[80,80,80,76,72,37,61,59,59,59,40,40,40,29,53,46,82,75,59,43,25,9,33,11,11],"gold":238,"neow_bonus":"TEN_PERCENT_HP_BONUS","is_daily":false,"chose_seed":false,"campfire_upgraded":1,"win_rate":0.0,"timestamp":1613768182,"path_taken":["M","M","?","?","M","E","R","?","T","R","E","$","E","M","R","BOSS","M","M","?","M","M","R","E"],"items_purchased_type":["Relic","Card"],"build_version":"2020-12-22","purchased_purges":0,"victory":false,"max_hp_per_floor":[82,82,82,82,82,82,82,82,82,82,82,82,82,82,82,82,82,82,82,82,82,82,82,82,82],"relic_stats":{"counters":[15,89],"Sundial":[14],"Blue Candle":[0],"Dead Branch":[10],"obtain_stats":[{"Sundial":6,"Nilry\u0027s Codex":20,"Blue Candle":9,"Dead Branch":11,"SacredBark":17,"Runic Capacitor":12,"Cracked Core":0,"White Beast Statue":13},{"Sundial":5,"Nilry\u0027s Codex":12,"Blue Candle":6,"Dead Branch":7,"SacredBark":10,"Runic Capacitor":7,"Cracked Core":0,"White Beast Statue":8},{"Sundial":18,"Nilry\u0027s Codex":69,"Blue Candle":21,"Dead Branch":32,"SacredBark":54,"Runic Capacitor":32,"Cracked Core":0,"White Beast Statue":39}]},"card_choices":[{"not_picked":["Go for the Eyes","Reprogram"],"picked":"Consume","floor":1},{"not_picked":["Steam Power","Reprogram"],"picked":"Coolheaded","floor":2},{"not_picked":["White Noise","Tempest","Beam Cell"],"picked":"SKIP","floor":4},{"not_picked":["Compile Driver","Tempest"],"picked":"Conserve Battery","floor":5},{"not_picked":["Hyperbeam","Scrape"],"picked":"Coolheaded","floor":6},{"not_picked":["Beam Cell","Go for the Eyes"],"picked":"Skim","floor":8},{"not_picked":["Hologram","Stack"],"picked":"Loop","floor":11},{"not_picked":["Sweeping Beam","Auto Shields"],"picked":"Conserve Battery","floor":13},{"not_picked":["Beam Cell","Sunder"],"picked":"Undo","floor":14},{"not_picked":["Amplify","Creative AI"],"picked":"Machine Learning","floor":16},{"not_picked":["Steam","Beam Cell","Redo"],"picked":"SKIP","floor":18},{"not_picked":["Double Energy","Hologram"],"picked":"Recycle","floor":19},{"not_picked":["Aggregate","Streamline","Hologram"],"picked":"SKIP","floor":21},{"not_picked":["FTL","Barrage"],"picked":"Conserve Battery+1","floor":22}],"player_experience":173724,"relics_obtained":[{"floor":6,"key":"Sundial"},{"floor":9,"key":"Blue Candle"},{"floor":11,"key":"Dead Branch"},{"floor":13,"key":"White Beast Statue"},{"floor":20,"key":"Nilry\u0027s Codex"}],"event_choices":[{"damage_healed":0,"gold_gain":100,"player_choice":"Pray","damage_taken":0,"max_hp_gain":0,"max_hp_loss":0,"event_name":"Golden Shrine","floor":3,"gold_loss":0},{"damage_healed":0,"gold_gain":0,"player_choice":"Obtained Book","damage_taken":16,"max_hp_gain":0,"max_hp_loss":0,"event_name":"Cursed Tome","floor":20,"gold_loss":0}],"is_beta":false,"boss_relics":[{"not_picked":["Fusion Hammer","Calling Bell"],"picked":"SacredBark"}],"items_purged_floors":[],"is_endless":false,"potions_floor_spawned":[1,2,13,14,16,18,19,21,22],"killed_by":"Gremlin Leader","ascension_level":0}}