{"host":"uhi6g4fgvyietct9","time":1613744219,"event":{"mods":["AchievementEnabler","BaseMod","Colored Map","Colored Powertips","Minty Spire (QoL Compilation)","StSLib","SuperFastMode"],"gold_per_floor":[114,189,41,57,83,118,118,152,152,339,365,9,19,40,40,40,40],"floor_reached":16,"language":"KOR","playtime":550,"items_purged":["Strike_R"],"score":219,"play_id":"5559e2a3-ac88-4857-bc93-c86e9de1111e","local_time":"20210219231659","is_ascension_mode":true,"campfire_choices":[{"data":"Body Slam","floor":7,"key":"SMITH"},{"floor":15,"key":"REST"}],"circlet_count":0,"master_deck":["AscendersBane","Strike_R","Strike_R","Strike_R","Strike_R","Defend_R","Defend_R","Defend_R","Defend_R","Bash","Shrug It Off","Shrug It Off","Body Slam+1","Doubt"],"relics":["Burning Blood","NeowsBlessing","Juzu Bracelet","Anchor","Bag of Marbles","Oddly Smooth Stone","MawBank","Calipers","Odd Mushroom"],"acts_visited":["Exordium"],"potions_floor_usage":[13,16],"damage_taken":[{"damage":0,"enemies":"Small Slimes","floor":1,"turns":1},{"damage":0,"enemies":"Jaw Worm","floor":4,"turns":1},{"damage":0,"enemies":"3 Sentries","floor":6,"turns":2},{"damage":50,"enemies":"Lagavulin","floor":8,"turns":8},{"damage":1,"enemies":"2 Louse","floor":11,"turns":3},{"damage":4,"enemies":"Large Slime","floor":13,"turns":11},{"damage":8,"enemies":"The Mushroom Lair","floor":14,"turns":6},{"damage":34,"enemies":"Slime Boss","floor":16,"turns":8}],"seed_played":"8466730164283964784","potions_obtained":[{"floor":8,"key":"DuplicationPotion"},{"floor":14,"key":"Explosive Potion"}],"is_trial":false,"path_per_floor":["M","?","$","M","T","E","R","E","T","?","M","$","M","?","R","B"],"character_chosen":"IRONCLAD","items_purchased":["Juzu Bracelet","Calipers"],"campfire_rested":1,"item_purchase_floors":[3,12],"current_hp_per_floor":[78,67,67,73,73,79,79,35,35,35,40,40,42,40,64,30,30],"gold":40,"neow_bonus":"THREE_ENEMY_KILL","is_daily":false,"chose_seed":false,"campfire_upgraded":1,"win_rate":0.0,"timestamp":1613744219,"path_taken":["M","?","$","M","?","E","R","E","T","?","M","$","M","?","R","BOSS"],"items_purchased_type":["Relic","Relic"],"build_version":"2020-12-22","purchased_purges":1,"victory":false,"max_hp_per_floor":[80,80,80,80,80,80,80,80,80,80,80,80,80,80,80,80,80],"card_choices":[{"not_picked":["Entrench","Battle Trance"],"picked":"Shrug It Off","floor":1},{"not_picked":["Dark Embrace","Warcry"],"picked":"Shrug It Off","floor":4},{"not_picked":["Thunderclap","Entrench"],"picked":"Body Slam","floor":6},{"not_picked":["Pommel Strike","Armaments","Combust"],"picked":"SKIP","floor":8},{"not_picked":["Iron Wave","Dark Embrace","Perfected Strike"],"picked":"SKIP","floor":11},{"not_picked":["Flex","Bloodletting","Shrug It Off"],"picked":"SKIP","floor":13}],"player_experience":599079,"relics_obtained":[{"floor":5,"key":"Anchor"},{"floor":6,"key":"Bag of Marbles"},{"floor":8,"key":"Oddly Smooth Stone"},{"floor":9,"key":"MawBank"},{"floor":14,"key":"Odd Mushroom"}],"event_choices":[{"damage_healed":0,"gold_gain":75,"player_choice":"Gather Gold","damage_taken":11,"max_hp_gain":0,"max_hp_loss":0,"event_name":"World of Goop","floor":2,"gold_loss":0},{"damage_healed":0,"gold_gain":175,"player_choice":"AGREE","damage_taken":0,"max_hp_gain":0,"max_hp_loss":0,"event_name":"Liars Game","floor":10,"gold_loss":0,"cards_obtained":["Doubt"]},{"damage_healed":0,"gold_gain":0,"player_choice":"Fought Mushrooms","damage_taken":0,"max_hp_gain":0,"max_hp_loss":0,"event_name":"Mushrooms","floor":14,"gold_loss":0}],"is_beta":false,"boss_relics":[],"items_purged_floors":[12],"is_endless":false,"potions_floor_spawned":[8,14],"killed_by":"Slime Boss","ascension_level":13}}