{"host":"zsnmfqgcm92hlreo","time":1613705455,"event":{"mods":["AchievementEnabler","BaseMod","Bestiary","Block Reminder","Colored Map","Colored Powertips","Filter the Spire","Minty Spire (QoL Compilation)","Permanent Neow","Quick Restart","Relic Stats","StSLib","Weighted Paths"],"gold_per_floor":[110,110,123,137,155,189,189,230,230,253,253,286,306,350,350,440,440,456,4,4,4,17,48,48,79,79,94,94,634,634,634,634,705,705,724,22,34,34,53,86,98,124,124,151,151,151,151,200,200,200,200,200,200,43,69,69,69],"floor_reached":56,"language":"ENG","playtime":2810,"items_purged":["Writhe"],"score":2077,"play_id":"d85029d1-91dd-45b4-9823-c5e59f8b3266","local_time":"20210218213055","is_ascension_mode":true,"campfire_choices":[{"floor":7.0,"key":"REST"},{"floor":11.0,"key":"REST"},{"floor":15.0,"key":"REST"},{"floor":24.0,"key":"REST"},{"data":"Rupture","floor":28.0,"key":"SMITH"},{"floor":32.0,"key":"REST"},{"floor":45.0,"key":"REST"},{"floor":49.0,"key":"RECALL"},{"data":"Limit Break","floor":53,"key":"SMITH"}],"circlet_count":0,"master_deck":["AscendersBane","Bash","Flame Barrier","Hemokinesis","Rupture+1","Feel No Pain","Thunderclap","Combust","Immolate","Power Through","Clothesline","Juggernaut","Combust","Seeing Red","Fiend Fire","Armaments","Headbutt","Shockwave","Sentinel","Spot Weakness","Reaper","Heavy Blade","Impervious","Flame Barrier","Disarm+1","Blood for Blood+1","Spot Weakness","Normality","Inflame+1","Doubt","Limit Break+1","Dual Wield+1"],"relics":["Snecko Eye","Bloody Idol","Self Forming Clay","Mummified Hand","Letter Opener","Toy Ornithopter","Strawberry","Pandora\u0027s Box","Paper Frog","Potion Belt","Juzu Bracelet","Sundial","Gambling Chip","Frozen Egg 2","Cursed Key","Torii","InkBottle","Blue Candle","Dream Catcher","Centennial Puzzle","Unceasing Top","Vajra","Bottled Tornado"],"acts_visited":["Exordium","TheCity","TheBeyond","TheEnding"],"potions_floor_usage":[50,51,55,55,56,56],"damage_taken":[{"damage":7.0,"enemies":"Jaw Worm","floor":1.0,"turns":4.0},{"damage":8.0,"enemies":"Small Slimes","floor":3.0,"turns":3.0},{"damage":2.0,"enemies":"Cultist","floor":4.0,"turns":2.0},{"damage":2.0,"enemies":"2 Fungi Beasts","floor":5.0,"turns":3.0},{"damage":39.0,"enemies":"3 Sentries","floor":6.0,"turns":8.0},{"damage":5.0,"enemies":"Lagavulin","floor":8.0,"turns":7.0},{"damage":14.0,"enemies":"Lots of Slimes","floor":10.0,"turns":4.0},{"damage":14.0,"enemies":"3 Sentries","floor":12.0,"turns":7.0},{"damage":1.0,"enemies":"Looter","floor":13.0,"turns":3.0},{"damage":3.0,"enemies":"Lagavulin","floor":14.0,"turns":3.0},{"damage":28.0,"enemies":"The Guardian","floor":16.0,"turns":7.0},{"damage":5.0,"enemies":"3 Byrds","floor":18.0,"turns":2.0},{"damage":16.0,"enemies":"Shell Parasite","floor":22.0,"turns":2.0},{"damage":24.0,"enemies":"Gremlin Leader","floor":23.0,"turns":3.0},{"damage":6.0,"enemies":"Slavers","floor":25.0,"turns":2.0},{"damage":5.0,"enemies":"Cultist and Chosen","floor":27.0,"turns":4.0},{"damage":25.0,"enemies":"Collector","floor":33.0,"turns":6.0},{"damage":1.0,"enemies":"Orb Walker","floor":35.0,"turns":2.0},{"damage":2.0,"enemies":"3 Shapes","floor":37.0,"turns":3.0},{"damage":6.0,"enemies":"Transient","floor":39.0,"turns":6.0},{"damage":37.0,"enemies":"Nemesis","floor":40.0,"turns":7.0},{"damage":8.0,"enemies":"Maw","floor":41.0,"turns":5.0},{"damage":32.0,"enemies":"Giant Head","floor":42.0,"turns":5.0},{"damage":46.0,"enemies":"Nemesis","floor":44.0,"turns":7.0},{"damage":3.0,"enemies":"2 Orb Walkers","floor":48.0,"turns":3.0},{"damage":22,"enemies":"Donu and Deca","floor":50,"turns":5},{"damage":45,"enemies":"Awakened One","floor":51,"turns":7},{"damage":87,"enemies":"Shield and Spear","floor":55,"turns":9},{"damage":41,"enemies":"The Heart","floor":56,"turns":3}],"seed_played":"8707197377099984506","potions_obtained":[{"floor":1.0,"key":"EssenceOfSteel"},{"floor":3.0,"key":"Ancient Potion"},{"floor":5.0,"key":"PowerPotion"},{"floor":12.0,"key":"AttackPotion"},{"floor":18.0,"key":"Regen Potion"},{"floor":25.0,"key":"Regen Potion"},{"floor":35.0,"key":"Energy Potion"},{"floor":40.0,"key":"PowerPotion"},{"floor":41.0,"key":"Regen Potion"},{"floor":42.0,"key":"EntropicBrew"},{"floor":44.0,"key":"AttackPotion"}],"is_trial":false,"path_per_floor":["M","?","M","M","M","E","R","E","T","M","R","E","M","E","R","B",null,"M","$","?","?","M","E","R","E","T","M","R","?","?","?","R","B",null,"M","$","M","?","M","E","M","E","T","E","R","?","?","?","R","B","B",null,"R","$","E","B"],"character_chosen":"IRONCLAD","items_purchased":["Paper Frog","Potion Belt","Torii","InkBottle","Vajra"],"campfire_rested":6,"item_purchase_floors":[19,19,36,36,54],"current_hp_per_floor":[61,61,53,51,49,10,30,25,25,11,31,17,16,25,47,19,61,56,56,56,56,45,26,48,55,55,69,69,42,42,42,64,66,73,75,75,75,75,75,43,69,42,42,15,37,37,75,75,75,73,70,74,74,74,17,0,0],"gold":69,"neow_bonus":"BOSS_RELIC","is_daily":false,"chose_seed":false,"campfire_upgraded":2,"win_rate":0.0,"timestamp":1613705455,"path_taken":["M","?","M","M","M","E","R","E","T","M","R","E","M","E","R","BOSS","M","$","?","?","M","E","R","E","T","M","R","?","?","?","R","BOSS","M","$","M","?","M","E","M","E","T","E","R","?","?","?","R","BOSS","BOSS","R","$","E","BOSS"],"items_purchased_type":["Relic","Relic","Relic","Relic","Relic"],"build_version":"2020-12-22","purchased_purges":1,"victory":false,"max_hp_per_floor":[75,68,68,68,68,68,68,68,68,68,68,68,68,75,75,75,75,75,75,75,75,75,75,75,75,75,75,75,75,75,75,75,75,75,75,75,75,75,75,75,75,75,75,75,75,75,75,75,75,75,75,75,75,75,75,75,75],"relic_stats":{"Torii":20,"counters":[29,132],"Self Forming Clay":[411],"Blue Candle":[8],"Juzu Bracelet":2,"Letter Opener":[111],"Cursed Key":1,"Dream Catcher":1,"Centennial Puzzle":[15],"Mummified Hand":[139],"Sundial":[10],"Bloody Idol":90,"Gambling Chip":[47],"Snecko Eye":[216,257,207,210],"Pandora\u0027s Box":["Combust","Seeing Red","Fiend Fire","Armaments","Headbutt","Shockwave","Sentinel","Spot Weakness","Reaper"],"obtain_stats":[{"Torii":36,"Vajra":54,"Juzu Bracelet":23,"Bottled Tornado":55,"Cursed Key":34,"Burning Blood":0,"Dream Catcher":42,"Centennial Puzzle":44,"Mummified Hand":8,"Sundial":25,"Strawberry":14,"Gambling Chip":26,"InkBottle":36,"Paper Frog":19,"Potion Belt":19,"Golden Idol":2,"Self Forming Clay":6,"Blue Candle":40,"Letter Opener":9,"Frozen Egg 2":31,"Bloody Idol":20,"Snecko Eye":0,"Pandora\u0027s Box":17,"Toy Ornithopter":12,"Unceasing Top":48},{"Torii":18,"Vajra":27,"Juzu Bracelet":14,"Bottled Tornado":28,"Cursed Key":17,"Burning Blood":0,"Dream Catcher":23,"Centennial Puzzle":24,"Mummified Hand":6,"Sundial":15,"Strawberry":10,"Gambling Chip":15,"InkBottle":18,"Paper Frog":12,"Potion Belt":12,"Golden Idol":1,"Self Forming Clay":5,"Blue Candle":21,"Letter Opener":6,"Frozen Egg 2":16,"Bloody Idol":12,"Snecko Eye":0,"Pandora\u0027s Box":11,"Toy Ornithopter":8,"Unceasing Top":25},{"Torii":72,"Vajra":120,"Juzu Bracelet":58,"Bottled Tornado":129,"Cursed Key":70,"Burning Blood":0,"Dream Catcher":98,"Centennial Puzzle":105,"Mummified Hand":27,"Sundial":60,"Strawberry":44,"Gambling Chip":60,"InkBottle":72,"Paper Frog":53,"Potion Belt":53,"Golden Idol":4,"Self Forming Clay":20,"Blue Candle":88,"Letter Opener":27,"Frozen Egg 2":64,"Bloody Idol":53,"Snecko Eye":0,"Pandora\u0027s Box":51,"Toy Ornithopter":38,"Unceasing Top":108}],"Toy Ornithopter":43,"InkBottle":[24],"Unceasing Top":[2]},"card_choices":[{"not_picked":["Spot Weakness","Havoc"],"picked":"Flame Barrier","floor":1.0},{"not_picked":["Intimidate","True Grit"],"picked":"Hemokinesis","floor":3.0},{"not_picked":["Entrench","Twin Strike"],"picked":"Rupture","floor":4.0},{"not_picked":["Headbutt","Clash","True Grit"],"picked":"SKIP","floor":5.0},{"not_picked":["Fire Breathing","Sword Boomerang"],"picked":"Feel No Pain","floor":6.0},{"not_picked":["Iron Wave","Thunderclap","Sword Boomerang"],"picked":"SKIP","floor":8.0},{"not_picked":["Iron Wave","Sword Boomerang"],"picked":"Thunderclap","floor":8.0},{"not_picked":["Evolve","Clash"],"picked":"Combust","floor":10.0},{"not_picked":["Clash","Wild Strike"],"picked":"Immolate","floor":12.0},{"not_picked":["Entrench","Cleave"],"picked":"Power Through","floor":13.0},{"not_picked":["Iron Wave","Bloodletting"],"picked":"Clothesline","floor":14.0},{"not_picked":["Offering","Fiend Fire"],"picked":"Juggernaut","floor":16.0},{"not_picked":["Carnage","Flex","Seeing Red"],"picked":"SKIP","floor":18.0},{"not_picked":["Pommel Strike","Carnage","Thunderclap"],"picked":"SKIP","floor":22.0},{"not_picked":["Dropkick","Clothesline","Body Slam"],"picked":"SKIP","floor":23.0},{"not_picked":["Carnage","Clothesline","Body Slam"],"picked":"SKIP","floor":25.0},{"not_picked":["Pommel Strike","Shrug It Off"],"picked":"Heavy Blade","floor":27.0},{"not_picked":["Berserk+1","Brutality+1"],"picked":"Impervious","floor":33.0},{"not_picked":["Havoc","Armaments"],"picked":"Flame Barrier","floor":35.0},{"not_picked":["Whirlwind","Battle Trance"],"picked":"Disarm+1","floor":37.0},{"not_picked":["Bloodletting","Sword Boomerang+1"],"picked":"Blood for Blood+1","floor":39.0},{"not_picked":["Perfected Strike","Iron Wave","Sword Boomerang+1"],"picked":"SKIP","floor":40.0},{"not_picked":["Flex","Body Slam","Clash+1"],"picked":"SKIP","floor":41.0},{"not_picked":["Headbutt","Iron Wave"],"picked":"Spot Weakness","floor":42.0},{"not_picked":["Body Slam","Pommel Strike","Warcry"],"picked":"SKIP","floor":44.0},{"not_picked":["Dual Wield","Twin Strike"],"picked":"Inflame+1","floor":45.0},{"not_picked":["Spot Weakness+1","Uppercut"],"picked":"Limit Break","floor":48.0},{"not_picked":["Clash","Wild Strike+1"],"picked":"Dual Wield+1","floor":55}],"player_experience":1224947,"relics_obtained":[{"floor":6.0,"key":"Self Forming Clay"},{"floor":8.0,"key":"Mummified Hand"},{"floor":9.0,"key":"Letter Opener"},{"floor":12.0,"key":"Toy Ornithopter"},{"floor":14.0,"key":"Strawberry"},{"floor":23.0,"key":"Juzu Bracelet"},{"floor":25.0,"key":"Sundial"},{"floor":26.0,"key":"Gambling Chip"},{"floor":40.0,"key":"Blue Candle"},{"floor":42.0,"key":"Dream Catcher"},{"floor":44.0,"key":"Centennial Puzzle"},{"floor":48.0,"key":"Unceasing Top"},{"floor":55,"key":"Bottled Tornado"}],"event_choices":[{"damage_healed":0.0,"max_hp_gain":0.0,"max_hp_loss":7.0,"gold_gain":0.0,"event_name":"Golden Idol","player_choice":"Lose Max HP","floor":2.0,"gold_loss":0.0,"damage_taken":0.0,"relics_obtained":["Golden Idol"]},{"damage_healed":0.0,"max_hp_gain":0.0,"max_hp_loss":0.0,"gold_gain":0.0,"event_name":"Forgotten Altar","player_choice":"Gave Idol","floor":20.0,"relics_lost":["Golden Idol"],"gold_loss":0.0,"damage_taken":0.0,"relics_obtained":["Bloody Idol"]},{"damage_healed":0.0,"max_hp_gain":0.0,"max_hp_loss":0.0,"gold_gain":0.0,"event_name":"Vampires","player_choice":"Ignored","floor":21.0,"gold_loss":0.0,"damage_taken":0.0},{"damage_healed":0.0,"max_hp_gain":0.0,"max_hp_loss":0.0,"gold_gain":540.0,"event_name":"Knowing Skull","player_choice":"GOLD GOLD GOLD GOLD GOLD GOLD ","floor":29.0,"potions_obtained":[],"gold_loss":0.0,"damage_taken":57.0,"cards_obtained":[]},{"damage_healed":0.0,"max_hp_gain":0.0,"max_hp_loss":0.0,"gold_gain":0.0,"event_name":"Beggar","player_choice":"Ignored","floor":30.0,"gold_loss":0.0,"damage_taken":0.0},{"damage_healed":0.0,"max_hp_gain":0.0,"max_hp_loss":0.0,"gold_gain":0.0,"event_name":"The Mausoleum","player_choice":"Opened","floor":31.0,"gold_loss":0.0,"damage_taken":0.0,"relics_obtained":["Frozen Egg 2"],"cards_obtained":["Writhe"]},{"damage_healed":0.0,"max_hp_gain":0.0,"max_hp_loss":0.0,"gold_gain":0.0,"event_name":"SecretPortal","player_choice":"Ignored","floor":38.0,"gold_loss":0.0,"damage_taken":0.0},{"damage_healed":0.0,"max_hp_gain":0.0,"max_hp_loss":0.0,"gold_gain":0.0,"event_name":"Tomb of Lord Red Mask","player_choice":"Ignored","floor":46.0,"gold_loss":0.0,"damage_taken":0.0},{"damage_healed":38.0,"max_hp_gain":0.0,"max_hp_loss":0.0,"gold_gain":0.0,"event_name":"MindBloom","player_choice":"Heal","floor":47.0,"gold_loss":0.0,"damage_taken":0.0,"cards_obtained":["Doubt"]},{"damage_healed":0.0,"max_hp_gain":0.0,"max_hp_loss":0.0,"gold_gain":0.0,"event_name":"Mysterious Sphere","player_choice":"Fight","floor":48.0,"gold_loss":0.0,"damage_taken":0.0}],"is_beta":false,"boss_relics":[{"not_picked":["Fusion Hammer","Empty Cage"],"picked":"Pandora\u0027s Box"},{"not_picked":["Runic Dome","Coffee Dripper"],"picked":"Cursed Key"}],"items_purged_floors":[36],"is_endless":false,"potions_floor_spawned":[1,3,5,6,12,18,25,35,40,41,42,44],"killed_by":"The Heart","ascension_level":20}}