{"host":"thy1foxqb9mxzg9y","time":1613771709,"event":{"mods":["2.2 Compatiblity","AchievementEnabler","Act Like it!","BaseMod","Best Route Mod","Custom Start","Exacting","Halation","Hallownest","Hubris","Jorbs\u0027s Wanderer Trilogy","Minty Spire (QoL Compilation)","Permanent Neow","Rare Cards Sparkle","Replay The Spire","Shop Mod","Slumbering Mod","StSLib","The Bug Knight","The Disciple","The Elementalist","The Exalted","The Hierophant","The Judge"],"gold_per_floor":[113,113,130,130,55,55,73,93,143,165,165,203,213,251,251,356,356,372,389,411,426,177,149,149],"floor_reached":23,"language":"ENG","playtime":1491,"items_purged":["Defend_P","Strike_P"],"score":230,"play_id":"88927d4f-d0e8-40d2-a3b8-10bd41b5e059","local_time":"20210220005509","is_ascension_mode":false,"campfire_choices":[{"data":"Evaluate","floor":6.0,"key":"SMITH"},{"floor":11.0,"key":"REST"},{"data":"Replay:AtTheReady","floor":15.0,"key":"SMITH"}],"circlet_count":0,"master_deck":["Strike_P","Strike_P","Defend_P","Defend_P","Defend_P","Eruption","Vigilance","Judgement","PathToVictory","Collect","Evaluate+1","Replay:AtTheReady+1","Replay:ManipulateFuture","PathToVictory","PathToVictory","SignatureMove","Omniscience","ThirdEye","Evaluate+1"],"relics":["PureWater","halation:LettersToHer","Replay:Bandana","Pantograph","Gremlin Horn","hubris:VirtuousBlindfold","theSlumbering:GamblerFolly"],"acts_visited":["Exordium","TheCity"],"potions_floor_usage":[21],"damage_taken":[{"damage":0.0,"enemies":"2 Louse","floor":1.0,"turns":2.0},{"damage":16.0,"enemies":"Cultist","floor":3.0,"turns":4.0},{"damage":6.0,"enemies":"Jaw Worm","floor":7.0,"turns":2.0},{"damage":8.0,"enemies":"Large Slime","floor":8.0,"turns":4.0},{"damage":0.0,"enemies":"theSlumbering:NewSlaver","floor":10.0,"turns":4.0},{"damage":14.0,"enemies":"HollowMod:MossKnight","floor":12.0,"turns":5.0},{"damage":1.0,"enemies":"Exordium Thugs","floor":13.0,"turns":4.0},{"damage":0.0,"enemies":"theSlumbering:Adrasteia","floor":14.0,"turns":4.0},{"damage":19.0,"enemies":"Fading Forest","floor":16.0,"turns":11.0},{"damage":0.0,"enemies":"Chosen","floor":18.0,"turns":3.0},{"damage":19.0,"enemies":"Shell Parasite","floor":19.0,"turns":3.0},{"damage":6.0,"enemies":"Snecko","floor":20.0,"turns":4.0},{"damage":24,"enemies":"Centurion and Healer","floor":21,"turns":7},{"damage":25,"enemies":"Gremlin Leader","floor":23,"turns":4}],"seed_played":"-2748700488793950178","potions_obtained":[{"floor":3.0,"key":"Strength Potion"},{"floor":13.0,"key":"ColorlessPotion"},{"floor":14.0,"key":"FearPotion"},{"floor":19.0,"key":"PowerPotion"},{"floor":20.0,"key":"EntropicBrew"}],"is_trial":false,"path_per_floor":["M","?","M","?","$","R","M","M","T","M","R","E","M","E","R","B",null,"M","M","M","M","$","E"],"character_chosen":"WATCHER","items_purchased":["theSlumbering:GamblerFolly"],"campfire_rested":1,"item_purchase_floors":[22],"current_hp_per_floor":[72,54,38,38,38,38,32,24,24,24,45,31,30,30,30,53,72,72,53,47,23,23,0,0],"gold":149,"neow_bonus":"ONE_RANDOM_RARE_CARD","is_daily":false,"chose_seed":false,"campfire_upgraded":2,"win_rate":0.0,"timestamp":1613771709,"path_taken":["M","?","M","?","$","R","M","M","T","?","R","E","M","E","R","BOSS","M","M","M","M","$","E"],"items_purchased_type":["Relic"],"build_version":"2020-12-22","purchased_purges":2,"victory":false,"max_hp_per_floor":[72,72,72,72,72,72,72,72,72,72,72,72,72,72,72,72,72,72,72,72,72,72,72,72],"card_choices":[{"not_picked":["ClearTheMind","EmptyBody"],"picked":"PathToVictory","floor":1.0},{"not_picked":["Nirvana","Protect"],"picked":"Collect","floor":3.0},{"not_picked":["BowlingBash","ReachHeaven"],"picked":"Replay:AtTheReady","floor":7.0},{"not_picked":["Protect","Replay:Battleflow"],"picked":"Replay:ManipulateFuture","floor":8.0},{"not_picked":["JustLucky","Adaptation","Meditate"],"picked":"SKIP","floor":10.0},{"not_picked":["Devotion","Consecrate"],"picked":"PathToVictory","floor":12.0},{"not_picked":["CrushJoints","JustLucky"],"picked":"PathToVictory","floor":13.0},{"not_picked":["BowlingBash","Protect"],"picked":"SignatureMove","floor":14.0},{"not_picked":["Establishment","Blasphemy"],"picked":"Omniscience","floor":16.0},{"not_picked":["TalkToTheHand","FollowUp+1","Nirvana"],"picked":"SKIP","floor":18.0},{"not_picked":["CutThroughFate","Evaluate"],"picked":"ThirdEye","floor":19.0},{"not_picked":["Indignation","Worship+1","Crescendo"],"picked":"SKIP","floor":20.0},{"not_picked":["FlurryOfBlows","Crescendo"],"picked":"Evaluate+1","floor":21}],"player_experience":124578,"relics_obtained":[{"floor":9.0,"key":"halation:LettersToHer"},{"floor":9.0,"key":"Replay:Bandana"},{"floor":12.0,"key":"Pantograph"},{"floor":14.0,"key":"Gremlin Horn"}],"event_choices":[{"damage_healed":0.0,"max_hp_gain":0.0,"max_hp_loss":0.0,"gold_gain":0.0,"event_name":"Scrap Ooze","player_choice":"Success","floor":2.0,"gold_loss":0.0,"damage_taken":18.0,"relics_obtained":["halation:LettersToHer"]},{"damage_healed":0.0,"max_hp_gain":0.0,"max_hp_loss":0.0,"gold_gain":0.0,"cards_transformed":["Strike_P"],"event_name":"Transmorgrifier","player_choice":"Transformed","floor":4.0,"gold_loss":0.0,"damage_taken":0.0,"cards_obtained":["Evaluate"]}],"is_beta":false,"boss_relics":[{"not_picked":["Ectoplasm","halation:Prosthetics"],"picked":"hubris:VirtuousBlindfold"}],"items_purged_floors":[5,22],"is_endless":false,"potions_floor_spawned":[3,13,14,19,20],"killed_by":"Gremlin Leader","ascension_level":0}}