{"host":"v5au5eh5ych42xnd","time":1613723520,"event":{"mods":["AchievementEnabler","AlwaysNeverKeys","BaseMod","Better Altar","Better Third Choice","Better-Laid Plans","BetterRewards","Colored Map","Colored Powertips","Curses Come First","Defuse TimeMaze Blight","Emptier Cage","Googly Eyes","Halation","Infinite Spire","Minty Spire (QoL Compilation)","Permanent Neow","Quick Restart","Relic Stats","Reliquary","Replay The Spire","Shop Mod","StSLib","SuperFastMode","Synergy Search","everything is the same but u backflip on backflip","slay the spire mod where everything is the same but ironclad has a cowboy hat"],"gold_per_floor":[216,216,226,244,259,259,285,285,310,310,58,58,73,73,73,174,174,99,99,99,99,99,99,99,99,99],"floor_reached":25,"language":"ENG","playtime":978,"items_purged":[],"score":301,"play_id":"0351e958-a128-4eb5-b8fe-c12d72f6562b","local_time":"20210219093200","is_ascension_mode":true,"campfire_choices":[{"data":"SandsOfTime","floor":6,"key":"SMITH"},{"data":"ConjureBlade","floor":8,"key":"SMITH"},{"data":"Eruption","floor":10,"key":"SMITH"},{"data":"Dramatic Entrance","floor":12,"key":"SMITH"},{"data":"ClearTheMind","floor":15,"key":"SMITH"},{"data":"RitualDagger","floor":23,"key":"SMITH"}],"circlet_count":0,"master_deck":["Strike_P","Strike_P","Strike_P","Defend_P","Defend_P","Defend_P","Defend_P+1","Eruption+1","Vigilance","FlyingSleeves","CarveReality","ClearTheMind+1","SandsOfTime+1","ConjureBlade+1","Dramatic Entrance+1","Consecrate","Devotion","TalkToTheHand","RitualDagger+1","Halt+1","Prostrate+1","Tantrum+1"],"relics":["PureWater","halation:AfternoonTea","reliquary:ExpiredCoupon","Oddly Smooth Stone","Ectoplasm","Darkstone Periapt"],"acts_visited":["Exordium","TheCity"],"potions_floor_usage":[22,25],"damage_taken":[{"damage":6,"enemies":"Jaw Worm","floor":1,"turns":5},{"damage":4,"enemies":"infinitespire:Voidling","floor":3,"turns":3},{"damage":0,"enemies":"Small Slimes","floor":4,"turns":3},{"damage":4,"enemies":"Looter","floor":5,"turns":4},{"damage":26,"enemies":"Replay:BlueRogue","floor":7,"turns":5},{"damage":0,"enemies":"3 Louse","floor":13,"turns":2},{"damage":0,"enemies":"Slime Boss","floor":16,"turns":4},{"damage":32,"enemies":"2 Thieves","floor":18,"turns":4},{"damage":11,"enemies":"3 Byrds","floor":22,"turns":5},{"damage":9,"enemies":"Snake Plant","floor":24,"turns":3},{"damage":16,"enemies":"Slavers","floor":25,"turns":2}],"seed_played":"-3314412324878918202","potions_obtained":[{"floor":1,"key":"Fire Potion"},{"floor":4,"key":"Block Potion"},{"floor":5,"key":"Dexterity Potion"},{"floor":21,"key":"Elixir"}],"is_trial":false,"path_per_floor":["M","?","M","M","M","R","E","R","T","R","$","R","M","?","R_BF","B",null,"M","AVR","?","?","M","R","M","E"],"character_chosen":"WATCHER","items_purchased":["Oddly Smooth Stone","Dramatic Entrance"],"campfire_rested":0,"item_purchase_floors":[11,11],"current_hp_per_floor":[66,66,62,62,58,58,32,32,32,32,32,32,32,32,32,32,72,40,40,34,34,23,23,14,0,0],"gold":99,"neow_bonus":"HUNDRED_GOLD","is_daily":false,"chose_seed":false,"campfire_upgraded":6,"win_rate":0.0,"timestamp":1613723520,"path_taken":["M","?","M","?","M","R","E","R","T","R","$","R","M","?","R_BF","BOSS","M","AVR","?","?","M","R","M","E"],"items_purchased_type":["Relic","Card"],"build_version":"2020-12-22","purchased_purges":0,"victory":false,"max_hp_per_floor":[72,72,72,72,72,72,72,72,72,72,72,72,72,72,72,72,72,72,72,72,72,72,72,72,72,72],"relic_stats":{"Darkstone Periapt":0,"counters":[11,40],"Ectoplasm":138,"obtain_stats":[{"Darkstone Periapt":19,"reliquary:ExpiredCoupon":9,"Oddly Smooth Stone":11,"Ectoplasm":17,"halation:AfternoonTea":7,"PureWater":0},{"Darkstone Periapt":8,"reliquary:ExpiredCoupon":5,"Oddly Smooth Stone":5,"Ectoplasm":7,"halation:AfternoonTea":5,"PureWater":0},{"Darkstone Periapt":30,"reliquary:ExpiredCoupon":20,"Oddly Smooth Stone":20,"Ectoplasm":26,"halation:AfternoonTea":20,"PureWater":0}]},"card_choices":[{"not_picked":["WaveOfTheHand","FollowUp"],"picked":"FlyingSleeves","floor":1},{"not_picked":["Crescendo","Adaptation"],"picked":"CarveReality","floor":3},{"not_picked":["Replay:Battleflow","Replay:ManipulateFuture"],"picked":"ClearTheMind","floor":4},{"not_picked":["Evaluate","CutThroughFate"],"picked":"SandsOfTime","floor":5},{"not_picked":["BattleHymn","SashWhip"],"picked":"ConjureBlade","floor":7},{"not_picked":["EmptyBody","CrushJoints"],"picked":"Consecrate","floor":13},{"not_picked":["Omniscience","Vault"],"picked":"Devotion","floor":16},{"not_picked":["Replay:BluntJabs","ClearTheMind"],"picked":"TalkToTheHand","floor":18},{"not_picked":["Replay:ManipulateFuture","Replay:AtTheReady+1"],"picked":"Halt+1","floor":21},{"not_picked":["Tantrum","Replay:DivineShield"],"picked":"Prostrate+1","floor":22},{"not_picked":["PathToVictory","Replay:Hum"],"picked":"Tantrum+1","floor":24}],"player_experience":771882,"relics_obtained":[{"floor":7,"key":"halation:AfternoonTea"},{"floor":9,"key":"reliquary:ExpiredCoupon"}],"event_choices":[{"cards_removed":["Strike_P"],"damage_healed":0,"gold_gain":0,"player_choice":"Offered Basic","damage_taken":0,"max_hp_gain":0,"max_hp_loss":0,"event_name":"Bonfire Elementals","floor":2,"gold_loss":0},{"damage_healed":0,"gold_gain":0,"player_choice":"Dagger","damage_taken":6,"max_hp_gain":0,"max_hp_loss":0,"event_name":"betterThird:BetterNest","floor":20,"gold_loss":0,"cards_obtained":["RitualDagger"]}],"is_beta":false,"boss_relics":[{"not_picked":["reliquary:RustamsPendant","ReplayTheSpireMod:DimensionalGlitch"],"picked":"Ectoplasm"}],"items_purged_floors":[],"is_endless":false,"potions_floor_spawned":[1,4,5,16,18],"killed_by":"Slavers","ascension_level":4}}