{"host":"Ringo","time":1613694350,"event":{"mods":["BaseMod","Colored Map","Conspire","Dota2Spire","Hubris","Minty Spire (QoL Compilation)","Replay The Spire","StSLib","The Construct","[IsaacMod]ÒÔÈö¼âËþ","¡¾ÒÅÎï¿¨ÅÆ¡¿REMEMod"],"gold_per_floor":[114,133,150,150,150,183,300,329,329,388,416,448,518,544,544,618,618,630,641,641,364,149,178,205,232,312,337,337,368,398,427,427,500,500,510,510,287,287,306,339,351,379,460,477,503,537,498,525,525,525,525],"floor_reached":52,"language":"ZHS","playtime":1602,"items_purged":[],"score":3876,"play_id":"ac3a7216-c778-44b3-8445-af481819a038","local_time":"20210219082550","daily_mods":["SealedDeck","Vintage","Red Cards","Green Cards","Colorless Cards","Heirloom","Time Dilation","Flight","DeadlyEvents","Elite Swarm","Lethality","Binary"],"is_ascension_mode":true,"campfire_choices":[{"data":"Entrench","floor":15.0,"key":"SMITH"},{"data":"Armaments","floor":28.0,"key":"SMITH"},{"data":"conspire:Banana","floor":32.0,"key":"SMITH"},{"data":"Hidden Blade","floor":49.0,"key":"SMITH"}],"circlet_count":0,"master_deck":["AscendersBane","Dodge and Roll","Run Through","Twin Strike","Masterful Stab","Sword Boomerang","Dagger Spray","Thunderclap","conspire:Banana+1","Hidden Blade+1","Rage","Shrug It Off","Entrench+1","Metallicize","Seeing Red","Finisher+1","Armaments+1","Impervious","Caltrops","Panacea","Flechettes"],"relics":["Burning Blood","Busted Crown","HushsDoor","REME_ComplimentaryCards","replay:Trail_Library","GuppysTail","Pen Nib","Peace Pipe","TheBean","Dota2Spire:MonkeyKingBar","Lantern","BloodDonationBag","Dota2Spire:BladeMail","Replay:PocketPolymizer","Dota2Spire:ArmletOfMordiggian","hubris:Spice","Art of War","Dota2Spire:EyeOfSkadi","SatanicBible","Darkstone Periapt","Membership Card","Chaos","Singing Bowl","TheBattery","PreservedInsect","Replay:Bottled Steam","hubris:Icosahedron","conspire:Dentures","AnarchistCookbook","REME_CardOfGreed","Paper Crane","Pet Ghost"],"acts_visited":["Exordium","TheCity","TheBeyond"],"potions_floor_usage":[50,51],"damage_taken":[{"damage":0.0,"enemies":"Small Slimes","floor":1.0,"turns":2.0},{"damage":11.0,"enemies":"Jaw Worm","floor":2.0,"turns":2.0},{"damage":2.0,"enemies":"conspire:RoseBush","floor":3.0,"turns":1.0},{"damage":0.0,"enemies":"Gremlin Nob","floor":6.0,"turns":2.0},{"damage":0.0,"enemies":"Lagavulin","floor":7.0,"turns":2.0},{"damage":0.0,"enemies":"Gremlin Nob","floor":8.0,"turns":2.0},{"damage":0.0,"enemies":"Lagavulin","floor":10.0,"turns":1.0},{"damage":0.0,"enemies":"3 Sentries","floor":11.0,"turns":2.0},{"damage":0.0,"enemies":"Gremlin Nob","floor":12.0,"turns":2.0},{"damage":0.0,"enemies":"3 Sentries","floor":14.0,"turns":2.0},{"damage":0.0,"enemies":"Slime Boss","floor":16.0,"turns":1.0},{"damage":0.0,"enemies":"3 Byrds","floor":18.0,"turns":2.0},{"damage":0.0,"enemies":"2 Thieves","floor":19.0,"turns":1.0},{"damage":0.0,"enemies":"Book of Stabbing","floor":23.0,"turns":1.0},{"damage":0.0,"enemies":"conspire:Head Lice","floor":24.0,"turns":3.0},{"damage":0.0,"enemies":"Slavers","floor":25.0,"turns":2.0},{"damage":0.0,"enemies":"REME_1_Revenger","floor":27.0,"turns":2.0},{"damage":0.0,"enemies":"conspire:SneckoGhost","floor":29.0,"turns":3.0},{"damage":0.0,"enemies":"Slavers","floor":30.0,"turns":2.0},{"damage":0.0,"enemies":"conspire:Head Lice","floor":31.0,"turns":3.0},{"damage":0.0,"enemies":"Collector","floor":33.0,"turns":1.0},{"damage":0.0,"enemies":"3 Shapes","floor":35.0,"turns":3.0},{"damage":0.0,"enemies":"Orb Walker","floor":39.0,"turns":2.0},{"damage":0.0,"enemies":"R_Hoarder","floor":40.0,"turns":2.0},{"damage":0.0,"enemies":"3 Darklings","floor":41.0,"turns":3.0},{"damage":0.0,"enemies":"Giant Head","floor":42.0,"turns":4.0},{"damage":0.0,"enemies":"Transient","floor":44.0,"turns":6.0},{"damage":0.0,"enemies":"R_Hoarder","floor":45.0,"turns":2.0},{"damage":0.0,"enemies":"Nemesis","floor":46.0,"turns":1.0},{"damage":0.0,"enemies":"R_Hoarder","floor":48.0,"turns":3.0},{"damage":0,"enemies":"Awakened One","floor":50,"turns":6},{"damage":0,"enemies":"Donu and Deca","floor":51,"turns":2}],"seed_played":"1113485095153024301","potions_obtained":[{"floor":2.0,"key":"Swift Potion"},{"floor":6.0,"key":"Energy Potion"},{"floor":8.0,"key":"REME_GoldPotion"},{"floor":11.0,"key":"Swift Potion"},{"floor":12.0,"key":"Block Potion"},{"floor":27.0,"key":"BloodPotion"},{"floor":44.0,"key":"CultistPotion"}],"is_trial":true,"path_per_floor":["M","M","M","?","?","E","E","E","T","E","E","E","T","E","R","B",null,"M","M","?","$","$","E","E","E","T","E","R","E","E","E","R","B",null,"M","?","$","$","M","E","M","E","T","M","E","E","$","E","R","B","B",null],"character_chosen":"IRONCLAD","items_purchased":["Membership Card","Metallicize","Seeing Red","Finisher+1","Chaos","Singing Bowl","Impervious","conspire:Dentures","Caltrops","Panacea","Flechettes"],"campfire_rested":0,"item_purchase_floors":[21,21,21,21,22,22,34,37,37,37,47],"current_hp_per_floor":[75,71,76,76,78,79,58,65,65,72,87,92,100,106,106,107,107,108,108,108,108,108,108,109,110,102,103,103,104,105,106,106,106,102,104,104,104,104,106,106,108,110,110,112,114,108,108,102,102,104,104],"gold":525,"neow_bonus":"","is_daily":false,"chose_seed":false,"campfire_upgraded":4,"win_rate":0.0,"timestamp":1613694350,"path_taken":["M","M","M","?","?","E","E","E","T","E","E","E","?","E","R","BOSS","M","M","?","?","$","E","E","E","T","E","R","E","?","E","R","BOSS","M","?","$","$","M","E","?","E","T","M","E","E","$","E","R","BOSS","BOSS"],"items_purchased_type":["Relic","Card","Card","Card","Card","Relic","Card","Relic","Card","Card","Card"],"build_version":"2020-12-18","purchased_purges":0,"victory":true,"max_hp_per_floor":[76,77,78,78,78,79,80,81,81,82,91,92,100,106,106,107,107,108,108,108,108,108,108,109,110,102,103,103,104,105,106,106,106,102,104,104,104,104,106,106,108,110,110,112,114,108,108,102,102,104,104],"card_choices":[],"player_experience":719883,"relics_obtained":[{"floor":1.0,"key":"Pen Nib"},{"floor":2.0,"key":"Peace Pipe"},{"floor":3.0,"key":"TheBean"},{"floor":6.0,"key":"Dota2Spire:MonkeyKingBar"},{"floor":7.0,"key":"Lantern"},{"floor":8.0,"key":"Dota2Spire:BladeMail"},{"floor":9.0,"key":"Replay:PocketPolymizer"},{"floor":10.0,"key":"Dota2Spire:ArmletOfMordiggian"},{"floor":11.0,"key":"hubris:Spice"},{"floor":12.0,"key":"Art of War"},{"floor":13.0,"key":"hubris:Spice"},{"floor":14.0,"key":"Dota2Spire:EyeOfSkadi"},{"floor":18.0,"key":"SatanicBible"},{"floor":19.0,"key":"Darkstone Periapt"},{"floor":25.0,"key":"TheBattery"},{"floor":26.0,"key":"hubris:Spice"},{"floor":29.0,"key":"PreservedInsect"},{"floor":41.0,"key":"AnarchistCookbook"},{"floor":42.0,"key":"REME_CardOfGreed"},{"floor":43.0,"key":"Paper Crane"},{"floor":45.0,"key":"Pet Ghost"},{"floor":46.0,"key":"hubris:Spice"},{"floor":48.0,"key":"hubris:Spice"}],"event_choices":[{"damage_healed":0.0,"max_hp_gain":0.0,"max_hp_loss":0.0,"gold_gain":0.0,"event_name":"Liars Game","player_choice":"Ignored","floor":4.0,"gold_loss":0.0,"damage_taken":0.0},{"cards_removed":["Carnage"],"damage_healed":2.0,"max_hp_gain":0.0,"max_hp_loss":0.0,"gold_gain":0.0,"event_name":"Bonfire Elementals","player_choice":"Offered Uncommon","floor":5.0,"gold_loss":0.0,"damage_taken":0.0}],"is_beta":true,"boss_relics":[{"not_picked":["Abe\u0027s Treasure","hubris:Spice","hubris:Spice"]},{"not_picked":["hubris:Spice","D4"],"picked":"Replay:Bottled Steam"},{"not_picked":[]}],"items_purged_floors":[],"is_endless":false,"potions_floor_spawned":[2,6,8,11,12,16,27,30,33,35,42,44],"ascension_level":20}}