{"host":"7bb7osqc91rjfyph","time":1613706009,"event":{"mods":["AchievementEnabler","BaseMod","BetterRewards","Colored Map","Colored Powertips","Downfall","Googly Eyes","Hermit","Hubris","Marisa????????","Minty Spire (QoL Compilation)","Shop Mod","StSLib","The Cursed"],"gold_per_floor":[115,115,235,235,335,362,362,387,411,39,66,78,78,97,97,195,195,214,228,240,240,85,85,119,119,146,178,197,197,209,222,222,323,323,334,349,349,349],"floor_reached":37,"language":"ENG","playtime":1304,"items_purged":["Strike_P"],"score":547,"play_id":"bd1d4f16-d2e1-465e-9674-7c04f0476b56","local_time":"20210218214009","is_ascension_mode":true,"campfire_choices":[{"floor":7.0,"key":"REST"},{"floor":13.0,"key":"REST"},{"data":"LessonLearned","floor":15.0,"key":"SMITH"},{"floor":23.0,"key":"RECALL"},{"data":"Omniscience","floor":25.0,"key":"SMITH"},{"data":"Ragnarok","floor":29.0,"key":"SMITH"},{"data":"Omniscience","floor":32,"key":"SMITH"}],"circlet_count":0,"master_deck":["Strike_P+1","Strike_P+1","Strike_P","Defend_P","Defend_P","Defend_P","Defend_P","Eruption+1","Vigilance","Ragnarok+1","Halt","Crescendo","Protect","LessonLearned+1","FlurryOfBlows+1","CutThroughFate+1","EmptyFist+1","Sanctity+1","Blasphemy","FlurryOfBlows","Adaptation+1","Necronomicurse","CutThroughFate+1","Omniscience+1","Omniscience+1","Consecrate","FlyingSleeves","Ragnarok","SandsOfTime+1","Halt+1"],"relics":["PureWater","hubris:Icosahedron","Art of War","Regal Pillow","hubris:Metronome","Pear","hubris:OldNail","Philosopher\u0027s Stone","Necronomicon","DollysMirror","Nunchaku","Lantern","Boot","Black Star"],"acts_visited":["Exordium","TheCity","TheBeyond"],"potions_floor_usage":[31],"damage_taken":[{"damage":1.0,"enemies":"2 Louse","floor":1.0,"turns":2.0},{"damage":7.0,"enemies":"Jaw Worm","floor":3.0,"turns":3.0},{"damage":42.0,"enemies":"Gremlin Nob","floor":6.0,"turns":5.0},{"damage":20.0,"enemies":"3 Sentries","floor":8.0,"turns":6.0},{"damage":26.0,"enemies":"Gremlin Nob","floor":11.0,"turns":5.0},{"damage":0.0,"enemies":"Small Slimes","floor":12.0,"turns":2.0},{"damage":9.0,"enemies":"Red Slaver","floor":14.0,"turns":4.0},{"damage":27.0,"enemies":"Hexaghost","floor":16.0,"turns":6.0},{"damage":0.0,"enemies":"Spheric Guardian","floor":18.0,"turns":2.0},{"damage":3.0,"enemies":"Shell Parasite","floor":19.0,"turns":2.0},{"damage":6.0,"enemies":"Snecko","floor":20.0,"turns":4.0},{"damage":6.0,"enemies":"Slavers","floor":24.0,"turns":3.0},{"damage":0.0,"enemies":"Gremlin Leader","floor":27.0,"turns":1.0},{"damage":0.0,"enemies":"Shelled Parasite and Fungi","floor":28.0,"turns":1.0},{"damage":0.0,"enemies":"Snake Plant","floor":30.0,"turns":1.0},{"damage":0,"enemies":"Chosen and Byrds","floor":31,"turns":1},{"damage":22,"enemies":"hubris:MusketHawk","floor":33,"turns":4},{"damage":11,"enemies":"3 Shapes","floor":35,"turns":2},{"damage":2,"enemies":"3 Darklings","floor":36,"turns":2},{"damage":75,"enemies":"4 Shapes","floor":37,"turns":4}],"seed_played":"4202736668626964708","potions_obtained":[{"floor":8.0,"key":"Dexterity Potion"},{"floor":11.0,"key":"hexamod:SoulburnPotion"},{"floor":12.0,"key":"DistilledChaos"},{"floor":18.0,"key":"Block Potion"},{"floor":19.0,"key":"LiquidMemories"},{"floor":30.0,"key":"Strength Potion"},{"floor":31,"key":"Fruit Juice"},{"floor":35,"key":"Swift Potion"}],"is_trial":false,"path_per_floor":["M","?","M","?","?","E","R","E","T","$","E","M","R","M","R","B",null,"M","M","M","?","$","R","E","R","T","E","M","R","M","M","R","B",null,"M","M","M"],"character_chosen":"WATCHER","items_purchased":["Pear","FlurryOfBlows","DollysMirror"],"campfire_rested":2,"item_purchase_floors":[10,10,22],"current_hp_per_floor":[71,71,64,61,61,19,55,35,35,45,19,19,58,49,49,22,82,82,79,73,57,57,57,51,51,51,51,51,51,51,56,56,34,87,76,74,0,0],"gold":349,"neow_bonus":"ONE_RANDOM_RARE_CARD","is_daily":false,"chose_seed":false,"campfire_upgraded":4,"win_rate":0.0,"timestamp":1613706009,"path_taken":["M","?","M","?","?","E","R","E","T","$","E","M","R","M","R","BOSS","M","M","M","?","$","R","E","R","T","E","M","R","M","M","R","BOSS","M","M","M"],"items_purchased_type":["Relic","Card","Relic"],"build_version":"2020-12-22","purchased_purges":1,"victory":false,"max_hp_per_floor":[72,72,72,72,72,72,72,72,72,82,82,82,82,82,82,82,82,82,82,82,82,82,82,82,82,82,82,82,82,82,87,87,87,87,87,87,87,87],"card_choices":[{"not_picked":["EmptyFist","CarveReality"],"picked":"Halt","floor":1.0},{"not_picked":["Prostrate","ThirdEye"],"picked":"Crescendo","floor":3.0},{"not_picked":["JustLucky","Conclude"],"picked":"Protect","floor":6.0},{"not_picked":["FollowUp","Blasphemy"],"picked":"LessonLearned","floor":8.0},{"not_picked":["Tantrum","FearNoEvil"],"picked":"CutThroughFate","floor":11.0},{"not_picked":["Crescendo","WindmillStrike"],"picked":"EmptyFist","floor":12.0},{"not_picked":["ReachHeaven","SignatureMove"],"picked":"Sanctity","floor":14.0},{"not_picked":["DevaForm","MasterReality"],"picked":"Blasphemy","floor":16.0},{"not_picked":["Consecrate","Swivel"],"picked":"FlurryOfBlows","floor":18.0},{"not_picked":["CutThroughFate","LikeWater"],"picked":"Adaptation+1","floor":19.0},{"not_picked":["JustLucky","ThirdEye","EmptyBody"],"picked":"SKIP","floor":20.0},{"not_picked":["Tantrum","LikeWater"],"picked":"Omniscience","floor":24.0},{"not_picked":["WaveOfTheHand","CrushJoints"],"picked":"Omniscience","floor":27.0},{"not_picked":["Prostrate+1","Worship","Halt"],"picked":"SKIP","floor":28.0},{"not_picked":["BowlingBash","Crescendo+1"],"picked":"Consecrate","floor":30.0},{"not_picked":["BowlingBash+1","Halt"],"picked":"FlyingSleeves","floor":31},{"not_picked":["Scrawl","LessonLearned"],"picked":"Ragnarok","floor":33},{"not_picked":["FollowUp","Prostrate"],"picked":"SandsOfTime+1","floor":35},{"not_picked":["Tantrum","PathToVictory"],"picked":"Halt+1","floor":36}],"player_experience":104101,"relics_obtained":[{"floor":6.0,"key":"Regal Pillow"},{"floor":8.0,"key":"hubris:Metronome"},{"floor":11.0,"key":"hubris:OldNail"},{"floor":21.0,"key":"Necronomicon"},{"floor":24.0,"key":"Nunchaku"},{"floor":26.0,"key":"Lantern"},{"floor":27.0,"key":"Boot"}],"event_choices":[{"damage_healed":0.0,"max_hp_gain":0.0,"max_hp_loss":0.0,"gold_gain":0.0,"event_name":"Scrap Ooze","player_choice":"Success","floor":4.0,"gold_loss":0.0,"damage_taken":3.0,"relics_obtained":["Art of War"]},{"damage_healed":0.0,"max_hp_gain":0.0,"max_hp_loss":0.0,"gold_gain":100.0,"event_name":"Golden Shrine","player_choice":"Pray","floor":5.0,"gold_loss":0.0,"damage_taken":0.0},{"damage_healed":0.0,"max_hp_gain":0.0,"max_hp_loss":0.0,"gold_gain":0.0,"event_name":"Cursed Tome","player_choice":"Obtained Book","floor":21.0,"gold_loss":0.0,"damage_taken":16.0}],"is_beta":false,"boss_relics":[{"not_picked":["hubris:GrandSneckoEye","hubris:RunicObelisk"],"picked":"Philosopher\u0027s Stone"},{"not_picked":["Sozu","Cursed Key"],"picked":"Black Star"}],"items_purged_floors":[10],"is_endless":false,"potions_floor_spawned":[8,11,12,18,19,30,31,35],"killed_by":"4 Shapes","ascension_level":3}}