{"host":"x5w9zppki4gdwvc7","time":1613762657,"event":{"mods":["AchievementEnabler","BaseMod","Colored Powertips","DeckTracker","Minty Spire (QoL Compilation)","SuperFastMode"],"gold_per_floor":[110,1,11,27,46,77,77,95,95,95,109,74,74,109,109,207,207,225,242,242,254,254,254,254,254],"floor_reached":24,"language":"ENG","playtime":1129,"items_purged":["Strike_R"],"score":208,"play_id":"414205fe-cfb3-44c0-839a-6a00a0c1aa0e","local_time":"20210219202417","is_ascension_mode":false,"campfire_choices":[{"data":"Heavy Blade","floor":7,"key":"SMITH"},{"data":"Flame Barrier","floor":13,"key":"SMITH"},{"data":"Inflame","floor":15,"key":"SMITH"},{"data":"Heavy Blade","floor":23,"key":"SMITH"}],"circlet_count":0,"master_deck":["Strike_R","Strike_R","Strike_R","Defend_R","Defend_R","Defend_R","Bash","Inflame+1","Dropkick","Flame Barrier+1","Heavy Blade+1","Disarm","Inflame","Demon Form","Twin Strike","Shrug It Off+1","Heavy Blade+1","J.A.X."],"relics":["Black Blood","Akabeko","Potion Belt","Centennial Puzzle"],"acts_visited":["Exordium","TheCity"],"potions_floor_usage":[21,21,21,21],"damage_taken":[{"damage":6,"enemies":"Cultist","floor":1,"turns":3},{"damage":7,"enemies":"Small Slimes","floor":3,"turns":4},{"damage":3,"enemies":"2 Louse","floor":4,"turns":3},{"damage":16,"enemies":"Exordium Wildlife","floor":5,"turns":4},{"damage":6,"enemies":"Gremlin Nob","floor":6,"turns":3},{"damage":12,"enemies":"Blue Slaver","floor":8,"turns":3},{"damage":14,"enemies":"3 Louse","floor":11,"turns":3},{"damage":31,"enemies":"3 Sentries","floor":14,"turns":6},{"damage":22,"enemies":"The Guardian","floor":16,"turns":9},{"damage":22,"enemies":"Shell Parasite","floor":18,"turns":6},{"damage":7,"enemies":"3 Byrds","floor":19,"turns":5},{"damage":87,"enemies":"3 Cultists","floor":21,"turns":7},{"damage":27,"enemies":"Book of Stabbing","floor":24,"turns":4}],"seed_played":"-4909501226650394529","potions_obtained":[{"floor":4,"key":"SkillPotion"},{"floor":6,"key":"BloodPotion"},{"floor":8,"key":"GamblersBrew"},{"floor":14,"key":"Regen Potion"},{"floor":16,"key":"Regen Potion"}],"is_trial":false,"path_per_floor":["M","$","M","M","M","E","R","M","T","?","M","?","R","E","R","B",null,"M","M","?","M","?","R","E"],"character_chosen":"IRONCLAD","items_purchased":["Dropkick"],"campfire_rested":0,"item_purchase_floors":[2],"current_hp_per_floor":[56,56,55,58,48,48,48,42,42,42,34,54,54,29,29,13,80,70,75,75,26,26,26,0,0],"gold":254,"neow_bonus":"REMOVE_TWO","is_daily":false,"chose_seed":false,"campfire_upgraded":4,"win_rate":0.0,"timestamp":1613762657,"path_taken":["M","?","M","?","M","E","R","M","T","?","?","?","R","E","R","BOSS","M","M","?","M","?","R","E"],"items_purchased_type":["Card"],"build_version":"2020-12-22","purchased_purges":1,"victory":false,"max_hp_per_floor":[80,80,80,80,80,80,80,80,80,80,80,80,80,80,80,80,80,80,80,80,80,80,80,80,80],"card_choices":[{"not_picked":["Pommel Strike","Body Slam"],"picked":"Inflame","floor":1},{"not_picked":["Clothesline","Havoc"],"picked":"Flame Barrier","floor":3},{"not_picked":["Flame Barrier","Hemokinesis"],"picked":"Heavy Blade","floor":4},{"not_picked":["Hemokinesis","Armaments","Anger"],"picked":"SKIP","floor":5},{"not_picked":["Wild Strike","Reaper","Infernal Blade"],"picked":"SKIP","floor":6},{"not_picked":["Pommel Strike","Clothesline"],"picked":"Disarm","floor":8},{"not_picked":["Rage","Burning Pact","Entrench"],"picked":"SKIP","floor":11},{"not_picked":["Sword Boomerang","Wild Strike"],"picked":"Inflame","floor":14},{"not_picked":["Offering","Limit Break"],"picked":"Demon Form","floor":16},{"not_picked":["Sword Boomerang","Second Wind"],"picked":"Twin Strike","floor":18},{"not_picked":["Sentinel","Blood for Blood+1"],"picked":"Shrug It Off+1","floor":19},{"not_picked":["Cleave","Fire Breathing+1"],"picked":"Heavy Blade","floor":21}],"player_experience":670610,"relics_obtained":[{"floor":6,"key":"Akabeko"},{"floor":9,"key":"Potion Belt"},{"floor":14,"key":"Centennial Puzzle"}],"event_choices":[{"damage_healed":0,"gold_gain":0,"player_choice":"0 cards matched","damage_taken":0,"max_hp_gain":0,"max_hp_loss":0,"event_name":"Match and Keep!","floor":10,"gold_loss":0,"cards_obtained":[]},{"damage_healed":20,"gold_gain":0,"player_choice":"Healed","damage_taken":0,"max_hp_gain":0,"max_hp_loss":0,"event_name":"The Cleric","floor":12,"gold_loss":35},{"damage_healed":0,"gold_gain":0,"player_choice":"Ignored","damage_taken":0,"max_hp_gain":0,"max_hp_loss":0,"event_name":"Vampires","floor":20,"gold_loss":0},{"damage_healed":0,"gold_gain":0,"player_choice":"Obtain J.A.X.","damage_taken":0,"max_hp_gain":0,"max_hp_loss":0,"event_name":"Drug Dealer","floor":22,"gold_loss":0,"cards_obtained":["J.A.X."]}],"is_beta":false,"boss_relics":[{"not_picked":["Runic Cube","Runic Pyramid"],"picked":"Black Blood"}],"items_purged_floors":[2],"is_endless":false,"potions_floor_spawned":[4,6,8,14,16,19],"killed_by":"Book of Stabbing","ascension_level":0}}