{"host":"st1kg310ms6sytc5","time":1613726909,"event":{"mods":["ATMod(°¢èªMod)","Act Like it!","BaseMod","Bossed Relics","CapriCore","Gensokyo","Minty Spire (QoL Compilation)","StSLib","SuperFastMode","Wide Potions","Yakumo Yukari mod","¡¾ÒÅÎï¿¨ÅÆ¡¿REMEMod"],"gold_per_floor":[140,192,202,220,240,265,279,307,356,356,356,387,9,9,9,108,108,120,131,151,46,46,46,72,72,123,123,123,154,364,391,391,391,391],"floor_reached":33,"language":"ZHS","playtime":2021,"items_purged":["AT_purpleEX"],"score":583,"play_id":"ae6a5ad2-ff67-48ef-a9e5-1093ec39a458","local_time":"20210219172829","is_ascension_mode":true,"campfire_choices":[{"data":"AT_ShadowStep","floor":15.0,"key":"SMITH"},{"data":"Umbrella_purple","floor":23,"key":"SMITH"},{"data":"Anti_communist_purple","floor":25,"key":"SMITH"},{"data":"Observe_purple_2","floor":27,"key":"SMITH"},{"floor":32,"key":"DIG"}],"circlet_count":0,"master_deck":["AscendersBane","AT_purpleEX","AT_purpleEX","Defend_purpleEX","Defend_purpleEX","Defend_purpleEX","Defend_purpleEX","Observe_purple_2+1","AT_ShadowStep+1","Nest_LightFlightworm_purple+1","WeekHit_purple","Boundary_LightAndDark_purple","Umbrella_purple+1","Anti_communist_purple+1","Bait_HighSpeedFlying_purple+1","DimensionStaggered_purple+1","Mirror_TwoAndThreeElementRealm_purple","ButterflyHabitatTemple_purple","DimensionStaggered_purple+1"],"relics":["Boundary_crack","Memoryfragments_purpleEX","AT_ATBox","REME_ComplimentaryCards","Pocketwatch","Molten Egg 2","AT_EbonyIvory","Gensokyo:Mercy","AT_GreenNoBalance","Velvet Choker","Gensokyo:SongOfSouls","Calipers","Strawberry","War Paint","Shovel","Oddly Smooth Stone"],"acts_visited":["Gensokyo:Gensokyo","Gensokyo:Gensokyoer"],"potions_floor_usage":[33,33],"damage_taken":[{"damage":0.0,"enemies":"Gensokyo:Gryphon","floor":1.0,"turns":3.0},{"damage":3.0,"enemies":"Gensokyo:3_Fairies","floor":3.0,"turns":5.0},{"damage":0.0,"enemies":"Gensokyo:Python","floor":4.0,"turns":3.0},{"damage":0.0,"enemies":"Gensokyo:Kitsune","floor":5.0,"turns":2.0},{"damage":48.0,"enemies":"Gensokyo:Cirno","floor":6.0,"turns":7.0},{"damage":0.0,"enemies":"Gensokyo:LivingMonolith","floor":7.0,"turns":3.0},{"damage":14.0,"enemies":"Gensokyo:Aya","floor":8.0,"turns":6.0},{"damage":1.0,"enemies":"Gensokyo:Cirno","floor":12.0,"turns":5.0},{"damage":0.0,"enemies":"Gensokyo:Yukari","floor":16.0,"turns":6.0},{"damage":0.0,"enemies":"Gensokyo:AngelMirror","floor":18.0,"turns":3.0},{"damage":27.0,"enemies":"Gensokyo:CosmicMonolith","floor":19.0,"turns":3.0},{"damage":36.0,"enemies":"Gensokyo:Mirror_and_Dog","floor":20.0,"turns":6.0},{"damage":37,"enemies":"Gensokyo:Tenshi","floor":24,"turns":4},{"damage":12,"enemies":"Gensokyo:Koishi","floor":29,"turns":5},{"damage":24,"enemies":"Gensokyo:Swordslinger","floor":30,"turns":4},{"damage":20,"enemies":"Gensokyo:Tenshi","floor":31,"turns":3},{"damage":40,"enemies":"Gensokyo:Eternal_Rivals","floor":33,"turns":6}],"seed_played":"-284649501114744339","potions_obtained":[{"floor":4.0,"key":"SneckoOil"},{"floor":6.0,"key":"SteroidPotion"},{"floor":12.0,"key":"DistilledChaos"},{"floor":16.0,"key":"EntropicBrew"}],"is_trial":false,"path_per_floor":["M","T","M","M","M","E","M","E","T","?","?","E","$","?","R","B",null,"M","M","M","COS","?","R","E","R","T","R","?","E","M","E","R","B"],"character_chosen":"Youkari","items_purchased":["AT_SilverBalance","DimensionStaggered_purple"],"campfire_rested":0,"item_purchase_floors":[13,13],"current_hp_per_floor":[64,64,62,63,64,16,16,2,2,2,2,2,2,9,9,42,68,39,11,13,13,13,13,28,28,35,35,35,26,38,39,39,0,0],"gold":391,"neow_bonus":"UPGRADE_CARD","is_daily":false,"chose_seed":false,"campfire_upgraded":4,"win_rate":0.0,"timestamp":1613726909,"path_taken":["M","?","M","M","?","E","M","E","T","?","?","E","$","?","R","BOSS","M","?","?","COS","?","R","E","R","T","R","?","E","?","E","R","BOSS"],"items_purchased_type":["Relic","Card"],"build_version":"2020-12-22","purchased_purges":1,"victory":false,"max_hp_per_floor":[70,70,70,70,70,70,70,70,70,70,70,70,70,77,77,77,77,77,77,77,77,77,77,77,77,84,84,84,84,84,84,84,84,84],"card_choices":[{"not_picked":["Boundary_of_Extermination_purpleEX","Line_surface_state_purple"],"picked":"WeekHit_purple","floor":1.0},{"not_picked":["AdvanceAttack_purple","MonsterNeedle_purple"],"picked":"Boundary_LightAndDark_purple","floor":3.0},{"not_picked":["Mirror_FormAndEmptin_purple","Line_surface_state_purple","AdvanceAttack_purple"],"picked":"SKIP","floor":4.0},{"not_picked":["RuleDissolution_purple","MNeedle_purple","StateDuplicate_purple"],"picked":"SKIP","floor":5.0},{"not_picked":["SfantasyHide_purple","RealityDreamConfluencek_purple"],"picked":"Umbrella_purple","floor":6.0},{"not_picked":["SharpContractionReality_purple","Realm_recovery_purpleEX","StateErode_purple"],"picked":"SKIP","floor":7.0},{"not_picked":["Fancifulhole_purple+1","AdvanceAttack_purple+1","Shallow_ocean_purpleEX+1"],"picked":"SKIP","floor":8.0},{"not_picked":["Realm_recovery_purpleEX","WingOfChimera_purple"],"picked":"Anti_communist_purple","floor":10.0},{"not_picked":["Realm_recovery_purpleEX","MeetDecomposer_purple"],"picked":"Bait_HighSpeedFlying_purple+1","floor":12.0},{"not_picked":["LoveAcrossDimensions_purple","Theboundaryofcreation_purpleEX"],"picked":"Mirror_TwoAndThreeElementRealm_purple","floor":16.0},{"not_picked":["Extrememeaning_purpleEX","SharpContractionReality_purple+1","Fantasy_PerpetualMotionMachine_purple+1"],"picked":"SKIP","floor":18.0},{"not_picked":["OmniscientAndOmnipotent_Monster_purple+1","SharpContractionReality_purple+1","MeetDecomposer_purple"],"picked":"SKIP","floor":19.0},{"not_picked":["ButterflyHabitatTemple_purple","Shallow_ocean_purpleEX+1","MonsterNeedle_purple"],"picked":"SKIP","floor":20.0},{"not_picked":["Shallow_ocean_purpleEX+1","MonsterNeedle_purple"],"picked":"ButterflyHabitatTemple_purple","floor":20.0},{"not_picked":["Bait_Toxicbait_purple","RealityDreamConfluencek_purple","Shallow_ocean_purpleEX+1"],"picked":"SKIP","floor":24},{"not_picked":["Charmbait_purple+1","Mirror_Drifter_purple+1"],"picked":"DimensionStaggered_purple","floor":29},{"not_picked":["Computing_the_future_purpleEX","Mirror_Drifter_purple+1","Realm_recovery_purpleEX"],"picked":"SKIP","floor":30},{"not_picked":["Charmbait_purple+1","BarrageBoundary_PipeDream_purple+1","Extrememeaning_purpleEX+1"],"picked":"SKIP","floor":31}],"player_experience":1437047,"relics_obtained":[{"floor":6.0,"key":"Pocketwatch"},{"floor":8.0,"key":"Molten Egg 2"},{"floor":9.0,"key":"AT_EbonyIvory"},{"floor":24,"key":"Calipers"},{"floor":26,"key":"Strawberry"},{"floor":29,"key":"War Paint"},{"floor":32,"key":"Oddly Smooth Stone"}],"event_choices":[],"is_beta":false,"boss_relics":[{"not_picked":["REME_LowDesire","REME_ChargedStone"],"picked":"Velvet Choker"}],"items_purged_floors":[13],"is_endless":false,"potions_floor_spawned":[4,6,8,12,16,19,20,24,29],"killed_by":"Gensokyo:Eternal_Rivals","ascension_level":12}}