{"host":"6bsan6hkua32tfq7","time":1613764425,"event":{"mods":["BaseMod","Better Third Choice","Colored Map","Highlight Path","Minty Spire (QoL Compilation)","StSLib"],"gold_per_floor":[112,13,31,31,46,71,82,82,82,82,82,82,92,72,72,72,72],"floor_reached":16,"language":"ENG","playtime":287,"items_purged":[],"score":220,"play_id":"56e2baed-2a2e-4843-ae73-77bd6a4ba2f3","local_time":"20210219205345","is_ascension_mode":true,"campfire_choices":[{"data":"Eruption","floor":10,"key":"SMITH"},{"data":"Consecrate","floor":12,"key":"SMITH"},{"data":"Conclude","floor":15,"key":"SMITH"}],"circlet_count":0,"master_deck":["AscendersBane","Strike_P","Strike_P","Strike_P","Strike_P","Defend_P","Defend_P","Defend_P","Defend_P","Eruption+1","Vigilance","Consecrate+1","BowlingBash","Conclude+1","FollowUp"],"relics":["PureWater","Nunchaku","Pantograph","Calipers","StoneCalendar"],"acts_visited":["Exordium"],"potions_floor_usage":[11,16],"damage_taken":[{"damage":2,"enemies":"Jaw Worm","floor":1,"turns":3},{"damage":1,"enemies":"Cultist","floor":3,"turns":4},{"damage":2,"enemies":"2 Louse","floor":5,"turns":3},{"damage":22,"enemies":"3 Sentries","floor":6,"turns":6},{"damage":3,"enemies":"Looter","floor":7,"turns":4},{"damage":3,"enemies":"Gremlin Nob","floor":11,"turns":3},{"damage":18,"enemies":"Exordium Thugs","floor":13,"turns":4},{"damage":35,"enemies":"Hexaghost","floor":16,"turns":8}],"seed_played":"-6249209656410442653","potions_obtained":[{"floor":5,"key":"SmokeBomb"},{"floor":6,"key":"SpeedPotion"},{"floor":14,"key":"FearPotion"}],"is_trial":false,"path_per_floor":["M","?","M","$","M","E","M","?","T","R","E","R","M","?","R","B"],"character_chosen":"WATCHER","items_purchased":[],"campfire_rested":0,"item_purchase_floors":[],"current_hp_per_floor":[59,59,58,58,56,34,31,31,31,31,28,28,10,10,10,0,0],"gold":72,"neow_bonus":"RANDOM_COMMON_RELIC","is_daily":false,"chose_seed":false,"campfire_upgraded":3,"win_rate":0.0,"timestamp":1613764425,"path_taken":["M","?","?","$","?","E","M","?","T","R","E","R","M","?","R","BOSS"],"items_purchased_type":[],"build_version":"2020-12-22","purchased_purges":0,"victory":false,"max_hp_per_floor":[68,68,68,68,68,68,68,68,68,68,68,68,68,68,68,68,68],"card_choices":[{"not_picked":["Halt","Crescendo"],"picked":"Consecrate","floor":1},{"not_picked":["JustLucky","ForeignInfluence"],"picked":"BowlingBash","floor":3},{"not_picked":["Vengeance","CrushJoints","Prostrate"],"picked":"SKIP","floor":5},{"not_picked":["FlyingSleeves","Pray"],"picked":"Conclude","floor":6},{"not_picked":["Protect","FlyingSleeves"],"picked":"FollowUp","floor":7},{"not_picked":["EmptyBody","Wireheading","Worship"],"picked":"SKIP","floor":13}],"player_experience":5448822,"relics_obtained":[{"floor":6,"key":"Calipers"},{"floor":9,"key":"StoneCalendar"}],"event_choices":[{"damage_healed":0,"gold_gain":0,"player_choice":"Paid Gold","damage_taken":0,"relics_obtained":["Pantograph"],"max_hp_gain":0,"max_hp_loss":0,"event_name":"WeMeetAgain","floor":2,"gold_loss":99},{"damage_healed":0,"gold_gain":0,"player_choice":"Ignored","damage_taken":82,"max_hp_gain":0,"max_hp_loss":0,"event_name":"betterThird:BetterSerpent","floor":8,"gold_loss":0},{"damage_healed":0,"gold_gain":0,"player_choice":"Bought 1 Potion","damage_taken":0,"max_hp_gain":0,"max_hp_loss":0,"event_name":"The Woman in Blue","floor":14,"gold_loss":0}],"is_beta":false,"boss_relics":[],"items_purged_floors":[],"is_endless":false,"potions_floor_spawned":[5,6,11],"killed_by":"Hexaghost","ascension_level":20}}