{"host":"nwavcs7i011ziyjx","time":1613748274,"event":{"mods":["AchievementEnabler","BaseMod","Colored Map","Colored Powertips","Marisa（F雨　魔理沙）","Minty Spire (QoL Compilation)","MostiFishMod","Quick Restart","Rare Cards Sparkle","Remilia（蕾米莉亚）","Replay The Spire","Spicy Shops","StSLib","TestMod","The Servant 0.9.4","Uncapped","UnlockEverythingMod","WarShipGirlsR/战舰少女R mod","noobMod"],"gold_per_floor":[1140,716,730,747,760,790,790,817,817,380,380,412,38,73,73,170,170,182,199,211,211,226,257,257,282,282,59,59,69,69,81,81,186,186,205,205,103,121,132,165,183,211,237,254,11,11,29,64,64,64],"floor_reached":51,"language":"ZHS","playtime":2034,"items_purged":["Strike_MRS","Strike_MRS"],"score":1702,"play_id":"061efe62-d7f0-417f-aa61-cd7e9948ea6e","local_time":"20210219232434","is_ascension_mode":true,"campfire_choices":[{"data":"MilkyWay","floor":7,"key":"SMITH"},{"data":"BlazeAway","floor":11,"key":"SMITH"},{"data":"JA","floor":15,"key":"SMITH"},{"data":"PropBag","floor":24,"key":"SMITH"},{"data":"UpSweep","floor":30,"key":"SMITH"},{"data":"RefractionSpark","floor":32,"key":"SMITH"},{"data":"Defend_MRS","floor":46,"key":"SMITH"},{"data":"Strike_MRS","floor":49,"key":"SMITH"}],"circlet_count":0,"master_deck":["Strike_MRS+1","Strike_MRS","Defend_MRS+1","Defend_MRS+1","Defend_MRS+1","Defend_MRS+1","UpSweep+1","MilkyWay+1","BlazeAway+1","MilkyWay+1","JA+1","BlazeAway+1","CasketOfStar+1","RefractionSpark+1","PropBag+1","MachineGunSpark+1","Necronomicurse","UltimateShortwave+1","CurseOfTheBell","ChargingUp+1","ChargingUp+1","MachineGunSpark+1","CollectingQuirk+1","UltimateShortwave+1"],"relics":["MiniHakkero","ice","DaveBox","testmod-TestBox","FeatherPendant","testmod-CasingShield","NeowsBlessing","SynthV:TestCard","testmod-ArcanaOfDestiny","testmod-AssaultLearning","Chameleon Ring","testmod-BlackFramedGlasses","Golden Egg","Durian","SimpleLauncher","Technique","Toy Ornithopter","testmod-PortableAltar","MutagenicStrength","Kunai","Molten Egg 2","Vajra","Frozen Eye","Necronomicon","Calling Bell","Bag of Preparation","Sundial","Mango","Ancient Tea Set","Art of War","Smiling Mask","Replay:Baseball","Replay:Bottled Eggs"],"acts_visited":["Exordium","TheCity","TheBeyond"],"potions_floor_usage":[2,19,25,40,50],"damage_taken":[{"damage":0,"enemies":"Cultist","floor":1,"turns":1},{"damage":0,"enemies":"Small Slimes","floor":3,"turns":1},{"damage":0,"enemies":"Jaw Worm","floor":4,"turns":1},{"damage":0,"enemies":"Large Slime","floor":5,"turns":3},{"damage":0,"enemies":"3 Sentries","floor":6,"turns":4},{"damage":0,"enemies":"Gremlin Nob","floor":8,"turns":1},{"damage":0,"enemies":"Lagavulin","floor":12,"turns":1},{"damage":0,"enemies":"3 Sentries","floor":14,"turns":1},{"damage":0,"enemies":"The Guardian","floor":16,"turns":4},{"damage":1,"enemies":"Spheric Guardian","floor":18,"turns":1},{"damage":1,"enemies":"3 Byrds","floor":19,"turns":1},{"damage":2,"enemies":"Centurion and Healer","floor":20,"turns":2},{"damage":0,"enemies":"Snecko","floor":22,"turns":1},{"damage":0,"enemies":"Book of Stabbing","floor":23,"turns":1},{"damage":0,"enemies":"Gremlin Leader","floor":25,"turns":2},{"damage":0,"enemies":"Cultist and Chosen","floor":29,"turns":2},{"damage":0,"enemies":"3 Cultists","floor":31,"turns":1},{"damage":0,"enemies":"Champ","floor":33,"turns":2},{"damage":0,"enemies":"3 Shapes","floor":35,"turns":1},{"damage":0,"enemies":"3 Darklings","floor":38,"turns":1},{"damage":0,"enemies":"Writhing Mass","floor":39,"turns":1},{"damage":0,"enemies":"R_Hoarder","floor":40,"turns":2},{"damage":6,"enemies":"4 Shapes","floor":41,"turns":2},{"damage":0,"enemies":"Nemesis","floor":42,"turns":1},{"damage":0,"enemies":"Spire Growth","floor":44,"turns":1},{"damage":0,"enemies":"Transient","floor":47,"turns":2},{"damage":0,"enemies":"R_Hoarder","floor":48,"turns":2},{"damage":0,"enemies":"Donu and Deca","floor":50,"turns":1}],"seed_played":"-5664924617875525732","potions_obtained":[{"floor":4,"key":"Weak Potion"},{"floor":6,"key":"ColorlessPotion"},{"floor":12,"key":"Dexterity Potion"},{"floor":16,"key":"ColorlessPotion"},{"floor":19,"key":"testmod-SpacePotion"},{"floor":20,"key":"Ancient Potion"},{"floor":22,"key":"Weak Potion"},{"floor":29,"key":"DuplicationPotion"},{"floor":33,"key":"Death Potion"},{"floor":35,"key":"SteroidPotion"},{"floor":39,"key":"Energy Potion"},{"floor":44,"key":"SkillPotion"}],"is_trial":false,"path_per_floor":["M","$","M","M","M","E","R","E","T","$","R","E","$","E","R","B",null,"M","M","M","?","M","E","R","E","T","$","?","M","R","M","R","B",null,"M","?","$","M","M","E","M","E","T","M","$","R","M","E","R","B",null],"character_chosen":"MARISA","items_purchased":["testmod-ArcanaOfDestiny","Fruit Juice","BlazeAway","Golden Egg","SimpleLauncher","Technique","Frozen Eye","MachineGunSpark+1","ChargingUp","Replay:Baseball","UltimateShortwave+1"],"campfire_rested":0,"item_purchase_floors":[2,2,10,10,13,13,27,27,37,45,45],"current_hp_per_floor":[68,73,73,73,73,73,73,73,73,73,73,79,79,80,80,84,85,83,83,81,81,80,79,78,77,76,75,58,60,60,61,61,63,81,81,80,79,78,77,76,70,71,71,72,71,70,69,68,67,66],"gold":64,"neow_bonus":"THREE_ENEMY_KILL","is_daily":false,"chose_seed":false,"campfire_upgraded":8,"win_rate":0.0,"timestamp":1613748274,"path_taken":["M","$","?","M","M","E","R","E","T","?","R","E","$","E","R","BOSS","M","M","M","?","M","E","R","E","T","$","?","M","R","M","R","BOSS","M","?","?","M","M","E","M","E","T","M","$","R","?","E","R","BOSS"],"items_purchased_type":["Relic","Potion","Card","Relic","Relic","Relic","Relic","Card","Card","Relic","Card"],"build_version":"2020-12-22","purchased_purges":2,"victory":true,"max_hp_per_floor":[75,80,80,80,80,80,80,80,80,80,80,85,85,85,85,85,85,84,83,82,81,80,79,78,77,76,75,74,73,72,71,70,69,82,81,80,79,78,77,76,75,74,73,72,71,70,69,68,67,66],"card_choices":[{"not_picked":["EarthLightRay","SporeBomb"],"picked":"MilkyWay","floor":1},{"not_picked":["WitchLeyline","LuminesStrike","AlicesGift","OpenUniverse"],"picked":"BlazeAway","floor":3},{"not_picked":["MagicChant","ShootingEcho","SprinkleStarSeal","GalacticHalo"],"picked":"MilkyWay","floor":4},{"not_picked":["EventHorizon","GrandCross","MysteriousBeam","IllusionStar","SporeBomb"],"picked":"SKIP","floor":5},{"not_picked":["GalacticHalo","StarDustReverie","DC","SuperPerseids"],"picked":"JA","floor":6},{"not_picked":["IllusionStar","DC","WitchOfGreed","SuperPerseids","EnergyFlow"],"picked":"SKIP","floor":8},{"not_picked":["AsteroidBelt","SprinkleStarSeal","ManaConvection","MilkyWay","ShootTheMoon"],"picked":"SKIP","floor":12},{"not_picked":["BlazeAway","SuperPerseids","PowerUp","ShootingEcho","LuminesStrike"],"picked":"SKIP","floor":14},{"not_picked":["SuperNova","BigCrunch","AbsoluteMagnitude","MaximisePower"],"picked":"CasketOfStar","floor":16},{"not_picked":["Acceleration","WitchLeyline","DoubleSpark","UnstableBomb+1"],"picked":"RefractionSpark","floor":18},{"not_picked":["GalacticHalo","GravityBeat+1","WitchLeyline","BlazeAway","MilkyWay+1"],"picked":"SKIP","floor":19},{"not_picked":["DoubleSpark","UnstableBomb","MysteriousBeam","GalacticHalo+1","GrandCross"],"picked":"SKIP","floor":20},{"not_picked":["WitchOfGreed","SprinkleStarSeal","DarkSpark","Acceleration"],"picked":"PropBag","floor":22},{"not_picked":["StarDustReverie","6A","PropBag+1","OneTimeOff","WitchLeyline+1"],"picked":"SKIP","floor":23},{"not_picked":["DC+1","StarBarrage+1","MysteriousBeam+1","MeteoricShower+1","MilkyWay"],"picked":"SKIP","floor":25},{"not_picked":["NonDirectionalLaser+1","GrandCross+1","LuminesStrike+1","IllusionStar","ShootingEcho+1"],"picked":"SKIP","floor":29},{"not_picked":["PropBag","AsteroidBelt+1","EventHorizon","EnergyFlow","MysteriousBeam+1"],"picked":"SKIP","floor":31},{"not_picked":["SuperNova","BinaryStars","TreasureHunter+1","CollectingQuirk+1"],"picked":"UltimateShortwave","floor":33},{"not_picked":["MagicChant+1","AsteroidBelt","SprinkleStarSeal+1","DarkMatter","BinaryStars"],"picked":"SKIP","floor":35},{"not_picked":["GravityBeat+1","AsteroidBelt","DoubleSpark+1","PowerUp"],"picked":"MachineGunSpark+1","floor":38},{"not_picked":["IllusionStar","WitchLeyline+1","OneTimeOff+1","SuperPerseids","PowerUp"],"picked":"SKIP","floor":39},{"not_picked":["AsteroidBelt","WitchOfGreed+1","GalacticHalo+1","SuperPerseids","UnstableBomb+1"],"picked":"SKIP","floor":40},{"not_picked":["BigCrunch","WitchLeyline+1","UnstableBomb+1","SporeBomb","6A+1"],"picked":"SKIP","floor":41},{"not_picked":["DoubleSpark+1","IllusionStar","GalacticHalo","6A+1","WitchOfGreed"],"picked":"SKIP","floor":42},{"not_picked":["GrandCross+1","Singularity","DC+1","GalacticHalo"],"picked":"CollectingQuirk+1","floor":44},{"not_picked":["EventHorizon","OortCloud","LuminesStrike+1","PowerUp+1","UnstableBomb+1"],"picked":"SKIP","floor":47},{"not_picked":["DarkSpark+1","EnergyRecoil+1","DeepEcoloBomb+1","PowerUp","GrandCross+1"],"picked":"SKIP","floor":48}],"player_experience":253066,"relics_obtained":[{"floor":1,"key":"SynthV:TestCard"},{"floor":6,"key":"testmod-AssaultLearning"},{"floor":8,"key":"Chameleon Ring"},{"floor":9,"key":"testmod-BlackFramedGlasses"},{"floor":12,"key":"Durian"},{"floor":14,"key":"Toy Ornithopter"},{"floor":23,"key":"Kunai"},{"floor":25,"key":"Molten Egg 2"},{"floor":26,"key":"Vajra"},{"floor":28,"key":"Necronomicon"},{"floor":34,"key":"Bag of Preparation"},{"floor":34,"key":"Sundial"},{"floor":34,"key":"Mango"},{"floor":40,"key":"Ancient Tea Set"},{"floor":42,"key":"Art of War"},{"floor":43,"key":"Smiling Mask"},{"floor":48,"key":"Replay:Bottled Eggs"}],"event_choices":[{"damage_healed":0,"gold_gain":0,"player_choice":"Inject Mutagens","damage_taken":0,"relics_obtained":["MutagenicStrength"],"max_hp_gain":0,"max_hp_loss":0,"event_name":"Drug Dealer","floor":21,"gold_loss":0},{"damage_healed":0,"gold_gain":0,"player_choice":"Obtained Book","damage_taken":16,"max_hp_gain":0,"max_hp_loss":0,"event_name":"Cursed Tome","floor":28,"gold_loss":0},{"cards_removed":["MasterSpark"],"damage_healed":0,"gold_gain":0,"player_choice":"Offered Basic","damage_taken":0,"max_hp_gain":0,"max_hp_loss":0,"event_name":"Bonfire Elementals","floor":36,"gold_loss":0}],"is_beta":false,"boss_relics":[{"not_picked":["testmod-SaigiyounoYou","RhineCircuit"],"picked":"testmod-PortableAltar"},{"not_picked":["Snecko Eye","RhineFirstAidKit"],"picked":"Calling Bell"}],"items_purged_floors":[2,10],"is_endless":false,"potions_floor_spawned":[4,6,12,16,19,20,22,29,33,35,39,44,48],"ascension_level":6}}