{"host":"51f0ad793vly1w6u","time":1613711662,"event":{"mods":["BaseMod","Colored Map","DeckTracker","Minty Spire (QoL Compilation)","StSLib","SuperFastMode"],"gold_per_floor":[111,125,137,24,24,52,52,52,134,134,160,160,172,183,183,282,332,345,363,124,124,124,49,49,66,66,66,66,66,66,66],"floor_reached":30,"language":"KOR","playtime":502,"items_purged":["Strike_R","Strike_R"],"score":344,"play_id":"820f8cdd-78be-4b97-8395-8507df731fff","local_time":"20210219141422","is_ascension_mode":true,"campfire_choices":[{"data":"Disarm","floor":8.0,"key":"SMITH"},{"data":"Bash","floor":10.0,"key":"SMITH"},{"floor":12.0,"key":"REST"},{"data":"Second Wind","floor":15.0,"key":"SMITH"},{"floor":24,"key":"REST"},{"data":"Dual Wield","floor":28,"key":"SMITH"}],"circlet_count":0,"master_deck":["Strike_R","Strike_R","Defend_R","Defend_R+1","Defend_R","Defend_R","Bash+1","Clash","Clash","Clash","Cleave","Disarm+1","Second Wind+1","Corruption","Power Through","Shrug It Off","Body Slam","Burning Pact","Dark Embrace","Dual Wield+1"],"relics":["Burning Blood","Regal Pillow","Blood Vial","White Beast Statue","Bottled Lightning","Tiny House"],"acts_visited":["Exordium","TheCity"],"potions_floor_usage":[19,30],"damage_taken":[{"damage":0.0,"enemies":"Cultist","floor":1.0,"turns":2.0},{"damage":3.0,"enemies":"Small Slimes","floor":2.0,"turns":3.0},{"damage":0.0,"enemies":"2 Louse","floor":3.0,"turns":2.0},{"damage":28.0,"enemies":"Gremlin Nob","floor":6.0,"turns":4.0},{"damage":30.0,"enemies":"Lagavulin","floor":11.0,"turns":5.0},{"damage":1.0,"enemies":"Large Slime","floor":13.0,"turns":4.0},{"damage":0.0,"enemies":"3 Louse","floor":14.0,"turns":3.0},{"damage":18.0,"enemies":"The Guardian","floor":16.0,"turns":7.0},{"damage":21.0,"enemies":"Chosen","floor":18.0,"turns":6.0},{"damage":49,"enemies":"Spheric Guardian","floor":19,"turns":8},{"damage":25,"enemies":"3 Cultists","floor":25,"turns":6},{"damage":105,"enemies":"Chosen and Byrds","floor":30,"turns":12}],"seed_played":"-4751942725673490966","potions_obtained":[{"floor":2.0,"key":"CultistPotion"},{"floor":6.0,"key":"Dexterity Potion"},{"floor":11.0,"key":"FairyPotion"},{"floor":16.0,"key":"ColorlessPotion"},{"floor":19,"key":"BloodPotion"}],"is_trial":false,"path_per_floor":["M","M","M","$","?","E","?","R","T","R","E","R","M","M","R","B",null,"M","M","$","?","?","?","R","M","T","?","R","$","M"],"character_chosen":"IRONCLAD","items_purchased":["Disarm","Burning Pact","Dark Embrace"],"campfire_rested":2,"item_purchase_floors":[4,20,20],"current_hp_per_floor":[78,80,80,80,85,63,51,51,51,51,29,69,76,84,84,73,87,74,33,33,33,15,15,58,41,41,41,41,41,0,0],"gold":66,"neow_bonus":"THREE_CARDS","is_daily":false,"chose_seed":false,"campfire_upgraded":4,"win_rate":0.0,"timestamp":1613711662,"path_taken":["M","?","M","$","?","E","?","R","T","R","E","R","M","M","R","BOSS","M","M","$","?","?","?","R","M","T","?","R","?","M"],"items_purchased_type":["Card","Card","Card"],"build_version":"2020-12-22","purchased_purges":2,"victory":false,"max_hp_per_floor":[80,80,80,80,85,85,85,85,85,85,85,85,85,85,85,85,90,90,90,90,90,95,95,95,95,95,95,95,95,95,95],"card_choices":[{"not_picked":["Headbutt","Shrug It Off"],"picked":"Clash","floor":0.0},{"not_picked":["Anger","Twin Strike"],"picked":"Clash","floor":1.0},{"not_picked":["Thunderclap","Sword Boomerang"],"picked":"Clash","floor":2.0},{"not_picked":["Metallicize","Wild Strike"],"picked":"Cleave","floor":3.0},{"not_picked":["Entrench","Fire Breathing","Intimidate"],"picked":"SKIP","floor":6.0},{"not_picked":["Flex","Havoc","Immolate"],"picked":"SKIP","floor":11.0},{"not_picked":["Clothesline","Whirlwind"],"picked":"Second Wind","floor":13.0},{"not_picked":["Wild Strike","Cleave","Spot Weakness"],"picked":"SKIP","floor":14.0},{"not_picked":["Exhume","Juggernaut"],"picked":"Corruption","floor":16.0},{"not_picked":["Clash","Dual Wield"],"picked":"Power Through","floor":17.0},{"not_picked":["Sword Boomerang","Hemokinesis"],"picked":"Shrug It Off","floor":18.0},{"not_picked":["Shrug It Off","Clothesline"],"picked":"Body Slam","floor":19},{"not_picked":["Iron Wave","Armaments"],"picked":"Dual Wield","floor":25}],"player_experience":1462932,"relics_obtained":[{"floor":6.0,"key":"Regal Pillow"},{"floor":9.0,"key":"White Beast Statue"},{"floor":11.0,"key":"Bottled Lightning"}],"event_choices":[{"damage_healed":0.0,"max_hp_gain":5.0,"max_hp_loss":0.0,"gold_gain":0.0,"event_name":"Big Fish","player_choice":"Donut","floor":5.0,"gold_loss":0.0,"damage_taken":0.0},{"damage_healed":0.0,"max_hp_gain":0.0,"max_hp_loss":0.0,"gold_gain":0.0,"event_name":"Scrap Ooze","player_choice":"Success","floor":7.0,"gold_loss":0.0,"damage_taken":12.0,"relics_obtained":["Blood Vial"]},{"damage_healed":0,"gold_gain":0,"player_choice":"Ignored","damage_taken":0,"max_hp_gain":0,"max_hp_loss":0,"event_name":"Vampires","floor":21,"gold_loss":0},{"damage_healed":0,"gold_gain":0,"player_choice":"Shed Blood","damage_taken":23,"max_hp_gain":5,"max_hp_loss":0,"event_name":"Forgotten Altar","floor":22,"gold_loss":0},{"cards_removed":["Strike_R"],"damage_healed":0,"gold_gain":0,"player_choice":"Gave Gold","damage_taken":0,"max_hp_gain":0,"max_hp_loss":0,"event_name":"Beggar","floor":23,"gold_loss":75},{"damage_healed":0,"gold_gain":0,"player_choice":"Ignored","damage_taken":0,"max_hp_gain":0,"max_hp_loss":0,"event_name":"Ghosts","floor":27,"gold_loss":0}],"is_beta":false,"boss_relics":[{"not_picked":["Mark of Pain","Empty Cage"],"picked":"Tiny House"}],"items_purged_floors":[4,20],"is_endless":false,"potions_floor_spawned":[2,6,11,13,14,16,18,19,25],"killed_by":"Chosen and Byrds","ascension_level":7}}