{"host":"8d3fefv2347kqkpz","time":1613707559,"event":{"mods":["AchievementEnabler","BaseMod","Better Vampires","BetterRewards","Colored Map","Colored Powertips","Downfall","Emptier Cage","Highlight Path","Marked Mod","Minty Spire (QoL Compilation)","Permanent Neow","Quick Restart","Rare Cards Sparkle","Relic Stats","Say the Spire","Spicy Shops","StSLib","The Alterego","Waifu the Spire"],"gold_per_floor":[117,117,143,174,186,198,242,254,266,304,316,338,365,377,389,530,542,579,516,313,337,350,350,390,390,417,433,433,476,476,487,487,588,588,604,604,87,98,116,116,133,159,184,184,210,220,235,79,79,79,79,79,40,71,71],"floor_reached":56,"language":"ZHS","playtime":2179,"items_purged":["alterego_mod:Strike","alterego_mod:IndependentAction"],"score":1382,"play_id":"c728e669-47a9-454c-b382-4580ddc772c0","local_time":"20210219120559","is_ascension_mode":false,"campfire_choices":[{"data":"alterego_mod:Impale","floor":6.0,"key":"SMITH"},{"floor":8.0,"key":"REST"},{"data":"alterego_mod:Venus","floor":11.0,"key":"SMITH"},{"data":"alterego_mod:PerceptionDisorder","floor":15.0,"key":"SMITH"},{"data":"alterego_mod:Birthday","floor":23.0,"key":"SMITH"},{"floor":28.0,"key":"RECALL"},{"data":"alterego_mod:Weigh","floor":32.0,"key":"SMITH"},{"data":"alterego_mod:MaintainEyeContact","floor":40.0,"key":"SMITH"},{"data":"alterego_mod:SakuraFive","floor":44.0,"key":"SMITH"},{"data":"alterego_mod:Stockings","floor":49,"key":"SMITH"},{"data":"alterego_mod:BigMeatyClaws","floor":52,"key":"SMITH"}],"circlet_count":0,"master_deck":["alterego_mod:Defend","alterego_mod:Impale+1","alterego_mod:BigMeatyClaws+1","alterego_mod:BrynhildrsRune","alterego_mod:SakuraFive+1","alterego_mod:Pet","alterego_mod:PerceptionDisorder+1","alterego_mod:Venus+1","alterego_mod:Birthday+1","alterego_mod:Weigh+1","alterego_mod:Pet","alterego_mod:Stockings+1","alterego_mod:SakuraLabyrinth+1","alterego_mod:BeGentle","alterego_mod:Tantrum","alterego_mod:MaintainEyeContact+1","alterego_mod:Mirror+1","alterego_mod:SideboobHour","alterego_mod:Nekomimi","alterego_mod:Nekomimi","alterego_mod:BeGentle"],"relics":["alterego_mod:MasochisticConstitution","MawBank","Oddly Smooth Stone","Potion Belt","Akabeko","Bloody Idol","Snecko Eye","Anchor","Dream Catcher","Bottled Tornado","Empty Cage","Lantern","Strawberry","Question Card","Smiling Mask","bronze:BronzeIdol","Chemical X","Nunchaku"],"acts_visited":["Exordium","TheCity","TheBeyond","TheEnding"],"potions_floor_usage":[55],"damage_taken":[{"damage":2.0,"enemies":"Jaw Worm","floor":1.0,"turns":7.0},{"damage":20.0,"enemies":"Cultist","floor":3.0,"turns":5.0},{"damage":0.0,"enemies":"Small Slimes","floor":4.0,"turns":3.0},{"damage":19.0,"enemies":"Lagavulin","floor":7.0,"turns":7.0},{"damage":8.0,"enemies":"3 Sentries","floor":10.0,"turns":8.0},{"damage":10.0,"enemies":"Exordium Thugs","floor":12.0,"turns":6.0},{"damage":13.0,"enemies":"3 Louse","floor":13.0,"turns":4.0},{"damage":19.0,"enemies":"Slime Boss","floor":16.0,"turns":5.0},{"damage":0.0,"enemies":"Spheric Guardian","floor":18.0,"turns":1.0},{"damage":0.0,"enemies":"3 Byrds","floor":21.0,"turns":3.0},{"damage":0.0,"enemies":"Snecko","floor":22.0,"turns":2.0},{"damage":5.0,"enemies":"Book of Stabbing","floor":24.0,"turns":2.0},{"damage":0.0,"enemies":"Shelled Parasite and Fungi","floor":27.0,"turns":3.0},{"damage":0.0,"enemies":"Gremlin Leader","floor":29.0,"turns":3.0},{"damage":0.0,"enemies":"Snake Plant","floor":31.0,"turns":1.0},{"damage":0.0,"enemies":"Automaton","floor":33.0,"turns":2.0},{"damage":12.0,"enemies":"3 Shapes","floor":35.0,"turns":3.0},{"damage":0.0,"enemies":"Orb Walker","floor":38.0,"turns":1.0},{"damage":0.0,"enemies":"Transient","floor":39.0,"turns":4.0},{"damage":43.0,"enemies":"Spire Growth","floor":41.0,"turns":4.0},{"damage":0.0,"enemies":"Reptomancer","floor":42.0,"turns":3.0},{"damage":0,"enemies":"Nemesis","floor":45,"turns":1},{"damage":34,"enemies":"4 Shapes","floor":46,"turns":5},{"damage":0,"enemies":"Maw","floor":47,"turns":3},{"damage":20,"enemies":"Donu and Deca","floor":50,"turns":4},{"damage":39,"enemies":"Shield and Spear","floor":54,"turns":6},{"damage":59,"enemies":"The Heart","floor":55,"turns":6}],"seed_played":"5239186066763502121","potions_obtained":[{"floor":3.0,"key":"Explosive Potion"},{"floor":10.0,"key":"Weak Potion"},{"floor":16.0,"key":"SkillPotion"},{"floor":22.0,"key":"AttackPotion"},{"floor":33.0,"key":"SteroidPotion"},{"floor":35.0,"key":"Swift Potion"},{"floor":39.0,"key":"FairyPotion"},{"floor":41.0,"key":"SmokeBomb"},{"floor":42.0,"key":"Weak Potion"}],"is_trial":false,"path_per_floor":["M","?","M","M","?","R","E","R","T","E","R","M","M","?","R","B",null,"M","?","$","M","M","R","E","?","T","M","R","E","?","M","R","B",null,"M","?","$","M","M","R","M","E","T","R","E","M","M","$","R","B",null,"R","$","E","B",null],"character_chosen":"The_Alterego","items_purchased":["alterego_mod:Pet","alterego_mod:Stockings","Lantern","alterego_mod:Nekomimi","Strawberry","Chemical X","alterego_mod:BeGentle"],"campfire_rested":1,"item_purchase_floors":[20,20,37,37,37,48,53],"current_hp_per_floor":[69,69,50,50,43,43,25,46,46,60,60,51,60,41,41,25,77,77,77,77,77,77,77,78,78,78,78,78,78,78,78,78,78,78,79,79,86,86,86,86,49,68,73,73,78,50,55,55,55,36,89,89,89,56,28],"gold":71,"neow_bonus":"REMOVE_CARD","is_daily":false,"chose_seed":false,"campfire_upgraded":9,"win_rate":0.0,"timestamp":1613707559,"path_taken":["M","?","M","?","?","R","E","R","T","E","R","M","M","?","R","BOSS","M","?","$","M","M","R","E","?","T","?","R","E","?","M","R","BOSS","M","?","$","M","M","R","M","E","T","R","E","M","M","$","R","BOSS","R","$","E","BOSS"],"items_purchased_type":["Card","Card","Relic","Card","Relic","Relic","Card"],"build_version":"2020-12-22","purchased_purges":2,"victory":true,"max_hp_per_floor":[71,71,72,72,72,72,73,73,73,74,74,75,76,76,76,77,77,77,77,77,77,77,77,78,78,78,78,78,78,78,78,78,78,78,79,79,86,86,86,86,87,87,87,87,87,88,88,88,88,89,89,89,89,90,91],"relic_stats":{"Dream Catcher":0,"Nunchaku":[2],"counters":[27,102],"Bloody Idol":40,"Snecko Eye":[105,102,102,95],"Chemical X":[4],"MawBank":216,"Question Card":4,"Smiling Mask":0,"obtain_stats":[{"Potion Belt":7,"alterego_mod:MasochisticConstitution":0,"Lantern":37,"Golden Idol":14,"Oddly Smooth Stone":5,"Bottled Tornado":29,"MawBank":2,"Empty Cage":34,"Question Card":42,"Smiling Mask":43,"Akabeko":10,"bronze:BronzeIdol":45,"Anchor":24,"Dream Catcher":26,"Nunchaku":54,"Bloody Idol":30,"Strawberry":37,"Snecko Eye":17,"Chemical X":48},{"Potion Belt":4,"alterego_mod:MasochisticConstitution":0,"Lantern":17,"Golden Idol":7,"Oddly Smooth Stone":3,"Bottled Tornado":14,"MawBank":1,"Empty Cage":16,"Question Card":21,"Smiling Mask":21,"Akabeko":5,"bronze:BronzeIdol":22,"Anchor":12,"Dream Catcher":12,"Nunchaku":26,"Bloody Idol":14,"Strawberry":17,"Snecko Eye":8,"Chemical X":24},{"Potion Belt":22,"alterego_mod:MasochisticConstitution":0,"Lantern":65,"Golden Idol":40,"Oddly Smooth Stone":15,"Bottled Tornado":59,"MawBank":7,"Empty Cage":62,"Question Card":77,"Smiling Mask":77,"Akabeko":30,"bronze:BronzeIdol":78,"Anchor":53,"Dream Catcher":53,"Nunchaku":96,"Bloody Idol":59,"Strawberry":65,"Snecko Eye":45,"Chemical X":86}]},"card_choices":[{"not_picked":["alterego_mod:1TonWallop","alterego_mod:MagicResistance"],"picked":"alterego_mod:GoddessCore","floor":1.0},{"not_picked":["alterego_mod:Complex","alterego_mod:DustData"],"picked":"alterego_mod:SakuraFive","floor":3.0},{"not_picked":["alterego_mod:MaintainEyeContact","alterego_mod:Cycle"],"picked":"alterego_mod:Pet","floor":4.0},{"not_picked":["alterego_mod:Jiggle","alterego_mod:Collar"],"picked":"alterego_mod:PerceptionDisorder","floor":7.0},{"not_picked":["alterego_mod:DustData","alterego_mod:Valentines"],"picked":"alterego_mod:Venus","floor":10.0},{"not_picked":["alterego_mod:Skirt","alterego_mod:1TonWallop","alterego_mod:Swimsuit"],"picked":"SKIP","floor":12.0},{"not_picked":["alterego_mod:RocketPunch","alterego_mod:Exercise"],"picked":"alterego_mod:Birthday","floor":13.0},{"not_picked":["alterego_mod:Valkyrie","alterego_mod:IdEs"],"picked":"alterego_mod:Weigh","floor":16.0},{"not_picked":["alterego_mod:Exercise","alterego_mod:Punishment"],"picked":"alterego_mod:IndependentAction","floor":18.0},{"not_picked":["alterego_mod:DiscoLights+1","alterego_mod:Smother"],"picked":"alterego_mod:SakuraLabyrinth+1","floor":21.0},{"not_picked":["alterego_mod:1TonWallop","alterego_mod:Maid"],"picked":"alterego_mod:BeGentle","floor":22.0},{"not_picked":["alterego_mod:SakuraFive","alterego_mod:Cooking","alterego_mod:Maid"],"picked":"SKIP","floor":24.0},{"not_picked":["alterego_mod:Undulate+1","alterego_mod:PresenceConcealment"],"picked":"alterego_mod:Tantrum","floor":27.0},{"not_picked":["alterego_mod:RidiculouslyBig","alterego_mod:DiscoLights"],"picked":"alterego_mod:MaintainEyeContact","floor":29.0},{"not_picked":["alterego_mod:PresenceConcealment+1","alterego_mod:Jiggle"],"picked":"alterego_mod:Mirror+1","floor":31.0},{"not_picked":["alterego_mod:Tantrum","alterego_mod:TrickOrTreatment"],"picked":"alterego_mod:SideboobHour","floor":33.0},{"not_picked":["alterego_mod:Undulate","alterego_mod:Smother","alterego_mod:Exercise+1"],"picked":"SKIP","floor":35.0},{"not_picked":["alterego_mod:Table+1","alterego_mod:Cycle"],"picked":"alterego_mod:Nekomimi","floor":38.0},{"not_picked":["alterego_mod:SakuraFive","alterego_mod:Complex+1","alterego_mod:SuperDuperMasochism+1"],"picked":"SKIP","floor":39.0},{"not_picked":["alterego_mod:Birthday","alterego_mod:Skirt","alterego_mod:Belts+1"],"picked":"SKIP","floor":41.0},{"not_picked":["alterego_mod:Mirror","alterego_mod:Jiggle+1","alterego_mod:Birthday+1"],"picked":"SKIP","floor":42.0},{"not_picked":["alterego_mod:RocketPunch+1","alterego_mod:GachaTicket","alterego_mod:DestructionOfProperty","alterego_mod:BusterCard+1"],"picked":"SKIP","floor":45},{"not_picked":["alterego_mod:DestructionOfProperty","alterego_mod:HighServant+1","alterego_mod:Skirt","alterego_mod:Mirror+1"],"picked":"SKIP","floor":46},{"not_picked":["alterego_mod:GachaTicket","alterego_mod:Lingerie","alterego_mod:PurpleHair","alterego_mod:GoddessCore"],"picked":"SKIP","floor":47},{"not_picked":["alterego_mod:Bunnysuit+1","alterego_mod:Skirt+1","alterego_mod:DustData","alterego_mod:Collar"],"picked":"SKIP","floor":54}],"player_experience":474938,"relics_obtained":[{"floor":7.0,"key":"Potion Belt"},{"floor":10.0,"key":"Akabeko"},{"floor":24.0,"key":"Anchor"},{"floor":26.0,"key":"Dream Catcher"},{"floor":29.0,"key":"Bottled Tornado"},{"floor":42.0,"key":"Question Card"},{"floor":43.0,"key":"Smiling Mask"},{"floor":45,"key":"bronze:BronzeIdol"},{"floor":54,"key":"Nunchaku"}],"event_choices":[{"cards_removed":["alterego_mod:GoddessCore"],"damage_healed":0.0,"max_hp_gain":0.0,"max_hp_loss":0.0,"gold_gain":0.0,"event_name":"WeMeetAgain","player_choice":"Gave Card","floor":2.0,"gold_loss":0.0,"damage_taken":0.0,"relics_obtained":["MawBank"]},{"damage_healed":0.0,"max_hp_gain":0.0,"max_hp_loss":0.0,"gold_gain":0.0,"event_name":"Scrap Ooze","player_choice":"Success","floor":5.0,"gold_loss":0.0,"damage_taken":7.0,"relics_obtained":["Oddly Smooth Stone"]},{"damage_healed":0.0,"max_hp_gain":0.0,"max_hp_loss":0.0,"gold_gain":0.0,"event_name":"Golden Idol","player_choice":"Take Damage","floor":14.0,"gold_loss":0.0,"damage_taken":19.0,"relics_obtained":["Golden Idol"]},{"cards_removed":["alterego_mod:Defend"],"damage_healed":0.0,"max_hp_gain":0.0,"max_hp_loss":0.0,"gold_gain":0.0,"event_name":"Beggar","player_choice":"Gave Gold","floor":19.0,"gold_loss":75.0,"damage_taken":0.0},{"cards_removed":["alterego_mod:Defend"],"damage_healed":0.0,"max_hp_gain":0.0,"max_hp_loss":0.0,"gold_gain":0.0,"event_name":"Back to Basics","player_choice":"Elegance","floor":25.0,"gold_loss":0.0,"damage_taken":0.0},{"damage_healed":0.0,"max_hp_gain":0.0,"max_hp_loss":0.0,"gold_gain":0.0,"event_name":"Forgotten Altar","player_choice":"Gave Idol","floor":30.0,"relics_lost":["Golden Idol"],"gold_loss":0.0,"damage_taken":0.0,"relics_obtained":["Bloody Idol"]},{"damage_healed":0.0,"max_hp_gain":0.0,"max_hp_loss":0.0,"gold_gain":0.0,"event_name":"SensoryStone","player_choice":"Memory 1","floor":36.0,"gold_loss":0.0,"damage_taken":0.0}],"is_beta":false,"boss_relics":[{"not_picked":["expansioncontent:StudyCardRelic","Coffee Dripper"],"picked":"Snecko Eye"},{"not_picked":["Fusion Hammer","SlaversCollar"],"picked":"Empty Cage"}],"items_purged_floors":[20,37],"is_endless":false,"potions_floor_spawned":[1,3,10,16,21,22,33,35,39,41,42],"ascension_level":0}}