{"host":"ow66nzv2xecjoor3","time":1613694903,"event":{"mods":["BaseMod","Bestiary","Block Reminder","Colored Powertips","Curses Come First","Highlight Path","Keyboard Shortcuts","Minty Spire (QoL Compilation)","Permanent Neow","Relic Stats","StSLib","UnlockEverythingMod"],"gold_per_floor":[116,127,127,127,127,160,160,192,192,204,49,49,67,81,81,177,177,193,218,234,234,52,91,115,156,156,156,172,172,191,205,205,205,205],"floor_reached":33,"language":"ENG","playtime":1569,"items_purged":["Strike_G"],"score":594,"play_id":"4220dd2a-b649-4382-9386-8526767420c9","local_time":"20210218183503","is_ascension_mode":true,"campfire_choices":[{"floor":7.0,"key":"REST"},{"data":"Footwork","floor":15.0,"key":"SMITH"},{"data":"Calculated Gamble","floor":29.0,"key":"SMITH"},{"floor":32,"key":"REST"}],"circlet_count":0,"master_deck":["AscendersBane","Strike_G+1","Strike_G+1","Strike_G+1","Defend_G","Defend_G","Defend_G+1","Defend_G","Survivor","Neutralize+1","Quick Slash","Glass Knife+1","All Out Attack","Dagger Throw","Footwork+1","Caltrops","Unload","Backflip","Deadly Poison","Backflip","Malaise","Backflip","Calculated Gamble+1","Catalyst"],"relics":["Ring of the Snake","Pantograph","Art of War","Tingsha","Whetstone","Bloody Idol","Velvet Choker","Lee\u0027s Waffle","Lizard Tail","Orichalcum","FossilizedHelix"],"acts_visited":["Exordium","TheCity"],"potions_floor_usage":[33],"damage_taken":[{"damage":0.0,"enemies":"2 Louse","floor":1.0,"turns":4.0},{"damage":1.0,"enemies":"Small Slimes","floor":2.0,"turns":4.0},{"damage":23.0,"enemies":"3 Sentries","floor":6.0,"turns":16.0},{"damage":20.0,"enemies":"Gremlin Nob","floor":8.0,"turns":4.0},{"damage":0.0,"enemies":"Jaw Worm","floor":10.0,"turns":2.0},{"damage":4.0,"enemies":"Exordium Wildlife","floor":13.0,"turns":3.0},{"damage":0.0,"enemies":"Large Slime","floor":14.0,"turns":4.0},{"damage":9.0,"enemies":"The Guardian","floor":16.0,"turns":11.0},{"damage":10.0,"enemies":"Shell Parasite","floor":18.0,"turns":5.0},{"damage":0.0,"enemies":"3 Byrds","floor":19.0,"turns":4.0},{"damage":8.0,"enemies":"3 Cultists","floor":20.0,"turns":4.0},{"damage":32.0,"enemies":"Slavers","floor":23.0,"turns":6.0},{"damage":65.0,"enemies":"Gremlin Leader","floor":25.0,"turns":9.0},{"damage":0.0,"enemies":"Snake Plant","floor":28.0,"turns":5.0},{"damage":12.0,"enemies":"Chosen and Byrds","floor":30.0,"turns":5.0},{"damage":0.0,"enemies":"3 Cultists","floor":31.0,"turns":4.0},{"damage":69,"enemies":"Champ","floor":33,"turns":20}],"seed_played":"-2120026869389791678","potions_obtained":[{"floor":1.0,"key":"Regen Potion"},{"floor":2.0,"key":"Dexterity Potion"},{"floor":14.0,"key":"Fruit Juice"},{"floor":19.0,"key":"Weak Potion"},{"floor":20.0,"key":"Weak Potion"},{"floor":30.0,"key":"AttackPotion"}],"is_trial":false,"path_per_floor":["M","M","?","?","?","E","R","E","T","M","$","?","M","M","R","B",null,"M","M","M","?","$","E","T","E","T","?","M","R","M","M","R","B"],"character_chosen":"THE_SILENT","items_purchased":["Footwork","Backflip","Lee\u0027s Waffle"],"campfire_rested":2,"item_purchase_floors":[11,22,22],"current_hp_per_floor":[59,58,47,27,27,19,38,18,18,18,18,18,14,14,14,35,58,48,48,40,40,72,40,40,12,12,12,17,17,10,15,36,0,0],"gold":205,"neow_bonus":"UPGRADE_CARD","is_daily":false,"chose_seed":false,"campfire_upgraded":2,"win_rate":0.0,"timestamp":1613694903,"path_taken":["M","M","?","?","?","E","R","E","T","M","$","?","M","M","R","BOSS","M","M","M","?","$","E","?","E","T","?","M","R","M","M","R","BOSS"],"items_purchased_type":["Card","Card","Relic"],"build_version":"2020-12-22","purchased_purges":1,"victory":false,"max_hp_per_floor":[66,66,66,66,66,66,66,66,66,66,66,60,60,60,60,65,65,65,65,65,65,72,72,72,72,72,72,72,72,72,72,72,72,72],"relic_stats":{"Lee\u0027s Waffle":32,"Lizard Tail":36,"counters":[17,110],"Pantograph":50,"Bloody Idol":15,"Tingsha":[235],"Art of War":[8],"Whetstone":["Strike_G","Strike_G"],"Orichalcum":[48],"obtain_stats":[{"Lee\u0027s Waffle":22,"Lizard Tail":23,"Golden Idol":12,"Pantograph":3,"Bloody Idol":27,"Velvet Choker":17,"Tingsha":8,"Art of War":6,"Whetstone":9,"Orichalcum":25,"FossilizedHelix":26,"Ring of the Snake":0},{"Lee\u0027s Waffle":11,"Lizard Tail":12,"Golden Idol":5,"Pantograph":2,"Bloody Idol":13,"Velvet Choker":8,"Tingsha":4,"Art of War":3,"Whetstone":4,"Orichalcum":13,"FossilizedHelix":13,"Ring of the Snake":0},{"Lee\u0027s Waffle":61,"Lizard Tail":67,"Golden Idol":30,"Pantograph":8,"Bloody Idol":76,"Velvet Choker":48,"Tingsha":28,"Art of War":24,"Whetstone":28,"Orichalcum":76,"FossilizedHelix":76,"Ring of the Snake":0}],"Ring of the Snake":[34]},"card_choices":[{"not_picked":["Underhanded Strike","Dodge and Roll"],"picked":"Quick Slash","floor":1.0},{"not_picked":["Riddle With Holes","Concentrate"],"picked":"Glass Knife","floor":2.0},{"not_picked":["Dodge and Roll","Dagger Spray"],"picked":"All Out Attack","floor":6.0},{"not_picked":["Poisoned Stab","Caltrops"],"picked":"Dagger Throw","floor":8.0},{"not_picked":["Eviscerate","Flying Knee","Accuracy"],"picked":"SKIP","floor":10.0},{"not_picked":["Finisher","Dagger Spray"],"picked":"Caltrops","floor":13.0},{"not_picked":["Setup","Concentrate","Poisoned Stab"],"picked":"SKIP","floor":14.0},{"not_picked":["Glass Knife","Die Die Die"],"picked":"Unload","floor":16.0},{"not_picked":["Accuracy","Terror"],"picked":"Backflip","floor":18.0},{"not_picked":["Blade Dance","Quick Slash"],"picked":"Deadly Poison","floor":19.0},{"not_picked":["Infinite Blades","Finisher","Heel Hook"],"picked":"SKIP","floor":20.0},{"not_picked":["Bane","Quick Slash"],"picked":"Calculated Gamble","floor":23.0},{"not_picked":["After Image","Cloak And Dagger","Caltrops"],"picked":"SKIP","floor":25.0},{"not_picked":["Deadly Poison","Bane","Dash"],"picked":"SKIP","floor":28.0},{"not_picked":["Cloak And Dagger","Choke"],"picked":"Catalyst","floor":30.0},{"not_picked":["Backstab","Accuracy","Sucker Punch"],"picked":"SKIP","floor":31.0}],"player_experience":2880558,"relics_obtained":[{"floor":6.0,"key":"Art of War"},{"floor":8.0,"key":"Tingsha"},{"floor":9.0,"key":"Whetstone"},{"floor":23.0,"key":"Lizard Tail"},{"floor":25.0,"key":"Orichalcum"},{"floor":26.0,"key":"FossilizedHelix"}],"event_choices":[{"damage_healed":0.0,"max_hp_gain":0.0,"max_hp_loss":0.0,"gold_gain":0.0,"event_name":"Scrap Ooze","player_choice":"Success","floor":3.0,"gold_loss":0.0,"damage_taken":11.0,"relics_obtained":["Pantograph"]},{"damage_healed":0.0,"max_hp_gain":0.0,"max_hp_loss":0.0,"gold_gain":0.0,"event_name":"Shining Light","player_choice":"Entered Light","floor":4.0,"gold_loss":0.0,"damage_taken":20.0,"cards_upgraded":["Strike_G","Defend_G"]},{"damage_healed":0.0,"max_hp_gain":0.0,"max_hp_loss":0.0,"gold_gain":0.0,"event_name":"Living Wall","player_choice":"Grow","floor":5.0,"gold_loss":0.0,"damage_taken":0.0,"cards_upgraded":["Glass Knife"]},{"damage_healed":0.0,"max_hp_gain":0.0,"max_hp_loss":6.0,"gold_gain":0.0,"event_name":"Golden Idol","player_choice":"Lose Max HP","floor":12.0,"gold_loss":0.0,"damage_taken":0.0,"relics_obtained":["Golden Idol"]},{"damage_healed":0.0,"max_hp_gain":0.0,"max_hp_loss":0.0,"gold_gain":0.0,"cards_transformed":["Strike_G","Defend_G"],"event_name":"Drug Dealer","player_choice":"Became Test Subject","floor":21.0,"gold_loss":0.0,"damage_taken":0.0,"cards_obtained":["Backflip","Malaise"]},{"damage_healed":0.0,"max_hp_gain":0.0,"max_hp_loss":0.0,"gold_gain":0.0,"event_name":"Forgotten Altar","player_choice":"Gave Idol","floor":27.0,"relics_lost":["Golden Idol"],"gold_loss":0.0,"damage_taken":0.0,"relics_obtained":["Bloody Idol"]}],"is_beta":false,"boss_relics":[{"not_picked":["WristBlade","Busted Crown"],"picked":"Velvet Choker"}],"items_purged_floors":[11],"is_endless":false,"potions_floor_spawned":[1,2,14,19,20,30],"killed_by":"Champ","ascension_level":20}}