{"host":"2fgwwnzqc97k7iys","time":1613769490,"event":{"mods":["BaseMod","Colored Map","Minty Spire (QoL Compilation)","Quick Restart","Relic Stats"],"gold_per_floor":[109,109,72,72,72,107,107,182,182,191,232,232,6,34,34,34,34],"floor_reached":16,"language":"ENG","playtime":684,"items_purged":["Regret"],"score":231,"play_id":"adfb409f-c5cd-4a60-bac7-5394624ddc5e","local_time":"20210219151810","is_ascension_mode":true,"campfire_choices":[{"data":"MentalFortress","floor":7,"key":"SMITH"},{"data":"WaveOfTheHand","floor":12,"key":"SMITH"},{"data":"ClearTheMind","floor":15,"key":"SMITH"}],"circlet_count":0,"master_deck":["AscendersBane","Strike_P","Strike_P","Strike_P","Strike_P","Defend_P","Defend_P","Defend_P","Defend_P","Eruption+1","Vigilance","FlurryOfBlows","WaveOfTheHand+1","MentalFortress+1","ClearTheMind+1","Crescendo"],"relics":["PureWater","NeowsBlessing","Juzu Bracelet","Orichalcum","Pantograph","Blue Candle","CeramicFish","Ice Cream","Nunchaku"],"acts_visited":["Exordium"],"potions_floor_usage":[],"damage_taken":[{"damage":0,"enemies":"2 Louse","floor":1,"turns":1},{"damage":0,"enemies":"3 Sentries","floor":6,"turns":1},{"damage":0,"enemies":"Gremlin Nob","floor":11,"turns":1},{"damage":0,"enemies":"Cultist","floor":14,"turns":3},{"damage":43,"enemies":"Slime Boss","floor":16,"turns":12}],"seed_played":"8916245582410438122","potions_obtained":[{"floor":11,"key":"LiquidBronze"}],"is_trial":false,"path_per_floor":["M","?","$","?","?","E","R","?","T","?","E","R","$","M","R","B"],"character_chosen":"WATCHER","items_purchased":["WaveOfTheHand","Nunchaku"],"campfire_rested":0,"item_purchase_floors":[3,13],"current_hp_per_floor":[65,65,65,47,47,47,47,36,36,36,36,36,36,36,36,18,18],"gold":34,"neow_bonus":"THREE_ENEMY_KILL","is_daily":false,"chose_seed":false,"campfire_upgraded":3,"win_rate":0.0,"timestamp":1613769490,"path_taken":["M","?","$","?","?","E","R","?","T","?","E","R","$","M","R","BOSS"],"items_purchased_type":["Card","Relic"],"build_version":"2020-12-22","purchased_purges":1,"victory":false,"max_hp_per_floor":[72,72,72,72,72,72,72,72,72,72,72,72,72,72,72,72,72],"relic_stats":{"Nunchaku":[3],"counters":[5,18],"Pantograph":25,"Blue Candle":[0],"CeramicFish":27,"Juzu Bracelet":1,"Orichalcum":[24],"obtain_stats":[{"Ice Cream":11,"Nunchaku":13,"NeowsBlessing":0,"Pantograph":6,"Blue Candle":9,"CeramicFish":10,"Juzu Bracelet":4,"PureWater":0,"Orichalcum":5},{"Ice Cream":3,"Nunchaku":3,"NeowsBlessing":0,"Pantograph":2,"Blue Candle":2,"CeramicFish":2,"Juzu Bracelet":1,"PureWater":0,"Orichalcum":1},{"Ice Cream":3,"Nunchaku":3,"NeowsBlessing":0,"Pantograph":2,"Blue Candle":2,"CeramicFish":2,"Juzu Bracelet":1,"PureWater":0,"Orichalcum":1}]},"card_choices":[{"not_picked":["JustLucky","CutThroughFate"],"picked":"FlurryOfBlows","floor":1},{"not_picked":["WreathOfFlame","Prostrate"],"picked":"MentalFortress","floor":6},{"not_picked":["Consecrate","FollowUp"],"picked":"ClearTheMind","floor":11},{"not_picked":["EmptyFist","Prostrate"],"picked":"Crescendo","floor":14}],"player_experience":627973,"relics_obtained":[{"floor":5,"key":"Orichalcum"},{"floor":6,"key":"Pantograph"},{"floor":9,"key":"Blue Candle"},{"floor":11,"key":"Ice Cream"}],"event_choices":[{"damage_healed":0,"gold_gain":0,"player_choice":"Grow","damage_taken":0,"max_hp_gain":0,"max_hp_loss":0,"event_name":"Living Wall","floor":2,"gold_loss":0,"cards_upgraded":["Eruption"]},{"damage_healed":0,"gold_gain":0,"player_choice":"Success","damage_taken":18,"relics_obtained":["Juzu Bracelet"],"max_hp_gain":0,"max_hp_loss":0,"event_name":"Scrap Ooze","floor":4,"gold_loss":0},{"damage_healed":0,"gold_gain":0,"player_choice":"Relic","damage_taken":0,"max_hp_gain":0,"max_hp_loss":0,"event_name":"Wheel of Change","floor":5,"gold_loss":0},{"damage_healed":0,"gold_gain":75,"player_choice":"Gather Gold","damage_taken":11,"max_hp_gain":0,"max_hp_loss":0,"event_name":"World of Goop","floor":8,"gold_loss":0},{"damage_healed":0,"gold_gain":0,"player_choice":"Box","damage_taken":0,"relics_obtained":["CeramicFish"],"max_hp_gain":0,"max_hp_loss":0,"event_name":"Big Fish","floor":10,"gold_loss":0,"cards_obtained":["Regret"]}],"is_beta":false,"boss_relics":[],"items_purged_floors":[13],"is_endless":false,"potions_floor_spawned":[11],"killed_by":"Slime Boss","ascension_level":10}}