{"host":"zu1swnxjkaahohqc","time":1613775017,"event":{"mods":["BaseMod","Hubris","Minty Spire (QoL Compilation)","Replay The Spire","StSLib"],"gold_per_floor":[118,134,134,59,59,90,90,102,102,102,102,102],"floor_reached":11,"language":"ENG","playtime":910,"items_purged":["Strike_P"],"score":115,"play_id":"52416a34-4657-4c73-ae0e-0fd17b043f79","local_time":"20210219175017","is_ascension_mode":true,"campfire_choices":[{"data":"Eruption","floor":7,"key":"SMITH"}],"circlet_count":0,"master_deck":["Strike_P","Strike_P","Strike_P","Defend_P","Defend_P","Defend_P","Eruption+1","Vigilance","FearNoEvil","Fasting2+1","Collect","Injury"],"relics":["PureWater","NeowsBlessing","Mercury Hourglass","hubris:TinFlute","Toxic Egg 2","Golden Idol"],"acts_visited":["Exordium"],"potions_floor_usage":[],"damage_taken":[{"damage":0,"enemies":"Jaw Worm","floor":1,"turns":1},{"damage":0,"enemies":"2 Louse","floor":2,"turns":1},{"damage":0,"enemies":"Gremlin Nob","floor":6,"turns":1},{"damage":4,"enemies":"Small Slimes","floor":8,"turns":2},{"damage":0,"enemies":"Lagavulin","floor":11,"turns":2}],"seed_played":"-8699462826009209590","potions_obtained":[{"floor":8,"key":"Explosive Potion"}],"is_trial":false,"path_per_floor":["M","M","?","$","?","E","R","M","T","?","E"],"character_chosen":"WATCHER","items_purchased":[],"campfire_rested":0,"item_purchase_floors":[],"current_hp_per_floor":[72,72,72,72,72,72,72,68,68,68,68,68],"gold":102,"neow_bonus":"THREE_ENEMY_KILL","is_daily":false,"chose_seed":false,"campfire_upgraded":1,"win_rate":0.0,"timestamp":1613775017,"path_taken":["M","M","?","$","?","E","R","M","T","?","E"],"items_purchased_type":[],"build_version":"2020-12-13","purchased_purges":1,"victory":false,"max_hp_per_floor":[72,72,72,72,72,72,72,72,72,72,72,72],"card_choices":[{"not_picked":["FollowUp","ThirdEye","FlurryOfBlows"],"picked":"SKIP","floor":1},{"not_picked":["CutThroughFate","Replay:BluntJabs"],"picked":"FearNoEvil","floor":2},{"not_picked":["CutThroughFate","Replay:ManipulateFuture"],"picked":"Collect","floor":5},{"not_picked":["Scrawl","Brilliance","Halt"],"picked":"SKIP","floor":6},{"not_picked":["SashWhip","Crescendo","FlyingSleeves"],"picked":"SKIP","floor":8},{"not_picked":["SashWhip","Crescendo","FlyingSleeves"],"picked":"SKIP","floor":8}],"player_experience":18687,"relics_obtained":[{"floor":5,"key":"Mercury Hourglass"},{"floor":6,"key":"hubris:TinFlute"},{"floor":9,"key":"Toxic Egg 2"}],"event_choices":[{"damage_healed":0,"gold_gain":0,"player_choice":"Take Wound","damage_taken":0,"relics_obtained":["Golden Idol"],"max_hp_gain":0,"max_hp_loss":0,"event_name":"Golden Idol","floor":10,"gold_loss":0,"cards_obtained":["Injury"]}],"is_beta":false,"boss_relics":[],"items_purged_floors":[4],"is_endless":false,"potions_floor_spawned":[8],"killed_by":"Lagavulin","ascension_level":4}}