{"host":"rfvxwqmjnimh09wr","time":1613769300,"event":{"mods":["BaseMod","Colored Map","Hermit","Minty Spire (QoL Compilation)","StSLib"],"gold_per_floor":[117,117,127,141,216,246,261,37,64,93,111,128,128,145,145,249,249,264,73,92,17,27,27,44,44,44,44,63,73,73,86,86,86,86],"floor_reached":33,"language":"ENG","playtime":1748,"items_purged":[],"score":288,"play_id":"839439fc-ebe1-4abe-a07f-d0880114a337","local_time":"20210219161500","is_ascension_mode":false,"campfire_choices":[{"floor":13,"key":"REST"},{"floor":15,"key":"REST"},{"floor":23,"key":"REST"},{"floor":32,"key":"REST"}],"circlet_count":0,"master_deck":["Eruption","Vigilance","CarveReality","Adaptation","Prostrate","ClearTheMind","Swivel","EmptyBody","Brilliance","Conclude","Sanctity","LikeWater","Judgement","Indignation","PathToVictory","FollowUp","Perseverance","LikeWater","TalkToTheHand","Study","Fasting2","Crescendo+1","Apotheosis","Prostrate","Pray","PathToVictory+1","SandsOfTime","RitualDagger","CarveReality+1","Consecrate","Prostrate+1"],"relics":["Fusion Hammer","Bag of Marbles","Art of War","Vajra","Orichalcum","Smiling Mask","Pandora\u0027s Box","Pear","MutagenicStrength"],"acts_visited":["Exordium","TheCity"],"potions_floor_usage":[7,10,10,16,16,24,29,29,31],"damage_taken":[{"damage":0,"enemies":"Small Slimes","floor":1,"turns":3},{"damage":0,"enemies":"Cultist","floor":3,"turns":2},{"damage":2,"enemies":"2 Louse","floor":4,"turns":2},{"damage":14,"enemies":"Lagavulin","floor":6,"turns":4},{"damage":5,"enemies":"Lots of Slimes","floor":7,"turns":2},{"damage":0,"enemies":"Gremlin Nob","floor":10,"turns":1},{"damage":0,"enemies":"Blue Slaver","floor":11,"turns":1},{"damage":0,"enemies":"2 Fungi Beasts","floor":12,"turns":1},{"damage":15,"enemies":"Exordium Thugs","floor":14,"turns":5},{"damage":34,"enemies":"Hexaghost","floor":16,"turns":8},{"damage":0,"enemies":"Spheric Guardian","floor":18,"turns":2},{"damage":32,"enemies":"Shell Parasite","floor":20,"turns":5},{"damage":12,"enemies":"Shelled Parasite and Fungi","floor":22,"turns":2},{"damage":16,"enemies":"Centurion and Healer","floor":24,"turns":5},{"damage":0,"enemies":"Snake Plant","floor":28,"turns":2},{"damage":0,"enemies":"Snecko","floor":29,"turns":2},{"damage":17,"enemies":"Shelled Parasite and Fungi","floor":31,"turns":3},{"damage":50,"enemies":"Collector","floor":33,"turns":7}],"seed_played":"-6970958420640012157","potions_obtained":[{"floor":3,"key":"SteroidPotion"},{"floor":6,"key":"Fire Potion"},{"floor":7,"key":"SteroidPotion"},{"floor":12,"key":"BlessingOfTheForge"},{"floor":14,"key":"Weak Potion"},{"floor":20,"key":"FearPotion"},{"floor":22,"key":"SteroidPotion"},{"floor":24,"key":"DistilledChaos"},{"floor":27,"key":"Block Potion"},{"floor":27,"key":"DuplicationPotion"}],"is_trial":false,"path_per_floor":["M","?","M","M","?","E","M","$","T","E","M","M","R","M","R","B",null,"M","$","M","$","M","R","M","?","T","?","M","M","?","M","R","B"],"character_chosen":"WATCHER","items_purchased":["EmptyBody","Vajra","Fire Potion","Apotheosis","Pray"],"campfire_rested":4,"item_purchase_floors":[8,8,8,19,21],"current_hp_per_floor":[72,47,47,45,38,24,19,19,19,19,19,19,40,25,46,12,72,72,72,40,40,28,49,33,27,37,37,37,37,37,20,44,0,0],"gold":86,"neow_bonus":"BOSS_RELIC","is_daily":false,"chose_seed":false,"campfire_upgraded":0,"win_rate":0.0,"timestamp":1613769300,"path_taken":["M","?","M","M","?","E","M","$","T","E","M","M","R","M","R","BOSS","M","$","M","$","?","R","M","?","T","?","?","M","?","M","R","BOSS"],"items_purchased_type":["Card","Relic","Potion","Card","Card"],"build_version":"2020-12-22","purchased_purges":0,"victory":false,"max_hp_per_floor":[72,72,72,72,72,72,72,72,72,72,72,72,72,72,72,72,72,72,72,72,72,72,72,72,72,82,82,82,82,82,82,82,82,82],"card_choices":[{"not_picked":["CrushJoints","Protect"],"picked":"CarveReality","floor":1},{"not_picked":["Tantrum","JustLucky"],"picked":"Adaptation","floor":3},{"not_picked":["SignatureMove","ThirdEye"],"picked":"Prostrate","floor":4},{"not_picked":["Tantrum","FlyingSleeves"],"picked":"ClearTheMind","floor":6},{"not_picked":["SignatureMove","Study"],"picked":"Swivel","floor":7},{"not_picked":["FlurryOfBlows","BowlingBash"],"picked":"Brilliance","floor":10},{"not_picked":["EmptyBody","SignatureMove"],"picked":"Conclude","floor":11},{"not_picked":["SashWhip","CutThroughFate"],"picked":"Sanctity","floor":12},{"not_picked":["PathToVictory","EmptyBody"],"picked":"LikeWater","floor":14},{"not_picked":["Brilliance","MasterReality"],"picked":"Judgement","floor":16},{"not_picked":["JustLucky+1","Protect"],"picked":"Crescendo+1","floor":18},{"not_picked":["EmptyMind","CrushJoints"],"picked":"Prostrate","floor":20},{"not_picked":["ClearTheMind","Halt+1"],"picked":"PathToVictory+1","floor":22},{"not_picked":["Weave+1","EmptyFist"],"picked":"SandsOfTime","floor":24},{"not_picked":["EmptyBody","JustLucky+1"],"picked":"CarveReality+1","floor":28},{"not_picked":["JustLucky+1","LikeWater"],"picked":"Consecrate","floor":29},{"not_picked":["ClearTheMind+1","ThirdEye"],"picked":"Prostrate+1","floor":31}],"player_experience":206196,"relics_obtained":[{"floor":6,"key":"Art of War"},{"floor":9,"key":"Orichalcum"},{"floor":10,"key":"Smiling Mask"},{"floor":26,"key":"Pear"}],"event_choices":[{"damage_healed":0,"gold_gain":0,"player_choice":"Success","damage_taken":25,"relics_obtained":["Bag of Marbles"],"max_hp_gain":0,"max_hp_loss":0,"event_name":"Scrap Ooze","floor":2,"gold_loss":0},{"damage_healed":0,"gold_gain":75,"player_choice":"Touch","damage_taken":7,"max_hp_gain":0,"max_hp_loss":0,"event_name":"FaceTrader","floor":5,"gold_loss":0},{"damage_healed":0,"gold_gain":0,"player_choice":"Joined the Cult","damage_taken":6,"max_hp_gain":0,"max_hp_loss":0,"event_name":"Nest","floor":25,"gold_loss":0,"cards_obtained":["RitualDagger"]},{"damage_healed":0,"gold_gain":0,"player_choice":"Got Potions","damage_taken":0,"max_hp_gain":0,"max_hp_loss":0,"event_name":"Lab","floor":27,"gold_loss":0},{"damage_healed":0,"gold_gain":0,"player_choice":"Inject Mutagens","damage_taken":0,"relics_obtained":["MutagenicStrength"],"max_hp_gain":0,"max_hp_loss":0,"event_name":"Drug Dealer","floor":30,"gold_loss":0}],"is_beta":false,"boss_relics":[{"not_picked":["SacredBark","Ectoplasm"],"picked":"Pandora\u0027s Box"}],"items_purged_floors":[],"is_endless":false,"potions_floor_spawned":[3,6,7,12,14,20,22,24],"killed_by":"Collector","ascension_level":0}}