{"host":"cfv8orgc8997ql4r","time":1613769921,"event":{"mods":["AchievementEnabler","BaseMod","DeckTracker","Keyboard Shortcuts","Minty Spire (QoL Compilation)"],"gold_per_floor":[112,112,131,131,59,59,59,134,134,158,172,97,97,116,116,244,244,259,55,55,79,93,93,54,54,78,15,35,35,55,70,70,70,70],"floor_reached":33,"language":"KOR","playtime":687,"items_purged":["Defend_P","Injury","Vigilance"],"score":262,"play_id":"ec50ad27-1363-49db-b8a8-54938b15620a","local_time":"20210220062521","is_ascension_mode":false,"campfire_choices":[{"data":"Adaptation","floor":6.0,"key":"SMITH"},{"floor":13.0,"key":"REST"},{"data":"Ragnarok","floor":15.0,"key":"SMITH"},{"data":"Omniscience","floor":23.0,"key":"SMITH"},{"floor":32,"key":"REST"}],"circlet_count":0,"master_deck":["Strike_P","Strike_P+1","Strike_P","Strike_P","Defend_P+1","Defend_P","Defend_P","Eruption+1","Adaptation+1","Ragnarok+1","Omniscience+1","InnerPeace","Adaptation+1"],"relics":["PureWater","NeowsBlessing","Golden Idol","Lizard Tail","Sozu","Membership Card","Whetstone"],"acts_visited":["Exordium","TheCity"],"potions_floor_usage":[],"damage_taken":[{"damage":0.0,"enemies":"Jaw Worm","floor":1.0,"turns":1.0},{"damage":0.0,"enemies":"Small Slimes","floor":3.0,"turns":1.0},{"damage":0.0,"enemies":"2 Louse","floor":10.0,"turns":1.0},{"damage":19.0,"enemies":"Gremlin Gang","floor":11.0,"turns":3.0},{"damage":11.0,"enemies":"3 Louse","floor":14.0,"turns":3.0},{"damage":51.0,"enemies":"Hexaghost","floor":16.0,"turns":5.0},{"damage":0.0,"enemies":"Spheric Guardian","floor":18.0,"turns":2.0},{"damage":24.0,"enemies":"Shell Parasite","floor":21.0,"turns":2.0},{"damage":0.0,"enemies":"Snecko","floor":22.0,"turns":3.0},{"damage":31.0,"enemies":"Snake Plant","floor":28.0,"turns":4.0},{"damage":0.0,"enemies":"3 Cultists","floor":30.0,"turns":2.0},{"damage":10,"enemies":"Sentry and Sphere","floor":31,"turns":4},{"damage":84,"enemies":"Champ","floor":33,"turns":7}],"seed_played":"8647151109516046024","potions_obtained":[{"floor":1.0,"key":"Swift Potion"},{"floor":10.0,"key":"BlessingOfTheForge"},{"floor":14.0,"key":"FairyPotion"},{"floor":16.0,"key":"LiquidBronze"}],"is_trial":false,"path_per_floor":["M","?","M","?","$","R","$","?","T","M","M","$","R","M","R","B",null,"M","$","?","M","M","R","$","?","T","$","M","?","M","M","R","B"],"character_chosen":"WATCHER","items_purchased":["Adaptation","Membership Card","InnerPeace"],"campfire_rested":2,"item_purchase_floors":[5,19,24],"current_hp_per_floor":[72,72,72,58,58,58,58,47,47,47,28,28,49,38,38,11,72,72,72,72,48,48,48,48,48,48,48,17,17,17,7,28,0,0],"gold":70,"neow_bonus":"THREE_ENEMY_KILL","is_daily":false,"chose_seed":false,"campfire_upgraded":3,"win_rate":0.0,"timestamp":1613769921,"path_taken":["M","?","M","?","?","R","$","?","T","M","M","$","R","M","R","BOSS","M","$","?","M","M","R","$","?","T","$","M","?","M","M","R","BOSS"],"items_purchased_type":["Card","Relic","Card"],"build_version":"2020-12-22","purchased_purges":3,"victory":false,"max_hp_per_floor":[72,72,72,72,72,72,72,72,72,72,72,72,72,72,72,72,72,72,72,72,72,72,72,72,72,72,72,72,72,72,72,72,72,72],"card_choices":[{"not_picked":["Wireheading","EmptyFist","Protect"],"picked":"SKIP","floor":1.0},{"not_picked":["Worship","Collect"],"picked":"SignatureMove","floor":3.0},{"not_picked":["CrushJoints","Evaluate","Fasting2"],"picked":"SKIP","floor":10.0},{"not_picked":["Protect","EmptyFist"],"picked":"Ragnarok","floor":11.0},{"not_picked":["FlyingSleeves","CutThroughFate","DeceiveReality"],"picked":"SKIP","floor":14.0},{"not_picked":["Wish","LessonLearned"],"picked":"Omniscience","floor":16.0},{"not_picked":["SandsOfTime","ThirdEye","Halt"],"picked":"SKIP","floor":18.0},{"not_picked":["Evaluate","PathToVictory","Wallop+1"],"picked":"SKIP","floor":21.0},{"not_picked":["Prostrate","CrushJoints","CarveReality+1"],"picked":"SKIP","floor":22.0},{"not_picked":["InnerPeace+1","Nirvana+1","JustLucky"],"picked":"SKIP","floor":28.0},{"not_picked":["ClearTheMind+1","Indignation","Vengeance"],"picked":"SKIP","floor":30.0},{"not_picked":["EmptyBody+1","Wallop","Conclude"],"picked":"SKIP","floor":31}],"player_experience":203984,"relics_obtained":[{"floor":9.0,"key":"Lizard Tail"},{"floor":26.0,"key":"Whetstone"}],"event_choices":[{"damage_healed":0.0,"max_hp_gain":0.0,"max_hp_loss":0.0,"gold_gain":0.0,"event_name":"Golden Idol","player_choice":"Take Wound","floor":2.0,"gold_loss":0.0,"damage_taken":0.0,"relics_obtained":["Golden Idol"],"cards_obtained":["Injury"]},{"damage_healed":0.0,"max_hp_gain":0.0,"max_hp_loss":0.0,"gold_gain":0.0,"event_name":"Shining Light","player_choice":"Entered Light","floor":4.0,"gold_loss":0.0,"damage_taken":14.0,"cards_upgraded":["Defend_P","SignatureMove"]},{"damage_healed":0.0,"max_hp_gain":0.0,"max_hp_loss":0.0,"gold_gain":75.0,"event_name":"World of Goop","player_choice":"Gather Gold","floor":8.0,"gold_loss":0.0,"damage_taken":11.0},{"damage_healed":0.0,"max_hp_gain":0.0,"max_hp_loss":0.0,"gold_gain":0.0,"event_name":"Ghosts","player_choice":"Ignored","floor":20.0,"gold_loss":0.0,"damage_taken":0.0},{"cards_removed":["SignatureMove"],"damage_healed":0.0,"max_hp_gain":0.0,"max_hp_loss":0.0,"gold_gain":0.0,"event_name":"Back to Basics","player_choice":"Elegance","floor":25.0,"gold_loss":0.0,"damage_taken":0.0},{"damage_healed":0.0,"max_hp_gain":0.0,"max_hp_loss":0.0,"gold_gain":0.0,"event_name":"Duplicator","player_choice":"Copied","floor":29.0,"gold_loss":0.0,"damage_taken":0.0,"cards_obtained":["Adaptation"]}],"is_beta":false,"boss_relics":[{"not_picked":["Tiny House","Coffee Dripper"],"picked":"Sozu"}],"items_purged_floors":[12,19,27],"is_endless":false,"potions_floor_spawned":[1,10,14,16,18,21],"killed_by":"Champ","ascension_level":0}}