{"host":"04hh9gplt9wkfmr1","time":1613758145,"event":{"mods":["AchievementEnabler","BaseMod","Colored Map","KOR Keyword Fix","Minty Spire (QoL Compilation)","Rare Cards Sparkle","SuperFastMode"],"gold_per_floor":[110,124,135,151,170,170,135,135,135,135,166,180,194,226,226,226,226],"floor_reached":16,"language":"KOR","playtime":692,"items_purged":[],"score":197,"play_id":"2158ce23-3418-4df7-80be-2e5e3f84b3a6","local_time":"20210220030905","is_ascension_mode":true,"campfire_choices":[{"floor":6.0,"key":"REST"},{"data":"Fasting2","floor":8.0,"key":"SMITH"},{"data":"ForeignInfluence","floor":10.0,"key":"SMITH"},{"floor":15.0,"key":"REST"}],"circlet_count":0,"master_deck":["Strike_P","Strike_P","Strike_P","Strike_P","Defend_P","Defend_P","Defend_P","Defend_P","Eruption","Vigilance","WindmillStrike","Fasting2+1","Worship","ForeignInfluence+1","Study","LessonLearned+1"],"relics":["PureWater","Ginger","Turnip","Lizard Tail"],"acts_visited":["Exordium"],"potions_floor_usage":[16,16],"damage_taken":[{"damage":7.0,"enemies":"Small Slimes","floor":1.0,"turns":4.0},{"damage":0.0,"enemies":"Jaw Worm","floor":2.0,"turns":2.0},{"damage":8.0,"enemies":"2 Louse","floor":3.0,"turns":2.0},{"damage":24.0,"enemies":"Lots of Slimes","floor":4.0,"turns":7.0},{"damage":13.0,"enemies":"Blue Slaver","floor":5.0,"turns":4.0},{"damage":0.0,"enemies":"Lagavulin","floor":11.0,"turns":4.0},{"damage":13.0,"enemies":"Red Slaver","floor":12.0,"turns":5.0},{"damage":9.0,"enemies":"Looter","floor":13.0,"turns":2.0},{"damage":46.0,"enemies":"3 Sentries","floor":14.0,"turns":9.0},{"damage":30,"enemies":"The Guardian","floor":16,"turns":10}],"seed_played":"2583672667460426657","potions_obtained":[{"floor":1.0,"key":"Fruit Juice"},{"floor":5.0,"key":"BlessingOfTheForge"},{"floor":12.0,"key":"Strength Potion"},{"floor":14.0,"key":"ColorlessPotion"}],"is_trial":false,"path_per_floor":["M","M","M","M","M","R","?","R","T","R","E","M","M","E","R","B"],"character_chosen":"WATCHER","items_purchased":[],"campfire_rested":2,"item_purchase_floors":[],"current_hp_per_floor":[72,72,64,40,27,50,69,69,69,69,69,56,47,6,31,1,1],"gold":226,"neow_bonus":"TEN_PERCENT_HP_BONUS","is_daily":false,"chose_seed":false,"campfire_upgraded":2,"win_rate":0.0,"timestamp":1613758145,"path_taken":["M","M","M","M","M","R","?","R","T","R","E","M","M","E","R","BOSS"],"items_purchased_type":[],"build_version":"2020-12-22","purchased_purges":0,"victory":false,"max_hp_per_floor":[79,79,79,79,79,79,79,79,79,79,79,79,79,84,84,84,84],"card_choices":[{"not_picked":["EmptyFist","Consecrate"],"picked":"WindmillStrike","floor":1.0},{"not_picked":["Consecrate","FlyingSleeves"],"picked":"Fasting2","floor":2.0},{"not_picked":["Wallop","EmptyBody"],"picked":"Worship","floor":3.0},{"not_picked":["LikeWater","Indignation"],"picked":"ForeignInfluence","floor":4.0},{"not_picked":["ClearTheMind","Halt","Vengeance"],"picked":"SKIP","floor":5.0},{"not_picked":["Conclude","Consecrate","Evaluate"],"picked":"SKIP","floor":11.0},{"not_picked":["LikeWater","ClearTheMind"],"picked":"Study","floor":12.0},{"not_picked":["TalkToTheHand","Crescendo"],"picked":"LessonLearned","floor":13.0},{"not_picked":["WaveOfTheHand","SignatureMove","ClearTheMind"],"picked":"SKIP","floor":14.0}],"player_experience":166799,"relics_obtained":[{"floor":9.0,"key":"Ginger"},{"floor":11.0,"key":"Turnip"},{"floor":14.0,"key":"Lizard Tail"}],"event_choices":[{"damage_healed":19.0,"max_hp_gain":0.0,"max_hp_loss":0.0,"gold_gain":0.0,"event_name":"The Cleric","player_choice":"Healed","floor":7.0,"gold_loss":35.0,"damage_taken":0.0}],"is_beta":false,"boss_relics":[],"items_purged_floors":[],"is_endless":false,"potions_floor_spawned":[1,5,12,14],"killed_by":"The Guardian","ascension_level":4}}