{"host":"bg0cyinkrjnqf173","time":1613762543,"event":{"mods":["BaseMod","Colored Map","Minty Spire (QoL Compilation)","Permanent Neow","Replay The Spire","StSLib","Together in Spire"],"gold_per_floor":[219,238,218,144,155,183,106,106,106,125,155,171,171,171,171,272,272,292,235,255,274,49,49,60,60,60,60,72,107,158,193,193,289,289,301,97,97,116,116,116,146,146,200,219,219,239,239,289,289,289,289,289,98,123,123,123],"floor_reached":55,"language":"ENG","playtime":2277,"items_purged":[],"score":543,"play_id":"d679956b-72a5-4608-8cb8-b8a9f3164032","local_time":"20210219142223","is_ascension_mode":false,"campfire_choices":[{"data":"Rupture","floor":8.0,"key":"SMITH"},{"data":"Strike_R","floor":15.0,"key":"PURGE"},{"data":"Whirlwind","floor":25.0,"key":"SMITH"},{"data":"Twin Strike","floor":32,"key":"SMITH"},{"data":"Pummel","floor":40,"key":"SMITH"},{"floor":42,"key":"RECALL"},{"data":"Master of Strategy","floor":47,"key":"SMITH"},{"data":"Replay:Many Hands","floor":49,"key":"SMITH"},{"data":"Bash","floor":52,"key":"SMITH"}],"circlet_count":0,"master_deck":["Strike_R","Strike_R","Strike_R","Strike_R","Defend_R","Defend_R","Defend_R","Defend_R","Bash+1","Rupture+1","Combust+1","Twin Strike+1","ReplayTheSpireMod:Muscle Training","Whirlwind+1","Run Through","Havoc","Anger","Bloodletting","Bloodletting","Rupture+1","Shrug It Off","Pummel+1","Rupture+1","Immolate+1","ReplayTheSpireMod:LeadingStrike","Master of Strategy+1","Replay:Sssssssssshield+1","Delirium","Heavy Blade+1","Decay","Replay:Many Hands+1","Heavy Blade","ReplayTheSpireMod:Limb From Limb","Heavy Blade","Inflame","Pummel","Armaments"],"relics":["Burning Blood","WingedGreaves","ReplayTheSpireMod:Shallot","Durian","Electric Blood","Membership Card","Juzu Bracelet","Garlic","Calipers","ReplayTheSpireMod:TigerMarble","White Beast Statue","Cursed Key","Blood Vial","ReplayTheSpireMod:Spearhead","Anchor","The Courier","Shuriken","Guide Book","Vajra"],"acts_visited":["TheBeyond","TheEnding"],"potions_floor_usage":[55,55],"damage_taken":[{"damage":0.0,"enemies":"Small Slimes","floor":1.0,"turns":1.0},{"damage":0.0,"enemies":"Cultist","floor":2.0,"turns":1.0},{"damage":0.0,"enemies":"2 Louse","floor":5.0,"turns":1.0},{"damage":31.0,"enemies":"Lagavulin","floor":6.0,"turns":6.0},{"damage":10.0,"enemies":"Blue Slaver","floor":10.0,"turns":2.0},{"damage":19.0,"enemies":"Gremlin Nob","floor":11.0,"turns":3.0},{"damage":3.0,"enemies":"Red Slaver","floor":12.0,"turns":3.0},{"damage":6.0,"enemies":"Slime Boss","floor":16.0,"turns":5.0},{"damage":5.0,"enemies":"Shell Parasite","floor":18.0,"turns":2.0},{"damage":18.0,"enemies":"Chosen","floor":20.0,"turns":2.0},{"damage":4.0,"enemies":"Snecko","floor":21.0,"turns":3.0},{"damage":12.0,"enemies":"Centurion and Healer","floor":24.0,"turns":2.0},{"damage":10.0,"enemies":"Chosen and Byrds","floor":28.0,"turns":3.0},{"damage":0,"enemies":"Slavers","floor":29,"turns":1},{"damage":16,"enemies":"Gremlin Leader","floor":31,"turns":3},{"damage":15,"enemies":"Collector","floor":33,"turns":3},{"damage":8,"enemies":"Orb Walker","floor":35,"turns":2},{"damage":15,"enemies":"3 Darklings","floor":38,"turns":1},{"damage":19,"enemies":"R_Hoarder","floor":41,"turns":4},{"damage":0,"enemies":"Transient","floor":44,"turns":1},{"damage":15,"enemies":"Sphere and 2 Shapes","floor":46,"turns":1},{"damage":43,"enemies":"Awakened One","floor":50,"turns":4},{"damage":20,"enemies":"Shield and Spear","floor":54,"turns":2},{"damage":85,"enemies":"The Heart","floor":55,"turns":5}],"seed_played":"359728431082745179","potions_obtained":[{"floor":3.0,"key":"LiquidBronze"},{"floor":10.0,"key":"SpeedPotion"},{"floor":28.0,"key":"Ancient Potion"},{"floor":44,"key":"BloodPotion"}],"is_trial":false,"path_per_floor":["M","M","?","$","M","E","$","R","T","M","E","M","?","?","R_BF","B",null,"M","$","M","M","$","?","M","R","T","?","M","E","T","E","R","B",null,"M","$","?","M","?","R","E","R","T","M","?","M","R","?","R","B",null,"R","$","E","B"],"character_chosen":"IRONCLAD","items_purchased":["Combust","Whirlwind","Bloodletting","Membership Card","Juzu Bracelet","Blood Vial","Master of Strategy","Replay:Sssssssssshield","Guide Book","Heavy Blade","ReplayTheSpireMod:Limb From Limb","Heavy Blade","Inflame","Pummel"],"campfire_rested":0,"item_purchase_floors":[4,7,19,22,22,36,36,36,53,53,53,53,53,53],"current_hp_per_floor":[80,80,80,80,80,55,55,55,55,51,43,46,74,74,74,74,85,85,85,73,75,75,75,69,69,69,69,65,71,71,61,61,52,85,83,83,83,76,76,76,65,65,65,73,73,66,66,66,66,31,81,81,81,67,0,0],"gold":123,"neow_bonus":"HUNDRED_GOLD","is_daily":false,"chose_seed":false,"campfire_upgraded":7,"win_rate":0.0,"timestamp":1613762543,"path_taken":["M","M","?","$","M","E","?","R","T","M","E","?","?","?","R_BF","BOSS","M","$","M","M","$","?","M","R","T","?","M","E","?","E","R","BOSS","M","$","?","M","?","R","E","R","T","M","?","M","R","?","R","BOSS","R","$","E","BOSS"],"items_purchased_type":["Card","Card","Card","Relic","Relic","Relic","Card","Card","Relic","Card","Card","Card","Card","Card"],"build_version":"2020-12-22","purchased_purges":0,"victory":false,"max_hp_per_floor":[80,80,80,80,80,80,80,80,80,80,85,85,85,85,85,85,85,85,85,85,85,85,85,85,85,85,85,85,85,85,85,85,85,85,85,85,85,85,81,81,81,81,81,81,81,81,81,81,81,81,81,81,81,81,81,81],"card_choices":[{"not_picked":["Anger","Body Slam"],"picked":"Rupture","floor":1.0},{"not_picked":["Sentinel","Havoc","Rage"],"picked":"SKIP","floor":2.0},{"not_picked":["Shrug It Off","True Grit"],"picked":"Twin Strike","floor":5.0},{"not_picked":["Sentinel","Pummel"],"picked":"ReplayTheSpireMod:Muscle Training","floor":6.0},{"not_picked":["Body Slam","Dropkick","Havoc"],"picked":"SKIP","floor":10.0},{"not_picked":["Clothesline","Twin Strike"],"picked":"Run Through","floor":11.0},{"not_picked":["Body Slam","Metallicize"],"picked":"Havoc","floor":12.0},{"not_picked":["Exhume","Juggernaut"],"picked":"Brutality","floor":16.0},{"not_picked":["ReplayTheSpireMod:LeadingStrike","Replay:Undeath\u0027s Touch"],"picked":"Anger","floor":18.0},{"not_picked":["Anger+1","Body Slam"],"picked":"Rupture+1","floor":20.0},{"not_picked":["Sentinel","Havoc","Rage"],"picked":"SKIP","floor":21.0},{"not_picked":["Twin Strike","True Grit+1"],"picked":"Shrug It Off","floor":24.0},{"not_picked":["Sentinel","ReplayTheSpireMod:Muscle Training"],"picked":"Pummel","floor":28.0},{"not_picked":["Anger+1","Bloodletting"],"picked":"Rupture+1","floor":29},{"not_picked":["Sentinel","Havoc","Rage"],"picked":"SKIP","floor":31},{"not_picked":["Replay:Many Hands","Corruption"],"picked":"Immolate","floor":33},{"not_picked":["Anger","Replay:Undeath\u0027s Touch"],"picked":"ReplayTheSpireMod:LeadingStrike","floor":35},{"not_picked":["Perfected Strike","Defy Death+1","Warcry"],"picked":"SKIP","floor":38},{"not_picked":["Wild Strike+1","Combust","Exhume"],"picked":"SKIP","floor":41},{"not_picked":["Twin Strike","Headbutt","Wild Strike+1"],"picked":"SKIP","floor":44},{"not_picked":["Inflame","Shrug It Off"],"picked":"Heavy Blade+1","floor":46},{"not_picked":["Havoc","ReplayTheSpireMod:Strike From Hell+1"],"picked":"Replay:Many Hands","floor":48},{"not_picked":["Shockwave+1","Replay:Undeath\u0027s Touch+1"],"picked":"Armaments","floor":54}],"player_experience":602398,"relics_obtained":[{"floor":6.0,"key":"WingedGreaves"},{"floor":9.0,"key":"ReplayTheSpireMod:Shallot"},{"floor":11.0,"key":"Durian"},{"floor":26.0,"key":"Garlic"},{"floor":29,"key":"Calipers"},{"floor":30,"key":"ReplayTheSpireMod:TigerMarble"},{"floor":31,"key":"White Beast Statue"},{"floor":41,"key":"ReplayTheSpireMod:Spearhead"},{"floor":43,"key":"Anchor"},{"floor":48,"key":"Shuriken"},{"floor":54,"key":"Vajra"}],"event_choices":[{"damage_healed":0.0,"max_hp_gain":0.0,"max_hp_loss":0.0,"gold_gain":0.0,"event_name":"The Woman in Blue","player_choice":"Bought 1 Potion","floor":3.0,"gold_loss":0.0,"damage_taken":0.0},{"damage_healed":28.0,"max_hp_gain":0.0,"max_hp_loss":0.0,"gold_gain":0.0,"event_name":"Big Fish","player_choice":"Banana","floor":13.0,"gold_loss":0.0,"damage_taken":0.0},{"damage_healed":0.0,"max_hp_gain":0.0,"max_hp_loss":0.0,"gold_gain":0.0,"event_name":"Match and Keep!","player_choice":"0 cards matched","floor":14.0,"gold_loss":0.0,"damage_taken":0.0,"cards_obtained":[]},{"damage_healed":0.0,"max_hp_gain":0.0,"max_hp_loss":0.0,"gold_gain":0.0,"event_name":"NoteForYourself","player_choice":"Ignored","floor":23.0,"gold_loss":0.0,"damage_taken":0.0},{"damage_healed":0.0,"max_hp_gain":0.0,"max_hp_loss":0.0,"gold_gain":0.0,"event_name":"Transmorgrifier","player_choice":"Ignored","floor":27.0,"gold_loss":0.0,"damage_taken":0.0},{"damage_healed":0,"gold_gain":0,"player_choice":"Upgraded","damage_taken":0,"max_hp_gain":0,"max_hp_loss":0,"event_name":"Upgrade Shrine","floor":37,"gold_loss":0,"cards_upgraded":["Replay:Sssssssssshield"]},{"damage_healed":0,"gold_gain":0,"player_choice":"Max HP","damage_taken":0,"max_hp_gain":0,"max_hp_loss":4,"event_name":"Winding Halls","floor":39,"gold_loss":0},{"cards_removed":["Brutality"],"damage_healed":0,"gold_gain":0,"player_choice":"Gave Card","damage_taken":0,"relics_obtained":["The Courier"],"max_hp_gain":0,"max_hp_loss":0,"event_name":"WeMeetAgain","floor":45,"gold_loss":0}],"is_beta":false,"boss_relics":[{"not_picked":["Black Star","Replay:Drink Me"],"picked":"Electric Blood"},{"not_picked":["ReplayTheSpireMod:DimensionalGlitch","Replay:Bronze Core"],"picked":"Cursed Key"}],"items_purged_floors":[],"is_endless":false,"potions_floor_spawned":[10,11,28,31,33,35,38,41,44,46,54],"killed_by":"The Heart","ascension_level":0}}