{"host":"fxrgx7wt2cpkbhka","time":1613727532,"event":{"mods":["AchievementEnabler","BaseMod","Colored Powertips","Dark Map","Minty Spire (QoL Compilation)","Permanent Neow","Quick Restart","Slay-I","StSLib","Waifu the Spire"],"gold_per_floor":[112,287,237,237,251,282,282,315,315,332,352,375,388,463,463,463,463],"floor_reached":16,"language":"ENG","playtime":618,"items_purged":[],"score":255,"play_id":"3c8ee907-0b35-4863-9082-7ea52bb13836","local_time":"20210219013852","is_ascension_mode":true,"campfire_choices":[{"data":"Dualcast","floor":7,"key":"SMITH"},{"floor":15,"key":"REST"}],"circlet_count":0,"master_deck":["AscendersBane","Strike_B","Strike_B","Strike_B","Strike_B","Defend_B","Defend_B","Defend_B","Defend_B","Zap","Dualcast+1","Self Repair","Cold Snap"],"relics":["Cracked Core","NeowsBlessing","Mango","Blue Candle","Emotion Chip"],"acts_visited":["Exordium"],"potions_floor_usage":[16,16],"damage_taken":[{"damage":0,"enemies":"2 Louse","floor":1,"turns":1},{"damage":0,"enemies":"Small Slimes","floor":5,"turns":1},{"damage":0,"enemies":"Gremlin Nob","floor":6,"turns":1},{"damage":40,"enemies":"3 Sentries","floor":8,"turns":9},{"damage":9,"enemies":"Jaw Worm","floor":10,"turns":3},{"damage":6,"enemies":"Exordium Thugs","floor":11,"turns":4},{"damage":15,"enemies":"2 Fungi Beasts","floor":13,"turns":3},{"damage":57,"enemies":"Slime Boss","floor":16,"turns":14}],"seed_played":"7931348431815279610","potions_obtained":[{"floor":8,"key":"Block Potion"},{"floor":10,"key":"SpeedPotion"}],"is_trial":false,"path_per_floor":["M","?","?","?","M","E","R","E","T","M","M","T","M","?","R","B"],"character_chosen":"DEFECT","items_purchased":[],"campfire_rested":1,"item_purchase_floors":[],"current_hp_per_floor":[64,64,64,69,69,83,83,43,43,41,42,42,34,23,50,0,0],"gold":463,"neow_bonus":"THREE_ENEMY_KILL","is_daily":false,"chose_seed":false,"campfire_upgraded":1,"win_rate":0.0,"timestamp":1613727532,"path_taken":["M","?","?","?","?","E","R","E","T","M","M","?","?","?","R","BOSS"],"items_purchased_type":[],"build_version":"2020-12-22","purchased_purges":0,"victory":false,"max_hp_per_floor":[71,71,71,76,76,90,90,90,90,90,90,90,90,90,90,90,90],"card_choices":[{"not_picked":["Compile Driver","Rebound","Coolheaded"],"picked":"SKIP","floor":1},{"not_picked":["Skim","Auto Shields","Force Field"],"picked":"SKIP","floor":5},{"not_picked":["Auto Shields","Coolheaded","Stack"],"picked":"SKIP","floor":6},{"not_picked":["Gash","Streamline"],"picked":"Self Repair","floor":8},{"not_picked":["Blizzard","Lockon","Undo"],"picked":"SKIP","floor":10},{"not_picked":["Meteor Strike","Reinforced Body","Stack"],"picked":"SKIP","floor":11},{"not_picked":["Tempest","Turbo"],"picked":"Cold Snap","floor":13}],"player_experience":798764,"relics_obtained":[{"floor":6,"key":"Mango"},{"floor":8,"key":"Blue Candle"},{"floor":9,"key":"Emotion Chip"}],"event_choices":[{"damage_healed":0,"gold_gain":175,"player_choice":"AGREE","damage_taken":0,"max_hp_gain":0,"max_hp_loss":0,"event_name":"Liars Game","floor":2,"gold_loss":0,"cards_obtained":["Doubt"]},{"cards_removed":["Doubt"],"damage_healed":0,"gold_gain":0,"player_choice":"Card Removal","damage_taken":0,"max_hp_gain":0,"max_hp_loss":0,"event_name":"The Cleric","floor":3,"gold_loss":50},{"damage_healed":0,"gold_gain":0,"player_choice":"Donut","damage_taken":0,"max_hp_gain":5,"max_hp_loss":0,"event_name":"Big Fish","floor":4,"gold_loss":0},{"damage_healed":0,"gold_gain":75,"player_choice":"Gather Gold","damage_taken":11,"max_hp_gain":0,"max_hp_loss":0,"event_name":"World of Goop","floor":14,"gold_loss":0}],"is_beta":false,"boss_relics":[],"items_purged_floors":[],"is_endless":false,"potions_floor_spawned":[8,10,13],"killed_by":"Slime Boss","ascension_level":14}}