{"host":"8f5cu9y0fpol72qs","time":1613729919,"event":{"mods":["AlwaysNeverKeys","BaseMod","Colored Map","Colored Powertips","Curses Come First","Highlight Path","Key Reminder","Minty Spire (QoL Compilation)","StSLib"],"gold_per_floor":[114,128,178,190,201,226,226,240,265,265,294,308,308,308,308,384,384,400,400,400,400,400,433,308,318,341,374,374,390,390,490,490,564,564,584,584,597,612,628,653,669,669,693,712,732,469,482,140,140,140,140,140,15,48,48,48],"floor_reached":55,"language":"ENG","playtime":3876,"items_purged":["CrushJoints","Eruption","Conclude"],"score":1657,"play_id":"1a5a0768-ea2d-486f-a158-ddecac95c50c","local_time":"20210219021839","is_ascension_mode":true,"campfire_choices":[{"data":"Vault","floor":7.0,"key":"SMITH"},{"floor":10.0,"key":"REST"},{"data":"LikeWater","floor":15.0,"key":"SMITH"},{"floor":28.0,"key":"REST"},{"data":"Blasphemy","floor":30.0,"key":"SMITH"},{"floor":32.0,"key":"REST"},{"data":"ConjureBlade","floor":42.0,"key":"SMITH"},{"floor":49,"key":"RECALL"},{"data":"CutThroughFate","floor":52,"key":"SMITH"}],"circlet_count":0,"master_deck":["AscendersBane","Vigilance","Vault+1","Scrawl+1","Wallop","Blasphemy+1","CutThroughFate+1","LikeWater+1","Protect","CutThroughFate+1","SandsOfTime+1","Ragnarok+1","CutThroughFate+1","RitualDagger+1","BowlingBash+1","CrushJoints+1","FearNoEvil+1","SashWhip+1","ThirdEye+1","ConjureBlade+1","ConjureBlade+1","Conclude+1","MentalFortress+1","Tantrum+1","LikeWater+1","CutThroughFate+1","Wallop+1","Wallop+1"],"relics":["Pandora\u0027s Box","Molten Egg 2","Strawberry","Happy Flower","Sozu","MutagenicStrength","Dream Catcher","Vajra","CaptainsWheel","Dead Branch","Singing Bowl","Astrolabe","Mummified Hand","PreservedInsect","Lee\u0027s Waffle","HornCleat","Oddly Smooth Stone"],"acts_visited":["Exordium","TheCity","TheBeyond","TheEnding"],"potions_floor_usage":[55,55],"damage_taken":[{"damage":0.0,"enemies":"Cultist","floor":1.0,"turns":4.0},{"damage":9.0,"enemies":"Small Slimes","floor":2.0,"turns":4.0},{"damage":4.0,"enemies":"2 Louse","floor":4.0,"turns":4.0},{"damage":2.0,"enemies":"Large Slime","floor":5.0,"turns":5.0},{"damage":20.0,"enemies":"3 Sentries","floor":6.0,"turns":11.0},{"damage":0.0,"enemies":"2 Fungi Beasts","floor":8.0,"turns":4.0},{"damage":0.0,"enemies":"Gremlin Nob","floor":11.0,"turns":4.0},{"damage":0.0,"enemies":"Looter","floor":12.0,"turns":2.0},{"damage":0.0,"enemies":"Slime Boss","floor":16.0,"turns":4.0},{"damage":0.0,"enemies":"Spheric Guardian","floor":18.0,"turns":2.0},{"damage":4.0,"enemies":"Gremlin Leader","floor":23.0,"turns":3.0},{"damage":3.0,"enemies":"2 Thieves","floor":25.0,"turns":3.0},{"damage":18.0,"enemies":"Slavers","floor":27.0,"turns":5.0},{"damage":0.0,"enemies":"Snake Plant","floor":29.0,"turns":1.0},{"damage":0.0,"enemies":"Colosseum Slavers","floor":31.0,"turns":1.0},{"damage":0.0,"enemies":"Colosseum Nobs","floor":31.0,"turns":2.0},{"damage":46.0,"enemies":"Collector","floor":33.0,"turns":9.0},{"damage":0.0,"enemies":"3 Darklings","floor":35.0,"turns":3.0},{"damage":0.0,"enemies":"3 Shapes","floor":37.0,"turns":2.0},{"damage":0.0,"enemies":"3 Darklings","floor":38.0,"turns":1.0},{"damage":0.0,"enemies":"Spire Growth","floor":39.0,"turns":3.0},{"damage":0.0,"enemies":"Nemesis","floor":40.0,"turns":1.0},{"damage":8.0,"enemies":"Jaw Worm Horde","floor":41.0,"turns":3.0},{"damage":0,"enemies":"3 Darklings","floor":44,"turns":2},{"damage":0,"enemies":"Maw","floor":45,"turns":3},{"damage":18,"enemies":"Writhing Mass","floor":47,"turns":2},{"damage":18,"enemies":"Time Eater","floor":50,"turns":5},{"damage":39,"enemies":"Shield and Spear","floor":54,"turns":3},{"damage":67,"enemies":"The Heart","floor":55,"turns":3}],"seed_played":"-31289130635799639","potions_obtained":[{"floor":1.0,"key":"SkillPotion"},{"floor":4.0,"key":"Ancient Potion"},{"floor":8.0,"key":"Dexterity Potion"}],"is_trial":false,"path_per_floor":["M","M","?","M","M","E","R","M","T","R","E","M","?","?","R","B",null,"M","?","?","?","T","E","$","M","T","E","R","M","R","?","R","B",null,"M","?","M","M","M","E","M","R","T","M","M","$","M","$","R","B",null,"R","$","E","B"],"character_chosen":"WATCHER","items_purchased":["CrushJoints+1","Lee\u0027s Waffle","HornCleat","Wallop+1"],"campfire_rested":3,"item_purchase_floors":[24,46,48,48],"current_hp_per_floor":[61,52,46,42,40,20,20,20,27,49,49,49,42,42,42,42,67,67,46,46,40,40,36,36,33,33,15,39,39,39,39,65,19,66,68,68,70,72,72,74,66,66,66,66,66,97,81,81,81,63,90,90,90,53,0,0],"gold":48,"neow_bonus":"BOSS_RELIC","is_daily":false,"chose_seed":false,"campfire_upgraded":5,"win_rate":0.0,"timestamp":1613729919,"path_taken":["M","?","?","M","M","E","R","?","T","R","E","M","?","?","R","BOSS","M","?","?","?","?","E","$","M","T","E","R","?","R","?","R","BOSS","M","?","M","M","M","E","M","R","T","?","M","?","M","$","R","BOSS","R","$","E","BOSS"],"items_purchased_type":["Card","Relic","Relic","Card"],"build_version":"2020-12-22","purchased_purges":3,"victory":false,"max_hp_per_floor":[68,68,68,68,68,68,68,68,75,75,75,75,75,75,75,75,75,75,80,80,80,80,80,80,80,80,80,80,80,80,80,82,82,82,84,84,86,88,88,90,90,90,90,90,90,97,99,99,99,99,99,99,99,101,101,101],"card_choices":[{"not_picked":["Sanctity","Swivel"],"picked":"CutThroughFate","floor":1.0},{"not_picked":["WreathOfFlame","FollowUp"],"picked":"CrushJoints","floor":2.0},{"not_picked":["CrushJoints","Perseverance"],"picked":"LikeWater","floor":4.0},{"not_picked":["Pray","Swivel"],"picked":"Conclude","floor":5.0},{"not_picked":["Adaptation","Sanctity"],"picked":"Protect","floor":6.0},{"not_picked":["Crescendo","Establishment","Collect"],"picked":"SKIP","floor":8.0},{"not_picked":["Halt","Fasting2"],"picked":"CutThroughFate+1","floor":11.0},{"not_picked":["Nirvana","MentalFortress"],"picked":"SandsOfTime+1","floor":12.0},{"not_picked":["Vault","Alpha"],"picked":"Ragnarok+1","floor":16.0},{"not_picked":["SashWhip+1","FlyingSleeves+1"],"picked":"CutThroughFate+1","floor":18.0},{"not_picked":["FlyingSleeves+1","WaveOfTheHand"],"picked":"BowlingBash+1","floor":23.0},{"not_picked":["Halt","Blasphemy"],"picked":"FearNoEvil+1","floor":25.0},{"not_picked":["LikeWater","JustLucky+1"],"picked":"SashWhip+1","floor":27.0},{"not_picked":["EmptyMind","FlyingSleeves+1","DeceiveReality"],"picked":"SKIP","floor":29.0},{"not_picked":["Study","Evaluate+1"],"picked":"ThirdEye+1","floor":31.0},{"not_picked":["Study","Crescendo","FlurryOfBlows+1"],"picked":"Singing Bowl","floor":32.0},{"not_picked":["Scrawl","Brilliance+1"],"picked":"ConjureBlade","floor":33.0},{"not_picked":["BowlingBash+1","ClearTheMind","EmptyFist+1"],"picked":"Singing Bowl","floor":35.0},{"not_picked":["Study","ThirdEye","Perseverance"],"picked":"Singing Bowl","floor":37.0},{"not_picked":["WheelKick+1","JustLucky+1","Conclude+1"],"picked":"Singing Bowl","floor":38.0},{"not_picked":["PathToVictory","Prostrate"],"picked":"Tantrum+1","floor":39.0},{"not_picked":["Sanctity","Omniscience","Protect"],"picked":"Singing Bowl","floor":40.0},{"not_picked":["ClearTheMind","Consecrate+1"],"picked":"LikeWater+1","floor":41.0},{"not_picked":["Prostrate","Study+1"],"picked":"CutThroughFate+1","floor":44},{"not_picked":["CarveReality+1","DeceiveReality"],"picked":"Wallop+1","floor":45},{"not_picked":["FlurryOfBlows+1","Study","JustLucky+1"],"picked":"Singing Bowl","floor":47},{"not_picked":["PathToVictory+1","Scrawl","DeceiveReality"],"picked":"Singing Bowl","floor":54}],"player_experience":1113449,"relics_obtained":[{"floor":6.0,"key":"Molten Egg 2"},{"floor":9.0,"key":"Strawberry"},{"floor":11.0,"key":"Happy Flower"},{"floor":23.0,"key":"Dream Catcher"},{"floor":26.0,"key":"Vajra"},{"floor":27.0,"key":"CaptainsWheel"},{"floor":31.0,"key":"Dead Branch"},{"floor":31.0,"key":"Singing Bowl"},{"floor":40.0,"key":"Mummified Hand"},{"floor":43.0,"key":"PreservedInsect"},{"floor":54,"key":"Oddly Smooth Stone"}],"event_choices":[{"damage_healed":0.0,"max_hp_gain":0.0,"max_hp_loss":0.0,"gold_gain":50.0,"event_name":"FaceTrader","player_choice":"Touch","floor":3.0,"gold_loss":0.0,"damage_taken":6.0},{"cards_removed":["Crescendo"],"damage_healed":0.0,"max_hp_gain":0.0,"max_hp_loss":0.0,"gold_gain":0.0,"event_name":"Golden Wing","player_choice":"Card Removal","floor":13.0,"gold_loss":0.0,"damage_taken":7.0},{"damage_healed":0.0,"max_hp_gain":0.0,"max_hp_loss":0.0,"gold_gain":0.0,"event_name":"Living Wall","player_choice":"Grow","floor":14.0,"gold_loss":0.0,"damage_taken":0.0,"cards_upgraded":["Scrawl"]},{"damage_healed":0.0,"max_hp_gain":5.0,"max_hp_loss":0.0,"gold_gain":0.0,"event_name":"Forgotten Altar","player_choice":"Shed Blood","floor":19.0,"gold_loss":0.0,"damage_taken":26.0},{"damage_healed":0.0,"max_hp_gain":0.0,"max_hp_loss":0.0,"gold_gain":0.0,"event_name":"Drug Dealer","player_choice":"Inject Mutagens","floor":20.0,"gold_loss":0.0,"damage_taken":0.0,"relics_obtained":["MutagenicStrength"]},{"damage_healed":0.0,"max_hp_gain":0.0,"max_hp_loss":0.0,"gold_gain":0.0,"event_name":"Nest","player_choice":"Joined the Cult","floor":21.0,"gold_loss":0.0,"damage_taken":6.0,"cards_obtained":["RitualDagger"]},{"damage_healed":0.0,"max_hp_gain":0.0,"max_hp_loss":0.0,"gold_gain":0.0,"event_name":"Colosseum","player_choice":"Fight","floor":31.0,"gold_loss":0.0,"damage_taken":0.0},{"damage_healed":0.0,"max_hp_gain":0.0,"max_hp_loss":0.0,"gold_gain":0.0,"event_name":"Colosseum","player_choice":"Fought Nobs","floor":31.0,"gold_loss":0.0,"damage_taken":0.0},{"damage_healed":0.0,"max_hp_gain":0.0,"max_hp_loss":0.0,"gold_gain":0.0,"event_name":"SecretPortal","player_choice":"Ignored","floor":36.0,"gold_loss":0.0,"damage_taken":0.0}],"is_beta":false,"boss_relics":[{"not_picked":["Calling Bell","Coffee Dripper"],"picked":"Sozu"},{"not_picked":["VioletLotus","Empty Cage"],"picked":"Astrolabe"}],"items_purged_floors":[24,46,53],"is_endless":false,"potions_floor_spawned":[1,4,8,18,29,31,33,35,38,45],"killed_by":"The Heart","ascension_level":19}}