{"host":"sc0o2qwpf9j16a4i","time":1613760542,"event":{"mods":["AchievementEnabler","BaseMod","BetterRewards","Block Reminder","Colored Map","Colored Powertips","Custom Start","Highlight Path","Minty Spire (QoL Compilation)","Relic Stats"],"gold_per_floor":[115,126,126,145,164,195,207,219,282,319,348,360,386,118,118,213,213,224,224,243,243,243],"floor_reached":21,"language":"ENG","playtime":681,"items_purged":[],"score":291,"play_id":"545d913d-60f9-4a78-b8ee-9016ebb2f322","local_time":"20210219204902","daily_mods":["Draft","Purple Cards","Lethality"],"is_ascension_mode":false,"campfire_choices":[{"data":"Devotion","floor":7,"key":"SMITH"},{"floor":15,"key":"REST"}],"circlet_count":0,"master_deck":["CutThroughFate","BowlingBash","ReachHeaven","Turbo","Prostrate","PathToVictory","CutThroughFate","PathToVictory","ForeignInfluence","Conserve Battery","FollowUp","CrushJoints","Self Repair+1","DeceiveReality","Hologram+1","Consecrate+1","Protect+1","Devotion+1","LessonLearned","Hologram","PathToVictory","PathToVictory+1","Prostrate","Echo Form","ThirdEye","Wireheading","Conserve Battery+1"],"relics":["Cracked Core","Blue Candle","MawBank","Smiling Mask","Shovel","InkBottle","Sozu"],"acts_visited":["Exordium","TheCity"],"potions_floor_usage":[16,16,18],"damage_taken":[{"damage":0,"enemies":"Jaw Worm","floor":1,"turns":3},{"damage":0,"enemies":"Cultist","floor":2,"turns":2},{"damage":0,"enemies":"Small Slimes","floor":4,"turns":1},{"damage":22,"enemies":"Exordium Thugs","floor":5,"turns":3},{"damage":8,"enemies":"3 Sentries","floor":6,"turns":3},{"damage":0,"enemies":"Lagavulin","floor":10,"turns":5},{"damage":21,"enemies":"Gremlin Gang","floor":11,"turns":3},{"damage":14,"enemies":"Exordium Wildlife","floor":13,"turns":6},{"damage":0,"enemies":"The Guardian","floor":16,"turns":7},{"damage":0,"enemies":"2 Thieves","floor":18,"turns":1},{"damage":1,"enemies":"Spheric Guardian","floor":20,"turns":3}],"seed_played":"8076784841089147818","potions_obtained":[{"floor":4,"key":"GamblersBrew"},{"floor":5,"key":"SmokeBomb"},{"floor":10,"key":"Swift Potion"},{"floor":13,"key":"DistilledChaos"},{"floor":16,"key":"PotionOfCapacity"}],"is_trial":true,"path_per_floor":["M","M","?","M","M","E","R","?","T","E","M","?","M","$","R","B",null,"M","?","M","?"],"character_chosen":"DEFECT","items_purchased":["InkBottle","Prostrate"],"campfire_rested":1,"item_purchase_floors":[14,14],"current_hp_per_floor":[75,75,75,75,60,52,52,52,52,59,38,38,34,34,56,66,75,75,75,75,75,75],"gold":243,"neow_bonus":"","is_daily":false,"chose_seed":false,"campfire_upgraded":1,"win_rate":0.0,"timestamp":1613760542,"path_taken":["M","M","?","?","?","E","R","?","T","E","M","?","?","$","R","BOSS","M","?","M","?"],"items_purchased_type":["Relic","Card"],"build_version":"2020-12-22","purchased_purges":0,"victory":false,"max_hp_per_floor":[75,75,75,75,75,75,75,75,75,75,75,75,75,75,75,75,75,75,75,75,75,75],"relic_stats":{"Sozu":0,"Shovel":0,"counters":[11,37],"Blue Candle":[0],"MawBank":96,"Smiling Mask":0,"obtain_stats":[{"Sozu":17,"Shovel":10,"Blue Candle":3,"Cracked Core":0,"MawBank":6,"Smiling Mask":9,"InkBottle":14},{"Sozu":9,"Shovel":6,"Blue Candle":2,"Cracked Core":0,"MawBank":5,"Smiling Mask":5,"InkBottle":8},{"Sozu":33,"Shovel":17,"Blue Candle":5,"Cracked Core":0,"MawBank":12,"Smiling Mask":12,"InkBottle":26}],"InkBottle":[5]},"card_choices":[{"not_picked":["Go for the Eyes","Beam Cell"],"picked":"CutThroughFate","floor":0},{"not_picked":["JustLucky","Halt"],"picked":"BowlingBash","floor":0},{"not_picked":["Skim","Prostrate"],"picked":"ReachHeaven","floor":0},{"not_picked":["WaveOfTheHand","Halt"],"picked":"Turbo","floor":0},{"not_picked":["EmptyFist","Doom and Gloom"],"picked":"ThirdEye","floor":0},{"not_picked":["Scrape","Sweeping Beam"],"picked":"Prostrate","floor":0},{"not_picked":["Chaos","Turbo"],"picked":"PathToVictory","floor":0},{"not_picked":["Darkness","Gash"],"picked":"CutThroughFate","floor":0},{"not_picked":["Barrage","Defragment"],"picked":"PathToVictory","floor":0},{"not_picked":["JustLucky","FearNoEvil"],"picked":"ForeignInfluence","floor":0},{"not_picked":["LikeWater","Steam"],"picked":"Conserve Battery","floor":0},{"not_picked":["Rebound","Redo"],"picked":"FollowUp","floor":0},{"not_picked":["Perseverance","Defragment"],"picked":"CrushJoints","floor":0},{"not_picked":["Fusion","Redo"],"picked":"Self Repair","floor":0},{"not_picked":["FlyingSleeves","ThirdEye"],"picked":"DeceiveReality","floor":0},{"not_picked":["Compile Driver","Steam Power"],"picked":"Hologram","floor":1},{"not_picked":["FlurryOfBlows","Hologram"],"picked":"Consecrate","floor":2},{"not_picked":["Aggregate","Force Field"],"picked":"Protect","floor":4},{"not_picked":["SandsOfTime","Ball Lightning"],"picked":"Devotion","floor":5},{"not_picked":["Beam Cell","Barrage"],"picked":"LessonLearned","floor":6},{"not_picked":["Sweeping Beam","FollowUp"],"picked":"Hologram","floor":10},{"not_picked":["FlurryOfBlows","EmptyFist"],"picked":"PathToVictory","floor":11},{"not_picked":["Recycle","EmptyFist"],"picked":"PathToVictory","floor":13},{"not_picked":["Electrodynamics","Ragnarok"],"picked":"Echo Form","floor":16},{"not_picked":["Storm","Go for the Eyes"],"picked":"ThirdEye","floor":18},{"not_picked":["Tantrum","FearNoEvil"],"picked":"Conserve Battery+1","floor":20}],"player_experience":1492300,"relics_obtained":[{"floor":6,"key":"MawBank"},{"floor":9,"key":"Smiling Mask"},{"floor":10,"key":"Shovel"}],"event_choices":[{"cards_removed":["ThirdEye"],"damage_healed":0,"gold_gain":0,"player_choice":"Gave Card","damage_taken":0,"relics_obtained":["Blue Candle"],"max_hp_gain":0,"max_hp_loss":0,"event_name":"WeMeetAgain","floor":3,"gold_loss":0},{"damage_healed":0,"gold_gain":0,"player_choice":"Leave","damage_taken":0,"max_hp_gain":0,"max_hp_loss":0,"event_name":"The Cleric","floor":8,"gold_loss":0},{"damage_healed":0,"gold_gain":0,"player_choice":"Grow","damage_taken":0,"max_hp_gain":0,"max_hp_loss":0,"event_name":"Living Wall","floor":12,"gold_loss":0,"cards_upgraded":["Hologram"]},{"damage_healed":0,"gold_gain":0,"player_choice":"Read","damage_taken":0,"max_hp_gain":0,"max_hp_loss":0,"event_name":"The Library","floor":19,"gold_loss":0,"cards_obtained":["Wireheading"]},{"damage_healed":0,"gold_gain":0,"player_choice":"Ignored","damage_taken":0,"max_hp_gain":0,"max_hp_loss":0,"event_name":"Beggar","floor":21,"gold_loss":0}],"is_beta":false,"boss_relics":[{"not_picked":["SlaversCollar","Tiny House"],"picked":"Sozu"}],"items_purged_floors":[],"is_endless":false,"potions_floor_spawned":[4,5,10,13,16],"ascension_level":0}}