{"host":"xgo7i0560n9mwvr8","time":1613765279,"event":{"mods":["BaseMod","Colored Map","Downfall","Minty Spire (QoL Compilation)","Permanent Neow","StSLib"],"gold_per_floor":[99,99,99,99,99,99,152,152,52,3,3,29,46,61,72,175,175,75,89,89,89,189,98,98,98,83,83,2,14,14,34,53,53,53,53],"floor_reached":33,"language":"ENG","playtime":2088,"items_purged":[],"score":239,"play_id":"fe6fb9b9-2a20-4ef3-9327-c9041f995387","local_time":"20210219150759","is_ascension_mode":false,"campfire_choices":[{"floor":1.0,"key":"RECALL"},{"data":"bronze:Branch","floor":6.0,"key":"SMITH"},{"data":"bronze:ChildClass","floor":9.0,"key":"SMITH"},{"data":"bronze:Goto","floor":11.0,"key":"SMITH"},{"data":"bronze:Fortify","floor":18.0,"key":"SMITH"},{"data":"bronze:CloningBeam","floor":25.0,"key":"SMITH"},{"data":"bronze:Repair","floor":30.0,"key":"SMITH"}],"circlet_count":0,"master_deck":["bronze:Strike","bronze:Strike","bronze:Strike","bronze:Strike","bronze:Defend","bronze:Defend","bronze:Defend","bronze:Defend","bronze:Replicate","bronze:Goto+1","bronze:Branch+1","bronze:ChildClass+1","bronze:DelayedSlice","bronze:BitShift","bronze:AlphaBuild","bronze:ChosenStrike","bronze:Flail","bronze:Fortify+1","bronze:AlphaBuild","CurseOfTheBell","bronze:Frontload","bronze:BitShift+1","J.A.X.","bronze:ChildClass+1","bronze:Backtrace","bronze:CloningBeam+1","bronze:Backtrace","bronze:Iterate","expansioncontent:QuickStudy","bronze:Repair+1","bronze:Boost"],"relics":["bronze:BronzeCore","downfall:HeartsMalice","Meat on the Bone","bronze:ProtectiveGoggles","InkBottle","Calling Bell","Strawberry","Ornamental Fan","Torii","downfall:HeartBlessingGreen","TungstenRod","Blue Candle","Nloth\u0027s Gift","Singing Bowl"],"acts_visited":["Exordium","TheCity"],"potions_floor_usage":[33],"damage_taken":[{"damage":0.0,"enemies":"Small Slimes","floor":2.0,"turns":1.0},{"damage":0.0,"enemies":"Jaw Worm","floor":8.0,"turns":1.0},{"damage":0.0,"enemies":"downfall:FleeingMerchant","floor":10.0,"turns":1.0},{"damage":18.0,"enemies":"Gremlin Nob","floor":12.0,"turns":4.0},{"damage":0.0,"enemies":"2 Louse","floor":13.0,"turns":2.0},{"damage":5.0,"enemies":"Exordium Thugs","floor":14.0,"turns":2.0},{"damage":0.0,"enemies":"3 Louse","floor":15.0,"turns":2.0},{"damage":10.0,"enemies":"IC_STATUS_ARCHETYPE","floor":16.0,"turns":7.0},{"damage":1.0,"enemies":"downfall:LooterAlt2","floor":19.0,"turns":2.0},{"damage":0.0,"enemies":"Chosen","floor":20.0,"turns":1.0},{"damage":4.0,"enemies":"WA_ARCHETYPE_RETAIN","floor":22.0,"turns":4.0},{"damage":0.0,"enemies":"downfall:FleeingMerchant","floor":23.0,"turns":4.0},{"damage":2.0,"enemies":"downfall:FleeingMerchant","floor":26.0,"turns":4.0},{"damage":0.0,"enemies":"downfall:FleeingMerchant","floor":28.0,"turns":4.0},{"damage":13.0,"enemies":"Shelled Parasite and Fungi","floor":29.0,"turns":4.0},{"damage":13.0,"enemies":"Snake Plant","floor":31.0,"turns":3.0},{"damage":0.0,"enemies":"Chosen and Byrds","floor":32.0,"turns":3.0},{"damage":66,"enemies":"SI_MIRROR_ARCHETYPE","floor":33,"turns":12}],"seed_played":"-5440146228637955410","potions_obtained":[{"floor":5.0,"key":"ColorlessPotion"},{"floor":5.0,"key":"BlessingOfTheForge"},{"floor":5.0,"key":"bronze:BuildAFunctionPotion"},{"floor":12.0,"key":"bronze:FreeFunctionsPotion"},{"floor":13.0,"key":"Fire Potion"},{"floor":15.0,"key":"Swift Potion"},{"floor":22.0,"key":"hexamod:SoulburnPotion"},{"floor":29.0,"key":"Guardian:BlockOnCardUsePotion"},{"floor":31.0,"key":"bronze:BurnAndBuffPotion"},{"floor":32.0,"key":"SkillPotion"}],"is_trial":false,"path_per_floor":["R","M","?","T","?","R","T","M","R","$","R","E","M","M","M","B",null,"R","M","M","?","?","$","T","R","$","?","$","M","R","M","M","B"],"character_chosen":"THE_AUTOMATON","items_purchased":["bronze:BitShift","bronze:CloningBeam","Singing Bowl","expansioncontent:QuickStudy"],"campfire_rested":0,"item_purchase_floors":[10,23,28,28],"current_hp_per_floor":[70,70,70,70,70,70,70,70,70,70,70,52,52,47,47,37,77,77,76,76,76,72,72,72,72,70,70,70,57,57,56,56,0,0,0],"gold":53,"neow_bonus":"THREE_ENEMY_KILL","is_daily":false,"chose_seed":false,"campfire_upgraded":6,"win_rate":0.0,"timestamp":1613765279,"path_taken":["R","M","?","?","?","R","T","M","R","$","R","E","?","M","M","BOSS","R","M","M","?","?","?","T","R","$","?","$","M","R","M","M","BOSS"],"items_purchased_type":["Card","Card","Relic","Card"],"build_version":"2020-12-22","purchased_purges":0,"victory":false,"max_hp_per_floor":[70,70,70,70,70,70,70,70,70,70,70,70,70,70,70,70,77,77,77,77,77,77,77,77,77,77,77,77,77,77,79,79,79,79,79],"card_choices":[{"not_picked":["bronze:FineTuning","bronze:Iterate"],"picked":"bronze:Branch","floor":2.0},{"not_picked":["bronze:ClassDefault","bronze:BugBarrage"],"picked":"bronze:ChildClass","floor":8.0},{"not_picked":["bronze:Frontload","bronze:NullPointer"],"picked":"bronze:DelayedSlice","floor":10.0},{"not_picked":["bronze:DigitalCarnage","bronze:Shield"],"picked":"bronze:AlphaBuild","floor":12.0},{"not_picked":["bronze:Deprecate","bronze:DarkDash"],"picked":"bronze:ChosenStrike","floor":13.0},{"not_picked":["bronze:WhirlingStrike","bronze:Repulsor"],"picked":"bronze:Flail","floor":14.0},{"not_picked":["bronze:FollowUp","bronze:Flail"],"picked":"bronze:Fortify","floor":15.0},{"not_picked":["bronze:HardenedForm","bronze:ThunderWave"],"picked":"bronze:AlphaBuild","floor":16.0},{"not_picked":["bronze:WildBeam","bronze:Overheat"],"picked":"bronze:Frontload","floor":19.0},{"not_picked":["bronze:Turbo","bronze:FineTuning"],"picked":"bronze:BitShift+1","floor":20.0},{"not_picked":["bronze:ItsAFeature","bronze:ChosenStrike"],"picked":"bronze:ChildClass+1","floor":22.0},{"not_picked":["bronze:FineTuning","bronze:BuggyMess"],"picked":"bronze:Backtrace","floor":23.0},{"not_picked":["bronze:Break","bronze:CleanCode"],"picked":"bronze:Backtrace","floor":26.0},{"not_picked":["bronze:Shield","bronze:FineTuning"],"picked":"bronze:Iterate","floor":28.0},{"not_picked":["bronze:Shield","bronze:Frontload+1"],"picked":"bronze:Repair","floor":29.0},{"not_picked":["bronze:ThunderWave","bronze:Safeguard","bronze:MaxOutput"],"picked":"Singing Bowl","floor":31.0},{"not_picked":["bronze:BuggyMess+1","bronze:BitShift"],"picked":"bronze:Boost","floor":32.0}],"player_experience":1051283,"relics_obtained":[{"floor":4.0,"key":"Meat on the Bone"},{"floor":7.0,"key":"bronze:ProtectiveGoggles"},{"floor":12.0,"key":"InkBottle"},{"floor":17.0,"key":"Strawberry"},{"floor":17.0,"key":"Ornamental Fan"},{"floor":17.0,"key":"Torii"},{"floor":22.0,"key":"TungstenRod"},{"floor":22.0,"key":"Blue Candle"}],"event_choices":[{"damage_healed":0.0,"max_hp_gain":0.0,"max_hp_loss":0.0,"gold_gain":0.0,"event_name":"Lab","player_choice":"Got Potions","floor":5.0,"gold_loss":0.0,"damage_taken":0.0},{"damage_healed":0.0,"max_hp_gain":0.0,"max_hp_loss":0.0,"gold_gain":0.0,"event_name":"Drug Dealer","player_choice":"Obtain J.A.X.","floor":21.0,"gold_loss":0.0,"damage_taken":0.0,"cards_obtained":["J.A.X."]}],"is_beta":false,"boss_relics":[{"not_picked":["bronze:MakeshiftBattery","Fusion Hammer"],"picked":"Calling Bell"}],"items_purged_floors":[],"is_endless":false,"potions_floor_spawned":[12,13,15,22,29,31,32],"killed_by":"SI_MIRROR_ARCHETYPE","ascension_level":0}}