{"host":"kp5m5tbwfn2imaek","time":1613708124,"event":{"mods":["AchievementEnabler","BaseMod","Bestiary","Minty Spire (QoL Compilation)","Relic Stats"],"gold_per_floor":[115,115,190,207,5,38,38,72,97,117,174,174,200,217,217,295,295,305,63,95,95,107,107,107,107,156,156,156,156,186,200,200,200,200],"floor_reached":33,"language":"ENG","playtime":1485,"items_purged":[],"score":658,"play_id":"0a029fb2-6348-4759-ba19-f7e8c65b1f59","local_time":"20210218231524","is_ascension_mode":true,"campfire_choices":[{"data":"Flex","floor":7.0,"key":"SMITH"},{"floor":12.0,"key":"REST"},{"data":"True Grit","floor":15.0,"key":"SMITH"},{"data":"Feel No Pain","floor":23,"key":"SMITH"},{"data":"Feel No Pain","floor":25,"key":"SMITH"},{"data":"Corruption","floor":27,"key":"SMITH"},{"data":"Whirlwind","floor":32,"key":"SMITH"}],"circlet_count":0,"master_deck":["AscendersBane","Bash","Flex+1","Disarm+1","Inflame","Pommel Strike","Burning Pact+1","True Grit+1","Sword Boomerang","Feel No Pain+1","Reaper","Whirlwind+1","Battle Trance+1","Immolate","Inflame","Corruption+1","Shockwave+1","Dual Wield+1","Entrench+1","Sentinel+1","Feel No Pain+1","Warcry+1","Evolve"],"relics":["Burning Blood","NeowsBlessing","Lantern","Oddly Smooth Stone","Centennial Puzzle","Toy Ornithopter","Ancient Tea Set","Toxic Egg 2","Pandora\u0027s Box","War Paint","Red Mask","MutagenicStrength","Blood Vial"],"acts_visited":["Exordium","TheCity"],"potions_floor_usage":[20,33],"damage_taken":[{"damage":0.0,"enemies":"Jaw Worm","floor":1.0,"turns":1.0},{"damage":0.0,"enemies":"Small Slimes","floor":4.0,"turns":1.0},{"damage":0.0,"enemies":"Gremlin Nob","floor":6.0,"turns":1.0},{"damage":22.0,"enemies":"3 Sentries","floor":8.0,"turns":8.0},{"damage":0.0,"enemies":"2 Louse","floor":10.0,"turns":4.0},{"damage":44.0,"enemies":"3 Sentries","floor":11.0,"turns":11.0},{"damage":11.0,"enemies":"Gremlin Nob","floor":13.0,"turns":3.0},{"damage":5.0,"enemies":"Looter","floor":14.0,"turns":3.0},{"damage":41.0,"enemies":"Hexaghost","floor":16.0,"turns":11.0},{"damage":13.0,"enemies":"3 Byrds","floor":18.0,"turns":5.0},{"damage":10,"enemies":"Masked Bandits","floor":20,"turns":3},{"damage":0,"enemies":"Spheric Guardian","floor":22,"turns":3},{"damage":0,"enemies":"Book of Stabbing","floor":30,"turns":5},{"damage":0,"enemies":"Snake Plant","floor":31,"turns":4},{"damage":105,"enemies":"Collector","floor":33,"turns":8}],"seed_played":"-1927462665407458900","potions_obtained":[{"floor":1.0,"key":"AttackPotion"},{"floor":4.0,"key":"SkillPotion"},{"floor":6.0,"key":"SteroidPotion"},{"floor":10.0,"key":"Strength Potion"},{"floor":16.0,"key":"SkillPotion"},{"floor":20,"key":"DuplicationPotion"},{"floor":22,"key":"Ancient Potion"}],"is_trial":false,"path_per_floor":["M","?","?","M","$","E","R","E","T","M","?","R","E","M","R","B",null,"M","$","?","?","M","R","?","R","T","R","$","?","E","M","R","B"],"character_chosen":"IRONCLAD","items_purchased":["Lantern","Inflame","Sentinel+1","War Paint"],"campfire_rested":1,"item_purchase_floors":[5,5,19,19],"current_hp_per_floor":[74,67,56,62,62,68,68,52,52,58,20,42,37,38,38,8,58,69,69,71,71,75,75,75,75,75,75,75,75,75,75,75,0,0],"gold":200,"neow_bonus":"THREE_ENEMY_KILL","is_daily":false,"chose_seed":false,"campfire_upgraded":6,"win_rate":0.0,"timestamp":1613708124,"path_taken":["M","?","?","M","$","E","R","E","T","M","?","R","E","M","R","BOSS","M","$","?","?","M","R","?","R","T","R","$","?","E","M","R","BOSS"],"items_purchased_type":["Relic","Card","Card","Relic"],"build_version":"2020-12-22","purchased_purges":0,"victory":false,"max_hp_per_floor":[75,75,75,75,75,75,75,75,75,75,75,75,75,75,75,75,75,75,75,75,75,75,75,75,75,75,75,75,75,75,75,75,75,75],"relic_stats":{"Blood Vial":0,"Centennial Puzzle":[21],"counters":[15,71],"Pandora\u0027s Box":["Whirlwind","Battle Trance","Immolate","Inflame","Corruption","Shockwave","Dual Wield","Entrench"],"War Paint":["Burning Pact","Disarm"],"obtain_stats":[{"Lantern":5,"NeowsBlessing":0,"Oddly Smooth Stone":6,"War Paint":19,"Ancient Tea Set":11,"Burning Blood":0,"Blood Vial":30,"Centennial Puzzle":8,"MutagenicStrength":24,"Pandora\u0027s Box":17,"Red Mask":20,"Toxic Egg 2":13,"Toy Ornithopter":9},{"Lantern":2,"NeowsBlessing":0,"Oddly Smooth Stone":3,"War Paint":10,"Ancient Tea Set":6,"Burning Blood":0,"Blood Vial":13,"Centennial Puzzle":4,"MutagenicStrength":12,"Pandora\u0027s Box":9,"Red Mask":11,"Toxic Egg 2":7,"Toy Ornithopter":4},{"Lantern":2,"NeowsBlessing":0,"Oddly Smooth Stone":3,"War Paint":48,"Ancient Tea Set":26,"Burning Blood":0,"Blood Vial":59,"Centennial Puzzle":11,"MutagenicStrength":54,"Pandora\u0027s Box":43,"Red Mask":51,"Toxic Egg 2":29,"Toy Ornithopter":11}],"Burning Blood":70,"Toy Ornithopter":15},"card_choices":[{"not_picked":["Sever Soul","Rupture"],"picked":"Flex","floor":1.0},{"not_picked":["Carnage","Combust"],"picked":"Disarm","floor":4.0},{"not_picked":["Feel No Pain","Shrug It Off"],"picked":"Pommel Strike","floor":6.0},{"not_picked":["Inflame","Body Slam"],"picked":"Burning Pact","floor":8.0},{"not_picked":["Sentinel","Iron Wave"],"picked":"True Grit","floor":10.0},{"not_picked":["Infernal Blade","Twin Strike"],"picked":"Sword Boomerang","floor":11.0},{"not_picked":["Sever Soul","Rage+1","Perfected Strike"],"picked":"SKIP","floor":13.0},{"not_picked":["Armaments+1","Inflame"],"picked":"Feel No Pain","floor":14.0},{"not_picked":["Exhume+1","Impervious+1"],"picked":"Reaper","floor":16.0},{"not_picked":["Twin Strike","Pommel Strike","Headbutt"],"picked":"SKIP","floor":18.0},{"not_picked":["Twin Strike+1","Anger","Body Slam"],"picked":"SKIP","floor":22},{"not_picked":["Body Slam","Perfected Strike"],"picked":"Warcry+1","floor":30},{"not_picked":["Body Slam","True Grit+1"],"picked":"Evolve","floor":31}],"player_experience":749653,"relics_obtained":[{"floor":6.0,"key":"Oddly Smooth Stone"},{"floor":8.0,"key":"Centennial Puzzle"},{"floor":9.0,"key":"Toy Ornithopter"},{"floor":11.0,"key":"Ancient Tea Set"},{"floor":13.0,"key":"Toxic Egg 2"},{"floor":20,"key":"Red Mask"},{"floor":30,"key":"Blood Vial"}],"event_choices":[{"cards_removed":["Strike_R"],"damage_healed":0.0,"max_hp_gain":0.0,"max_hp_loss":0.0,"gold_gain":0.0,"event_name":"Golden Wing","player_choice":"Card Removal","floor":2.0,"gold_loss":0.0,"damage_taken":7.0},{"damage_healed":0.0,"max_hp_gain":0.0,"max_hp_loss":0.0,"gold_gain":75.0,"event_name":"World of Goop","player_choice":"Gather Gold","floor":3.0,"gold_loss":0.0,"damage_taken":11.0},{"damage_healed":0.0,"max_hp_gain":0.0,"max_hp_loss":0.0,"gold_gain":30.0,"event_name":"Dead Adventurer","player_choice":"Searched \u00273\u0027 times","floor":11.0,"gold_loss":0.0,"damage_taken":0.0},{"damage_healed":0,"gold_gain":0,"player_choice":"Fought Bandits","damage_taken":0,"max_hp_gain":0,"max_hp_loss":0,"event_name":"Masked Bandits","floor":20,"gold_loss":0},{"damage_healed":0,"gold_gain":0,"player_choice":"Read","damage_taken":0,"max_hp_gain":0,"max_hp_loss":0,"event_name":"The Library","floor":21,"gold_loss":0,"cards_obtained":["Feel No Pain"]},{"damage_healed":0,"gold_gain":0,"player_choice":"Inject Mutagens","damage_taken":0,"relics_obtained":["MutagenicStrength"],"max_hp_gain":0,"max_hp_loss":0,"event_name":"Drug Dealer","floor":24,"gold_loss":0},{"damage_healed":0,"gold_gain":0,"player_choice":"Ignored","damage_taken":0,"max_hp_gain":0,"max_hp_loss":0,"event_name":"Beggar","floor":29,"gold_loss":0}],"is_beta":false,"boss_relics":[{"not_picked":["Black Blood","Empty Cage"],"picked":"Pandora\u0027s Box"}],"items_purged_floors":[],"is_endless":false,"potions_floor_spawned":[1,4,6,10,11,16,20,22,30],"killed_by":"Collector","ascension_level":20}}