{"host":"rq7gz685gkaokql0","time":1613764560,"event":{"mods":["BaseMod","Infinite Spire","Minty Spire (QoL Compilation)","Replay The Spire","StSLib"],"gold_per_floor":[115,135,210,175,190,216,228,268,304,316,36,48,83,103,103,180,180,196,196,196,71,71,71,71,71,71],"floor_reached":25,"language":"ENG","playtime":630,"items_purged":[],"score":459,"play_id":"0cf51e33-890a-4c76-abd9-060c03be0876","local_time":"20210219095600","is_ascension_mode":true,"campfire_choices":[{"data":"Hyperbeam","floor":7,"key":"SMITH"},{"data":"Go for the Eyes","floor":10,"key":"SMITH"},{"floor":15,"key":"REST"},{"floor":23,"key":"REST"},{"data":"ReplayTheSpireMod:Omega Cannon","floor":23,"key":"SMITH"}],"circlet_count":0,"master_deck":["AscendersBane","Defend_B","Defend_B","Defend_B","Defend_B","Zap","Dualcast","Go for the Eyes+1","Self Repair","Ball Lightning","Hyperbeam+1","Cold Snap","Sunder","Streamline","Conserve Battery+1","Cold Snap","Static Discharge","ReplayTheSpireMod:Omega Cannon+1","CurseOfTheBell","Barrage","Bite","Bite","Bite","Bite","Bite","Steam+1","Capacitor","Shame","infinitespire:Gouge"],"relics":["Cracked Core","Akabeko","MawBank","Gremlin Food","Regal Pillow","Oddly Smooth Stone","infinitespire:Satchel","Calling Bell","DataDisk","infinitespire:Magic Flask","Chameleon Ring","Kunai","Prayer Wheel"],"acts_visited":["Exordium","TheCity"],"potions_floor_usage":[6,8,16,25],"damage_taken":[{"damage":9,"enemies":"Small Slimes","floor":1,"turns":3},{"damage":4,"enemies":"Jaw Worm","floor":2,"turns":4},{"damage":0,"enemies":"2 Louse","floor":5,"turns":2},{"damage":20,"enemies":"Gremlin Nob","floor":6,"turns":4},{"damage":10,"enemies":"3 Sentries","floor":8,"turns":2},{"damage":11,"enemies":"Exordium Thugs","floor":12,"turns":3},{"damage":14,"enemies":"Replay:BlueRogue","floor":13,"turns":5},{"damage":0,"enemies":"3 Louse","floor":14,"turns":3},{"damage":39,"enemies":"Hexaghost","floor":16,"turns":9},{"damage":0,"enemies":"Chosen","floor":18,"turns":3},{"damage":43,"enemies":"Slavers","floor":25,"turns":3}],"seed_played":"9207649929799358266","potions_obtained":[{"floor":2,"key":"Explosive Potion"},{"floor":5,"key":"Block Potion"},{"floor":12,"key":"Dexterity Potion"},{"floor":13,"key":"Ancient Potion"},{"floor":18,"key":"SpeedPotion"}],"is_trial":false,"path_per_floor":["M","M","?","?","M","E","R","E","T","R","$","M","E","M","R","B",null,"M","?","T","$","?","R","?","E"],"character_chosen":"DEFECT","items_purchased":["Oddly Smooth Stone","Sunder","Streamline","Steam+1","Capacitor"],"campfire_rested":2,"item_purchase_floors":[11,11,11,21,21],"current_hp_per_floor":[55,51,40,57,64,51,51,41,41,41,41,30,16,23,59,27,60,60,49,49,49,49,49,37,0,0],"gold":71,"neow_bonus":"RANDOM_COMMON_RELIC","is_daily":false,"chose_seed":false,"campfire_upgraded":3,"win_rate":0.0,"timestamp":1613764560,"path_taken":["M","M","?","?","M","E","R","E","T","R","$","M","E","M","R","BOSS","M","?","?","$","?","R","?","E"],"items_purchased_type":["Relic","Card","Card","Card","Card"],"build_version":"2020-12-22","purchased_purges":0,"victory":false,"max_hp_per_floor":[71,71,71,71,71,71,71,71,71,71,71,71,71,71,71,71,71,71,49,49,49,49,49,49,49,49],"card_choices":[{"not_picked":["Skim","BasicCrystalCard"],"picked":"Go for the Eyes","floor":1},{"not_picked":["Darkness","Lockon"],"picked":"Self Repair","floor":2},{"not_picked":["Rebound","BasicCrystalCard"],"picked":"Ball Lightning","floor":5},{"not_picked":["Lockon","Ball Lightning"],"picked":"Hyperbeam","floor":6},{"not_picked":["ReplayTheSpireMod:Calculation Training","Rebound"],"picked":"Cold Snap","floor":8},{"not_picked":["Redo","Streamline"],"picked":"Conserve Battery","floor":12},{"not_picked":["Compile Driver","ReplayTheSpireMod:Reroute Power"],"picked":"Cold Snap","floor":13},{"not_picked":["Conserve Battery","Rebound"],"picked":"Static Discharge","floor":14},{"not_picked":["Amplify","Fission"],"picked":"ReplayTheSpireMod:Omega Cannon","floor":16},{"not_picked":["Consume","Streamline"],"picked":"Barrage","floor":18},{"not_picked":["infinitespire:TheBestDefense","infinitespire:Collect"],"picked":"infinitespire:Gouge","floor":24}],"player_experience":1317463,"relics_obtained":[{"floor":6,"key":"MawBank"},{"floor":8,"key":"Gremlin Food"},{"floor":9,"key":"Regal Pillow"},{"floor":13,"key":"infinitespire:Satchel"},{"floor":17,"key":"DataDisk"},{"floor":17,"key":"infinitespire:Magic Flask"},{"floor":17,"key":"Chameleon Ring"},{"floor":20,"key":"Kunai"}],"event_choices":[{"damage_healed":0,"gold_gain":75,"player_choice":"Gather Gold","damage_taken":11,"max_hp_gain":0,"max_hp_loss":0,"event_name":"World of Goop","floor":3,"gold_loss":0},{"damage_healed":17,"gold_gain":0,"player_choice":"Healed","damage_taken":0,"max_hp_gain":0,"max_hp_loss":0,"event_name":"The Cleric","floor":4,"gold_loss":35},{"damage_healed":0,"gold_gain":0,"player_choice":"Became a vampire","damage_taken":0,"max_hp_gain":0,"max_hp_loss":22,"event_name":"Vampires","floor":19,"gold_loss":0,"cards_obtained":["Bite","Bite","Bite","Bite","Bite"]},{"damage_healed":0,"gold_gain":0,"player_choice":"Stole Relic","damage_taken":0,"relics_obtained":["Prayer Wheel"],"max_hp_gain":0,"max_hp_loss":0,"event_name":"Addict","floor":22,"gold_loss":0,"cards_obtained":["Shame"]}],"is_beta":false,"boss_relics":[{"not_picked":["Cursed Key","Black Star"],"picked":"Calling Bell"}],"items_purged_floors":[],"is_endless":false,"potions_floor_spawned":[2,5,12,13,18],"killed_by":"Slavers","ascension_level":20}}