{"host":"gs3xqnyj3rtm2rju","time":1613707956,"event":{"mods":["AchievementEnabler","Astrologer","BaseMod","BetterRewards","Gremlin Mod","Hubris","Koishi","Marisa????????","Minty Spire (QoL Compilation)","Prisma Mod","Replay The Spire","StSLib","SuperFastMode","The Animator","The Cursed","The Necromancer","The Servant 0.9.4"],"gold_per_floor":[123,123,123,40,5,5,35,50,50,50,50,72,91,108,108,216,216,237,11,31,95,119,149,149,167,167,188,219,243,259,284,284,284,284],"floor_reached":33,"language":"ENG","playtime":2849,"items_purged":["Regret"],"score":297,"play_id":"91f4f949-6c1c-472c-8da4-f978001e1fd7","local_time":"20210218221236","is_ascension_mode":false,"campfire_choices":[{"data":"animator:Emonzaemon","floor":6,"key":"SMITH"},{"data":"animator:Shion","floor":10,"key":"SMITH"},{"data":"animator:Shion","floor":15,"key":"SMITH"},{"floor":24,"key":"REST"},{"floor":32,"key":"REST"}],"circlet_count":0,"master_deck":["animator:Strike_Katanagatari","animator:Defend_Katanagatari+1","animator:Strike","animator:Strike","animator:Strike","animator:Defend","animator:Defend+1","animator:Defend","animator:Azekura","animator:Emonzaemon+1","hubris:Greed","animator:Illya","animator:Magilou","animator:Shion+1","animator:Shion","Toxic_Smoke_Screen","animator:Lu","animator:Shion+1","animator:Saitama","animator:Laby","animator:Tatsumaki","animator:Shion","ReplayTheSpireMod:Splinters","animator:Mitsurugi","animator:Benimaru","Finger_Of_Death","animator:Ciel+1","animator:ShinjiMatou","animator:Vesta","animator:GazelDwargon","animator:ChlammyZell+1","animator:Witch","animator:Verdia","animator:Ara+1","animator:LizardPriest"],"relics":["animator:LivingPicture","animator:TheMissingPiece","animator:PurgingStone","hubris:Towel","Thread and Needle","hubris:DisguiseKit","animator:CrumblingOrb","Dream Catcher","Lantern"],"acts_visited":["Exordium","TheCity"],"potions_floor_usage":[16,16,16,25,25,25,28,29],"damage_taken":[{"damage":0,"enemies":"Small Slimes","floor":1,"turns":3},{"damage":9,"enemies":"Jaw Worm","floor":7,"turns":3},{"damage":6,"enemies":"2 Louse","floor":8,"turns":2},{"damage":0,"enemies":"2 Fungi Beasts","floor":12,"turns":2},{"damage":8,"enemies":"Exordium Thugs","floor":13,"turns":4},{"damage":13,"enemies":"Lots of Slimes","floor":14,"turns":5},{"damage":37,"enemies":"The Guardian","floor":16,"turns":8},{"damage":20,"enemies":"3 Byrds","floor":18,"turns":6},{"damage":10,"enemies":"Spheric Guardian","floor":20,"turns":4},{"damage":11,"enemies":"Snake Plant","floor":22,"turns":4},{"damage":17,"enemies":"Cultist and Chosen","floor":23,"turns":6},{"damage":5,"enemies":"Snecko","floor":25,"turns":4},{"damage":18,"enemies":"3 Cultists","floor":27,"turns":5},{"damage":0,"enemies":"Cultist and Chosen","floor":28,"turns":5},{"damage":13,"enemies":"Centurion and Healer","floor":29,"turns":6},{"damage":0,"enemies":"3 Cultists","floor":30,"turns":8},{"damage":3,"enemies":"Cultist and Chosen","floor":31,"turns":8},{"damage":33,"enemies":"Collector","floor":33,"turns":6}],"seed_played":"4206645066452842737","potions_obtained":[{"floor":7,"key":"BlessingOfTheForge"},{"floor":8,"key":"ColorlessPotion"},{"floor":14,"key":"AttackPotion"},{"floor":18,"key":"ColorlessPotion"},{"floor":21,"key":"Explosive Potion"},{"floor":21,"key":"CultistPotion"},{"floor":22,"key":"AttackPotion"},{"floor":25,"key":"Venom Potion"},{"floor":27,"key":"Block Potion"}],"is_trial":false,"path_per_floor":["M","?","?","$","?","R","M","M","T","R","?","M","M","M","R","B",null,"M","$","M","?","M","M","R","M","T","M","M","M","M","M","R","B"],"character_chosen":"THE_ANIMATOR","items_purchased":["animator:Magilou","animator:Millim","animator:Tatsumaki","animator:Shion"],"campfire_rested":2,"item_purchase_floors":[4,19,19,19],"current_hp_per_floor":[78,62,62,62,78,78,69,63,63,63,63,63,55,42,42,5,78,58,58,48,48,38,21,44,39,39,21,21,9,9,6,30,0,0],"gold":284,"neow_bonus":"TWENTY_PERCENT_HP_BONUS","is_daily":false,"chose_seed":true,"campfire_upgraded":3,"win_rate":0.0,"timestamp":1613707956,"path_taken":["M","?","?","$","?","R","M","M","T","R","?","M","?","M","R","BOSS","M","?","?","?","?","M","R","M","T","M","M","M","M","M","R","BOSS"],"items_purchased_type":["Card","Card","Card","Card"],"build_version":"2020-12-22","purchased_purges":1,"victory":false,"max_hp_per_floor":[78,78,78,78,78,78,78,78,78,78,78,78,78,78,78,78,78,78,78,78,78,79,79,79,79,79,79,79,80,80,80,80,80,80],"card_choices":[{"not_picked":["animator:Rider","animator:Kuribayashi"],"picked":"animator:Illya","floor":1},{"not_picked":["animator:Lancer","animator:DwarfShaman"],"picked":"animator:Shion","floor":7},{"not_picked":["animator:DolaCouronne","animator:TukaLunaMarceau"],"picked":"animator:Shion","floor":8},{"not_picked":["animator:Sonic","animator:Shichika","animator:Assassin"],"picked":"Toxic_Smoke_Screen","floor":12},{"not_picked":["animator:CowGirl","animator:MumenRider","Chill_Blood"],"picked":"animator:Lu","floor":13},{"not_picked":["animator:Vanir","animator:ZankiKiguchi","Bone_Spikes"],"picked":"animator:Shion","floor":14},{"not_picked":["animator:HigakiRinne","animator:Boros","Negative_Energy_Bomb"],"picked":"animator:Saitama","floor":16},{"not_picked":["animator:MetalKnight","animator:Raven","Death_March_Dance"],"picked":"animator:Laby","floor":18},{"not_picked":["animator:Shichika","animator:Darkness","Bone_Prison"],"picked":"animator:Millim","floor":20},{"not_picked":["animator:Elsword","animator:DwarfShaman","Bones_to_Steel"],"picked":"animator:Mitsurugi","floor":21},{"not_picked":["animator:Tet","animator:Mitsurugi","Blood_Whip"],"picked":"animator:Benimaru","floor":22},{"not_picked":["animator:HighElfArcher","animator:LizardPriest","Spectral_Armor"],"picked":"animator:RoryMercury","floor":23},{"not_picked":["animator:Konayuki","animator:Shion","animator:Vanir"],"picked":"Finger_Of_Death","floor":24},{"not_picked":["animator:Shuna","animator:Bozes","Toxic_Smoke_Screen"],"picked":"animator:Ciel+1","floor":25},{"not_picked":["animator:Ain","animator:Arpeggio","Exploit"],"picked":"animator:ShinjiMatou","floor":27},{"not_picked":["animator:TsurugaMeisai+1","animator:Archer","Death_March_Dance"],"picked":"animator:Vesta","floor":28},{"not_picked":["animator:Melzalgald","animator:Ara+1","Bone_Shift"],"picked":"animator:GazelDwargon","floor":29},{"not_picked":["animator:Hakurou","animator:GuildGirl+1","Blood_Whip"],"picked":"animator:ChlammyZell+1","floor":30},{"not_picked":["animator:ShinjiMatou","animator:Jibril+1","Siphon_Strength"],"picked":"animator:Witch","floor":31},{"not_picked":["animator:LeleiLaLalena","animator:SwordMaiden","Corrupt"],"picked":"animator:Verdia","floor":32}],"player_experience":120516,"relics_obtained":[{"floor":9,"key":"Thread and Needle"},{"floor":21,"key":"Dream Catcher"},{"floor":26,"key":"Lantern"}],"event_choices":[{"damage_healed":0,"gold_gain":0,"player_choice":"Entered Light","damage_taken":16,"max_hp_gain":0,"max_hp_loss":0,"event_name":"Shining Light","floor":2,"gold_loss":0,"cards_upgraded":["animator:Defend_Katanagatari","animator:Defend"]},{"damage_healed":19,"gold_gain":0,"player_choice":"Healed","damage_taken":0,"max_hp_gain":0,"max_hp_loss":0,"event_name":"The Cleric","floor":5,"gold_loss":35}],"is_beta":false,"boss_relics":[{"not_picked":["Replay:Wanted Poster","ReplayTheSpireMod:DimensionalGlitch"],"picked":"animator:CrumblingOrb"}],"items_purged_floors":[19],"is_endless":false,"potions_floor_spawned":[7,8,14,18,22,25,27],"killed_by":"Collector","ascension_level":0}}