{"host":"sc0o2qwpf9j16a4i","time":1613742075,"event":{"mods":["AchievementEnabler","BaseMod","BetterRewards","Block Reminder","Colored Map","Colored Powertips","Custom Start","Highlight Path","Minty Spire (QoL Compilation)","Relic Stats"],"gold_per_floor":[110,120,120,145,24,24,24,64,64,80,80,255,270,285,285,405,405,419,310,333,333,333,371,371,390,390,408,427,427,448,448,448,579,579,595,205,205,223,237,237,251,251,251,276,276,307,322,345,345,345],"floor_reached":51,"language":"ENG","playtime":1609,"items_purged":["Regret"],"score":828,"play_id":"a2b85734-1aa8-4c44-80f1-115fb15f90b6","local_time":"20210219154115","daily_mods":["Specialized","Uncertain Future","Lethality"],"is_ascension_mode":false,"campfire_choices":[{"data":"Limit Break","floor":7,"key":"SMITH"},{"data":"Infernal Blade","floor":11,"key":"SMITH"},{"data":"Disarm","floor":15,"key":"SMITH"},{"floor":24,"key":"REST"},{"floor":29,"key":"REST"},{"data":"Limit Break","floor":32,"key":"SMITH"},{"data":"Dual Wield","floor":40,"key":"SMITH"},{"data":"Heavy Blade","floor":42,"key":"SMITH"},{"data":"Demon Form","floor":49,"key":"SMITH"}],"circlet_count":0,"master_deck":["Strike_R","Strike_R","Strike_R","Strike_R","Strike_R","Defend_R","Defend_R","Defend_R","Defend_R","Bash","Infernal Blade+1","Infernal Blade","Infernal Blade","Infernal Blade","Infernal Blade","Clothesline","Flame Barrier","Injury","Blood for Blood","Limit Break+1","Reaper","Disarm+1","Pommel Strike","Heavy Blade+1","Immolate","Dark Embrace+1","Disarm","Clothesline","Dual Wield+1","Flame Barrier","Limit Break+1","Ghostly Armor+1","Demon Form+1","Disarm","Dark Shackles","Ghostly Armor+1","Combust+1"],"relics":["Burning Blood","Golden Idol","Letter Opener","Omamori","White Beast Statue","Snecko Eye","Enchiridion","InkBottle","Toy Ornithopter","Busted Crown","Matryoshka","Bottled Flame","Paper Frog","Smiling Mask"],"acts_visited":["Exordium","TheCity","TheBeyond"],"potions_floor_usage":[8,8,14,20,23,23,23,28,30,33,33,38,38,46,50,50,50],"damage_taken":[{"damage":8,"enemies":"Small Slimes","floor":1,"turns":2},{"damage":5,"enemies":"Jaw Worm","floor":2,"turns":2},{"damage":0,"enemies":"2 Louse","floor":4,"turns":2},{"damage":0,"enemies":"Gremlin Nob","floor":8,"turns":2},{"damage":9,"enemies":"Exordium Wildlife","floor":10,"turns":2},{"damage":0,"enemies":"2 Fungi Beasts","floor":13,"turns":1},{"damage":0,"enemies":"Blue Slaver","floor":14,"turns":2},{"damage":40,"enemies":"Hexaghost","floor":16,"turns":8},{"damage":18,"enemies":"Spheric Guardian","floor":18,"turns":3},{"damage":16,"enemies":"2 Thieves","floor":20,"turns":3},{"damage":22,"enemies":"Book of Stabbing","floor":23,"turns":4},{"damage":22,"enemies":"Snake Plant","floor":25,"turns":2},{"damage":27,"enemies":"Sentry and Sphere","floor":27,"turns":4},{"damage":8,"enemies":"Snecko","floor":28,"turns":4},{"damage":0,"enemies":"Cultist and Chosen","floor":30,"turns":6},{"damage":72,"enemies":"Automaton","floor":33,"turns":10},{"damage":32,"enemies":"3 Darklings","floor":35,"turns":3},{"damage":3,"enemies":"3 Shapes","floor":38,"turns":2},{"damage":23,"enemies":"Sphere and 2 Shapes","floor":39,"turns":3},{"damage":35,"enemies":"Writhing Mass","floor":41,"turns":4},{"damage":7,"enemies":"3 Darklings","floor":44,"turns":2},{"damage":0,"enemies":"Giant Head","floor":46,"turns":4},{"damage":22,"enemies":"4 Shapes","floor":47,"turns":3},{"damage":28,"enemies":"Transient","floor":48,"turns":5},{"damage":19,"enemies":"Donu and Deca","floor":50,"turns":5}],"seed_played":"-2907465888761684532","potions_obtained":[{"floor":1,"key":"Fire Potion"},{"floor":10,"key":"Fire Potion"},{"floor":13,"key":"AttackPotion"},{"floor":14,"key":"SmokeBomb"},{"floor":16,"key":"SteroidPotion"},{"floor":18,"key":"Swift Potion"},{"floor":20,"key":"Swift Potion"},{"floor":23,"key":"Dexterity Potion"},{"floor":25,"key":"HeartOfIron"},{"floor":27,"key":"Dexterity Potion"},{"floor":28,"key":"FairyPotion"},{"floor":30,"key":"EssenceOfSteel"},{"floor":33,"key":"ElixirPotion"},{"floor":35,"key":"AttackPotion"},{"floor":38,"key":"EssenceOfSteel"},{"floor":39,"key":"GamblersBrew"},{"floor":41,"key":"BlessingOfTheForge"},{"floor":46,"key":"DuplicationPotion"},{"floor":48,"key":"SpeedPotion"}],"is_trial":true,"path_per_floor":["M","M","?","M","$","?","R","E","T","M","R","?","M","M","R","B",null,"M","$","M","?","?","E","R","M","T","M","M","R","M","?","R","B",null,"M","$","?","M","M","R","M","R","T","M","?","E","M","M","R","B",null],"character_chosen":"IRONCLAD","items_purchased":["Limit Break","AttackPotion","Disarm","Matryoshka","Disarm","Dark Shackles"],"campfire_rested":2,"item_purchase_floors":[5,5,19,36,36,36],"current_hp_per_floor":[78,79,79,80,80,80,80,80,80,77,77,77,80,80,80,46,80,68,68,61,61,45,39,63,47,47,26,39,63,80,80,80,42,80,80,80,80,80,68,68,55,55,55,54,54,80,80,75,75,80],"gold":345,"neow_bonus":"","is_daily":false,"chose_seed":false,"campfire_upgraded":7,"win_rate":0.0,"timestamp":1613742075,"path_taken":["M","M","?","M","$","?","R","E","T","M","R","?","M","M","R","BOSS","M","$","M","?","?","E","R","M","T","M","M","R","M","?","R","BOSS","M","$","?","M","?","R","M","R","T","M","?","E","M","M","R","BOSS"],"items_purchased_type":["Card","Potion","Card","Relic","Card","Card"],"build_version":"2020-12-22","purchased_purges":1,"victory":true,"max_hp_per_floor":[80,80,80,80,80,80,80,80,80,80,80,80,80,80,80,80,80,80,80,80,80,80,80,80,80,80,80,80,80,80,80,80,80,80,80,80,80,80,80,80,80,80,80,80,80,80,80,80,80,80],"relic_stats":{"Busted Crown":16,"counters":[25,88],"Golden Idol":162,"Snecko Eye":[116,141,128,133],"Letter Opener":[124],"Smiling Mask":0,"obtain_stats":[{"Golden Idol":3,"Enchiridion":22,"Omamori":8,"Letter Opener":6,"Smiling Mask":46,"Burning Blood":0,"White Beast Statue":9,"Bottled Flame":43,"Busted Crown":34,"Matryoshka":36,"Snecko Eye":17,"InkBottle":23,"Toy Ornithopter":26,"Paper Frog":43},{"Golden Idol":2,"Enchiridion":10,"Omamori":4,"Letter Opener":3,"Smiling Mask":22,"Burning Blood":0,"White Beast Statue":4,"Bottled Flame":20,"Busted Crown":16,"Matryoshka":17,"Snecko Eye":8,"InkBottle":11,"Toy Ornithopter":12,"Paper Frog":20},{"Golden Idol":4,"Enchiridion":27,"Omamori":8,"Letter Opener":6,"Smiling Mask":75,"Burning Blood":0,"White Beast Statue":8,"Bottled Flame":69,"Busted Crown":57,"Matryoshka":60,"Snecko Eye":21,"InkBottle":31,"Toy Ornithopter":33,"Paper Frog":69}],"Burning Blood":102,"InkBottle":[23],"Toy Ornithopter":23},"card_choices":[{"not_picked":["Second Wind","Thunderclap"],"picked":"Clothesline","floor":1},{"not_picked":["Body Slam","Sword Boomerang"],"picked":"Flame Barrier","floor":2},{"not_picked":["Wild Strike","Bloodletting"],"picked":"Blood for Blood","floor":4},{"not_picked":["Twin Strike","Clothesline"],"picked":"Reaper","floor":8},{"not_picked":["Sword Boomerang","Clothesline"],"picked":"Disarm","floor":10},{"not_picked":["Sever Soul","Blood for Blood"],"picked":"Pommel Strike","floor":13},{"not_picked":["Wild Strike","Body Slam"],"picked":"Heavy Blade","floor":14},{"not_picked":["Demon Form","Juggernaut"],"picked":"Immolate","floor":16},{"not_picked":["Reckless Charge","Armaments+1"],"picked":"Dark Embrace+1","floor":18},{"not_picked":["Intimidate+1","Havoc","Sever Soul"],"picked":"SKIP","floor":20},{"not_picked":["Rupture","Rage"],"picked":"Clothesline","floor":23},{"not_picked":["Shrug It Off+1","Headbutt"],"picked":"Dual Wield","floor":25},{"not_picked":["Rampage","Intimidate"],"picked":"Flame Barrier","floor":27},{"not_picked":["Hemokinesis","Sword Boomerang+1"],"picked":"Limit Break","floor":28},{"not_picked":["Sentinel+1","Headbutt"],"picked":"Ghostly Armor+1","floor":30},{"not_picked":["Double Tap","Immolate"],"picked":"Demon Form","floor":33},{"not_picked":["Thunderclap+1"],"picked":"SKIP","floor":35},{"not_picked":["Wild Strike"],"picked":"SKIP","floor":38},{"not_picked":["Flex"],"picked":"SKIP","floor":39},{"not_picked":["Searing Blow"],"picked":"SKIP","floor":41},{"not_picked":[],"picked":"Ghostly Armor+1","floor":44},{"not_picked":["Sword Boomerang"],"picked":"SKIP","floor":46},{"not_picked":[],"picked":"Combust+1","floor":47},{"not_picked":["Clash+1"],"picked":"SKIP","floor":48}],"player_experience":1473167,"relics_obtained":[{"floor":8,"key":"Omamori"},{"floor":9,"key":"White Beast Statue"},{"floor":22,"key":"Enchiridion"},{"floor":23,"key":"InkBottle"},{"floor":26,"key":"Toy Ornithopter"},{"floor":43,"key":"Bottled Flame"},{"floor":43,"key":"Paper Frog"},{"floor":46,"key":"Smiling Mask"}],"event_choices":[{"damage_healed":0,"gold_gain":0,"player_choice":"Take Wound","damage_taken":0,"relics_obtained":["Golden Idol"],"max_hp_gain":0,"max_hp_loss":0,"event_name":"Golden Idol","floor":3,"gold_loss":0,"cards_obtained":["Injury"]},{"damage_healed":0,"gold_gain":0,"player_choice":"Box","damage_taken":0,"relics_obtained":["Letter Opener"],"max_hp_gain":0,"max_hp_loss":0,"event_name":"Big Fish","floor":6,"gold_loss":0,"cards_obtained":["Regret"]},{"damage_healed":0,"gold_gain":175,"player_choice":"AGREE","damage_taken":0,"max_hp_gain":0,"max_hp_loss":0,"event_name":"Liars Game","floor":12,"gold_loss":0,"cards_obtained":["Doubt"]},{"damage_healed":0,"gold_gain":0,"player_choice":"Ignored","damage_taken":0,"max_hp_gain":0,"max_hp_loss":0,"event_name":"Beggar","floor":21,"gold_loss":0},{"damage_healed":0,"gold_gain":0,"player_choice":"Obtained Book","damage_taken":16,"max_hp_gain":0,"max_hp_loss":0,"event_name":"Cursed Tome","floor":22,"gold_loss":0},{"damage_healed":0,"gold_gain":0,"player_choice":"Ignored","damage_taken":0,"max_hp_gain":0,"max_hp_loss":0,"event_name":"Vampires","floor":31,"gold_loss":0},{"damage_healed":0,"gold_gain":0,"player_choice":"Ignored","damage_taken":0,"max_hp_gain":0,"max_hp_loss":0,"event_name":"SecretPortal","floor":37,"gold_loss":0},{"damage_healed":0,"gold_gain":0,"player_choice":"Ignored","damage_taken":0,"max_hp_gain":0,"max_hp_loss":0,"event_name":"Tomb of Lord Red Mask","floor":45,"gold_loss":0}],"is_beta":false,"boss_relics":[{"not_picked":["Cursed Key","Mark of Pain"],"picked":"Snecko Eye"},{"not_picked":["Astrolabe","Philosopher\u0027s Stone"],"picked":"Busted Crown"}],"items_purged_floors":[19],"is_endless":false,"potions_floor_spawned":[1,10,13,14,16,18,20,23,25,27,28,30,33,35,38,39,41,44,46,47,48],"ascension_level":0}}