{"host":"i9o21tdcc8l3o4rw","time":1613728428,"event":{"mods":["2.2 Compatiblity","Act Like it!","BaseMod","BetterRewards","Colored Map","Colored Powertips","Hubris","Infinite Spire","Jorbs\u0027s Wanderer Trilogy","Marisa????????","Menagerie","Minty Spire (QoL Compilation)","Replay The Spire","Shop Mod","StSLib","The Bladedancer","The Exalted","The Servant 0.9.4","??????REMEMod"],"gold_per_floor":[117,117,342,352,371,371,371,371],"floor_reached":7,"playtime":934,"items_purged":[],"score":43,"play_id":"a5ad8754-559b-4f99-89e4-de92d8538802","local_time":"20210219105348","is_ascension_mode":true,"campfire_choices":[{"data":"Dualcast","floor":6,"key":"SMITH"}],"circlet_count":0,"master_deck":["Strike_B","Strike_B","Strike_B","Strike_B","Defend_B","Defend_B","Defend_B","Defend_B","Zap","Dualcast+1","Self Repair","Defragment","Shame","Capacitor","Hologram"],"relics":["Cracked Core","REME_ComplimentaryCards"],"acts_visited":["Menagerie:Menagerie"],"potions_floor_usage":[7,7],"damage_taken":[{"damage":6,"enemies":"Menagerie:MonstrousExperiment","floor":1,"turns":3},{"damage":4,"enemies":"Menagerie:2_RABBITS","floor":4,"turns":3},{"damage":0,"enemies":"Menagerie:WhisperingWraith","floor":5,"turns":4},{"damage":76,"enemies":"Menagerie:MaskedSummoner","floor":7,"turns":18}],"seed_played":"-2564148475254145803","potions_obtained":[{"floor":1,"key":"infinitespire:BlackPotion"},{"floor":5,"key":"Explosive Potion"}],"is_trial":false,"path_per_floor":["M","?","?","M","M","R","E"],"character_chosen":"DEFECT","items_purchased":[],"campfire_rested":0,"item_purchase_floors":[],"current_hp_per_floor":[75,75,75,71,75,75,0,0],"gold":371,"neow_bonus":"THREE_CARDS","is_daily":false,"chose_seed":false,"campfire_upgraded":1,"win_rate":0.0,"timestamp":1613728428,"path_taken":["M","?","?","M","M","R","E"],"items_purchased_type":[],"build_version":"2020-11-29","purchased_purges":0,"victory":false,"max_hp_per_floor":[75,75,75,75,75,75,75,75],"card_choices":[{"not_picked":["ReplayGash","Hologram"],"picked":"Self Repair","floor":0},{"not_picked":["Self Repair","Gash"],"picked":"Defragment","floor":1},{"not_picked":["BasicCrystalCard","Cold Snap"],"picked":"Capacitor","floor":4},{"not_picked":["Panic Button","hubris:PowerSurge"],"picked":"Hologram","floor":5}],"player_experience":156137,"relics_obtained":[],"event_choices":[{"damage_healed":0,"gold_gain":0,"player_choice":"Ignored","damage_taken":0,"max_hp_gain":0,"max_hp_loss":0,"event_name":"Menagerie:BeastSpiritShrine","floor":2,"gold_loss":0},{"damage_healed":0,"gold_gain":225,"player_choice":"Raid","damage_taken":0,"max_hp_gain":0,"max_hp_loss":0,"event_name":"Menagerie:SpiderNest","floor":3,"gold_loss":0,"cards_obtained":["Shame"]}],"is_beta":false,"boss_relics":[],"items_purged_floors":[],"is_endless":false,"potions_floor_spawned":[1,5],"killed_by":"Menagerie:MaskedSummoner","ascension_level":1}}