{"host":"xp5rvh2jwe2ejyfm","time":1613743584,"event":{"mods":["2.2 Compatiblity","Aspiration","BaseMod","Better Altar","Better Match","Better Note","Better Sensory Stone","Better Skull","BetterRewards","Colored Powertips","Conspire","Downfall","GifTheSpireLib","Gremlin Mod","GungeonMod","Hermit","Hubris","Jorbs\u0027s Wanderer Trilogy","Minty Spire (QoL Compilation)","Potionbrewer","Quick Restart","Replay The Spire","Robot Space Explorer","Shade Mod","Somnambulant","StSLib","The Bug Knight","The Clintock","The Construct","The Cursed","The Disciple","The Forsaken","The Hierophant","The Marked","The Necromancer","The Runesmith","The Servant 0.9.4","The Valiant","The Witch","TheFirefly","thorton"],"gold_per_floor":[218,29,39,55,155,190,201,219,245,255,275,275,292,303,303,401,401,411,411,411,425,85,114,76,76,76],"floor_reached":25,"language":"ENG","playtime":1081,"items_purged":[],"score":227,"play_id":"fb271923-a0fc-449e-b2b3-da1e605761fa","local_time":"20210219090624","is_ascension_mode":false,"campfire_choices":[{"floor":12,"key":"REST"},{"floor":15,"key":"REST"}],"circlet_count":0,"master_deck":["Strike_G+1","Strike_G+1","Strike_G+1","Strike_G+1","Strike_G+1","Defend_G+1","Defend_G+1","Defend_G+1","Defend_G+1","Defend_G+1","Survivor","Neutralize","Blade Dance","ReplayTheSpireMod:Scrap Shanks","Dagger Spray","Replay:Poison Smokescreen","Dagger Spray","Noxious Fumes","Expertise","Blade Dance","Glass Knife","Dodge and Roll","Hidden Blade","Crippling Poison","Bouncing Flask","Night Terror","Sucker Punch+1","Deadly Poison","Infinite Blades","Bouncing Flask","Flying Knee","Outmaneuver","Infinite Blades"],"relics":["Ring of the Snake","Tingsha","aspiration:RitualDagger","potionbrewer:Keyblade","hubris:PeanutButter"],"acts_visited":["Exordium","TheCity"],"potions_floor_usage":[10,10,16,23,23,25],"damage_taken":[{"damage":4,"enemies":"Jaw Worm","floor":1,"turns":6},{"damage":4,"enemies":"Cultist","floor":3,"turns":3},{"damage":0,"enemies":"Small Slimes","floor":4,"turns":3},{"damage":42,"enemies":"Gremlin Nob","floor":6,"turns":5},{"damage":2,"enemies":"Exordium Wildlife","floor":7,"turns":3},{"damage":0,"enemies":"3 Louse","floor":8,"turns":2},{"damage":0,"enemies":"Large Slime","floor":10,"turns":5},{"damage":3,"enemies":"Gremlin Gang","floor":11,"turns":3},{"damage":25,"enemies":"Exordium Thugs","floor":13,"turns":4},{"damage":2,"enemies":"3 Louse","floor":14,"turns":2},{"damage":6,"enemies":"Hexaghost","floor":16,"turns":8},{"damage":57,"enemies":"Spheric Guardian","floor":18,"turns":6},{"damage":38,"enemies":"3 Byrds","floor":21,"turns":6},{"damage":45,"enemies":"Gremlin Leader","floor":23,"turns":5},{"damage":54,"enemies":"Slavers","floor":25,"turns":5}],"seed_played":"835095755563158098","potions_obtained":[{"floor":4,"key":"Block Potion"},{"floor":7,"key":"LiquidMemories"},{"floor":8,"key":"construct:ShiftPotion"},{"floor":11,"key":"FearPotion"},{"floor":13,"key":"SkillPotion"},{"floor":21,"key":"SteroidPotion"},{"floor":23,"key":"potionbrewer:EndurancePotion"}],"is_trial":false,"path_per_floor":["M","$","M","M","?","E","M","M","T","M","M","R","M","M","R","B",null,"M","?","?","M","$","E","$","E"],"character_chosen":"THE_SILENT","items_purchased":["ReplayTheSpireMod:Scrap Shanks","Dagger Spray","Replay:Poison Smokescreen","Infinite Blades","Bouncing Flask","potionbrewer:Keyblade","Flying Knee","Infinite Blades"],"campfire_rested":2,"item_purchase_floors":[2,2,2,22,22,22,22,24],"current_hp_per_floor":[66,66,62,62,62,20,18,18,18,18,15,36,11,9,30,24,70,13,13,13,52,52,36,36,0,0],"gold":76,"neow_bonus":"HUNDRED_GOLD","is_daily":false,"chose_seed":false,"campfire_upgraded":0,"win_rate":0.0,"timestamp":1613743584,"path_taken":["M","$","M","M","?","E","M","M","T","?","M","R","M","M","R","BOSS","M","?","?","M","?","E","$","E"],"items_purchased_type":["Card","Card","Card","Card","Card","Relic","Card","Card"],"build_version":"2020-12-22","purchased_purges":0,"victory":false,"max_hp_per_floor":[70,70,70,70,70,70,70,70,70,70,70,70,70,70,70,70,70,70,70,70,70,70,70,70,70,70],"card_choices":[{"not_picked":["Bane","Well Laid Plans"],"picked":"Blade Dance","floor":1},{"not_picked":["Tactician","Escape Plan"],"picked":"Dagger Spray","floor":3},{"not_picked":["Sucker Punch","aspiration:Lunge"],"picked":"Noxious Fumes","floor":4},{"not_picked":["Quick Slash","Slice"],"picked":"Expertise","floor":6},{"not_picked":["Deflect","Underhanded Strike"],"picked":"Blade Dance","floor":7},{"not_picked":["hubris:SlightOfHand","Deflect"],"picked":"Glass Knife","floor":8},{"not_picked":["Sucker Punch","ReplayTheSpireMod:Speed Training"],"picked":"Dodge and Roll","floor":10},{"not_picked":["Sucker Punch","Deflect"],"picked":"Hidden Blade","floor":11},{"not_picked":["Outmaneuver","Choke"],"picked":"Crippling Poison","floor":13},{"not_picked":["Eviscerate","Slice"],"picked":"Bouncing Flask","floor":14},{"not_picked":["Wraith Form v2","ReplayTheSpireMod:From All Sides"],"picked":"Night Terror","floor":16},{"not_picked":["PiercingWail","Deadly Poison"],"picked":"Sucker Punch+1","floor":18},{"not_picked":["Slice","Prepared"],"picked":"Deadly Poison","floor":21},{"not_picked":["Fluid Movement","aspiration:Lunge"],"picked":"Outmaneuver","floor":23}],"player_experience":534896,"relics_obtained":[{"floor":6,"key":"Tingsha"},{"floor":23,"key":"hubris:PeanutButter"}],"event_choices":[{"damage_healed":0,"gold_gain":100,"player_choice":"Pray","damage_taken":0,"max_hp_gain":0,"max_hp_loss":0,"event_name":"Golden Shrine","floor":5,"gold_loss":0},{"damage_healed":0,"gold_gain":0,"player_choice":"Ignored","damage_taken":0,"max_hp_gain":0,"max_hp_loss":0,"event_name":"betterNote:BetterNote","floor":19,"gold_loss":0,"cards_obtained":["hermit:Headshot"]},{"damage_healed":0,"gold_gain":0,"player_choice":"Simplicity","damage_taken":0,"max_hp_gain":0,"max_hp_loss":0,"event_name":"Back to Basics","floor":20,"gold_loss":0,"cards_upgraded":["Strike_G","Strike_G","Strike_G","Strike_G","Strike_G","Defend_G","Defend_G","Defend_G","Defend_G","Defend_G"]}],"is_beta":false,"boss_relics":[{"not_picked":["potionbrewer:BhaskarasWheel","Fusion Hammer"],"picked":"aspiration:RitualDagger"}],"items_purged_floors":[],"is_endless":false,"potions_floor_spawned":[4,7,8,11,13,14,21,23],"killed_by":"Slavers","ascension_level":0}}