{"host":"tqx2hwjda5x2l78j","time":1613711296,"event":{"mods":["2.2 Compatiblity","Act Like it!","BaseMod","Better Match","Better Third Choice","BetterRewards","Block Reminder","Bossed Relics","Card Filter","Colored Map","Dark Map","Downfall","GifTheSpireLib","Gremlin Skip","Hubris","Marisa????????","Minty Spire (QoL Compilation)","Quick Restart","Rare Cards Sparkle","StSLib","Stuff the Spire","The Alterego","The Animator","The Jungle","Unceasing Turn Reminder"],"gold_per_floor":[99,16,16,35,35,54,54,54,64,64,96,106,6,6,23,65,65],"floor_reached":16,"language":"ENG","playtime":604,"items_purged":[],"score":155,"play_id":"30eb2a94-ab10-4b02-a9d9-a5e25d39b1b6","local_time":"20210218230816","is_ascension_mode":true,"campfire_choices":[{"data":"UpSweep","floor":1,"key":"SMITH"},{"data":"MachineGunSpark","floor":10,"key":"SMITH"},{"data":"AsteroidBelt","floor":13,"key":"SMITH"}],"circlet_count":0,"master_deck":["Strike_MRS","Strike_MRS","Strike_MRS","Defend_MRS","Defend_MRS","Defend_MRS","MasterSpark+1","UpSweep+1","NonDirectionalLaser","ChargeUpSpray","MachineGunSpark+1","AsteroidBelt+1","MaximisePower","WitchOfGreed","Robbery"],"relics":["MiniHakkero","StuffTheSpire:NeowsTribute","downfall:HeartBlessingBlue","downfall:BrokenWingStatue"],"acts_visited":["Exordium"],"potions_floor_usage":[15,16,16],"damage_taken":[{"damage":5,"enemies":"downfall:FleeingMerchant","floor":2,"turns":4},{"damage":7,"enemies":"Small Slimes","floor":4,"turns":3},{"damage":0,"enemies":"2 Louse","floor":6,"turns":1},{"damage":0,"enemies":"Cultist","floor":9,"turns":2},{"damage":27,"enemies":"Lagavulin","floor":11,"turns":7},{"damage":9,"enemies":"Exordium Wildlife","floor":12,"turns":2},{"damage":0,"enemies":"downfall:LooterAlt","floor":15,"turns":2},{"damage":49,"enemies":"WA_ARCHETYPE_RETAIN","floor":16,"turns":6}],"seed_played":"-1172990955124014771","potions_obtained":[{"floor":9,"key":"Regen Potion"},{"floor":11,"key":"Fire Potion"},{"floor":12,"key":"Fruit Juice"}],"is_trial":false,"path_per_floor":["R","$","?","M","?","M","T","?","M","R","E","M","R","?","M","B"],"character_chosen":"MARISA","items_purchased":["ChargeUpSpray"],"campfire_rested":0,"item_purchase_floors":[2],"current_hp_per_floor":[50,45,60,53,53,53,53,53,53,53,26,17,27,27,32,0,0],"gold":65,"neow_bonus":"REMOVE_TWO","is_daily":false,"chose_seed":false,"campfire_upgraded":3,"win_rate":0.0,"timestamp":1613711296,"path_taken":["R","$","?","M","?","M","T","?","?","R","E","M","R","?","M","BOSS"],"items_purchased_type":["Card"],"build_version":"2020-12-22","purchased_purges":0,"victory":false,"max_hp_per_floor":[75,75,75,75,75,75,75,75,75,75,75,75,85,85,90,90,90],"card_choices":[{"not_picked":["MysteriousBeam","GrandCross"],"picked":"NonDirectionalLaser","floor":2},{"not_picked":["UnstableBomb","DoubleSpark","NonDirectionalLaser"],"picked":"SKIP","floor":4},{"not_picked":["GalacticHalo","DC"],"picked":"MachineGunSpark","floor":6},{"not_picked":["BlazeAway","DoubleSpark"],"picked":"AsteroidBelt","floor":9},{"not_picked":["MysteriousBeam","GrandCross"],"picked":"MaximisePower","floor":11},{"not_picked":["GrandCross","DoubleSpark"],"picked":"WitchOfGreed","floor":12},{"not_picked":["Acceleration","DoubleSpark"],"picked":"Robbery","floor":15}],"player_experience":360036,"relics_obtained":[{"floor":11,"key":"StuffTheSpire:NeowsTribute"}],"event_choices":[{"damage_healed":0,"gold_gain":0,"player_choice":"Grow","damage_taken":0,"max_hp_gain":0,"max_hp_loss":0,"event_name":"Living Wall","floor":5,"gold_loss":0,"cards_upgraded":["MasterSpark"]}],"is_beta":false,"boss_relics":[],"items_purged_floors":[],"is_endless":false,"potions_floor_spawned":[9,11,12],"killed_by":"WA_ARCHETYPE_RETAIN","ascension_level":6}}