{"host":"i0m6ffz3lpe3z1ky","time":1613766882,"event":{"mods":["Aspiration","BaseMod","Bestiary","BetterRewards","Colored Map","Conspire","Energized Spire","Highlight Path","Hubris","Ironclad Rager","Minty Spire (QoL Compilation)","Quick Restart","Reliquary","Shop Mod","Spicy Shops","StSLib","Thieving Mod"],"gold_per_floor":[113,133,146,165,176,176,207,232,256,256,291,324,324,355,355,459,459,471,504,504,206,168,196,196,196,196,196,225,225,260,295,295,391,391,404,304,1,12,32,62,62,62,107,63,63,97,97,114,114,114,114,114,12,42,42],"floor_reached":56,"language":"KOR","playtime":2384,"items_purged":["Strike_R","conspire:Purge+1"],"score":2996,"play_id":"c7184cf3-04f6-4504-aa11-244c33b65b90","local_time":"20210220053442","is_ascension_mode":true,"campfire_choices":[{"data":"Metallicize","floor":6.0,"key":"SMITH"},{"floor":13.0,"key":"RECALL"},{"data":"conspire:Purge","floor":24,"key":"SMITH"},{"data":"Entrench","floor":25,"key":"SMITH"},{"data":"Shrug It Off","floor":32,"key":"SMITH"},{"data":"Shrug It Off","floor":41,"key":"SMITH"}],"circlet_count":0,"master_deck":["Metallicize+1","Pommel Strike+1","Body Slam+1","Body Slam+1","Shrug It Off+1","CurseOfTheBell","Body Slam+1","Shrug It Off+1","Entrench+1","Master of Strategy","Vault+1","Good Instincts+1","Seeing Red+1"],"relics":["Burning Blood","hubris:EmptyBottle","Membership Card","Potion Belt","ClockworkSouvenir","aspiration:ArtOfWarUpgrade","aspiration:ChemicalBlood","reliquary:RosewoodLute","Anchor","Medical Kit","hubris:SlimyHat","reliquary:RoseTintedGlasses","Eternal Feather","hubris:DeckOfHolding","hubris:ChampionShield","Orichalcum","reliquary:TridentHead","Chemical X","reliquary:BallBearing","PreservedInsect","Letter Opener","Torii","Strawberry","conspire:TreasureMap","Meat on the Bone","Bird Faced Urn","Red Skull","hubris:IronBody","reliquary:BallBearing","Boot","reliquary:Tamtam","Art of War","reliquary:GummyVitamins","aspiration:Lifesprig","hubris:TinFlute","Mummified Hand","Nunchaku","Lee\u0027s Waffle","Question Card","aspiration:HatOfInfinitePower","Sling","Bronze Scales","hubris:ToyBattleship","conspire:Boomerang","reliquary:FingerTrap","Tiny Chest","WingedGreaves","Regal Pillow","Blood Vial","reliquary:CitrusReamer","Pen Nib","HandDrill","MealTicket","reliquary:ExpiredCoupon","hubris:TenFootPole","reliquary:OuijaBoard","Oddly Smooth Stone","reliquary:PorcupineQuills","TheAbacus","hubris:OldNail","Self Forming Clay","Bag of Preparation","Paper Frog","reliquary:PrincelyHelmet","Molten Egg 2","reliquary:BoilingFlask","conspire:GlowingRock","Kunai","aspiration:FrozenJewel","Calling Bell","reliquary:PartyBalloon","Matryoshka","Pocketwatch","Red Mask","aspiration:RitualStick","aspiration:SeaSaltIceCream","Coffee Dripper","Toy Ornithopter","reliquary:Spinner","Singing Bowl","reliquary:HotPoker","aspiration:Nostalgia","Cracked Core","Blood Vial","PrismaticShard","hubris:Reverence","aspiration:HummingbirdHeart","Whetstone","FossilizedHelix","conspire:TopHat","hubris:SphereOfDissonance","reliquary:Stiletto","Toxic Egg 2","Runic Pyramid","OrangePellets","hubris:CuriousFeather","hubris:ToyBattleship","Lantern","hubris:Towel","Champion Belt","Bag of Marbles","reliquary:BrokenClock","Darkstone Periapt","reliquary:Knoch","reliquary:Boomerang"],"acts_visited":[],"potions_floor_usage":[22,35,44,55,55],"damage_taken":[{"damage":0.0,"enemies":"Small Slimes","floor":1.0,"turns":2.0},{"damage":0.0,"enemies":"Jaw Worm","floor":2.0,"turns":2.0},{"damage":0.0,"enemies":"Cultist","floor":3.0,"turns":3.0},{"damage":0.0,"enemies":"Blue Slaver","floor":4.0,"turns":2.0},{"damage":0.0,"enemies":"Exordium Thugs","floor":5.0,"turns":2.0},{"damage":0.0,"enemies":"3 Sentries","floor":7.0,"turns":2.0},{"damage":0.0,"enemies":"Gremlin Nob","floor":8.0,"turns":2.0},{"damage":0.0,"enemies":"3 Sentries","floor":11.0,"turns":2.0},{"damage":0.0,"enemies":"Gremlin Nob","floor":12.0,"turns":1.0},{"damage":0.0,"enemies":"3 Sentries","floor":14.0,"turns":1.0},{"damage":0.0,"enemies":"The Guardian","floor":16.0,"turns":3.0},{"damage":0.0,"enemies":"3 Byrds","floor":18.0,"turns":2.0},{"damage":0.0,"enemies":"Masked Bandits","floor":19.0,"turns":1.0},{"damage":0,"enemies":"Gremlin Leader","floor":23,"turns":1},{"damage":0,"enemies":"Slavers","floor":28,"turns":1},{"damage":0,"enemies":"Gremlin Leader","floor":30,"turns":1},{"damage":0,"enemies":"Book of Stabbing","floor":31,"turns":1},{"damage":0,"enemies":"Automaton","floor":33,"turns":2},{"damage":0,"enemies":"Orb Walker","floor":35,"turns":2},{"damage":0,"enemies":"3 Darklings","floor":38,"turns":3},{"damage":0,"enemies":"Maw","floor":39,"turns":3},{"damage":0,"enemies":"Giant Head","floor":40,"turns":1},{"damage":0,"enemies":"Nemesis","floor":46,"turns":2},{"damage":0,"enemies":"Spire Growth","floor":48,"turns":1},{"damage":0,"enemies":"conspire:OrnateMirror","floor":50,"turns":2},{"damage":0,"enemies":"Shield and Spear","floor":54,"turns":2},{"damage":0,"enemies":"The Heart","floor":55,"turns":4}],"seed_played":"5615572428953464167","potions_obtained":[{"floor":11.0,"key":"DistilledChaos"},{"floor":12.0,"key":"EntropicBrew"},{"floor":40,"key":"LiquidMemories"}],"is_trial":false,"path_per_floor":["M","M","M","M","M","R","E","E","T","?","E","E","R","E","R","B",null,"M","?","?","$","$","E","R","R","T","R","E","T","E","E","R","B",null,"M","NS","$","M","M","E","R","?","T","$","?","E","R","M","R","B",null,"R","$","E","B",null],"character_chosen":"IRONCLAD","items_purchased":["hubris:EmptyBottle","Membership Card","EntropicBrew","Potion Belt","EntropicBrew","ThievingMod:ThievingPotion","aspiration:SeaSaltIceCream","Toy Ornithopter","reliquary:Spinner","Shrug It Off","OrangePellets","hubris:CuriousFeather","hubris:ToyBattleship","Good Instincts+1","ThievingMod:ThievingPotion"],"campfire_rested":0,"item_purchase_floors":[0,0,0,0,0,0,21,21,21,21,37,37,37,44,53],"current_hp_per_floor":[94,94,94,94,94,94,94,98,98,98,102,102,102,102,102,102,102,106,106,96,106,106,106,106,106,106,106,108,108,110,112,112,112,112,114,114,114,116,118,120,120,120,120,120,120,122,122,122,122,122,122,122,122,124,124],"gold":42,"neow_bonus":"","is_daily":false,"chose_seed":false,"campfire_upgraded":5,"win_rate":0.0,"timestamp":1613766882,"path_taken":["M","M","M","M","M","R","E","E","T","?","E","E","R","E","R","BOSS","M","?","?","$","$","E","R","R","T","R","E","?","E","E","R","BOSS","M","NS","$","M","M","E","R","?","T","$","?","E","R","?","R","BOSS","R","$","E","BOSS"],"items_purchased_type":["Relic","Relic","Potion","Relic","Potion","Potion","Relic","Relic","Relic","Card","Relic","Relic","Relic","Card","Potion"],"build_version":"2020-12-22","purchased_purges":2,"victory":true,"max_hp_per_floor":[94,94,94,94,94,94,94,98,98,98,102,102,102,102,102,102,102,106,106,106,106,106,106,106,106,106,106,108,108,110,112,112,112,112,114,114,114,116,118,120,120,120,120,120,120,122,122,122,122,122,122,122,122,124,124],"card_choices":[{"not_picked":["Burning Pact","True Grit","Spot Weakness","Anger"],"picked":"SKIP","floor":1.0},{"not_picked":["Inflame","Flame Barrier","conspire:ExplosiveBarrier","Whirlwind"],"picked":"SKIP","floor":2.0},{"not_picked":["True Grit","Clash","Evolve","Ghostly Armor"],"picked":"SKIP","floor":3.0},{"not_picked":["conspire:ExplosiveBarrier","hubris:ReadiedAction","Anger"],"picked":"Metallicize","floor":4.0},{"not_picked":["Twin Strike","Iron Wave","Rage","Anger"],"picked":"SKIP","floor":5.0},{"not_picked":["Rampage+1","Flame Barrier","Burning Pact"],"picked":"Feed+1","floor":7.0},{"not_picked":["Flex","Spot Weakness","Pummel+1"],"picked":"Pommel Strike+1","floor":8.0},{"not_picked":["Blood for Blood+1","Anger+1","hubris:SharpeningStone"],"picked":"Body Slam+1","floor":11.0},{"not_picked":["Perfected Strike+1","Sentinel","Burning Pact"],"picked":"Body Slam+1","floor":12.0},{"not_picked":["Uppercut+1","Wild Strike+1","Sentinel"],"picked":"Shrug It Off","floor":14.0},{"not_picked":["Immolate+1","Exhume","Impervious"],"picked":"conspire:Purge","floor":16.0},{"not_picked":["Twin Strike+1","Whirlwind+1","Reckless Charge+1"],"picked":"Body Slam+1","floor":18.0},{"not_picked":["Cleave+1","Havoc","Clothesline+1"],"picked":"Pommel Strike+1","floor":19.0},{"not_picked":["Thunderclap+1","BowlingBash+1","Steam+1"],"picked":"Master of Strategy","floor":23},{"not_picked":["Melter+1","Flying Knee+1","CutThroughFate+1","Blind"],"picked":"Singing Bowl","floor":28},{"not_picked":["Scrape+1","Rage+1","Chaos","Thunder Strike+1"],"picked":"Singing Bowl","floor":30},{"not_picked":["hubris:Ssssneak+1","hubris:Insight+1","Cloak And Dagger+1","Blade Dance+1"],"picked":"Singing Bowl","floor":31},{"not_picked":["Fiend Fire+1","Omniscience+1","Buffer"],"picked":"Vault+1","floor":33},{"not_picked":["EmptyFist+1","FlyingSleeves+1","hubris:Insight+1","Riddle With Holes+1"],"picked":"Singing Bowl","floor":35},{"not_picked":["Rip and Tear+1","Deflect+1","PathToVictory+1","Uppercut+1"],"picked":"Singing Bowl","floor":38},{"not_picked":["Jack Of All Trades+1","Leap+1","Cloak And Dagger+1","Loop"],"picked":"Singing Bowl","floor":39},{"not_picked":["EmptyFist+1","PiercingWail+1","Havoc+1","Chaos+1"],"picked":"Singing Bowl","floor":40},{"not_picked":["Skewer+1","Go for the Eyes+1","Warcry+1","Conserve Battery+1"],"picked":"Singing Bowl","floor":46},{"not_picked":["Backflip+1","Beam Cell+1","Steam Power+1"],"picked":"Seeing Red+1","floor":48},{"not_picked":["Barrage+1","BootSequence+1","SashWhip+1","Aggregate+1"],"picked":"Singing Bowl","floor":54}],"player_experience":437220,"relics_obtained":[{"floor":7.0,"key":"Molten Egg 2"},{"floor":8.0,"key":"reliquary:BoilingFlask"},{"floor":11.0,"key":"conspire:GlowingRock"},{"floor":12.0,"key":"Kunai"},{"floor":14.0,"key":"aspiration:FrozenJewel"},{"floor":17.0,"key":"reliquary:PartyBalloon"},{"floor":17.0,"key":"Matryoshka"},{"floor":17.0,"key":"Pocketwatch"},{"floor":19.0,"key":"Red Mask"},{"floor":23,"key":"hubris:Reverence"},{"floor":26,"key":"aspiration:HummingbirdHeart"},{"floor":26,"key":"Whetstone"},{"floor":28,"key":"FossilizedHelix"},{"floor":29,"key":"conspire:TopHat"},{"floor":29,"key":"hubris:SphereOfDissonance"},{"floor":30,"key":"reliquary:Stiletto"},{"floor":31,"key":"Toxic Egg 2"},{"floor":40,"key":"Lantern"},{"floor":43,"key":"Champion Belt"},{"floor":46,"key":"reliquary:Knoch"},{"floor":54,"key":"reliquary:Boomerang"}],"event_choices":[{"damage_healed":0.0,"max_hp_gain":0.0,"max_hp_loss":0.0,"gold_gain":0.0,"event_name":"conspire:Investor","player_choice":"Leave","floor":10.0,"gold_loss":0.0,"damage_taken":0.0},{"damage_healed":0.0,"max_hp_gain":0.0,"max_hp_loss":0.0,"gold_gain":0.0,"event_name":"Masked Bandits","player_choice":"Fought Bandits","floor":19.0,"gold_loss":0.0,"damage_taken":0.0},{"cards_removed":["Pommel Strike"],"damage_healed":5,"gold_gain":0,"player_choice":"Offered Common","damage_taken":0,"max_hp_gain":0,"max_hp_loss":0,"event_name":"Bonfire Elementals","floor":45,"gold_loss":0},{"cards_removed":["Pommel Strike"],"damage_healed":5,"gold_gain":0,"player_choice":"Offered Special","damage_taken":0,"max_hp_gain":0,"max_hp_loss":0,"event_name":"Bonfire Elementals","floor":45,"gold_loss":0}],"is_beta":false,"boss_relics":[{"not_picked":["reliquary:Craggleroot","conspire:RunicOctahedron"],"picked":"Calling Bell"},{"not_picked":["aspiration:SecretTechniqueScroll","hubris:Stopwatch"],"picked":"Runic Pyramid"}],"items_purged_floors":[22,53],"is_endless":false,"potions_floor_spawned":[2,5,8,11,12,23,28,30,35,40],"ascension_level":9}}