{"host":"ffqn1azj9urswy62","time":1613751105,"event":{"mods":["BaseMod","Better Third Choice","Conspire","Googly Eyes","Hubris","Minty Spire (QoL Compilation)","Replay The Spire","StSLib","Wandering Minibosses","slay the spire mod where everything is the same but ironclad has a cowboy hat"],"gold_per_floor":[116,41,60,60,70,70,98,98,121,221,71,71,88,102,102,102,102],"floor_reached":16,"language":"ENG","playtime":519,"items_purged":["Strike_P"],"score":115,"play_id":"07e3191d-3c52-4c44-a3f7-75cc79612230","local_time":"20210219111145","is_ascension_mode":true,"campfire_choices":[{"data":"Eruption","floor":6,"key":"SMITH"},{"data":"Panache","floor":8,"key":"SMITH"},{"data":"Vigilance","floor":12,"key":"SMITH"}],"circlet_count":0,"master_deck":["Strike_P","Strike_P","Strike_P","Strike_P","Defend_P","Defend_P","Defend_P","Defend_P","Eruption+1","Vigilance+1","Strike_P","Panache+1","JustLucky+1","Prostrate","EmptyMind","Replay:AllIn+1","Halt"],"relics":["PureWater","Golden Egg","Replay:Rubber Ducky","Pet Ghost"],"acts_visited":["Exordium"],"potions_floor_usage":[5,16],"damage_taken":[{"damage":0,"enemies":"Cultist","floor":1,"turns":3},{"damage":0,"enemies":"Small Slimes","floor":3,"turns":3},{"damage":0,"enemies":"Jaw Worm","floor":5,"turns":1},{"damage":52,"enemies":"Lagavulin","floor":7,"turns":6},{"damage":0,"enemies":"2 Fungi Beasts","floor":13,"turns":2},{"damage":7,"enemies":"Exordium Thugs","floor":14,"turns":2},{"damage":56,"enemies":"Fading Forest","floor":16,"turns":9}],"seed_played":"603385123342443580","potions_obtained":[{"floor":1,"key":"Fire Potion"},{"floor":5,"key":"SpeedPotion"},{"floor":13,"key":"CultistPotion"},{"floor":14,"key":"ColorlessPotion"}],"is_trial":false,"path_per_floor":["M","$","M","T","M","R","E","R","T","?","$","R","M","M","R","B"],"character_chosen":"WATCHER","items_purchased":["Pet Ghost"],"campfire_rested":0,"item_purchase_floors":[11],"current_hp_per_floor":[72,72,72,72,72,72,20,20,20,20,20,20,20,13,34,0,0],"gold":102,"neow_bonus":"RANDOM_COLORLESS_2","is_daily":false,"chose_seed":false,"campfire_upgraded":3,"win_rate":0.0,"timestamp":1613751105,"path_taken":["M","$","?","?","M","R","E","R","T","?","$","R","M","M","R","BOSS"],"items_purchased_type":["Relic"],"build_version":"2020-12-22","purchased_purges":1,"victory":false,"max_hp_per_floor":[72,72,72,72,72,72,72,72,72,72,72,72,72,72,72,72,72],"card_choices":[{"not_picked":["Thinking Ahead","Secret Technique"],"picked":"Panache","floor":0},{"not_picked":["ThirdEye","Collect"],"picked":"JustLucky","floor":1},{"not_picked":["TalkToTheHand","ThirdEye"],"picked":"Prostrate","floor":3},{"not_picked":["CrushJoints","Replay:Hum"],"picked":"EmptyMind","floor":5},{"not_picked":["Consecrate","ThirdEye"],"picked":"Replay:AllIn","floor":7},{"not_picked":["TalkToTheHand","CrushJoints"],"picked":"Halt","floor":13},{"not_picked":["Replay:BluntJabs","Pray","CrushJoints"],"picked":"SKIP","floor":14}],"player_experience":703143,"relics_obtained":[{"floor":7,"key":"Golden Egg"},{"floor":9,"key":"Replay:Rubber Ducky"}],"event_choices":[{"damage_healed":0,"gold_gain":100,"player_choice":"Pray","damage_taken":0,"max_hp_gain":0,"max_hp_loss":0,"event_name":"Golden Shrine","floor":10,"gold_loss":0}],"is_beta":false,"boss_relics":[],"items_purged_floors":[2],"is_endless":false,"potions_floor_spawned":[1,5,13,14],"killed_by":"Fading Forest","ascension_level":3}}