{"host":"6bsan6hkua32tfq7","time":1613760826,"event":{"mods":["BaseMod","Better Third Choice","Colored Map","Highlight Path","Minty Spire (QoL Compilation)","StSLib"],"gold_per_floor":[113,113,127,145,160,160,192,207,207,207,241,241,254,289,289,366,666,683,863,879,285,302,302,302],"floor_reached":23,"language":"ENG","playtime":690,"items_purged":["Strike_R"],"score":426,"play_id":"33d0f482-11d4-4385-bbad-f432191b6384","local_time":"20210219195346","is_ascension_mode":true,"campfire_choices":[{"data":"Bash","floor":6.0,"key":"SMITH"},{"data":"Dark Embrace","floor":10.0,"key":"SMITH"},{"data":"Immolate","floor":12.0,"key":"SMITH"},{"data":"Ghostly Armor","floor":15,"key":"SMITH"}],"circlet_count":0,"master_deck":["AscendersBane","Strike_R","Strike_R","Strike_R","Strike_R","Defend_R","Defend_R","Defend_R","Bash+1","Reckless Charge","Anger","Dropkick","Ghostly Armor+1","Dark Embrace+1","Spot Weakness","Immolate+1","Juggernaut","CurseOfTheBell","Power Through","Barricade","True Grit"],"relics":["Burning Blood","Magic Flower","Ginger","Letter Opener","Meat on the Bone","Pantograph","Calling Bell","Art of War","White Beast Statue","Old Coin","Lee\u0027s Waffle","Lantern"],"acts_visited":["Exordium","TheCity"],"potions_floor_usage":[14,18,20,22,23,23],"damage_taken":[{"damage":4.0,"enemies":"2 Louse","floor":1.0,"turns":3.0},{"damage":1.0,"enemies":"Cultist","floor":3.0,"turns":3.0},{"damage":14.0,"enemies":"Jaw Worm","floor":4.0,"turns":4.0},{"damage":3.0,"enemies":"Red Slaver","floor":5.0,"turns":2.0},{"damage":29.0,"enemies":"Lagavulin","floor":7.0,"turns":5.0},{"damage":0.0,"enemies":"Lots of Slimes","floor":8.0,"turns":2.0},{"damage":20.0,"enemies":"3 Sentries","floor":11.0,"turns":7.0},{"damage":1.0,"enemies":"Looter","floor":13.0,"turns":2.0},{"damage":20,"enemies":"Lagavulin","floor":14,"turns":6},{"damage":30,"enemies":"The Guardian","floor":16,"turns":10},{"damage":43,"enemies":"3 Byrds","floor":18,"turns":6},{"damage":21,"enemies":"Spheric Guardian","floor":20,"turns":5},{"damage":25,"enemies":"Snake Plant","floor":22,"turns":4},{"damage":70,"enemies":"Book of Stabbing","floor":23,"turns":5}],"seed_played":"4881618212663308312","potions_obtained":[{"floor":3.0,"key":"CultistPotion"},{"floor":4.0,"key":"HeartOfIron"},{"floor":5.0,"key":"Explosive Potion"},{"floor":8.0,"key":"CultistPotion"},{"floor":16,"key":"SpeedPotion"},{"floor":18,"key":"Block Potion"},{"floor":20,"key":"Ancient Potion"},{"floor":22,"key":"ElixirPotion"}],"is_trial":false,"path_per_floor":["M","?","M","M","M","R","E","M","T","R","E","R","M","E","R","B",null,"M","?","M","$","M","E"],"character_chosen":"IRONCLAD","items_purchased":["Lee\u0027s Waffle","Power Through","Barricade","Lantern"],"campfire_rested":0,"item_purchase_floors":[21,21,21,21],"current_hp_per_floor":[55,55,63,58,64,64,44,53,53,53,42,42,50,57,57,54,70,54,35,41,82,66,0,0],"gold":302,"neow_bonus":"ONE_RARE_RELIC","is_daily":false,"chose_seed":false,"campfire_upgraded":4,"win_rate":0.0,"timestamp":1613760826,"path_taken":["M","?","M","M","?","R","E","M","T","R","E","R","M","E","R","BOSS","M","?","M","$","M","E"],"items_purchased_type":["Relic","Card","Card","Relic"],"build_version":"2020-12-22","purchased_purges":1,"victory":false,"max_hp_per_floor":[75,75,75,75,75,75,75,75,75,75,75,75,75,75,75,75,75,75,75,75,82,82,82,82],"card_choices":[{"not_picked":["Thunderclap","Clothesline"],"picked":"Reckless Charge","floor":1.0},{"not_picked":["Power Through","Dropkick"],"picked":"Anger","floor":3.0},{"not_picked":["Thunderclap","Pummel"],"picked":"Dropkick","floor":4.0},{"not_picked":["Second Wind","Sentinel"],"picked":"Ghostly Armor","floor":5.0},{"not_picked":["Clothesline","Armaments"],"picked":"Dark Embrace","floor":7.0},{"not_picked":["Shrug It Off","Flex"],"picked":"Spot Weakness","floor":8.0},{"not_picked":["Sever Soul","Combust"],"picked":"Immolate","floor":11.0},{"not_picked":["Sword Boomerang","Armaments","Headbutt"],"picked":"SKIP","floor":13.0},{"not_picked":["Headbutt","Wild Strike","Searing Blow"],"picked":"SKIP","floor":14},{"not_picked":["Exhume","Impervious"],"picked":"Juggernaut","floor":16},{"not_picked":["Pommel Strike","Clash","Body Slam"],"picked":"SKIP","floor":18},{"not_picked":["Flame Barrier","Whirlwind","Sword Boomerang"],"picked":"SKIP","floor":20},{"not_picked":["Flex","Havoc"],"picked":"True Grit","floor":22}],"player_experience":5444882,"relics_obtained":[{"floor":7.0,"key":"Ginger"},{"floor":9.0,"key":"Letter Opener"},{"floor":11.0,"key":"Meat on the Bone"},{"floor":14,"key":"Pantograph"},{"floor":17,"key":"Art of War"},{"floor":17,"key":"White Beast Statue"},{"floor":17,"key":"Old Coin"}],"event_choices":[{"cards_removed":["Defend_R"],"damage_healed":0.0,"max_hp_gain":0.0,"max_hp_loss":0.0,"gold_gain":0.0,"event_name":"Bonfire Elementals","player_choice":"Offered Basic","floor":2.0,"gold_loss":0.0,"damage_taken":0.0},{"damage_healed":0,"gold_gain":180,"player_choice":"GOLD GOLD ","damage_taken":19,"max_hp_gain":0,"max_hp_loss":0,"event_name":"Knowing Skull","floor":19,"potions_obtained":[],"gold_loss":0,"cards_obtained":[]}],"is_beta":false,"boss_relics":[{"not_picked":["Tiny House","Astrolabe"],"picked":"Calling Bell"}],"items_purged_floors":[21],"is_endless":false,"potions_floor_spawned":[3,4,5,8,16,18,20,22],"killed_by":"Book of Stabbing","ascension_level":20}}