{"host":"4lruzp1xu8o5tnk3","time":1613744247,"event":{"mods":["Act Like it!","BaseMod","Gensokyo","GifTheSpireLib","Hubris","Jedi Mod","Minty Spire (QoL Compilation)","Replay The Spire","StSLib","Stuff the Spire"],"gold_per_floor":[119,119,49,25,36,36,50,50,50,50,70,86,103,3,3,103,103,116,131,131,11,11,11,11,40,40,66,66,82,93,125,125,227,227,237,237,256,256,275,275,302,302,302,3,3,22,34,52,52,52],"floor_reached":51,"language":"ENG","playtime":1635,"items_purged":[],"score":927,"play_id":"957b44c3-cc3c-42ac-91f8-8a93c431875c","local_time":"20210219171727","daily_mods":["SealedDeck","Heirloom","Lethality"],"is_ascension_mode":false,"campfire_choices":[{"data":"Prostrate","floor":6,"key":"SMITH"},{"data":"Prostrate","floor":8,"key":"SMITH"},{"data":"Tantrum","floor":15,"key":"SMITH"},{"data":"Vault","floor":23,"key":"SMITH"},{"data":"Prostrate","floor":28,"key":"SMITH"},{"floor":32,"key":"REST"},{"data":"FearNoEvil","floor":40,"key":"SMITH"},{"data":"JustLucky","floor":42,"key":"SMITH"},{"data":"BowlingBash","floor":49,"key":"SMITH"}],"circlet_count":0,"master_deck":["Indignation","FearNoEvil+1","Evaluate+1","BowlingBash+1","Prostrate+1","Consecrate+1","Prostrate+1","Tantrum+1","Crescendo","JustLucky+1","BowlingBash+1","Brilliance+1","Worship","Conclude+1","Vault+1","Worship","JustLucky+1","Vault+1","Scrawl+1","Evaluate+1","FollowUp+1","FollowUp+1","Gensokyo:RisingWorld+1","Scrawl+1"],"relics":["PureWater","hubris:Spice","Happy Flower","TungstenRod","jedi:bottledfury","hubris:TerracottaHorce","Gensokyo:SpiderMask","Eternal Feather","Toxic Egg 2","StuffTheSpire:GrapeVine","Counterbalance","Philosopher\u0027s Stone","Whetstone","Orichalcum","Ice Cream","OrangePellets","Strange Spoon"],"acts_visited":["Gensokyo:Gensokyo","Gensokyo:Gensokyoer","Gensokyo:Gensokyoest"],"potions_floor_usage":[12,45,48,50],"damage_taken":[{"damage":0,"enemies":"Gensokyo:3_Fairies","floor":1,"turns":2},{"damage":0,"enemies":"Gensokyo:Python","floor":5,"turns":1},{"damage":0,"enemies":"Gensokyo:Gryphon","floor":7,"turns":1},{"damage":0,"enemies":"Gensokyo:VengefulSpirit","floor":11,"turns":2},{"damage":0,"enemies":"Gensokyo:Gryphon_and_Rabbit","floor":12,"turns":1},{"damage":0,"enemies":"Gensokyo:3_Kodama","floor":13,"turns":1},{"damage":13,"enemies":"Gensokyo:Kokoro","floor":16,"turns":4},{"damage":0,"enemies":"Gensokyo:Chomper","floor":18,"turns":2},{"damage":0,"enemies":"Gensokyo:CosmicMonolith","floor":19,"turns":2},{"damage":0,"enemies":"Gensokyo:Tenshi","floor":25,"turns":2},{"damage":26,"enemies":"Gensokyo:Reisen","floor":27,"turns":2},{"damage":0,"enemies":"Gensokyo:Mirror_and_Dog","floor":29,"turns":2},{"damage":15,"enemies":"Gensokyo:Swordslinger","floor":30,"turns":2},{"damage":0,"enemies":"Gensokyo:Koishi","floor":31,"turns":2},{"damage":0,"enemies":"Gensokyo:Eiki","floor":33,"turns":3},{"damage":0,"enemies":"Gensokyo:3_Boulders","floor":35,"turns":1},{"damage":0,"enemies":"Gensokyo:3_Bats","floor":37,"turns":2},{"damage":0,"enemies":"Gensokyo:AtlasGolem","floor":39,"turns":2},{"damage":15,"enemies":"Gensokyo:Marisa","floor":41,"turns":3},{"damage":34,"enemies":"Gensokyo:Marisa","floor":45,"turns":6},{"damage":0,"enemies":"Gensokyo:4_Bats","floor":46,"turns":1},{"damage":1,"enemies":"Gensokyo:Sharpion","floor":47,"turns":2},{"damage":0,"enemies":"Gensokyo:AtlasGolem","floor":48,"turns":1},{"damage":0,"enemies":"Gensokyo:Shinki","floor":50,"turns":3}],"seed_played":"6443452712488841072","potions_obtained":[{"floor":5,"key":"Explosive Potion"},{"floor":11,"key":"BottledMiracle"},{"floor":18,"key":"StancePotion"},{"floor":19,"key":"FearPotion"},{"floor":46,"key":"ColorlessPotion"},{"floor":48,"key":"LifebloodPotion"}],"is_trial":true,"path_per_floor":["M","?","?","$","M","R","M","R","T","?","M","M","M","?","R","B",null,"M","M","$","?","?","R","$","E","T","E","R","M","M","E","R","B",null,"M","?","M","$","M","R","E","R","T","COS","?","M","M","M","R","B",null],"character_chosen":"WATCHER","items_purchased":["JustLucky"],"campfire_rested":1,"item_purchase_floors":[4],"current_hp_per_floor":[80,80,80,80,80,80,80,80,80,80,80,80,80,80,80,67,77,77,77,77,77,77,77,77,77,77,51,60,60,45,45,78,78,80,80,66,66,66,66,78,63,75,75,75,75,75,74,74,80,80],"gold":52,"neow_bonus":"","is_daily":false,"chose_seed":false,"campfire_upgraded":8,"win_rate":0.0,"timestamp":1613744247,"path_taken":["M","?","?","?","M","R","?","R","T","?","M","M","?","?","R","BOSS","M","?","$","?","?","R","$","E","T","E","R","M","?","E","R","BOSS","M","?","?","$","M","R","E","R","T","COS","?","M","?","M","R","BOSS"],"items_purchased_type":["Card"],"build_version":"2020-12-22","purchased_purges":0,"victory":true,"max_hp_per_floor":[80,80,80,80,80,80,80,80,80,80,80,80,80,80,80,80,80,80,80,80,80,80,80,80,80,80,80,80,80,80,80,80,80,80,80,80,80,80,80,80,80,80,80,80,80,80,80,80,80,80],"card_choices":[{"not_picked":["EmptyFist","ThirdEye","ClearTheMind"],"picked":"SKIP","floor":1},{"not_picked":["Evaluate","Swivel"],"picked":"Prostrate","floor":5},{"not_picked":["EmptyBody","SandsOfTime","EmptyFist"],"picked":"SKIP","floor":7},{"not_picked":["Evaluate","Replay:Anticipation","Sanctity"],"picked":"SKIP","floor":11},{"not_picked":["ForeignInfluence","FlyingSleeves"],"picked":"BowlingBash","floor":12},{"not_picked":["Protect","Replay:ManipulateFuture","WaveOfTheHand"],"picked":"SKIP","floor":13},{"not_picked":["Omniscience","Alpha"],"picked":"Brilliance","floor":16},{"not_picked":["Swivel+1","FollowUp"],"picked":"Worship","floor":18},{"not_picked":["Tantrum","SandsOfTime"],"picked":"Conclude+1","floor":19},{"not_picked":["Replay:BluntJabs","EmptyBody"],"picked":"Worship","floor":25},{"not_picked":["FollowUp","JustLucky+1","Protect+1"],"picked":"SKIP","floor":27},{"not_picked":["Replay:ManipulateFuture+1","EmptyFist"],"picked":"JustLucky+1","floor":29},{"not_picked":["Conclude","Consecrate+1","SashWhip"],"picked":"SKIP","floor":30},{"not_picked":["Prostrate+1","InnerPeace+1"],"picked":"Vault+1","floor":31},{"not_picked":["Alpha+1","MasterReality"],"picked":"Scrawl+1","floor":33},{"not_picked":["Replay:ManipulateFuture+1","FlyingSleeves+1"],"picked":"Evaluate+1","floor":35},{"not_picked":["Swivel+1","Sanctity+1","Replay:AtTheReady+1"],"picked":"SKIP","floor":37},{"not_picked":["Protect+1","ThirdEye+1"],"picked":"FollowUp+1","floor":39},{"not_picked":["CrushJoints","EmptyBody+1"],"picked":"FollowUp+1","floor":41},{"not_picked":["Gensokyo:UnhurriedMind","Gensokyo:UnlikelyAid"],"picked":"Gensokyo:RisingWorld","floor":45},{"not_picked":["FlurryOfBlows+1","Evaluate+1","Crescendo+1"],"picked":"SKIP","floor":46},{"not_picked":["Protect+1","ThirdEye+1"],"picked":"Scrawl+1","floor":47},{"not_picked":["SashWhip","ThirdEye+1","PathToVictory+1"],"picked":"SKIP","floor":48}],"player_experience":1057406,"relics_obtained":[{"floor":9,"key":"TungstenRod"},{"floor":25,"key":"Eternal Feather"},{"floor":26,"key":"Toxic Egg 2"},{"floor":27,"key":"StuffTheSpire:GrapeVine"},{"floor":31,"key":"Counterbalance"},{"floor":41,"key":"Orichalcum"},{"floor":43,"key":"Ice Cream"}],"event_choices":[],"is_beta":false,"boss_relics":[{"not_picked":["Snecko Eye","SlaversCollar"],"picked":"hubris:TerracottaHorce"},{"not_picked":["StuffTheSpire:Kangaroo","hubris:Spice"],"picked":"Philosopher\u0027s Stone"}],"items_purged_floors":[],"is_endless":false,"potions_floor_spawned":[5,11,18,19,27,41,46,48],"ascension_level":0}}