{"host":"xr2w6q7a088fu8w2","time":1613730884,"event":{"mods":["AchievementEnabler","BaseMod","Colored Powertips","Good Game Mod","Mimic Mod","Minty Spire (QoL Compilation)","MostiFishMod","Reliquary","StSLib","UnlockEverythingMod"],"gold_per_floor":[-1283,-1264,-1248,-1248,-1237,-1211,-1197,-1197,-1197,-1197,-1197,-1170,-1159,-1127,-1127,-1024,-1024,-1010,12,12,28,38,63,63,93,93,18,28,55,55,68,68,167,167,177,191,91,106,123,154,154,173,197,197,209,241,241,294,294,294],"floor_reached":51,"language":"ZHS","playtime":1419,"items_purged":["Defend_G","Strike_G"],"score":1289,"play_id":"58616b47-4dcf-4f62-abb7-7b468e29c259","local_time":"20210219183444","is_ascension_mode":true,"campfire_choices":[{"data":"Flying Knee","floor":8,"key":"SMITH"},{"data":"Bane","floor":10,"key":"SMITH"},{"data":"Poisoned Stab","floor":15,"key":"SMITH"},{"data":"MostiFishMod:GrandStart","floor":24,"key":"SMITH"},{"data":"Deflect","floor":30,"key":"SMITH"},{"data":"MostiFishMod:OneDayCity","floor":32,"key":"SMITH"},{"data":"Neutralize","floor":41,"key":"SMITH"},{"data":"Strike_G","floor":44,"key":"SMITH"},{"data":"Strike_G","floor":49,"key":"SMITH"}],"circlet_count":0,"master_deck":["Strike_G+1","Strike_G+1","Strike_G+1","Strike_G+1","Defend_G","Defend_G","Defend_G","Defend_G+1","Survivor+1","Neutralize+1","MostiFishMod:OneDayCity+1","Flying Knee+1","Bane+1","Deflect+1","Poisoned Stab+1","MostiFishMod:GrandStart+1","Sucker Punch+1","Poisoned Stab+1","Bane+1","Slice+1"],"relics":["Ring of the Serpent","REME:ComplimentaryCards","DaveBox","SynthV:MejaisSoulstealer","SynthV:TestCard","Omamori","Art of War","War Paint","reliquary:PurpleTingedLeaf","TungstenRod","Whetstone","Blue Candle","Paper Crane","SacredBark","Bag of Preparation","Anchor","Peace Pipe","CaptainsWheel"],"acts_visited":["Exordium","TheCity","TheBeyond"],"potions_floor_usage":[7,14,14,16,22,33,33,50,50,50],"damage_taken":[{"damage":0,"enemies":"Cultist","floor":1,"turns":3},{"damage":0,"enemies":"2 Louse","floor":2,"turns":2},{"damage":0,"enemies":"Jaw Worm","floor":3,"turns":2},{"damage":0,"enemies":"3 Louse","floor":5,"turns":2},{"damage":0,"enemies":"Gremlin Nob","floor":6,"turns":3},{"damage":0,"enemies":"Lots of Slimes","floor":7,"turns":3},{"damage":11,"enemies":"3 Sentries","floor":12,"turns":4},{"damage":0,"enemies":"2 Fungi Beasts","floor":13,"turns":2},{"damage":0,"enemies":"Lagavulin","floor":14,"turns":2},{"damage":0,"enemies":"The Guardian","floor":16,"turns":6},{"damage":2,"enemies":"Spheric Guardian","floor":18,"turns":3},{"damage":5,"enemies":"2 Thieves","floor":19,"turns":3},{"damage":0,"enemies":"Shelled Parasite and Fungi","floor":21,"turns":1},{"damage":0,"enemies":"Snake Plant","floor":22,"turns":3},{"damage":0,"enemies":"Gremlin Leader","floor":23,"turns":3},{"damage":2,"enemies":"Book of Stabbing","floor":25,"turns":3},{"damage":0,"enemies":"Centurion and Healer","floor":28,"turns":1},{"damage":0,"enemies":"Slavers","floor":29,"turns":1},{"damage":0,"enemies":"3 Cultists","floor":31,"turns":1},{"damage":0,"enemies":"Automaton","floor":33,"turns":3},{"damage":0,"enemies":"3 Darklings","floor":35,"turns":1},{"damage":0,"enemies":"Orb Walker","floor":36,"turns":1},{"damage":12,"enemies":"Maw","floor":38,"turns":5},{"damage":0,"enemies":"3 Darklings","floor":39,"turns":1},{"damage":0,"enemies":"Reptomancer","floor":40,"turns":2},{"damage":3,"enemies":"Writhing Mass","floor":42,"turns":3},{"damage":0,"enemies":"4 Shapes","floor":45,"turns":1},{"damage":0,"enemies":"Giant Head","floor":46,"turns":5},{"damage":0,"enemies":"2 Orb Walkers","floor":48,"turns":2},{"damage":7,"enemies":"Awakened One","floor":50,"turns":6}],"seed_played":"2858834515577656562","potions_obtained":[{"floor":3,"key":"AttackPotion"},{"floor":5,"key":"AttackPotion"},{"floor":7,"key":"Fruit Juice"},{"floor":13,"key":"GamblersBrew"},{"floor":18,"key":"Ancient Potion"},{"floor":19,"key":"SkillPotion"},{"floor":20,"key":"Regen Potion"},{"floor":20,"key":"Swift Potion"},{"floor":25,"key":"SteroidPotion"},{"floor":28,"key":"SkillPotion"},{"floor":38,"key":"Strength Potion"},{"floor":40,"key":"Energy Potion"}],"is_trial":false,"path_per_floor":["M","M","M","?","M","E","M","R","T","R","?","E","M","E","R","B",null,"M","M","?","M","M","E","R","E","T","$","M","E","R","M","R","B",null,"M","M","$","M","M","E","R","M","T","R","M","E","?","?","R","B",null],"character_chosen":"THE_SILENT","items_purchased":[],"campfire_rested":0,"item_purchase_floors":[],"current_hp_per_floor":[77,77,77,82,82,82,87,87,87,87,87,76,76,76,76,78,85,84,80,80,80,81,82,82,81,81,81,81,81,81,81,81,83,86,86,86,86,74,74,75,75,73,73,73,73,75,75,75,75,83],"gold":294,"neow_bonus":"TEN_PERCENT_HP_BONUS","is_daily":false,"chose_seed":false,"campfire_upgraded":9,"win_rate":0.0,"timestamp":1613730884,"path_taken":["M","?","M","?","M","E","M","R","T","R","?","E","M","E","R","BOSS","M","M","?","M","?","E","R","E","T","$","M","E","R","M","R","BOSS","M","M","$","M","M","E","R","M","T","R","M","E","?","?","R","BOSS"],"items_purchased_type":[],"build_version":"2020-12-22","purchased_purges":2,"victory":true,"max_hp_per_floor":[77,77,77,82,82,82,87,87,87,87,87,87,87,87,87,87,87,87,87,87,87,87,87,87,87,87,87,87,87,87,87,87,87,87,87,87,87,87,87,87,87,87,87,87,87,87,83,83,83,83],"card_choices":[{"not_picked":["Quick Slash","Deflect"],"picked":"Flying Knee","floor":1},{"not_picked":["Flechettes","Prepared","MostiFishMod:PerfectParry","Flying Knee"],"picked":"Bane","floor":2},{"not_picked":["Noxious Fumes","Deadly Poison","Flechettes","MostiFishMod:PerfectParry","MostiFishMod:PoisonShield"],"picked":"SKIP","floor":3},{"not_picked":["Terror","Distraction","Well Laid Plans","Infinite Blades","All Out Attack"],"picked":"SKIP","floor":5},{"not_picked":["Terror","Deadly Poison","Storm of Steel","Burst","Expertise"],"picked":"SKIP","floor":6},{"not_picked":["MostiFishMod:PerfectParry","Underhanded Strike","MostiFishMod:VineMother","Choke","Well Laid Plans"],"picked":"SKIP","floor":7},{"not_picked":["Prepared","Underhanded Strike","Deadly Poison","Slice"],"picked":"Deflect","floor":12},{"not_picked":["Underhanded Strike","MostiFishMod:ThornCasing","Backflip","Tactician"],"picked":"Poisoned Stab","floor":13},{"not_picked":["PiercingWail","MostiFishMod:ThornCasing","Blade Dance","Glass Knife","Deflect"],"picked":"SKIP","floor":14},{"not_picked":["A Thousand Cuts","MostiFishMod:Opportunism","MostiFishMod:ShivMaster","Malaise"],"picked":"MostiFishMod:GrandStart","floor":16},{"not_picked":["Escape Plan","Prepared+1","Flying Knee","MostiFishMod:InvigoratingSolution","Bane"],"picked":"SKIP","floor":18},{"not_picked":["MostiFishMod:InvigoratingSolution","MostiFishMod:PerfectParry","Backflip+1","Sucker Punch","Bouncing Flask"],"picked":"SKIP","floor":19},{"not_picked":["Prepared","Well Laid Plans","Slice","Bane"],"picked":"Sucker Punch+1","floor":21},{"not_picked":["Prepared","Reflex","Acrobatics","Phantasmal Killer"],"picked":"Poisoned Stab+1","floor":22},{"not_picked":["MostiFishMod:ShivMaster","Blade Dance","Catalyst","Underhanded Strike"],"picked":"Bane+1","floor":23},{"not_picked":["Deflect","Prepared","Crippling Poison","Dagger Throw","MostiFishMod:PerfectParry"],"picked":"SKIP","floor":25},{"not_picked":["Blur+1","Leg Sweep","Bane","Skewer","MostiFishMod:Listen"],"picked":"SKIP","floor":28},{"not_picked":["Acrobatics","MostiFishMod:PerfectParry","Flying Knee+1","Infinite Blades"],"picked":"Slice+1","floor":29},{"not_picked":["MostiFishMod:InvigoratingSolution","Infinite Blades","Bane+1","Deflect","Underhanded Strike+1"],"picked":"SKIP","floor":31},{"not_picked":["Deadly Poison","Sucker Punch+1","Outmaneuver","Setup+1","Dagger Spray"],"picked":"SKIP","floor":35},{"not_picked":["Cloak And Dagger","Quick Slash","Slice","Masterful Stab","Dodge and Roll+1"],"picked":"SKIP","floor":36},{"not_picked":["PiercingWail+1","Flying Knee+1","Slice","Dagger Spray+1","Glass Knife"],"picked":"SKIP","floor":38},{"not_picked":["Slice+1","Prepared","Dagger Spray","Deadly Poison+1","Flechettes+1"],"picked":"SKIP","floor":39},{"not_picked":["Night Terror","Blade Dance+1","PiercingWail+1","Flying Knee","Heel Hook+1"],"picked":"SKIP","floor":40},{"not_picked":["Eviscerate","Riddle With Holes","Underhanded Strike","Slice+1","Reflex"],"picked":"SKIP","floor":42},{"not_picked":["Slice+1","Outmaneuver+1","Bane+1","Wraith Form v2","Choke"],"picked":"SKIP","floor":45},{"not_picked":["MostiFishMod:ThornCasing+1","Slice","Dodge and Roll","Finisher","Quick Slash+1"],"picked":"SKIP","floor":46}],"player_experience":124286,"relics_obtained":[{"floor":1,"key":"SynthV:TestCard"},{"floor":6,"key":"Omamori"},{"floor":9,"key":"Art of War"},{"floor":12,"key":"War Paint"},{"floor":14,"key":"reliquary:PurpleTingedLeaf"},{"floor":23,"key":"TungstenRod"},{"floor":25,"key":"Whetstone"},{"floor":26,"key":"Blue Candle"},{"floor":29,"key":"Paper Crane"},{"floor":40,"key":"Bag of Preparation"},{"floor":43,"key":"Anchor"},{"floor":46,"key":"Peace Pipe"},{"floor":48,"key":"CaptainsWheel"}],"event_choices":[{"damage_healed":0,"gold_gain":0,"player_choice":"Donut","damage_taken":0,"max_hp_gain":5,"max_hp_loss":0,"event_name":"Big Fish","floor":4,"gold_loss":0},{"damage_healed":0,"gold_gain":0,"player_choice":"Left Gold","damage_taken":0,"max_hp_gain":0,"max_hp_loss":0,"event_name":"World of Goop","floor":11,"gold_loss":-1197},{"damage_healed":0,"gold_gain":0,"player_choice":"Got Potions","damage_taken":0,"max_hp_gain":0,"max_hp_loss":0,"event_name":"Lab","floor":20,"gold_loss":0},{"damage_healed":0,"gold_gain":0,"player_choice":"Max HP","damage_taken":0,"max_hp_gain":0,"max_hp_loss":4,"event_name":"Winding Halls","floor":47,"gold_loss":0},{"damage_healed":0,"gold_gain":0,"player_choice":"Fight","damage_taken":0,"max_hp_gain":0,"max_hp_loss":0,"event_name":"Mysterious Sphere","floor":48,"gold_loss":0}],"is_beta":false,"boss_relics":[{"not_picked":["GuanYuAspect","RhineFirstAidKit"],"picked":"Ring of the Serpent"},{"not_picked":["GreenFoldingFan","MoonlightInvasionPlan"],"picked":"SacredBark"}],"items_purged_floors":[27,37],"is_endless":false,"potions_floor_spawned":[3,5,7,13,18,19,25,28,31,38,40,42],"ascension_level":5}}