{"host":"tod","time":1613739178,"event":{"mods":["ATMod(∞¢Ë™Mod)","AchievementEnabler","Act Like it!","BaseMod","CapriCore","Energized Spire","Highlight Path","Lobotomy","Marisa£®ÏF”Í°°ƒß¿Ì…≥£©","Minty Spire (QoL Compilation)","Quick Restart","Reimu£®≤©¿ˆ¡È√Œ£©","Relic Filter Mod","Relic Stats","Remilia£®¿Ÿ√◊¿Ú—«£©","Replay The Spire","Shop Mod","StSLib","The Cursed","The Immortal","Yakumo Yukari mod","Youmu£®ªÍ∆«—˝√Œ£©"],"gold_per_floor":[118,40,40,86,104,104,117,147,147,197,173,173,190,190,190,261,261,275,325,250,263,263,263,263],"floor_reached":23,"language":"ZHS","playtime":832,"items_purged":["Strike_R"],"score":378,"play_id":"91fa9a26-cbbc-4aa5-9e7e-3235f63e2cf8","local_time":"20210219205258","is_ascension_mode":true,"campfire_choices":[{"data":"Pommel Strike","floor":6.0,"key":"SMITH"},{"floor":12.0,"key":"REST"},{"floor":15.0,"key":"REST"}],"circlet_count":0,"master_deck":["AscendersBane","Strike_R","Strike_R","Strike_R","Strike_R","Defend_R+1","Defend_R+1","Bash","Strike_B","Defend_MRS","Eclipse","AT_LightSaberMaster","Clothesline","Fire Breathing","Pommel Strike+1","Eclipse","Shrug It Off","Corruption","CurseOfTheBell","Rampage"],"relics":["Burning Blood","AT_ATBox","Centennial Puzzle","Kunai","AT_ImmortalShieldbow","Calling Bell","Ice Cream","InkBottle","War Paint"],"acts_visited":["Exordium","TheCity"],"potions_floor_usage":[23],"damage_taken":[{"damage":7.0,"enemies":"2 Louse","floor":1.0,"turns":4.0},{"damage":16.0,"enemies":"Jaw Worm","floor":5.0,"turns":4.0},{"damage":7.0,"enemies":"Cultist","floor":7.0,"turns":3.0},{"damage":25.0,"enemies":"Gremlin Nob","floor":8.0,"turns":4.0},{"damage":32.0,"enemies":"Exordium Thugs","floor":11.0,"turns":4.0},{"damage":12.0,"enemies":"2 Fungi Beasts","floor":13.0,"turns":3.0},{"damage":44.0,"enemies":"Hexaghost","floor":16.0,"turns":11.0},{"damage":3,"enemies":"Chosen","floor":18,"turns":4},{"damage":10,"enemies":"Spheric Guardian","floor":21,"turns":4},{"damage":35,"enemies":"Gremlin Leader","floor":23,"turns":5}],"seed_played":"-7674610877464595964","potions_obtained":[{"floor":1.0,"key":"BlessingOfTheForge"},{"floor":11.0,"key":"LiquidMemories"},{"floor":13.0,"key":"BlessingOfTheForge"},{"floor":18,"key":"SkillPotion"}],"is_trial":false,"path_per_floor":["M","$","?","T","M","R","M","E","T","?","M","R","M","T","R","B",null,"M","?","$","M","?","E"],"character_chosen":"IRONCLAD","items_purchased":["Fire Breathing"],"campfire_rested":2,"item_purchase_floors":[2],"current_hp_per_floor":[67,67,67,67,57,57,56,37,37,37,11,33,27,27,49,30,64,67,67,67,63,63,28,28],"gold":263,"neow_bonus":"THREE_RARE_CARDS","is_daily":false,"chose_seed":false,"campfire_upgraded":1,"win_rate":0.0,"timestamp":1613739178,"path_taken":["M","$","?","?","M","R","M","E","T","?","M","R","?","?","R","BOSS","M","?","$","M","?","E"],"items_purchased_type":["Card"],"build_version":"2020-12-18","purchased_purges":1,"victory":false,"max_hp_per_floor":[75,75,75,75,75,75,75,75,75,75,75,75,75,75,75,75,75,75,75,75,75,75,75,75],"relic_stats":{"Centennial Puzzle":[18],"counters":[10,46],"Kunai":[20],"War Paint":["Defend_R","Defend_R"],"obtain_stats":[{"AT_ImmortalShieldbow":14,"Calling Bell":17,"Ice Cream":17,"Centennial Puzzle":8,"AT_ATBox":0,"Kunai":9,"War Paint":17,"Burning Blood":0,"InkBottle":17},{"AT_ImmortalShieldbow":6,"Calling Bell":7,"Ice Cream":7,"Centennial Puzzle":4,"AT_ATBox":0,"Kunai":4,"War Paint":7,"Burning Blood":0,"InkBottle":7},{"AT_ImmortalShieldbow":22,"Calling Bell":33,"Ice Cream":33,"Centennial Puzzle":15,"AT_ATBox":0,"Kunai":15,"War Paint":33,"Burning Blood":0,"InkBottle":33}],"Burning Blood":54,"InkBottle":[7]},"card_choices":[{"not_picked":["Bludgeon","Immolate"],"picked":"Eclipse","floor":0.0},{"not_picked":["ReplayTheSpireMod:Muscle Training","Cleave"],"picked":"Clothesline","floor":1.0},{"not_picked":["Clash","Rampage"],"picked":"Pommel Strike","floor":5.0},{"not_picked":["Uppercut","Sentinel","AT_CaressingTears"],"picked":"SKIP","floor":7.0},{"not_picked":["Flame Barrier","Whirlwind"],"picked":"Eclipse","floor":8.0},{"not_picked":["Disarm","Armaments"],"picked":"Shrug It Off","floor":11.0},{"not_picked":["Blood for Blood","Flex","Life Link"],"picked":"SKIP","floor":13.0},{"not_picked":["Juggernaut","Berserk"],"picked":"Corruption","floor":16.0},{"not_picked":["AT_GerminateFire+1","AT_CaressingTears+1"],"picked":"Rampage","floor":18},{"not_picked":["Armaments","Iron Wave","Headbutt+1"],"picked":"SKIP","floor":21}],"player_experience":410337,"relics_obtained":[{"floor":8.0,"key":"Centennial Puzzle"},{"floor":9.0,"key":"Kunai"},{"floor":14.0,"key":"AT_ImmortalShieldbow"},{"floor":17,"key":"Ice Cream"},{"floor":17,"key":"InkBottle"},{"floor":17,"key":"War Paint"}],"event_choices":[{"damage_healed":0.0,"max_hp_gain":0.0,"max_hp_loss":0.0,"gold_gain":50.0,"event_name":"Golden Shrine","player_choice":"Pray","floor":10.0,"gold_loss":0.0,"damage_taken":0.0},{"damage_healed":0,"gold_gain":50,"player_choice":"Stole From Cult","damage_taken":0,"max_hp_gain":0,"max_hp_loss":0,"event_name":"Nest","floor":19,"gold_loss":0},{"cards_removed":["Defend_R"],"damage_healed":0,"gold_gain":0,"player_choice":"Elegance","damage_taken":0,"max_hp_gain":0,"max_hp_loss":0,"event_name":"Back to Basics","floor":22,"gold_loss":0}],"is_beta":true,"boss_relics":[{"not_picked":["energizedSpire:HugeHouse","Velvet Choker"],"picked":"Calling Bell"}],"items_purged_floors":[20],"is_endless":false,"potions_floor_spawned":[1,11,13,18],"killed_by":"Gremlin Leader","ascension_level":20}}