{"host":"7qoz5gmva6til3yp","time":1613758900,"event":{"mods":["2.2 Compatiblity","BaseMod","Minty Spire (QoL Compilation)","StSLib","SuperFastMode"],"gold_per_floor":[115,135,135,146,146,185,185,25,25,63,63,63,38,61,61,154,154,170,163,186,853,867,867,910,934,960,993,1012,1032,1032,1048,1048,1146,1146,1164,1164,1164,1187,606,647,647,980,980,609,625,656,687,216,216,216,216,216,16,60,60],"floor_reached":56,"language":"KOR","playtime":2247,"items_purged":["Defend_P","Defend_P","Strike_P+1","Strike_P+1","Defend_P+1","LessonLearned+1"],"score":2110,"play_id":"6226b969-5a63-4d75-85af-b546ada72f54","local_time":"20210220032140","is_ascension_mode":true,"campfire_choices":[{"data":"Eruption","floor":7.0,"key":"SMITH"},{"data":"WindmillStrike","floor":15.0,"key":"SMITH"},{"data":"MentalFortress","floor":23.0,"key":"SMITH"},{"floor":30.0,"key":"REST"},{"floor":32.0,"key":"REST"},{"data":"Ragnarok","floor":41.0,"key":"SMITH"},{"data":"Adaptation","floor":49.0,"key":"SMITH"},{"floor":52.0,"key":"REST"}],"circlet_count":0,"master_deck":["AscendersBane","Eruption+1","Vigilance+1","Finesse+1","WindmillStrike+1","TalkToTheHand+1","Flash of Steel+1","DeusExMachina+1","Perseverance+1","ThirdEye+1","EmptyFist+1","Prostrate+1","MentalFortress+1","Adaptation+1","Tantrum+1","MentalFortress+1","Indignation+1","Ragnarok+1","Wallop+1","Adaptation+1","Flash of Steel+1"],"relics":["PureWater","Golden Idol","Ornamental Fan","Toxic Egg 2","MealTicket","Runic Pyramid","Lee\u0027s Waffle","Strawberry","Centennial Puzzle","Ice Cream","Busted Crown","Gremlin Horn","Medical Kit","War Paint","Old Coin","Bag of Preparation","Torii","Bird Faced Urn","TheAbacus","Pen Nib","Eternal Feather"],"acts_visited":["Exordium","TheCity","TheBeyond","TheEnding"],"potions_floor_usage":[54],"damage_taken":[{"damage":0.0,"enemies":"Jaw Worm","floor":1.0,"turns":3.0},{"damage":4.0,"enemies":"2 Louse","floor":2.0,"turns":2.0},{"damage":5.0,"enemies":"Small Slimes","floor":4.0,"turns":4.0},{"damage":22.0,"enemies":"Lagavulin","floor":6.0,"turns":8.0},{"damage":0.0,"enemies":"Gremlin Nob","floor":10.0,"turns":2.0},{"damage":4.0,"enemies":"Exordium Thugs","floor":14.0,"turns":6.0},{"damage":20.0,"enemies":"Slime Boss","floor":16.0,"turns":8.0},{"damage":5.0,"enemies":"Spheric Guardian","floor":18.0,"turns":4.0},{"damage":20.0,"enemies":"2 Thieves","floor":19.0,"turns":4.0},{"damage":23.0,"enemies":"3 Cultists","floor":20.0,"turns":5.0},{"damage":33.0,"enemies":"Snake Plant","floor":22.0,"turns":3.0},{"damage":38.0,"enemies":"Slavers","floor":24.0,"turns":7.0},{"damage":0.0,"enemies":"Centurion and Healer","floor":25.0,"turns":5.0},{"damage":7.0,"enemies":"Book of Stabbing","floor":27.0,"turns":5.0},{"damage":12.0,"enemies":"Snecko","floor":28.0,"turns":4.0},{"damage":2.0,"enemies":"Shelled Parasite and Fungi","floor":29.0,"turns":3.0},{"damage":6.0,"enemies":"Sentry and Sphere","floor":31.0,"turns":4.0},{"damage":23.0,"enemies":"Champ","floor":33.0,"turns":8.0},{"damage":35.0,"enemies":"3 Darklings","floor":35.0,"turns":3.0},{"damage":1.0,"enemies":"Orb Walker","floor":38.0,"turns":3.0},{"damage":4.0,"enemies":"Giant Head","floor":40.0,"turns":7.0},{"damage":6.0,"enemies":"Nemesis","floor":42.0,"turns":5.0},{"damage":0.0,"enemies":"3 Darklings","floor":45.0,"turns":3.0},{"damage":19.0,"enemies":"Giant Head","floor":46.0,"turns":6.0},{"damage":0.0,"enemies":"Mind Bloom Boss Battle","floor":47.0,"turns":5.0},{"damage":3.0,"enemies":"Donu and Deca","floor":50.0,"turns":6.0},{"damage":0,"enemies":"Shield and Spear","floor":54,"turns":3},{"damage":53,"enemies":"The Heart","floor":55,"turns":6}],"seed_played":"8852566804166663007","potions_obtained":[{"floor":1.0,"key":"AttackPotion"},{"floor":4.0,"key":"Regen Potion"},{"floor":10.0,"key":"FairyPotion"},{"floor":24.0,"key":"SpeedPotion"},{"floor":35.0,"key":"FairyPotion"},{"floor":45.0,"key":"BlessingOfTheForge"},{"floor":46.0,"key":"Swift Potion"}],"is_trial":false,"path_per_floor":["M","M","?","M","?","E","R","$","T","E","?","?","$","M","R","B",null,"M","M","M","$","M","R","E","M","T","E","M","M","R","M","R","B",null,"M","?","?","M","$","E","R","E","T","$","M","E","?","$","R","B",null,"R","$","E","B",null],"character_chosen":"WATCHER","items_purchased":["Flash of Steel","EmptyFist","Lee\u0027s Waffle","MentalFortress","Gremlin Horn","Medical Kit","Swift Potion","Adaptation","Flash of Steel","Swift Potion","TheAbacus","Pen Nib"],"campfire_rested":3,"item_purchase_floors":[8,13,21,21,39,39,39,44,44,44,48,48],"current_hp_per_floor":[61,57,50,45,45,23,23,23,23,23,23,23,38,34,34,14,51,46,26,3,70,37,37,28,28,28,21,9,7,30,24,47,39,68,33,33,64,63,64,60,60,54,54,64,64,45,45,60,60,62,64,64,64,64,13],"gold":60,"neow_bonus":"RANDOM_COLORLESS","is_daily":false,"chose_seed":false,"campfire_upgraded":5,"win_rate":0.0,"timestamp":1613758900,"path_taken":["M","M","?","M","?","E","R","?","T","E","?","?","$","M","R","BOSS","M","M","M","$","M","R","E","M","T","E","M","M","R","M","R","BOSS","BOSS","M","?","?","M","$","E","R","E","T","?","?","E","?","$","R","BOSS","R","$","E","BOSS"],"items_purchased_type":["Card","Card","Relic","Card","Relic","Relic","Potion","Card","Card","Potion","Relic","Relic"],"build_version":"2020-12-22","purchased_purges":6,"victory":true,"max_hp_per_floor":[68,68,68,68,63,63,63,63,63,63,63,63,63,63,63,63,63,63,63,63,70,70,70,77,77,77,77,77,77,77,77,77,77,77,77,73,64,64,64,64,64,64,64,64,64,64,64,64,64,64,64,64,64,64,64],"card_choices":[{"not_picked":["Dramatic Entrance","Trip"],"picked":"Finesse","floor":0.0},{"not_picked":["Crescendo","PathToVictory","Collect"],"picked":"SKIP","floor":1.0},{"not_picked":["Protect","FollowUp"],"picked":"WindmillStrike","floor":2.0},{"not_picked":["WindmillStrike","CrushJoints","LikeWater"],"picked":"SKIP","floor":4.0},{"not_picked":["Sanctity","FlyingSleeves"],"picked":"TalkToTheHand","floor":6.0},{"not_picked":["SignatureMove","ThirdEye+1"],"picked":"DeusExMachina+1","floor":10.0},{"not_picked":["Consecrate","SashWhip","Worship+1"],"picked":"SKIP","floor":14.0},{"not_picked":["Establishment","Wish+1"],"picked":"LessonLearned","floor":16.0},{"not_picked":["FlyingSleeves","SandsOfTime","ClearTheMind+1"],"picked":"SKIP","floor":18.0},{"not_picked":["CarveReality","CutThroughFate","DeceiveReality+1"],"picked":"SKIP","floor":19.0},{"not_picked":["Evaluate+1","Crescendo+1"],"picked":"Prostrate+1","floor":20.0},{"not_picked":["FollowUp","FlurryOfBlows","PathToVictory+1"],"picked":"SKIP","floor":22.0},{"not_picked":["WaveOfTheHand+1","TalkToTheHand+1","Conclude"],"picked":"SKIP","floor":24.0},{"not_picked":["CutThroughFate","EmptyBody+1"],"picked":"Adaptation","floor":25.0},{"not_picked":["PathToVictory+1","Crescendo+1"],"picked":"Tantrum","floor":27.0},{"not_picked":["PathToVictory+1","CrushJoints"],"picked":"MentalFortress","floor":28.0},{"not_picked":["ReachHeaven","TalkToTheHand","Conclude"],"picked":"SKIP","floor":29.0},{"not_picked":["Perseverance+1","EmptyBody+1"],"picked":"Indignation+1","floor":31.0},{"not_picked":["Alpha+1","MasterReality"],"picked":"Ragnarok","floor":33.0},{"not_picked":["ClearTheMind+1"],"picked":"SKIP","floor":35.0},{"not_picked":["ClearTheMind+1"],"picked":"SKIP","floor":35.0},{"not_picked":[],"picked":"Wallop","floor":38.0},{"not_picked":["Indignation+1"],"picked":"SKIP","floor":40.0},{"not_picked":["CarveReality"],"picked":"SKIP","floor":42.0},{"not_picked":["Conclude"],"picked":"SKIP","floor":45.0},{"not_picked":["EmptyFist+1"],"picked":"SKIP","floor":46.0},{"not_picked":["EmptyFist+1"],"picked":"SKIP","floor":46.0},{"not_picked":["Wallop+1"],"picked":"SKIP","floor":54}],"player_experience":488180,"relics_obtained":[{"floor":6.0,"key":"Ornamental Fan"},{"floor":9.0,"key":"Toxic Egg 2"},{"floor":10.0,"key":"MealTicket"},{"floor":24.0,"key":"Strawberry"},{"floor":26.0,"key":"Centennial Puzzle"},{"floor":27.0,"key":"Ice Cream"},{"floor":40.0,"key":"War Paint"},{"floor":42.0,"key":"Old Coin"},{"floor":43.0,"key":"Bag of Preparation"},{"floor":46.0,"key":"Torii"},{"floor":47.0,"key":"Bird Faced Urn"},{"floor":54,"key":"Eternal Feather"}],"event_choices":[{"cards_removed":["Strike_P"],"damage_healed":0.0,"max_hp_gain":0.0,"max_hp_loss":0.0,"gold_gain":0.0,"event_name":"Golden Wing","player_choice":"Card Removal","floor":3.0,"gold_loss":0.0,"damage_taken":7.0},{"damage_healed":0.0,"max_hp_gain":0.0,"max_hp_loss":5.0,"gold_gain":0.0,"event_name":"Golden Idol","player_choice":"Lose Max HP","floor":5.0,"gold_loss":0.0,"damage_taken":0.0,"relics_obtained":["Golden Idol"]},{"damage_healed":0.0,"max_hp_gain":0.0,"max_hp_loss":0.0,"gold_gain":0.0,"cards_transformed":["Strike_P"],"event_name":"Living Wall","player_choice":"Change","floor":11.0,"gold_loss":0.0,"damage_taken":0.0,"cards_obtained":["Perseverance"]},{"damage_healed":0.0,"max_hp_gain":0.0,"max_hp_loss":0.0,"gold_gain":0.0,"cards_transformed":["Defend_P"],"event_name":"Transmorgrifier","player_choice":"Transformed","floor":12.0,"gold_loss":0.0,"damage_taken":0.0,"cards_obtained":["ThirdEye"]},{"damage_healed":0.0,"max_hp_gain":0.0,"max_hp_loss":4.0,"gold_gain":0.0,"event_name":"Winding Halls","player_choice":"Max HP","floor":36.0,"gold_loss":0.0,"damage_taken":0.0},{"damage_healed":64.0,"max_hp_gain":0.0,"max_hp_loss":9.0,"gold_gain":0.0,"event_name":"The Moai Head","player_choice":"Heal","floor":37.0,"gold_loss":0.0,"damage_taken":0.0},{"damage_healed":0.0,"max_hp_gain":0.0,"max_hp_loss":0.0,"gold_gain":0.0,"event_name":"MindBloom","player_choice":"Fight","floor":47.0,"gold_loss":0.0,"damage_taken":0.0}],"is_beta":false,"boss_relics":[{"not_picked":["VioletLotus","SacredBark"],"picked":"Runic Pyramid"},{"not_picked":["SlaversCollar","Astrolabe"],"picked":"Busted Crown"}],"items_purged_floors":[8,21,39,44,48,53],"is_endless":false,"potions_floor_spawned":[1,4,10,18,19,20,24,28,35,45,46],"ascension_level":14}}