{"host":"hqhp2gyqzjx7w974","time":1613705687,"event":{"mods":["BaseMod","Colored Map","Hermit","Highlight Path","Marisa????????","Minty Spire (QoL Compilation)","Permanent Neow","Relic Stats","Replay The Spire","StSLib","The Bug Knight","The Servant 0.9.4"],"gold_per_floor":[111,130,130,146,146,146,187,187,210,240,282,41,41,71,71,183,183,183,149,149,149,149,149,149,149,149,149,149,4,4,4,4,4,4,4,4,4,4,0,0,0,0,0,0,0,0,0,0,0,0,0],"floor_reached":50,"language":"ENG","playtime":1941,"items_purged":[],"score":623,"play_id":"ad9f40dd-1a56-4d08-b512-0d7e22892e7a","local_time":"20210218173447","is_ascension_mode":false,"campfire_choices":[{"data":"DoubleSpark","floor":6,"key":"SMITH"},{"floor":8,"key":"REST"},{"data":"DeepEcoloBomb","floor":13,"key":"SMITH"},{"data":"OneTimeOff","floor":15,"key":"SMITH"},{"data":"EscapeVelocity","floor":23,"key":"SMITH"},{"data":"SuperNova","floor":32,"key":"SMITH"},{"data":"AbsoluteMagnitude","floor":40,"key":"SMITH"},{"data":"WitchLeyline","floor":42,"key":"SMITH"},{"data":"DoubleSpark","floor":44,"key":"SMITH"},{"floor":49,"key":"REST"}],"circlet_count":0,"master_deck":["Strike_MRS","Strike_MRS","Strike_MRS","Strike_MRS","Defend_MRS","Defend_MRS","Defend_MRS","Defend_MRS","MasterSpark+1","UpSweep+1","NonDirectionalLaser+1","DoubleSpark+1","OneTimeOff+1","Parasite","Parasite","DeepEcoloBomb+1","DoubleSpark+1","EscapeVelocity+1","ChargingUp+1","WitchLeyline","WitchLeyline+1","DoubleSpark","Iron Wave","ShootingEcho+1","SuperNova+1","AbsoluteMagnitude+1","Wraith","Wraith","Writhe","Writhe"],"relics":["MiniHakkero","Ring of Fury","Ancient Tea Set","Matryoshka","Nunchaku","Replay:Mystery Machine","ShroomBag","Toxic Egg 2","Ectoplasm","Whetstone","Oddly Smooth Stone","Gremlin Horn","Replay:Ancient Bell","ReplayTheSpireMod:Lightbulb","HornCleat","WingedGreaves","Gambling Chip","Red Mask","Replay:Ringing Soul","Bottled Flame"],"acts_visited":["Exordium","TheCity","TheBeyond"],"potions_floor_usage":[16,36],"damage_taken":[{"damage":7,"enemies":"Small Slimes","floor":1,"turns":3},{"damage":0,"enemies":"2 Louse","floor":2,"turns":1},{"damage":7,"enemies":"Jaw Worm","floor":4,"turns":2},{"damage":34,"enemies":"Lagavulin","floor":7,"turns":4},{"damage":6,"enemies":"Blue Slaver","floor":10,"turns":3},{"damage":11,"enemies":"Replay:BlueRogue","floor":11,"turns":4},{"damage":12,"enemies":"Red Slaver","floor":14,"turns":4},{"damage":23,"enemies":"Hexaghost","floor":16,"turns":8},{"damage":4,"enemies":"3 Byrds","floor":18,"turns":4},{"damage":0,"enemies":"Shell Parasite","floor":22,"turns":2},{"damage":6,"enemies":"3 Cultists","floor":24,"turns":3},{"damage":0,"enemies":"Gremlin Leader","floor":27,"turns":4},{"damage":16,"enemies":"Snake Plant","floor":30,"turns":2},{"damage":7,"enemies":"Snecko","floor":31,"turns":3},{"damage":34,"enemies":"Champ","floor":33,"turns":6},{"damage":0,"enemies":"Orb Walker","floor":35,"turns":3},{"damage":31,"enemies":"2 Orb Walkers","floor":36,"turns":3},{"damage":0,"enemies":"3 Darklings","floor":41,"turns":3},{"damage":19,"enemies":"Nemesis","floor":45,"turns":5},{"damage":16,"enemies":"Sphere and 2 Shapes","floor":47,"turns":4},{"damage":47,"enemies":"Writhing Mass","floor":48,"turns":6},{"damage":55,"enemies":"Awakened One","floor":50,"turns":4}],"seed_played":"8652618868544840127","potions_obtained":[{"floor":4,"key":"FairyPotion"},{"floor":7,"key":"LiquidMemories"},{"floor":10,"key":"LiquidBronze"},{"floor":11,"key":"Block Potion"},{"floor":16,"key":"Explosive Potion"},{"floor":18,"key":"DuplicationPotion"},{"floor":36,"key":"FairyPotion"}],"is_trial":false,"path_per_floor":["M","M","?","M","?","R","E","R","T","M","E","$","R","M","R","B",null,"M","$","?","?","M","R","M","$","T","E","?","$","M","M","R","B",null,"M","?","?","$","?","R","M","R","T","R","E","?","M","M","R","B"],"character_chosen":"MARISA","items_purchased":["Toxic Egg 2","WitchLeyline","SuperNova"],"campfire_rested":2,"item_purchase_floors":[12,19,29],"current_hp_per_floor":[68,68,68,61,61,61,27,49,49,43,32,32,32,24,24,5,75,71,71,71,71,71,71,67,67,67,69,69,69,53,46,46,14,75,75,44,63,63,63,63,67,67,67,67,50,43,27,8,30,0,0],"gold":0,"neow_bonus":"UPGRADE_CARD","is_daily":false,"chose_seed":false,"campfire_upgraded":8,"win_rate":0.0,"timestamp":1613705687,"path_taken":["M","M","?","M","?","R","E","R","T","M","E","$","R","M","R","BOSS","M","$","?","?","?","R","M","$","T","E","?","$","M","?","R","BOSS","M","?","?","$","?","R","?","R","T","R","E","?","M","M","R","BOSS"],"items_purchased_type":["Relic","Card","Card"],"build_version":"2020-12-22","purchased_purges":0,"victory":false,"max_hp_per_floor":[75,75,75,75,75,75,75,75,75,75,75,75,75,75,75,75,75,75,75,75,75,75,75,75,75,75,75,75,75,75,75,75,75,75,75,75,75,75,75,75,75,75,75,75,75,75,75,75,75,75,75],"relic_stats":{"Nunchaku":[20],"Gremlin Horn":[7,7],"counters":[22,81],"Gambling Chip":[20],"Ectoplasm":437,"Whetstone":["UpSweep","ShootingEcho"],"obtain_stats":[{"Gremlin Horn":27,"Oddly Smooth Stone":26,"Replay:Ancient Bell":34,"Whetstone":26,"Replay:Mystery Machine":9,"Ancient Tea Set":5,"ShroomBag":11,"Replay:Ringing Soul":43,"Nunchaku":9,"Bottled Flame":45,"Matryoshka":7,"HornCleat":34,"Gambling Chip":36,"Ring of Fury":3,"Ectoplasm":17,"WingedGreaves":34,"Red Mask":39,"MiniHakkero":0,"Toxic Egg 2":12,"ReplayTheSpireMod:Lightbulb":34},{"Gremlin Horn":12,"Oddly Smooth Stone":11,"Replay:Ancient Bell":15,"Whetstone":11,"Replay:Mystery Machine":4,"Ancient Tea Set":3,"ShroomBag":6,"Replay:Ringing Soul":18,"Nunchaku":4,"Bottled Flame":19,"Matryoshka":4,"HornCleat":15,"Gambling Chip":17,"Ring of Fury":2,"Ectoplasm":8,"WingedGreaves":15,"Red Mask":17,"MiniHakkero":0,"Toxic Egg 2":6,"ReplayTheSpireMod:Lightbulb":15},{"Gremlin Horn":42,"Oddly Smooth Stone":38,"Replay:Ancient Bell":53,"Whetstone":38,"Replay:Mystery Machine":10,"Ancient Tea Set":6,"ShroomBag":17,"Replay:Ringing Soul":62,"Nunchaku":10,"Bottled Flame":67,"Matryoshka":10,"HornCleat":53,"Gambling Chip":59,"Ring of Fury":4,"Ectoplasm":29,"WingedGreaves":53,"Red Mask":59,"MiniHakkero":0,"Toxic Egg 2":17,"ReplayTheSpireMod:Lightbulb":53}]},"card_choices":[{"not_picked":["ShootTheMoon","PropBag"],"picked":"NonDirectionalLaser","floor":1},{"not_picked":["GravityBeat","DarkMatter"],"picked":"WitchOfGreed","floor":2},{"not_picked":["EventHorizon","NonDirectionalLaser"],"picked":"DoubleSpark","floor":4},{"not_picked":["DC","BlazingStar"],"picked":"OneTimeOff","floor":7},{"not_picked":["OpenUniverse","Acceleration","AsteroidBelt"],"picked":"SKIP","floor":10},{"not_picked":["DoubleSpark","LuminesStrike"],"picked":"DeepEcoloBomb","floor":11},{"not_picked":["DragonMeteor","DarkMatter+1"],"picked":"DoubleSpark","floor":14},{"not_picked":["BinaryStars+1","MillisecondPulsars"],"picked":"EscapeVelocity","floor":16},{"not_picked":["DC","OrrerysSun"],"picked":"ChargingUp+1","floor":18},{"not_picked":["LuminesStrike","WitchLeyline+1"],"picked":"ShootingEcho","floor":22},{"not_picked":["Singularity","WitchLeyline","UnstableBomb+1"],"picked":"SKIP","floor":24},{"not_picked":["Acceleration+1","EnergyFlow+1","DeepEcoloBomb"],"picked":"SKIP","floor":27},{"not_picked":["SprinkleStarSeal+1","PropBag+1","IllusionStar+1"],"picked":"SKIP","floor":30},{"not_picked":["DoubleSpark","Occultation+1","WitchLeyline"],"picked":"SKIP","floor":31},{"not_picked":["JA","BinaryStars+1"],"picked":"AbsoluteMagnitude","floor":33},{"not_picked":["Languid","CommonCold"],"picked":"Wraith","floor":34},{"not_picked":["CommonCold","Looming Evil"],"picked":"Wraith","floor":34},{"not_picked":["Pain","ReplayTheSpireMod:Restless Dread"],"picked":"Writhe","floor":34},{"not_picked":["AbsoluteMagnitude","6A","OpenUniverse+1"],"picked":"SKIP","floor":35},{"not_picked":["OpenUniverse+1","IllusionStar+1","ManaConvection+1"],"picked":"SKIP","floor":41},{"not_picked":["Robbery","MeteoricShower+1","SuperPerseids+1"],"picked":"SKIP","floor":45},{"not_picked":["Robbery","MeteoricShower+1","SuperPerseids+1"],"picked":"SKIP","floor":45},{"not_picked":["NonDirectionalLaser+1","DarkSpark","LuminesStrike"],"picked":"SKIP","floor":47},{"not_picked":["WitchLeyline","WitchOfGreed","SporeBomb+1"],"picked":"SKIP","floor":48}],"player_experience":10722,"relics_obtained":[{"floor":3,"key":"Ring of Fury"},{"floor":7,"key":"Matryoshka"},{"floor":9,"key":"Nunchaku"},{"floor":9,"key":"Replay:Mystery Machine"},{"floor":11,"key":"ShroomBag"},{"floor":26,"key":"Whetstone"},{"floor":26,"key":"Oddly Smooth Stone"},{"floor":27,"key":"Gremlin Horn"},{"floor":36,"key":"Gambling Chip"},{"floor":43,"key":"Replay:Ringing Soul"},{"floor":45,"key":"Bottled Flame"}],"event_choices":[{"damage_healed":0,"gold_gain":0,"player_choice":"Box","damage_taken":0,"relics_obtained":["Ancient Tea Set"],"max_hp_gain":0,"max_hp_loss":0,"event_name":"Big Fish","floor":5,"gold_loss":0,"cards_obtained":["Regret"]},{"damage_healed":0,"gold_gain":0,"cards_transformed":["Regret","WitchOfGreed"],"player_choice":"Became Test Subject","damage_taken":0,"max_hp_gain":0,"max_hp_loss":0,"event_name":"Drug Dealer","floor":20,"gold_loss":0,"cards_obtained":["Doubt","DoubleSpark"]},{"cards_removed":["Doubt"],"damage_healed":0,"gold_gain":0,"player_choice":"Took Card","damage_taken":0,"max_hp_gain":0,"max_hp_loss":0,"event_name":"NoteForYourself","floor":21,"gold_loss":0,"cards_obtained":["Iron Wave"]},{"damage_healed":0,"gold_gain":0,"player_choice":"Forge","damage_taken":0,"max_hp_gain":0,"max_hp_loss":0,"event_name":"Accursed Blacksmith","floor":28,"gold_loss":0,"cards_upgraded":["NonDirectionalLaser"]},{"damage_healed":0,"gold_gain":0,"player_choice":"Fight","damage_taken":0,"max_hp_gain":0,"max_hp_loss":0,"event_name":"Mysterious Sphere","floor":36,"gold_loss":0},{"damage_healed":19,"gold_gain":0,"player_choice":"Writhe","damage_taken":0,"max_hp_gain":0,"max_hp_loss":0,"event_name":"Winding Halls","floor":37,"gold_loss":0,"cards_obtained":["Writhe"]},{"damage_healed":0,"gold_gain":0,"player_choice":"Paid","damage_taken":0,"relics_obtained":["Red Mask"],"max_hp_gain":0,"max_hp_loss":0,"event_name":"Tomb of Lord Red Mask","floor":39,"gold_loss":4},{"damage_healed":0,"gold_gain":0,"player_choice":"Damaged","damage_taken":7,"max_hp_gain":0,"max_hp_loss":0,"event_name":"Wheel of Change","floor":46,"gold_loss":0}],"is_beta":false,"boss_relics":[{"not_picked":["Astrolabe","Painkiller Herb"],"picked":"Ectoplasm"},{"not_picked":["Replay:Drink Me","Cursed Key"],"picked":"Replay:Ancient Bell"},{"not_picked":["Replay:Baseball","Bag of Preparation"],"picked":"ReplayTheSpireMod:Lightbulb"},{"not_picked":["Golden Egg","InkBottle"],"picked":"HornCleat"},{"not_picked":["Girya","Thread and Needle"],"picked":"WingedGreaves"}],"items_purged_floors":[],"is_endless":false,"potions_floor_spawned":[4,7,11,30,31,33,35,36,45],"killed_by":"Awakened One","ascension_level":0}}