{"host":"iirf6tm60n5v4e3j","time":1613772117,"event":{"mods":["Act Like it!","BaseMod","Gensokyo","Marisa????????","Minty Spire (QoL Compilation)","StSLib","The Marked"],"gold_per_floor":[20,20,31,31,46,46,63,63,63,63,63],"floor_reached":10,"language":"ENG","playtime":427,"items_purged":[],"score":87,"play_id":"2d063f52-01ac-4486-9dbb-06bc73c1229b","local_time":"20210219140157","is_ascension_mode":true,"campfire_choices":[{"data":"MillisecondPulsars","floor":6,"key":"SMITH"}],"circlet_count":0,"master_deck":["AscendersBane","Strike_MRS","Strike_MRS","Strike_MRS","Strike_MRS","Defend_MRS","Defend_MRS","Defend_MRS","Defend_MRS","MasterSpark","UpSweep","MillisecondPulsars+1","Clumsy","GrandCross"],"relics":["MiniHakkero","Gensokyo:NagashiBinaDoll","Mango","Darkstone Periapt"],"acts_visited":["Exordium"],"potions_floor_usage":[10],"damage_taken":[{"damage":10,"enemies":"Gensokyo:2_Kodama","floor":1,"turns":4},{"damage":3,"enemies":"Gensokyo:Gryphon","floor":3,"turns":3},{"damage":7,"enemies":"Gensokyo:Python","floor":5,"turns":5},{"damage":16,"enemies":"Gensokyo:Kitsune","floor":7,"turns":4},{"damage":25,"enemies":"Gensokyo:Cirno","floor":10,"turns":10}],"seed_played":"-8573939720389108681","potions_obtained":[{"floor":5,"key":"Block Potion"}],"is_trial":false,"path_per_floor":["M","?","M","?","M","R","M","?","T","E"],"character_chosen":"MARISA","items_purchased":[],"campfire_rested":0,"item_purchase_floors":[],"current_hp_per_floor":[58,58,55,48,41,41,25,25,25,0,0],"gold":63,"neow_bonus":"THREE_RARE_CARDS","is_daily":false,"chose_seed":false,"campfire_upgraded":1,"win_rate":0.0,"timestamp":1613772117,"path_taken":["M","?","?","?","M","R","M","?","T","E"],"items_purchased_type":[],"build_version":"2020-12-22","purchased_purges":0,"victory":false,"max_hp_per_floor":[75,75,75,89,89,89,89,89,89,89,89],"card_choices":[{"not_picked":["BinaryStars","MaximisePower"],"picked":"MillisecondPulsars","floor":0},{"not_picked":["GravityBeat","DragonMeteor","IllusionStar"],"picked":"SKIP","floor":1},{"not_picked":["SuperPerseids","UnstableBomb","GravityBeat"],"picked":"SKIP","floor":3},{"not_picked":["NonDirectionalLaser","SuperPerseids"],"picked":"GrandCross","floor":5},{"not_picked":["ManaConvection","GravityBeat","UnstableBomb"],"picked":"SKIP","floor":7}],"player_experience":218483,"relics_obtained":[{"floor":9,"key":"Darkstone Periapt"}],"event_choices":[],"is_beta":false,"boss_relics":[],"items_purged_floors":[],"is_endless":false,"potions_floor_spawned":[5],"killed_by":"Gensokyo:Cirno","ascension_level":10}}