{"host":"tlbbab9afexrkdtf","time":1613771632,"event":{"mods":["2.2 Compatiblity","AchievementEnabler","BaseMod","Colored Map","Colored Powertips","Minty Spire (QoL Compilation)","Rare Cards Sparkle","StSLib"],"gold_per_floor":[118,137,137,147,220,253,13,13,13,13,31,49,70,109,109,239,239,258,208,226,145,158,158,174,174,222,241,22,22,43,56,56,56,56],"floor_reached":33,"language":"ENG","playtime":813,"items_purged":[],"score":378,"play_id":"937303cb-9038-4fab-ba19-f5e84d88fdd7","local_time":"20210219165352","is_ascension_mode":true,"campfire_choices":[{"floor":10,"key":"RECALL"},{"data":"Storm","floor":15,"key":"SMITH"},{"floor":23,"key":"REST"},{"data":"Armaments","floor":25,"key":"SMITH"},{"floor":32,"key":"REST"}],"circlet_count":0,"master_deck":["Strike_B","Strike_B","Strike_B","Strike_B","Defend_B","Defend_B","Defend_B","Defend_B","Zap","Dualcast","Self Repair","Self Repair","Ball Lightning+1","Ball Lightning+1","Storm+1","Rebound+1","Flex","Consecrate+1","Inflame","Brutality","Infinite Blades","Spot Weakness+1","Self Repair","Armaments+1","Undo","CrushJoints+1","Auto Shields","Hello World","Armaments","Recycle","Bandage Up"],"relics":["FrozenCore","Dream Catcher","Molten Egg 2","Symbiotic Virus","PrismaticShard","Golden Idol","HornCleat","Eternal Feather","Pen Nib","Bronze Scales"],"acts_visited":["Exordium","TheCity"],"potions_floor_usage":[6,6,14,33,33,33],"damage_taken":[{"damage":1,"enemies":"Cultist","floor":1,"turns":3},{"damage":3,"enemies":"2 Louse","floor":2,"turns":3},{"damage":18,"enemies":"Jaw Worm","floor":4,"turns":4},{"damage":8,"enemies":"Gremlin Nob","floor":6,"turns":3},{"damage":6,"enemies":"Looter","floor":11,"turns":3},{"damage":21,"enemies":"Exordium Wildlife","floor":12,"turns":4},{"damage":9,"enemies":"Red Slaver","floor":13,"turns":3},{"damage":15,"enemies":"Lagavulin","floor":14,"turns":4},{"damage":43,"enemies":"Hexaghost","floor":16,"turns":9},{"damage":2,"enemies":"Spheric Guardian","floor":18,"turns":3},{"damage":30,"enemies":"3 Byrds","floor":20,"turns":4},{"damage":29,"enemies":"Snake Plant","floor":22,"turns":3},{"damage":10,"enemies":"3 Cultists","floor":24,"turns":4},{"damage":23,"enemies":"Sentry and Sphere","floor":27,"turns":5},{"damage":25,"enemies":"Snake Plant","floor":30,"turns":4},{"damage":18,"enemies":"Snecko","floor":31,"turns":4},{"damage":83,"enemies":"Collector","floor":33,"turns":5}],"seed_played":"-2692296805786642335","potions_obtained":[{"floor":1,"key":"CultistPotion"},{"floor":2,"key":"DistilledChaos"},{"floor":4,"key":"BlessingOfTheForge"},{"floor":22,"key":"BlessingOfTheForge"},{"floor":27,"key":"Swift Potion"},{"floor":30,"key":"Strength Potion"}],"is_trial":false,"path_per_floor":["M","M","T","M","?","E","$","?","T","R","M","M","M","E","R","B",null,"M","?","M","$","M","R","M","R","T","M","$","?","M","M","R","B"],"character_chosen":"DEFECT","items_purchased":["PrismaticShard","Storm","Rebound+1","Self Repair","Bronze Scales","Hello World"],"campfire_rested":2,"item_purchase_floors":[7,7,7,21,28,28],"current_hp_per_floor":[67,71,71,67,67,73,73,73,73,73,75,68,66,65,75,46,68,75,75,59,59,44,75,72,75,75,73,73,73,62,51,75,0,0],"gold":56,"neow_bonus":"RANDOM_COMMON_RELIC","is_daily":false,"chose_seed":false,"campfire_upgraded":2,"win_rate":0.0,"timestamp":1613771632,"path_taken":["M","M","?","M","?","E","?","?","T","R","M","M","M","E","R","BOSS","M","?","M","$","M","R","M","R","T","?","$","?","?","M","R","BOSS"],"items_purchased_type":["Relic","Card","Card","Card","Relic","Card"],"build_version":"2020-12-22","purchased_purges":0,"victory":false,"max_hp_per_floor":[75,75,75,75,75,75,75,75,75,75,75,75,75,75,75,75,75,75,75,75,75,75,75,75,75,75,75,75,75,75,75,75,75,75],"card_choices":[{"not_picked":["Fusion","Steam Power"],"picked":"Self Repair","floor":1},{"not_picked":["Steam Power","Stack"],"picked":"Self Repair","floor":2},{"not_picked":["Gash+1","Beam Cell+1"],"picked":"Ball Lightning+1","floor":4},{"not_picked":["Double Energy","Thunder Strike+1"],"picked":"Ball Lightning+1","floor":6},{"not_picked":["Protect","Underhanded Strike+1"],"picked":"Flex","floor":11},{"not_picked":["Evolve","Whirlwind+1"],"picked":"Consecrate+1","floor":12},{"not_picked":["Cloak And Dagger","EmptyBody","Bane+1"],"picked":"SKIP","floor":13},{"not_picked":["ThirdEye","Shockwave"],"picked":"Inflame","floor":14},{"not_picked":["Phantasmal Killer","Fiend Fire+1"],"picked":"Brutality","floor":16},{"not_picked":["Quick Slash+1","Headbutt+1"],"picked":"Infinite Blades","floor":18},{"not_picked":["Dark Embrace","Defragment"],"picked":"Spot Weakness+1","floor":20},{"not_picked":["Bouncing Flask","FlurryOfBlows+1"],"picked":"Armaments","floor":22},{"not_picked":["MentalFortress","Riddle With Holes+1"],"picked":"Undo","floor":23},{"not_picked":["Wallop+1","Underhanded Strike+1"],"picked":"CrushJoints+1","floor":24},{"not_picked":["Rebound+1","Pummel+1"],"picked":"Auto Shields","floor":27},{"not_picked":["Dagger Throw+1","Impervious"],"picked":"Armaments","floor":30},{"not_picked":["Deadly Poison+1","Headbutt+1"],"picked":"Recycle","floor":31},{"not_picked":["Seeing Red","Masterful Stab+1"],"picked":"Bandage Up","floor":32}],"player_experience":337194,"relics_obtained":[{"floor":3,"key":"Molten Egg 2"},{"floor":6,"key":"Symbiotic Virus"},{"floor":9,"key":"HornCleat"},{"floor":14,"key":"Eternal Feather"},{"floor":26,"key":"Pen Nib"}],"event_choices":[{"damage_healed":0,"gold_gain":73,"player_choice":"Gained Gold","damage_taken":0,"max_hp_gain":0,"max_hp_loss":0,"event_name":"Golden Wing","floor":5,"gold_loss":0},{"damage_healed":0,"gold_gain":0,"player_choice":"Take Wound","damage_taken":0,"relics_obtained":["Golden Idol"],"max_hp_gain":0,"max_hp_loss":0,"event_name":"Golden Idol","floor":8,"gold_loss":0,"cards_obtained":["Injury"]},{"damage_healed":0,"gold_gain":0,"player_choice":"Bet on Murderer","damage_taken":0,"max_hp_gain":0,"max_hp_loss":0,"event_name":"The Joust","floor":19,"gold_loss":50},{"cards_removed":["Injury"],"damage_healed":0,"gold_gain":0,"player_choice":"Removed Curses","damage_taken":0,"max_hp_gain":0,"max_hp_loss":0,"event_name":"Fountain of Cleansing","floor":29,"gold_loss":0}],"is_beta":false,"boss_relics":[{"not_picked":["Black Star","Snecko Eye"],"picked":"FrozenCore"}],"items_purged_floors":[],"is_endless":false,"potions_floor_spawned":[1,2,4,22,27,30,31],"killed_by":"Collector","ascension_level":9}}