{"host":"i0avyit1s6jb1siw","time":1613765341,"event":{"mods":["BaseMod","DeckTracker","Dota2Spire","Highlight Path","Minty Spire (QoL Compilation)","Quick Restart","StSLib","SuperFastMode"],"gold_per_floor":[10,29,29,29,49,49,64,64,138,161,192,192,207,207,207,207,278,278,278,355,355,374,0,0,47,59,59,39,72,99,99,129,142,42,42,57,57,134,134,148,23,38,54,68,68,108,108,108,108,140,140,160,160,160,160,160,160,160,81,110,110],"floor_reached":62,"language":"ENG","playtime":1371,"items_purged":["Decay","Cleave","Thunderclap"],"score":3696,"play_id":"fbb42353-4d74-4b8a-9682-20363745825a","local_time":"20210219210901","is_ascension_mode":true,"campfire_choices":[{"data":"Immolate","floor":6.0,"key":"SMITH"},{"data":"Searing Blow+1","floor":8.0,"key":"SMITH"},{"data":"Searing Blow+2","floor":12.0,"key":"SMITH"},{"data":"Searing Blow+3","floor":14.0,"key":"SMITH"},{"data":"Searing Blow+5","floor":16.0,"key":"SMITH"},{"data":"Searing Blow+6","floor":19.0,"key":"SMITH"},{"data":"Shockwave","floor":27,"key":"SMITH"},{"data":"Battle Trance","floor":35,"key":"SMITH"},{"data":"Searing Blow+7","floor":37,"key":"SMITH"},{"floor":45,"key":"RECALL"},{"data":"Searing Blow+8","floor":47,"key":"SMITH"},{"data":"Evolve","floor":54,"key":"SMITH"},{"data":"Impervious","floor":58,"key":"SMITH"}],"circlet_count":0,"master_deck":["AscendersBane","Defend_R","Defend_R","Defend_R","Defend_R","Body Slam","Searing Blow+9","Hemokinesis","Immolate+1","Shrug It Off","Corruption","Second Wind+1","Reaper+1","Barricade+1","Double Tap","Power Through","Shockwave+1","Battle Trance+1","Disarm+1","Spot Weakness","Shrug It Off","Evolve+1","Flame Barrier","Feel No Pain+1","Body Slam","Impervious+1","Sentinel+1","Seeing Red","Exhume","Shrug It Off","Feel No Pain"],"relics":["Burning Blood","InkBottle","Dota2Spire:UrnOfShadows","Regal Pillow","Astrolabe","Snecko Eye","Orrery","Bag of Marbles","Art of War","Dota2Spire:Vanguard","Vajra","Mark of Pain","CeramicFish","Self Forming Clay","Bottled Lightning","Turnip"],"acts_visited":["Exordium","TheCity","TheBeyond","TheEnding"],"potions_floor_usage":[20,44,61,61],"damage_taken":[{"damage":10.0,"enemies":"Small Slimes","floor":1.0,"turns":3.0},{"damage":4.0,"enemies":"Jaw Worm","floor":2.0,"turns":4.0},{"damage":3.0,"enemies":"Cultist","floor":5.0,"turns":3.0},{"damage":7.0,"enemies":"Looter","floor":7.0,"turns":3.0},{"damage":12.0,"enemies":"3 Sentries","floor":11.0,"turns":4.0},{"damage":9.0,"enemies":"Lots of Slimes","floor":13.0,"turns":2.0},{"damage":58.0,"enemies":"Hexaghost","floor":17.0,"turns":9.0},{"damage":19,"enemies":"Hexaghost","floor":20,"turns":8},{"damage":21,"enemies":"Shell Parasite","floor":22,"turns":3},{"damage":0,"enemies":"Chosen","floor":26,"turns":3},{"damage":17,"enemies":"Book of Stabbing","floor":29,"turns":4},{"damage":2,"enemies":"Gremlin Leader","floor":32,"turns":1},{"damage":0,"enemies":"Sentry and Sphere","floor":33,"turns":3},{"damage":0,"enemies":"Cultist and Chosen","floor":36,"turns":3},{"damage":0,"enemies":"Automaton","floor":38,"turns":5},{"damage":0,"enemies":"3 Shapes","floor":40,"turns":3},{"damage":4,"enemies":"Orb Walker","floor":42,"turns":3},{"damage":0,"enemies":"Spire Growth","floor":43,"turns":3},{"damage":6,"enemies":"Transient","floor":44,"turns":6},{"damage":6,"enemies":"Reptomancer","floor":46,"turns":4},{"damage":0,"enemies":"Nemesis","floor":50,"turns":7},{"damage":18,"enemies":"Sphere and 2 Shapes","floor":52,"turns":5},{"damage":9,"enemies":"Donu and Deca","floor":55,"turns":5},{"damage":9,"enemies":"Awakened One","floor":56,"turns":5},{"damage":2,"enemies":"Shield and Spear","floor":60,"turns":4},{"damage":0,"enemies":"The Heart","floor":61,"turns":7}],"seed_played":"-761353080604011093","potions_obtained":[{"floor":13.0,"key":"Dexterity Potion"},{"floor":17.0,"key":"Block Potion"},{"floor":20,"key":"Weak Potion"},{"floor":26,"key":"PowerPotion"},{"floor":44,"key":"LiquidBronze"}],"is_trial":false,"path_per_floor":["M","M","?","?","M","R","M","R","T","T","E","R","M","R","?","R","B",null,"R","B",null,"M","$","?","T","M","R","?","E","T","T","E","M","$","R","M","R","B",null,"M","$","M","M","M","R","E","R","T","$","E","?","M","?","R","B","B",null,"R","$","E","B",null],"character_chosen":"IRONCLAD","items_purchased":["Orrery","Shrug It Off","Evolve","Feel No Pain"],"campfire_rested":0,"item_purchase_floors":[23,23,23,59],"current_hp_per_floor":[64,66,66,66,69,69,68,68,68,68,62,62,59,59,59,59,16,16,16,12,59,45,45,45,45,51,51,51,56,56,56,60,66,66,66,75,75,75,75,75,75,75,75,75,75,75,75,75,75,75,75,70,70,70,74,75,75,75,75,75,75],"gold":110,"neow_bonus":"TRANSFORM_TWO_CARDS","is_daily":false,"chose_seed":false,"campfire_upgraded":12,"win_rate":0.0,"timestamp":1613765341,"path_taken":["M","M","?","?","?","R","M","R","T","T","E","R","M","R","?","R","BOSS","R","BOSS","M","?","?","?","?","R","?","E","T","T","E","M","$","R","?","R","BOSS","M","$","M","M","M","R","E","R","T","?","E","?","M","?","R","BOSS","BOSS","R","$","E","BOSS"],"items_purchased_type":["Relic","Card","Card","Card"],"build_version":"2020-12-22","purchased_purges":3,"victory":true,"max_hp_per_floor":[75,75,75,75,75,75,75,75,75,75,75,75,75,75,75,75,75,75,75,75,75,75,75,75,75,75,75,75,75,75,75,75,75,75,75,75,75,75,75,75,75,75,75,75,75,75,75,75,75,75,75,75,75,75,75,75,75,75,75,75,75],"card_choices":[{"not_picked":["Thunderclap","True Grit"],"picked":"Cleave","floor":1.0},{"not_picked":["Wild Strike","Sentinel"],"picked":"Hemokinesis","floor":2.0},{"not_picked":["Reckless Charge","Searing Blow"],"picked":"Immolate","floor":5.0},{"not_picked":["Perfected Strike","Combust"],"picked":"Thunderclap","floor":7.0},{"not_picked":["Uppercut","Clothesline","Rampage"],"picked":"SKIP","floor":11.0},{"not_picked":["Anger","Perfected Strike"],"picked":"Shrug It Off","floor":13.0},{"not_picked":["Fiend Fire","Berserk"],"picked":"Corruption","floor":17.0},{"not_picked":["Barricade","Immolate"],"picked":"Double Tap","floor":20},{"not_picked":["Heavy Blade","Thunderclap"],"picked":"Power Through","floor":22},{"not_picked":["Iron Wave","Demon Form"],"picked":"Shockwave","floor":23},{"not_picked":["Body Slam","Clothesline"],"picked":"Battle Trance","floor":23},{"not_picked":["Shrug It Off+1","Pommel Strike"],"picked":"Disarm+1","floor":23},{"not_picked":["Carnage","Disarm"],"picked":"Spot Weakness","floor":23},{"not_picked":["Warcry","Sever Soul"],"picked":"Flame Barrier","floor":26},{"not_picked":["Rupture","Fire Breathing","Armaments"],"picked":"SKIP","floor":29},{"not_picked":["Intimidate","Body Slam"],"picked":"Feel No Pain+1","floor":32},{"not_picked":["Havoc","Ghostly Armor"],"picked":"Body Slam","floor":33},{"not_picked":["Rage","Iron Wave","Pommel Strike"],"picked":"SKIP","floor":36},{"not_picked":["Offering","Double Tap"],"picked":"Impervious","floor":38},{"not_picked":["Clash","Pommel Strike+1","Wild Strike+1"],"picked":"SKIP","floor":40},{"not_picked":["Battle Trance","Rage"],"picked":"Sentinel+1","floor":42},{"not_picked":["Infernal Blade","Inflame","Intimidate"],"picked":"SKIP","floor":43},{"not_picked":["Sever Soul","Flex"],"picked":"Seeing Red","floor":44},{"not_picked":["Sword Boomerang","Thunderclap"],"picked":"Exhume","floor":46},{"not_picked":["Thunderclap","Headbutt","Limit Break"],"picked":"SKIP","floor":50},{"not_picked":["Twin Strike+1","Warcry"],"picked":"Shrug It Off","floor":52},{"not_picked":["Infernal Blade+1","Blood for Blood","Armaments"],"picked":"SKIP","floor":60}],"player_experience":2470404,"relics_obtained":[{"floor":9.0,"key":"InkBottle"},{"floor":10.0,"key":"Dota2Spire:UrnOfShadows"},{"floor":11.0,"key":"Regal Pillow"},{"floor":25,"key":"Bag of Marbles"},{"floor":29,"key":"Art of War"},{"floor":30,"key":"Dota2Spire:Vanguard"},{"floor":32,"key":"Vajra"},{"floor":46,"key":"CeramicFish"},{"floor":48,"key":"Self Forming Clay"},{"floor":50,"key":"Bottled Lightning"},{"floor":60,"key":"Turnip"}],"event_choices":[{"damage_healed":0.0,"max_hp_gain":0.0,"max_hp_loss":0.0,"gold_gain":0.0,"event_name":"Living Wall","player_choice":"Grow","floor":3.0,"gold_loss":0.0,"damage_taken":0.0,"cards_upgraded":["Searing Blow"]},{"damage_healed":0.0,"max_hp_gain":0.0,"max_hp_loss":0.0,"gold_gain":0.0,"event_name":"Wheel of Change","player_choice":"Cursed","floor":4.0,"gold_loss":0.0,"damage_taken":0.0,"cards_obtained":["Decay"]},{"damage_healed":0.0,"max_hp_gain":0.0,"max_hp_loss":0.0,"gold_gain":0.0,"event_name":"Accursed Blacksmith","player_choice":"Forge","floor":15.0,"gold_loss":0.0,"damage_taken":0.0,"cards_upgraded":["Searing Blow"]},{"damage_healed":0,"gold_gain":0,"player_choice":"Ignored","damage_taken":0,"max_hp_gain":0,"max_hp_loss":0,"event_name":"Cursed Tome","floor":24,"gold_loss":0},{"damage_healed":0,"gold_gain":0,"player_choice":"Bought 1 Potion","damage_taken":0,"max_hp_gain":0,"max_hp_loss":0,"event_name":"The Woman in Blue","floor":28,"gold_loss":0},{"cards_removed":["Bash"],"damage_healed":0,"gold_gain":0,"player_choice":"Removed Attack","damage_taken":0,"max_hp_gain":0,"max_hp_loss":0,"event_name":"Falling","floor":51,"gold_loss":0},{"damage_healed":0,"gold_gain":0,"player_choice":"Ignored","damage_taken":0,"max_hp_gain":0,"max_hp_loss":0,"event_name":"Tomb of Lord Red Mask","floor":53,"gold_loss":0}],"is_beta":false,"boss_relics":[{"not_picked":["Pandora\u0027s Box","Velvet Choker"],"picked":"Astrolabe"},{"not_picked":["Runic Pyramid","Tiny House"],"picked":"Snecko Eye"},{"not_picked":["SacredBark","Busted Crown"],"picked":"Mark of Pain"}],"items_purged_floors":[23,34,41],"is_endless":false,"potions_floor_spawned":[13,17,20,26,33,43,44,46,50,52],"ascension_level":20}}