{"host":"Kubo","time":1613742897,"event":{"mods":["BaseMod","Downfall","Minty Spire (QoL Compilation)","Replay The Spire","StSLib"],"gold_per_floor":[99,111,202,214,314,325,349,349,367,395,395,412,423,438,452,549,549,549,549],"floor_reached":17,"language":"ENG","playtime":864,"items_purged":[],"score":161,"play_id":"d5a2c954-eb41-4453-800e-1079144fc16f","local_time":"20210219145457","is_ascension_mode":false,"campfire_choices":[{"data":"Rupture","floor":8,"key":"SMITH"}],"circlet_count":0,"master_deck":["Slimebound:Strike_Slimebound","Slimebound:Strike_Slimebound","Slimebound:Tackle","Slimebound:Defend_Slimebound","Slimebound:Defend_Slimebound","Slimebound:Defend_Slimebound","Slimebound:Defend_Slimebound","Slimebound:Split","Slimebound:CorrosiveSpit","Slimebound:SlimeSpikes","ReplayTheSpireMod:Splinters","Slimebound:SamplingLick","Rupture+1","Slimebound:SplitMire","Slimebound:DisruptingSlam","Slimebound:Equalize","Slimebound:Repurpose","Slimebound:HauntingLick","Slimebound:ItLooksTasty","Slimebound:ForwardTackle","Slimebound:LeadByExample","Slimebound:Teamwork"],"relics":["m_BurningSludge","Toy Ornithopter","Bag of Preparation","Runic Pyramid"],"acts_visited":["Exordium","TheCity"],"potions_floor_usage":[],"damage_taken":[{"damage":1,"enemies":"Small Slimes","floor":2,"turns":4},{"damage":1,"enemies":"2 Louse","floor":4,"turns":2},{"damage":4,"enemies":"Cultist","floor":6,"turns":3},{"damage":0,"enemies":"Exordium Wildlife","floor":9,"turns":5},{"damage":35,"enemies":"Gremlin Nob","floor":10,"turns":4},{"damage":7,"enemies":"Blue Slaver","floor":12,"turns":3},{"damage":15,"enemies":"Lots of Slimes","floor":13,"turns":4},{"damage":4,"enemies":"2 Fungi Beasts","floor":14,"turns":4},{"damage":18,"enemies":"Exordium Thugs","floor":15,"turns":3},{"damage":31,"enemies":"IC_STATUS_ARCHETYPE","floor":16,"turns":6}],"seed_played":"4078341902673595206","potions_obtained":[{"floor":6,"key":"Dexterity Potion"},{"floor":9,"key":"sneckomod:MuddlingPotion"},{"floor":10,"key":"CultistPotion"},{"floor":15,"key":"Swift Potion"}],"is_trial":false,"path_per_floor":["R","M","?","M","?","M","T","R","M","E","?","M","M","M","M","B",null],"character_chosen":"SLIMEBOUND","items_purchased":[],"campfire_rested":0,"item_purchase_floors":[],"current_hp_per_floor":[65,65,65,64,64,64,64,64,65,42,42,45,34,34,26,5,65,65,65],"gold":549,"neow_bonus":"REMOVE_CARD","is_daily":false,"chose_seed":false,"campfire_upgraded":1,"win_rate":0.0,"timestamp":1613742897,"path_taken":["R","M","?","?","?","M","T","R","M","E","?","?","M","M","M","BOSS"],"items_purchased_type":[],"build_version":"2020-12-18","purchased_purges":0,"victory":false,"max_hp_per_floor":[65,65,65,65,65,65,65,65,65,65,65,65,65,65,65,65,65,65,65],"card_choices":[{"not_picked":["Slimebound:SplitMire","Slimebound:MegaLick"],"picked":"Slimebound:SlimeSpikes","floor":2},{"not_picked":["Slimebound:ComboTackle","Slimebound:LivingWall"],"picked":"Slimebound:SamplingLick","floor":3},{"not_picked":["Slimebound:SamplingLick","Blood for Blood"],"picked":"Rupture","floor":3},{"not_picked":["Slimebound:ComboTackle","Slimebound:GoopTackle"],"picked":"Slimebound:SplitMire","floor":3},{"not_picked":["Slimebound:FormOfPuddle","Slimebound:Grow"],"picked":"Slimebound:DisruptingSlam","floor":4},{"not_picked":["Slimebound:ComboTackle","Slimebound:SplitBruiser"],"picked":"Slimebound:Equalize","floor":6},{"not_picked":["Sword Boomerang","Slimebound:Gluttony"],"picked":"Slimebound:Repurpose","floor":9},{"not_picked":["Slimebound:GoopTackle","Slimebound:RollThrough"],"picked":"Slimebound:HauntingLick","floor":10},{"not_picked":["Slimebound:CheckThePlaybook","Slimebound:SlimeSpikes","Slimebound:GoopTackle"],"picked":"SKIP","floor":12},{"not_picked":["Slimebound:MegaLick","Slimebound:Gluttony"],"picked":"Slimebound:ItLooksTasty","floor":13},{"not_picked":["Slimebound:MegaLick","Life Link"],"picked":"Slimebound:ForwardTackle","floor":14},{"not_picked":["Slimebound:ProtectTheBoss","Slimebound:Chomp"],"picked":"Slimebound:LeadByExample","floor":15},{"not_picked":["Slimebound:MassFeed","Slimebound:CheckThePlaybook"],"picked":"Slimebound:Teamwork","floor":16}],"player_experience":541884,"relics_obtained":[{"floor":7,"key":"Toy Ornithopter"},{"floor":10,"key":"Bag of Preparation"}],"event_choices":[],"is_beta":true,"boss_relics":[{"not_picked":["SacredBark","Replay:Ancient Bell"],"picked":"Runic Pyramid"}],"items_purged_floors":[],"is_endless":false,"potions_floor_spawned":[6,9,10,12,14,15],"ascension_level":0}}