{"host":"u21q392b5xaj11fl","time":1613697700,"event":{"mods":["2.2 Compatiblity","Bard","BaseMod","Better Note","Colored Map","Colored Powertips","Conspire","Custom Start","Downfall","Faster Ascension Climbing","GifTheSpireLib","Gremlin Skip","Highlight Path","Hubris","Infinite Spire","Mad Scientist","Marisa????????","Mimic Mod","Minty Spire (QoL Compilation)","Monster B Gone","Permanent Neow","Potionbrewer","Quick Restart","READ ME - Guardian Mod","Relic Sorter","Replay The Spire","Shop Mod","Somnambulant","StSLib","Stuff the Spire","SuperFastMode","The Construct","The Disciple","The Servant 0.9.4"],"gold_per_floor":[111,125,49,14,34,34,60,60,60,91,91,91,15,51,51,125,125,135,225,238,238,288,288,288],"floor_reached":23,"language":"ENG","playtime":1221,"items_purged":[],"score":332,"play_id":"d1f89161-967c-4d8f-9a3e-c0007d46bd80","local_time":"20210218192140","is_ascension_mode":true,"campfire_choices":[{"data":"construct:Boost","floor":6.0,"key":"SMITH"},{"data":"construct:Boost+1","floor":8.0,"key":"SMITH"},{"data":"construct:Backup","floor":11.0,"key":"SMITH"},{"floor":15,"key":"REST"}],"circlet_count":0,"master_deck":["AscendersBane","construct:Strike_Gold","construct:Strike_Gold","construct:Strike_Gold","construct:Strike_Gold","construct:Strike_Gold","construct:Defend_Gold","construct:Defend_Gold","construct:Defend_Gold","construct:Defend_Gold","construct:Defend_Gold","construct:AttackMode","construct:DefenseMode","construct:Boost+2","construct:HeavyBolt","construct:Backup+1","construct:ClockworkEgg","construct:Accumulate","construct:Tumble"],"relics":["construct:ClockworkPhoenix","Juzu Bracelet","hubris:MedicalManual","conspire:TopHat","Replay:Mystery Machine","Sozu"],"acts_visited":["Exordium","TheCity"],"potions_floor_usage":[14,18],"damage_taken":[{"damage":9.0,"enemies":"2 Louse","floor":1.0,"turns":3.0},{"damage":13.0,"enemies":"Small Slimes","floor":2.0,"turns":8.0},{"damage":7.0,"enemies":"Jaw Worm","floor":5.0,"turns":5.0},{"damage":26.0,"enemies":"3 Sentries","floor":7.0,"turns":10.0},{"damage":7.0,"enemies":"Lagavulin","floor":10.0,"turns":10.0},{"damage":28,"enemies":"conspire:MimicChest","floor":14,"turns":9},{"damage":8,"enemies":"Hexaghost","floor":16,"turns":10},{"damage":24,"enemies":"Chosen","floor":18,"turns":6},{"damage":16,"enemies":"Shell Parasite","floor":20,"turns":7},{"damage":13,"enemies":"Gremlin Leader","floor":23,"turns":1}],"seed_played":"5810125749186616358","potions_obtained":[{"floor":1.0,"key":"AttackPotion"},{"floor":7.0,"key":"ColorlessPotion"},{"floor":10.0,"key":"Swift Potion"},{"floor":14,"key":"GamblersBrew"}],"is_trial":false,"path_per_floor":["M","M","$","?","M","R","E","R","T","E","R","?","$","?","R","B",null,"M","?","M","?","?","E"],"character_chosen":"THE_CONSTRUCT_MOD","items_purchased":["construct:Backup","construct:Tumble"],"campfire_rested":1,"item_purchase_floors":[3,13],"current_hp_per_floor":[63,50,50,70,63,63,37,37,37,30,30,30,30,2,26,18,65,41,29,13,13,13,0,0],"gold":288,"neow_bonus":"THREE_CARDS","is_daily":false,"chose_seed":false,"campfire_upgraded":3,"win_rate":0.0,"timestamp":1613697700,"path_taken":["M","M","$","?","M","R","E","R","T","E","R","?","$","?","R","BOSS","M","?","M","?","?","E"],"items_purchased_type":["Card","Card"],"build_version":"2020-12-22","purchased_purges":0,"victory":false,"max_hp_per_floor":[80,80,80,80,80,80,80,80,80,80,80,80,80,80,80,80,80,80,80,80,80,80,80,80],"card_choices":[{"not_picked":["construct:FocusedBeam","construct:Reinforce"],"picked":"construct:Boost","floor":0.0},{"not_picked":["construct:Anticipate","construct:Reinforce","construct:VentSteam"],"picked":"SKIP","floor":1.0},{"not_picked":["construct:Autoturret","construct:Backfire"],"picked":"construct:HeavyBolt","floor":2.0},{"not_picked":["construct:Analyze","construct:SweepLaser","construct:ClusterMines"],"picked":"SKIP","floor":5.0},{"not_picked":["construct:FocusedBeam","construct:ChargeShot"],"picked":"construct:ClockworkEgg","floor":7.0},{"not_picked":["construct:FierceBash","construct:SaveState"],"picked":"construct:Accumulate","floor":10.0},{"not_picked":["construct:ClusterMines","construct:Autoturret","construct:VentSteam"],"picked":"SKIP","floor":18},{"not_picked":["construct:FierceBash","construct:Accumulate","construct:FocusedBeam"],"picked":"SKIP","floor":20}],"player_experience":297248,"relics_obtained":[{"floor":7.0,"key":"Juzu Bracelet"},{"floor":9.0,"key":"hubris:MedicalManual"},{"floor":10.0,"key":"conspire:TopHat"},{"floor":14,"key":"Replay:Mystery Machine"}],"event_choices":[{"damage_healed":20.0,"max_hp_gain":0.0,"max_hp_loss":0.0,"gold_gain":0.0,"event_name":"The Cleric","player_choice":"Healed","floor":4.0,"gold_loss":35.0,"damage_taken":0.0},{"damage_healed":0,"gold_gain":90,"player_choice":"GOLD ","damage_taken":12,"max_hp_gain":0,"max_hp_loss":0,"event_name":"Knowing Skull","floor":19,"potions_obtained":[],"gold_loss":0,"cards_obtained":[]},{"damage_healed":0,"gold_gain":0,"player_choice":"Got Potions","damage_taken":0,"max_hp_gain":0,"max_hp_loss":0,"event_name":"Lab","floor":21,"gold_loss":0},{"damage_healed":0,"gold_gain":100,"player_choice":"Bet on Murderer","damage_taken":0,"max_hp_gain":0,"max_hp_loss":0,"event_name":"The Joust","floor":22,"gold_loss":50}],"is_beta":false,"boss_relics":[{"not_picked":["conspire:SpecialSausage","Ectoplasm"],"picked":"Sozu"}],"items_purged_floors":[],"is_endless":false,"potions_floor_spawned":[1,7,10,14,18],"killed_by":"Gremlin Leader","ascension_level":14}}