{"host":"qhbbxt9nia1s4hz5","time":1613769530,"event":{"mods":["2.2 Compatiblity","Act Like it!","AlwaysNeverKeys","Aspiration","BaseMod","Better Altar","Better Match","Better Note","Better Sensory Stone","Better Skull","Better Third Choice","Better Vampires","BetterRewards","Block Reminder","Booster Modes","Clockwork Mod","Colored Map","Colored Powertips","Displayed Cursed Tome","Emptier Cage","Energized Spire","Faster Ascension Climbing","Friendly Minions","GifTheSpireLib","Gold Saver","Hallownest","Infinite Spire","Minty Spire (QoL Compilation)","Permanent Neow","Rare Cards Sparkle","Relic Filter","Reliquary","Replay The Spire","Shop Mod","StSLib","Td1madao Mod"],"gold_per_floor":[942,942,535,555,566,566,491,511,511,526,541,553,553,284,284,384,384,395,407,407,407,15,15,42,53,77,96,96,96,96,51,51,148,148,159,179,179,199,199,199,218,218,43,43,43,43,58,68,68,149,149,149,149,149,100,131,131],"floor_reached":58,"language":"ENG","playtime":5428,"items_purged":["Clockwork:Shield","Catalyst","Clockwork:Shield","Clockwork:WoundupStrike","Clockwork:WarmUp","Backstab"],"score":1217,"play_id":"626128a4-40c2-4eae-ba15-c17069784357","local_time":"20210219231850","is_ascension_mode":false,"campfire_choices":[{"data":"Clockwork:TimeWalk","floor":6.0,"key":"SMITH"},{"data":"Terror","floor":13.0,"key":"SMITH"},{"data":"Clockwork:Tinker","floor":15,"key":"SMITH"},{"data":"ReplayTheSpireMod:Chaos Vortex","floor":23,"key":"SMITH"},{"data":"Clockwork:Roundhouse","floor":29,"key":"SMITH"},{"data":"Clockwork:Randomization","floor":42,"key":"SMITH"},{"data":"Clockwork:AdaptiveShield","floor":44,"key":"SMITH"},{"data":"Clockwork:PerfectForm","floor":46,"key":"SMITH"},{"data":"Eviscerate","floor":51,"key":"SMITH"},{"data":"Clockwork:AdaptiveCannon","floor":54,"key":"SMITH"}],"circlet_count":0,"master_deck":["Clockwork:Strike+1","Clockwork:Tinker+1","Clockwork:TimeWalk+1","Terror+1","Masterful Stab","Clockwork:RevUp","Clockwork:Roundhouse+1","Clockwork:Randomization+1","Dramatic Entrance+1","Clockwork:AdaptiveShield+1","Clockwork:HeadStart+1","ReplayTheSpireMod:Chaos Vortex+1","infinitespire:FutureSight+1","Dramatic Entrance","Clockwork:AdaptiveCannon+1","Clockwork:SearchingStrike","infinitespire:Collect+1","Clockwork:PerfectForm+1","Eviscerate+1","Sneak Up"],"relics":["Clockwork:MomentumEngine","Lee\u0027s Waffle","Boot","Bag of Preparation","Orichalcum","infinitespire:Golems Mask","infinitespire:EmpoweringShard","Oddly Smooth Stone","Replay:Bronze Core","Whetstone","reliquary:Buckler","Nunchaku","Iron Hammer","energizedSpire:MagnifyingGlass","reliquary:Firecrackers","reliquary:RosewoodLute"],"acts_visited":["Hallownest:Greenpath","Hallownest:CityofTears","Hallownest:KingdomsEdge","TheEnding"],"potions_floor_usage":[16,16,33,52,57,57,57],"damage_taken":[{"damage":4.0,"enemies":"2_ Uuma","floor":1.0,"turns":7.0},{"damage":1.0,"enemies":"Hallownest:monsterHuskGuard","floor":4.0,"turns":2.0},{"damage":0.0,"enemies":"Hallownest:monsterHuskWarrior","floor":5.0,"turns":1.0},{"damage":7.0,"enemies":"Hallownest:Guard_and_Warrior","floor":8.0,"turns":4.0},{"damage":0.0,"enemies":"Hallownest:1_Ooma_and_2_Uuma","floor":10.0,"turns":2.0},{"damage":0.0,"enemies":"Hallownest:monsterMossCharger","floor":11.0,"turns":1.0},{"damage":2.0,"enemies":"Hallownest:1_Baldur_1_Crawlid_1_Warrior","floor":12.0,"turns":2.0},{"damage":6,"enemies":"Hallownest:BossBrokenVessel","floor":16,"turns":6},{"damage":0,"enemies":"Hallownest:2_Mistakes","floor":18,"turns":2},{"damage":0,"enemies":"Hallownest:Guard_and_Sentry","floor":19,"turns":2},{"damage":0,"enemies":"Hallownest:eliteWatcherKnight","floor":24,"turns":10},{"damage":0,"enemies":"Hallownest:2_Flukemon","floor":25,"turns":5},{"damage":0,"enemies":"Hallownest:Warrior_and_Youth","floor":27,"turns":1},{"damage":18,"enemies":"Hallownest:BossMantisLord","floor":33,"turns":4},{"damage":0,"enemies":"Hallownest:2_Littles","floor":35,"turns":2},{"damage":0,"enemies":"Hallownest:Shield_Heavy","floor":38,"turns":3},{"damage":0,"enemies":"Hallownest:Slobbering_and_Violent","floor":41,"turns":3},{"damage":0,"enemies":"Hallownest:monsterPrimalAspid","floor":47,"turns":3},{"damage":0,"enemies":"Hallownest:2_Great","floor":48,"turns":2},{"damage":0,"enemies":"Hallownest:BossGreyPrinceZote","floor":52,"turns":3},{"damage":0,"enemies":"Shield and Spear","floor":56,"turns":2},{"damage":80,"enemies":"The Heart","floor":57,"turns":6}],"seed_played":"-4347017663414479985","potions_obtained":[{"floor":5.0,"key":"SteroidPotion"},{"floor":12.0,"key":"Languid Potion"},{"floor":24,"key":"Elixir"},{"floor":27,"key":"Explosive Potion"},{"floor":41,"key":"Reflective Coating"},{"floor":47,"key":"LiquidBronze"}],"is_trial":false,"path_per_floor":["M","?","$","M","M","R","?","M","T","M","M","M","R","$","R","B",null,"M","M","?","?","$","R","E","M","T","M","$","R","AVR","?","R_BF","B",null,"M","?","?","M","PTL","PTL","M","R","$","R","T","R","M","M","?","T","R","B",null,"R","$","E","B",null],"character_chosen":"CLOCKWORK","items_purchased":["Lee\u0027s Waffle","Boot","Bag of Preparation","Orichalcum","Clockwork:TimeWalk","infinitespire:Golems Mask","Oddly Smooth Stone","Whetstone","Dramatic Entrance","Weak Potion"],"campfire_rested":0,"item_purchase_floors":[0,0,0,0,0,3,14,22,22,55],"current_hp_per_floor":[88,88,88,87,87,87,87,80,80,80,80,78,78,78,78,72,92,92,92,69,69,69,69,69,69,69,69,69,69,69,69,92,74,92,92,92,92,92,92,92,92,92,92,92,92,92,92,92,92,92,92,92,92,92,92,92,12],"gold":131,"neow_bonus":"","is_daily":false,"chose_seed":false,"campfire_upgraded":10,"win_rate":0.0,"timestamp":1613769530,"path_taken":["M","?","$","?","M","R","?","M","T","M","?","M","R","?","R","BOSS","M","M","?","?","?","R","E","M","T","?","$","R","AVR","?","R_BF","BOSS","M","?","?","?","PTL","PTL","M","R","$","R","T","R","M","M","?","?","R","BOSS","R","$","E","BOSS"],"items_purchased_type":["Relic","Relic","Relic","Relic","Card","Relic","Relic","Relic","Card","Potion"],"build_version":"2020-12-22","purchased_purges":6,"victory":true,"max_hp_per_floor":[92,92,92,92,92,92,92,92,92,92,92,92,92,92,92,92,92,92,92,92,92,92,92,92,92,92,92,92,92,92,92,92,92,92,92,92,92,92,92,92,92,92,92,92,92,92,92,92,92,92,92,92,92,92,92,92,92],"card_choices":[{"not_picked":["Clockwork:Improve","Clockwork:Scour","Clockwork:AdaptiveCannon"],"picked":"SKIP","floor":1.0},{"not_picked":["Clockwork:SystemScan","Clockwork:AdaptiveCannon"],"picked":"Clockwork:RevUp","floor":4.0},{"not_picked":["Clockwork:ChargingBlade","Clockwork:AdaptiveCannon"],"picked":"Clockwork:Roundhouse","floor":5.0},{"not_picked":["Clockwork:ReactiveNanites","Clockwork:Inspiration"],"picked":"Clockwork:Randomization","floor":7.0},{"not_picked":["Flash of Steel","Mind Blast"],"picked":"Dramatic Entrance","floor":7.0},{"not_picked":["Clockwork:ElasticNanites","Clockwork:Friction","Clockwork:Improve"],"picked":"SKIP","floor":8.0},{"not_picked":["Clockwork:ElasticNanites","Clockwork:Friction","Clockwork:Improve"],"picked":"SKIP","floor":8.0},{"not_picked":["Clockwork:CogToss","Clockwork:SnapKeep"],"picked":"Clockwork:AdaptiveShield","floor":10.0},{"not_picked":["Clockwork:CogBarrier","Clockwork:MechanicalMass"],"picked":"Clockwork:ReserveSystems","floor":11.0},{"not_picked":["Clockwork:CraftQuicksilverHourglass","Clockwork:ForgeStrike"],"picked":"Clockwork:HeadStart","floor":12.0},{"not_picked":["Clockwork:Inspiration","Clockwork:DefectiveParts"],"picked":"Clockwork:WindupStrike","floor":16},{"not_picked":["Clockwork:Improve","Clockwork:LiteraryArmor+1","Clockwork:CogShield"],"picked":"SKIP","floor":18},{"not_picked":["Clockwork:MechanicalBulk","Clockwork:CogToss","Clockwork:CogBarrier"],"picked":"SKIP","floor":19},{"not_picked":["infinitespire:DeathsTouch","ReplayTheSpireMod:Echoes of Time"],"picked":"ReplayTheSpireMod:Chaos Vortex","floor":20},{"not_picked":["Clockwork:AdaptiveShield","Clockwork:ReserveSystems","Clockwork:OccamsRazor+1"],"picked":"SKIP","floor":24},{"not_picked":["Clockwork:CogShield","Clockwork:PerfectedStrike+1"],"picked":"Clockwork:AdaptiveCannon","floor":25},{"not_picked":["Clockwork:CogBarrier","Clockwork:SnapKeep"],"picked":"Clockwork:SearchingStrike","floor":27},{"not_picked":["Clockwork:Inspiration","Clockwork:DefectiveParts"],"picked":"Clockwork:PerfectForm","floor":33},{"not_picked":["Clockwork:SystemScan","Clockwork:RitualDaggerMk0","Clockwork:ElasticNanites"],"picked":"SKIP","floor":35},{"not_picked":["Clockwork:Roundhouse","Clockwork:MechanicalBulk+1","Clockwork:OccamsRazor"],"picked":"SKIP","floor":38},{"not_picked":["Clockwork:ReserveSystems","Clockwork:CraftSomewhatSmoothStone","Clockwork:ElasticNanites+1"],"picked":"SKIP","floor":41},{"not_picked":["Clockwork:RitualDaggerMk0","Clockwork:Enhance+1","Clockwork:ForgeStrike+1"],"picked":"SKIP","floor":47},{"not_picked":["Clockwork:Redundancy","Clockwork:CogBarrier","Clockwork:Inspiration"],"picked":"SKIP","floor":48},{"not_picked":["Clockwork:SpringShield+1","Clockwork:CraftSomewhatSmoothStone+1","Clockwork:Enhance+1"],"picked":"SKIP","floor":56}],"player_experience":899490,"relics_obtained":[{"floor":9.0,"key":"infinitespire:EmpoweringShard"},{"floor":24,"key":"reliquary:Buckler"},{"floor":26,"key":"Nunchaku"},{"floor":50,"key":"reliquary:Firecrackers"},{"floor":56,"key":"reliquary:RosewoodLute"}],"event_choices":[{"damage_healed":0.0,"max_hp_gain":0.0,"max_hp_loss":0.0,"gold_gain":0.0,"event_name":"betterMatch:BetterMatch","player_choice":"1","floor":7.0,"gold_loss":0.0,"damage_taken":0.0,"cards_obtained":["betterMatch:RareCard","betterMatch:ColorlessUncommonCard"]},{"damage_healed":0,"gold_gain":2,"player_choice":"4","damage_taken":0,"max_hp_gain":0,"max_hp_loss":0,"event_name":"betterStone:BetterStone","floor":21,"gold_loss":0,"cards_obtained":["infinitespire:FutureSight"]}],"is_beta":false,"boss_relics":[{"not_picked":["Replay:Ancient Bell","SacredBark"],"picked":"Replay:Bronze Core"},{"not_picked":["Astrolabe","energizedSpire:RedRose"],"picked":"energizedSpire:MagnifyingGlass"}],"items_purged_floors":[0,3,14,22,30,43],"is_endless":false,"potions_floor_spawned":[5,12,24,27,41,47,48,56],"ascension_level":0}}