{"host":"i0m6ffz3lpe3z1ky","time":1613758193,"event":{"mods":["Aspiration","BaseMod","Bestiary","BetterRewards","Colored Map","Conspire","Energized Spire","Highlight Path","Hubris","Ironclad Rager","Minty Spire (QoL Compilation)","Quick Restart","Reliquary","Shop Mod","Spicy Shops","StSLib","Thieving Mod"],"gold_per_floor":[114,39,214,228,228,263,263,291,315,315,331,331,360,375,375,479,479,489,252,265,280,290,290,322,322,322,340,440,440,468,108,108,207,207,224,243,183,201,218,218,245,245,245,1,1,1,16,46,46,46,46,46,9,44,44,44],"floor_reached":55,"language":"KOR","playtime":2673,"items_purged":["conspire:GhostlyStrike","conspire:GhostlyDefend"],"score":1086,"play_id":"c5b392e7-93fc-4345-bf6e-18fb0090fdba","local_time":"20210220030953","is_ascension_mode":true,"campfire_choices":[{"data":"Shrug It Off","floor":10.0,"key":"SMITH"},{"data":"Bash","floor":12.0,"key":"SMITH"},{"data":"conspire:Charge","floor":15.0,"key":"SMITH"},{"data":"Double Tap","floor":23.0,"key":"SMITH"},{"data":"Clash","floor":25.0,"key":"SMITH"},{"floor":29.0,"key":"RECALL"},{"data":"Feel No Pain","floor":42.0,"key":"SMITH"},{"data":"Seeing Red","floor":46,"key":"SMITH"},{"data":"hubris:DuctTapeCard","floor":49,"key":"SMITH"},{"floor":52,"key":"REST"}],"circlet_count":0,"master_deck":["conspire:GhostlyStrike","conspire:GhostlyDefend","conspire:GhostlyDefend","conspire:GhostlyDefend","Bash+1","Shrug It Off+1","Clash+1","conspire:Charge+1","Double Tap+1","Secret Weapon","Feel No Pain+1","Seeing Red+1","hubris:DuctTapeCard+2","Demon Form"],"relics":["Black Blood","Membership Card","OrangePellets","hubris:ToyBattleship","Pen Nib","ClockworkSouvenir","Sling","Orichalcum","conspire:TopHat","reliquary:TuningFork","Bag of Marbles","Happy Flower","Medical Kit","Chemical X","reliquary:TridentHead","Strawberry","reliquary:BrokenClock","Lee\u0027s Waffle","Omamori","Frozen Eye","hubris:TenFootPole","reliquary:Bookmark","Centennial Puzzle","reliquary:Crutches","Blood Vial","reliquary:Knoch","conspire:GlowingRock","Busted Crown","conspire:TreasureMap","reliquary:QuartzCube","reliquary:Stiletto","Sundial","Mango","hubris:DuctTape","aspiration:ArtOfWarUpgrade","HandDrill","Bird Faced Urn","Charon\u0027s Ashes","reliquary:RosewoodLute","aspiration:SeaSaltIceCream","reliquary:TridentHead","conspire:DeflatedDodgeball","Ancient Tea Set","Boot","Bottled Tornado"],"acts_visited":["Exordium","TheCity","TheBeyond","TheEnding"],"potions_floor_usage":[50,50,55],"damage_taken":[{"damage":0.0,"enemies":"Cultist","floor":1.0,"turns":3.0},{"damage":3.0,"enemies":"Jaw Worm","floor":4.0,"turns":4.0},{"damage":0.0,"enemies":"Gremlin Nob","floor":6.0,"turns":2.0},{"damage":24.0,"enemies":"3 Sentries","floor":8.0,"turns":7.0},{"damage":0.0,"enemies":"2 Louse","floor":11.0,"turns":2.0},{"damage":2.0,"enemies":"Gremlin Nob","floor":13.0,"turns":4.0},{"damage":0.0,"enemies":"2 Fungi Beasts","floor":14.0,"turns":2.0},{"damage":24.0,"enemies":"Slime Boss","floor":16.0,"turns":5.0},{"damage":18.0,"enemies":"Shell Parasite","floor":18.0,"turns":3.0},{"damage":11.0,"enemies":"Spheric Guardian","floor":20.0,"turns":4.0},{"damage":14.0,"enemies":"Centurion and Healer","floor":21.0,"turns":4.0},{"damage":29.0,"enemies":"Shelled Parasite and Fungi","floor":22.0,"turns":4.0},{"damage":2.0,"enemies":"Book of Stabbing","floor":24.0,"turns":3.0},{"damage":3.0,"enemies":"Chosen and Byrds","floor":27.0,"turns":4.0},{"damage":40.0,"enemies":"Colosseum Slavers","floor":28.0,"turns":4.0},{"damage":0.0,"enemies":"Colosseum Nobs","floor":28.0,"turns":3.0},{"damage":0.0,"enemies":"Slavers","floor":30.0,"turns":3.0},{"damage":24.0,"enemies":"Collector","floor":33.0,"turns":5.0},{"damage":24.0,"enemies":"Orb Walker","floor":35.0,"turns":3.0},{"damage":12.0,"enemies":"3 Darklings","floor":36.0,"turns":3.0},{"damage":13.0,"enemies":"Writhing Mass","floor":38.0,"turns":3.0},{"damage":26.0,"enemies":"4 Shapes","floor":39.0,"turns":3.0},{"damage":6.0,"enemies":"Giant Head","floor":41.0,"turns":5.0},{"damage":0,"enemies":"Jaw Worm Horde","floor":47,"turns":3},{"damage":0,"enemies":"conspire:MimicChest","floor":48,"turns":3},{"damage":71,"enemies":"hubris:GrandSnecko","floor":50,"turns":10},{"damage":57,"enemies":"Shield and Spear","floor":54,"turns":3},{"damage":64,"enemies":"The Heart","floor":55,"turns":5}],"seed_played":"-7997306437154601852","potions_obtained":[{"floor":6.0,"key":"Regen Potion"},{"floor":11.0,"key":"Swift Potion"},{"floor":16.0,"key":"PowerPotion"},{"floor":21.0,"key":"BloodPotion"},{"floor":24.0,"key":"Dexterity Potion"},{"floor":27.0,"key":"SteroidPotion"},{"floor":35.0,"key":"Fire Potion"},{"floor":41.0,"key":"SteroidPotion"}],"is_trial":false,"path_per_floor":["M","$","?","M","?","E","?","E","T","R","M","R","E","M","R","B",null,"M","$","M","M","M","R","E","R","T","M","?","R","E","$","R","B",null,"M","M","$","M","M","R","E","R","T","$","?","R","M","?","R","B",null,"R","$","E","B"],"character_chosen":"IRONCLAD","items_purchased":["Membership Card","ThievingMod:ThievingPotion","reliquary:TridentHead","reliquary:Crutches","conspire:TreasureMap","reliquary:QuartzCube","HandDrill","Bird Faced Urn","Secret Weapon","Feel No Pain","aspiration:SeaSaltIceCream","conspire:DeflatedDodgeball","Boot"],"campfire_rested":1,"item_purchase_floors":[0,0,0,2,19,19,31,31,31,37,44,44,53],"current_hp_per_floor":[94,94,94,94,91,94,94,76,76,76,84,84,94,94,94,76,90,80,80,77,71,50,50,56,56,56,61,69,69,77,77,77,61,96,86,88,88,91,81,81,91,91,91,91,91,91,103,103,103,46,89,103,103,58,0,0],"gold":44,"neow_bonus":"","is_daily":false,"chose_seed":false,"campfire_upgraded":8,"win_rate":0.0,"timestamp":1613758193,"path_taken":["M","?","?","M","?","E","?","E","T","R","?","R","E","M","R","BOSS","M","$","M","M","M","R","E","R","T","M","?","R","E","$","R","BOSS","M","M","$","M","M","R","E","R","T","$","?","R","M","?","R","BOSS","R","$","E","BOSS"],"items_purchased_type":["Relic","Potion","Relic","Relic","Relic","Relic","Relic","Relic","Card","Card","Relic","Relic","Relic"],"build_version":"2020-12-22","purchased_purges":2,"victory":false,"max_hp_per_floor":[94,94,94,94,94,94,94,94,94,94,94,94,94,94,94,94,94,94,94,94,94,94,94,94,94,94,94,108,108,108,108,108,108,108,108,108,108,108,108,108,108,108,108,108,103,103,103,103,103,103,103,103,103,103,103,103],"card_choices":[{"not_picked":["Dark Embrace","Havoc","Cleave"],"picked":"SKIP","floor":1.0},{"not_picked":["Pommel Strike","Power Through","Flex"],"picked":"SKIP","floor":4.0},{"not_picked":["Pommel Strike","Power Through","Flex"],"picked":"SKIP","floor":4.0},{"not_picked":["Bloodletting","Headbutt"],"picked":"Shrug It Off","floor":6.0},{"not_picked":["Thunderclap","Bloodletting"],"picked":"Clash","floor":8.0},{"not_picked":["Twin Strike","Blood for Blood","Ghostly Armor"],"picked":"SKIP","floor":11.0},{"not_picked":["Hemokinesis","Uppercut","Rage"],"picked":"SKIP","floor":13.0},{"not_picked":["Cleave","Ghostly Armor"],"picked":"conspire:Charge","floor":14.0},{"not_picked":["Exhume","hubris:StunningStrike"],"picked":"Double Tap","floor":16.0},{"not_picked":["Burning Pact"],"picked":"SKIP","floor":18.0},{"not_picked":["Dual Wield"],"picked":"SKIP","floor":20.0},{"not_picked":["Perfected Strike"],"picked":"SKIP","floor":21.0},{"not_picked":["Clothesline+1"],"picked":"SKIP","floor":22.0},{"not_picked":["Flex"],"picked":"SKIP","floor":24.0},{"not_picked":["Pommel Strike"],"picked":"SKIP","floor":27.0},{"not_picked":["Twin Strike"],"picked":"SKIP","floor":30.0},{"not_picked":["Headbutt+1"],"picked":"SKIP","floor":35.0},{"not_picked":["Clothesline+1"],"picked":"SKIP","floor":36.0},{"not_picked":["Disarm"],"picked":"SKIP","floor":38.0},{"not_picked":["Pommel Strike"],"picked":"SKIP","floor":39.0},{"not_picked":[],"picked":"Seeing Red","floor":41.0},{"not_picked":["Wild Strike"],"picked":"SKIP","floor":47},{"not_picked":["Wild Strike"],"picked":"SKIP","floor":47},{"not_picked":["Power Through+1"],"picked":"SKIP","floor":54}],"player_experience":428882,"relics_obtained":[{"floor":6.0,"key":"Blood Vial"},{"floor":8.0,"key":"reliquary:Knoch"},{"floor":13.0,"key":"conspire:GlowingRock"},{"floor":24.0,"key":"reliquary:Stiletto"},{"floor":26.0,"key":"Sundial"},{"floor":28.0,"key":"Mango"},{"floor":28.0,"key":"hubris:DuctTape"},{"floor":30.0,"key":"Art of War"},{"floor":41.0,"key":"Charon\u0027s Ashes"},{"floor":43.0,"key":"reliquary:RosewoodLute"},{"floor":48,"key":"Ancient Tea Set"},{"floor":54,"key":"Bottled Tornado"}],"event_choices":[{"damage_healed":0.0,"max_hp_gain":0.0,"max_hp_loss":0.0,"gold_gain":175.0,"event_name":"Liars Game","player_choice":"AGREE","floor":3.0,"gold_loss":0.0,"damage_taken":0.0,"cards_obtained":["Doubt"]},{"cards_removed":["Strike_R"],"damage_healed":0.0,"max_hp_gain":0.0,"max_hp_loss":0.0,"gold_gain":0.0,"event_name":"Golden Wing","player_choice":"Card Removal","floor":5.0,"gold_loss":0.0,"damage_taken":7.0},{"damage_healed":0.0,"max_hp_gain":0.0,"max_hp_loss":0.0,"gold_gain":0.0,"event_name":"conspire:LoneGhost","player_choice":"Agree","floor":7.0,"gold_loss":0.0,"damage_taken":0.0},{"damage_healed":0.0,"max_hp_gain":0.0,"max_hp_loss":0.0,"gold_gain":0.0,"event_name":"Colosseum","player_choice":"Fight","floor":28.0,"gold_loss":0.0,"damage_taken":0.0},{"damage_healed":0.0,"max_hp_gain":0.0,"max_hp_loss":0.0,"gold_gain":0.0,"event_name":"Colosseum","player_choice":"Fought Nobs","floor":28.0,"gold_loss":0.0,"damage_taken":0.0},{"damage_healed":0,"gold_gain":0,"player_choice":"Max HP","damage_taken":0,"max_hp_gain":0,"max_hp_loss":5,"event_name":"Winding Halls","floor":45,"gold_loss":0}],"is_beta":false,"boss_relics":[{"not_picked":["reliquary:KinkedSpring","energizedSpire:OgreHead"],"picked":"Busted Crown"},{"not_picked":["Fusion Hammer","hubris:Stopwatch"],"picked":"Black Blood"}],"items_purged_floors":[19,31],"is_endless":false,"potions_floor_spawned":[6,11,16,21,24,27,28,35,41,47],"killed_by":"The Heart","ascension_level":6}}