{"host":"3d7yvplr5ovcyppx","time":1613718493,"event":{"mods":["AchievementEnabler","BaseMod","Hermit","Jorbs\u0027s Wanderer Trilogy","Minty Spire (QoL Compilation)","Quick Restart","Somnambulant","StSLib","The Cursed","The Disciple","The Servant 0.9.4"],"gold_per_floor":[115,115,115,131,131,131,148,148,148,177,177,191,5,40,40,140,140,154,170,4,22,22,22],"floor_reached":22,"language":"ENG","playtime":1191,"items_purged":["Regret"],"score":223,"play_id":"16363bb2-85bf-4a90-be71-66d6a0b662d8","local_time":"20210219123813","is_ascension_mode":true,"campfire_choices":[{"data":"Zap","floor":6,"key":"SMITH"},{"data":"Dualcast","floor":8,"key":"SMITH"},{"data":"Aggregate","floor":11,"key":"SMITH"},{"floor":15,"key":"REST"}],"circlet_count":0,"master_deck":["Strike_B+1","Strike_B","Strike_B","Strike_B","Defend_B","Defend_B","Defend_B","Defend_B","Zap+1","Dualcast+1","Storm+1","Cold Snap","Leap","Aggregate+1","Fission","Conserve Battery+1","Amplify+1","Cold Snap+1","Storm","Static Discharge","Beam Cell+1"],"relics":["Cracked Core","Strawberry","Ornamental Fan","Membership Card","Toxic Egg 2","Black Star","Matryoshka"],"acts_visited":["Exordium","TheCity"],"potions_floor_usage":[10,16,16,19],"damage_taken":[{"damage":0,"enemies":"Small Slimes","floor":1,"turns":3},{"damage":4,"enemies":"Jaw Worm","floor":4,"turns":3},{"damage":0,"enemies":"2 Louse","floor":7,"turns":1},{"damage":37,"enemies":"3 Sentries","floor":10,"turns":5},{"damage":3,"enemies":"Blue Slaver","floor":12,"turns":4},{"damage":18,"enemies":"Lagavulin","floor":14,"turns":9},{"damage":29,"enemies":"The Guardian","floor":16,"turns":16},{"damage":27,"enemies":"Spheric Guardian","floor":18,"turns":6},{"damage":16,"enemies":"3 Byrds","floor":19,"turns":7},{"damage":27,"enemies":"Snake Plant","floor":21,"turns":3},{"damage":19,"enemies":"Cultist and Chosen","floor":22,"turns":6}],"seed_played":"-7015660793004553851","potions_obtained":[{"floor":7,"key":"Explosive Potion"},{"floor":10,"key":"LiquidMemories"},{"floor":12,"key":"Explosive Potion"},{"floor":18,"key":"LiquidMemories"}],"is_trial":false,"path_per_floor":["M","?","?","M","?","R","M","R","T","E","R","M","$","E","R","B",null,"M","M","$","M","M"],"character_chosen":"DEFECT","items_purchased":["Membership Card","Matryoshka","Static Discharge"],"campfire_rested":1,"item_purchase_floors":[13,20,20],"current_hp_per_floor":[82,82,66,62,69,69,69,69,69,32,32,29,29,11,37,8,89,62,46,46,19,0,0],"gold":22,"neow_bonus":"TEN_PERCENT_HP_BONUS","is_daily":false,"chose_seed":false,"campfire_upgraded":3,"win_rate":0.0,"timestamp":1613718493,"path_taken":["M","?","?","M","?","R","M","R","T","E","R","M","?","E","R","BOSS","M","M","$","M","M"],"items_purchased_type":["Relic","Relic","Card"],"build_version":"2020-12-22","purchased_purges":1,"victory":false,"max_hp_per_floor":[82,82,82,82,89,89,89,89,89,89,89,89,89,89,89,89,89,89,89,89,89,89,89],"card_choices":[{"not_picked":["Stack","Sweeping Beam"],"picked":"Storm","floor":1},{"not_picked":["Fusion","Conserve Battery"],"picked":"Cold Snap","floor":4},{"not_picked":["Rebound","Barrage"],"picked":"Leap","floor":7},{"not_picked":["Streamline","Scrape"],"picked":"Aggregate","floor":10},{"not_picked":["Double Energy","Gash"],"picked":"Fission","floor":12},{"not_picked":["Turbo+1","Blizzard"],"picked":"Conserve Battery+1","floor":14},{"not_picked":["Rainbow+1","Thunder Strike"],"picked":"Amplify+1","floor":16},{"not_picked":["Stack+1","Auto Shields+1"],"picked":"Cold Snap+1","floor":18},{"not_picked":["Gash","Hello World"],"picked":"Storm","floor":19},{"not_picked":["Coolheaded+1","Gash"],"picked":"Beam Cell+1","floor":21}],"player_experience":78976,"relics_obtained":[{"floor":10,"key":"Ornamental Fan"},{"floor":14,"key":"Toxic Egg 2"}],"event_choices":[{"damage_healed":0,"gold_gain":0,"player_choice":"Leave","damage_taken":0,"max_hp_gain":0,"max_hp_loss":0,"event_name":"The Cleric","floor":2,"gold_loss":0},{"damage_healed":0,"gold_gain":0,"player_choice":"Entered Light","damage_taken":16,"max_hp_gain":0,"max_hp_loss":0,"event_name":"Shining Light","floor":3,"gold_loss":0,"cards_upgraded":["Storm","Strike_B"]},{"damage_healed":0,"gold_gain":0,"player_choice":"Box","damage_taken":0,"relics_obtained":["Strawberry"],"max_hp_gain":0,"max_hp_loss":0,"event_name":"Big Fish","floor":5,"gold_loss":0,"cards_obtained":["Regret"]}],"is_beta":false,"boss_relics":[{"not_picked":["Empty Cage","Busted Crown"],"picked":"Black Star"}],"items_purged_floors":[13],"is_endless":false,"potions_floor_spawned":[7,10,12,18],"killed_by":"Cultist and Chosen","ascension_level":3}}