{"host":"uv5ws9rdk87e8i5k","time":1613709086,"event":{"mods":["AchievementEnabler","BaseMod","Colored Map","Minty Spire (QoL Compilation)","Permanent Neow","Quick Restart","StSLib","SuperFastMode","The Necromancer"],"gold_per_floor":[366,381,234,247,247,247,266,266,266,266,172,190,210,240,240,336,386,406,56,71,71,104,137,137,172,172,184,9,37,37,55,55,158,158,172,185,204,254,268,268,286,314,337,353,174,207,42,42,42,42,42,42,23,52,52],"floor_reached":56,"language":"ENG","playtime":1985,"items_purged":["Strike_R","Strike_R","Strike_R","Strike_R"],"score":1977,"play_id":"652d784e-9065-4013-84d0-fc587237782e","local_time":"20210218223126","is_ascension_mode":true,"campfire_choices":[{"data":"Searing Blow","floor":6.0,"key":"SMITH"},{"data":"Searing Blow+1","floor":8.0,"key":"SMITH"},{"data":"Searing Blow+2","floor":10.0,"key":"SMITH"},{"data":"Searing Blow+3","floor":15.0,"key":"SMITH"},{"data":"Searing Blow+4","floor":24.0,"key":"SMITH"},{"data":"Searing Blow+5","floor":30,"key":"SMITH"},{"data":"Searing Blow+6","floor":32,"key":"SMITH"},{"data":"Searing Blow+7","floor":40,"key":"SMITH"},{"floor":49,"key":"RECALL"},{"data":"Searing Blow+8","floor":52,"key":"SMITH"}],"circlet_count":0,"master_deck":["AscendersBane","Defend_R+1","Defend_R","Defend_R+1","Defend_R+1","Bash","Searing Blow+9","Shockwave","Warcry+1","Power Through+1","Impervious+1","Fire Breathing","Shrug It Off+1","Fire Breathing","True Grit+1","Headbutt","Power Through+1","True Grit+1","Armaments+1","Second Wind+1","True Grit+1","Corruption","CurseOfTheBell","Shrug It Off+1","Shrug It Off+1","Shrug It Off+1","Demon Form","Havoc+1","Impervious+1","Havoc+1","Flame Barrier+1","Shrug It Off+1"],"relics":["Burning Blood","Bronze Scales","Toxic Egg 2","Charon\u0027s Ashes","Tiny House","Membership Card","Anchor","Red Mask","Blood Vial","Pocketwatch","Akabeko","Bottled Lightning","Calling Bell","Centennial Puzzle","Mercury Hourglass","Dead Branch","Thread and Needle","Happy Flower","Potion Belt","Vajra","Bag of Preparation","Toy Ornithopter","War Paint"],"acts_visited":["Exordium","TheCity","TheBeyond","TheEnding"],"potions_floor_usage":[33,37,55],"damage_taken":[{"damage":14.0,"enemies":"Cultist","floor":1.0,"turns":6.0},{"damage":2.0,"enemies":"Small Slimes","floor":2.0,"turns":4.0},{"damage":7.0,"enemies":"2 Louse","floor":4.0,"turns":3.0},{"damage":21.0,"enemies":"Exordium Wildlife","floor":7.0,"turns":6.0},{"damage":17.0,"enemies":"Gremlin Gang","floor":12.0,"turns":5.0},{"damage":11.0,"enemies":"Blue Slaver","floor":13.0,"turns":3.0},{"damage":25.0,"enemies":"3 Sentries","floor":14.0,"turns":9.0},{"damage":19.0,"enemies":"The Guardian","floor":16.0,"turns":10.0},{"damage":21.0,"enemies":"Spheric Guardian","floor":18.0,"turns":5.0},{"damage":0.0,"enemies":"Chosen","floor":20.0,"turns":4.0},{"damage":29.0,"enemies":"Masked Bandits","floor":22.0,"turns":4.0},{"damage":32.0,"enemies":"Book of Stabbing","floor":23.0,"turns":5.0},{"damage":5.0,"enemies":"Gremlin Leader","floor":25.0,"turns":5.0},{"damage":0.0,"enemies":"Centurion and Healer","floor":27.0,"turns":5.0},{"damage":6,"enemies":"Slavers","floor":29,"turns":4},{"damage":0,"enemies":"Cultist and Chosen","floor":31,"turns":5},{"damage":8,"enemies":"Automaton","floor":33,"turns":12},{"damage":0,"enemies":"Orb Walker","floor":35,"turns":2},{"damage":0,"enemies":"3 Darklings","floor":36,"turns":3},{"damage":46,"enemies":"Jaw Worm Horde","floor":37,"turns":3},{"damage":9,"enemies":"Mind Bloom Boss Battle","floor":38,"turns":7},{"damage":3,"enemies":"Writhing Mass","floor":39,"turns":3},{"damage":0,"enemies":"Sphere and 2 Shapes","floor":41,"turns":4},{"damage":1,"enemies":"Nemesis","floor":42,"turns":5},{"damage":0,"enemies":"Spire Growth","floor":44,"turns":2},{"damage":0,"enemies":"Reptomancer","floor":46,"turns":2},{"damage":9,"enemies":"Donu and Deca","floor":50,"turns":4},{"damage":11,"enemies":"Shield and Spear","floor":54,"turns":5},{"damage":18,"enemies":"The Heart","floor":55,"turns":6}],"seed_played":"3576269479827318377","potions_obtained":[{"floor":1.0,"key":"DistilledChaos"},{"floor":16.0,"key":"AttackPotion"},{"floor":17.0,"key":"SteroidPotion"},{"floor":23.0,"key":"Block Potion"},{"floor":27.0,"key":"Swift Potion"},{"floor":36,"key":"Explosive Potion"},{"floor":37,"key":"Energy Potion"},{"floor":54,"key":"Energy Potion"}],"is_trial":false,"path_per_floor":["M","M","$","M","?","R","M","R","T","R","?","M","M","E","R","B",null,"M","$","M","?","?","E","R","E","T","M","$","E","R","M","R","B",null,"M","M","M","?","M","R","M","E","T","M","$","E","$","?","R","B",null,"R","$","E","B",null],"character_chosen":"IRONCLAD","items_purchased":["Regen Potion","Membership Card","Shrug It Off+1","Anchor","Fire Breathing","True Grit+1","Second Wind+1","FairyPotion","True Grit+1","Potion Belt","Fire Potion","Bag of Preparation","Havoc+1","Toy Ornithopter","Flame Barrier+1"],"campfire_rested":0,"item_purchase_floors":[3,19,19,19,19,19,28,28,28,45,45,47,47,47,53],"current_hp_per_floor":[64,68,68,67,72,72,57,57,57,57,57,46,41,37,37,24,69,54,54,60,60,37,11,11,14,14,22,22,24,24,32,32,32,70,78,82,42,41,46,46,54,61,61,69,69,77,77,77,77,76,81,81,81,77,72],"gold":52,"neow_bonus":"TWO_FIFTY_GOLD","is_daily":false,"chose_seed":false,"campfire_upgraded":9,"win_rate":0.0,"timestamp":1613709086,"path_taken":["M","M","$","M","?","R","M","R","T","R","?","M","?","E","R","BOSS","M","$","M","?","?","E","R","E","T","M","?","E","R","M","R","BOSS","M","?","M","?","M","R","M","E","T","M","$","E","?","?","R","BOSS","R","$","E","BOSS"],"items_purchased_type":["Potion","Relic","Card","Relic","Card","Card","Card","Potion","Card","Relic","Potion","Relic","Card","Relic","Card"],"build_version":"2020-12-22","purchased_purges":4,"victory":true,"max_hp_per_floor":[72,72,72,72,77,77,77,77,77,77,77,77,77,77,77,77,82,82,82,82,82,82,82,82,82,82,82,82,82,82,82,82,82,82,82,82,82,82,82,82,82,82,82,82,82,82,82,82,82,82,82,82,82,82,82],"card_choices":[{"not_picked":["Dropkick","Warcry"],"picked":"Searing Blow","floor":1.0},{"not_picked":["Iron Wave","Searing Blow","Blood for Blood"],"picked":"SKIP","floor":2.0},{"not_picked":["Havoc","Dropkick","Clash"],"picked":"SKIP","floor":4.0},{"not_picked":["Searing Blow","Hemokinesis"],"picked":"Shockwave","floor":7.0},{"not_picked":["Clash","Cleave","Second Wind+1"],"picked":"SKIP","floor":12.0},{"not_picked":["Whirlwind","Sever Soul"],"picked":"Warcry+1","floor":13.0},{"not_picked":["Anger","Twin Strike"],"picked":"Power Through+1","floor":14.0},{"not_picked":["Bludgeon","Reaper"],"picked":"Impervious+1","floor":16.0},{"not_picked":["Clothesline","Pommel Strike"],"picked":"Fire Breathing","floor":17.0},{"not_picked":["Shockwave+1","Clash","Uppercut"],"picked":"SKIP","floor":18.0},{"not_picked":["Iron Wave","Pommel Strike"],"picked":"Headbutt","floor":20.0},{"not_picked":["Perfected Strike","Shockwave+1"],"picked":"Power Through+1","floor":22.0},{"not_picked":["Evolve","Berserk"],"picked":"True Grit+1","floor":23.0},{"not_picked":["Reaper","Heavy Blade"],"picked":"Armaments+1","floor":25.0},{"not_picked":["Inflame","Heavy Blade+1","Thunderclap"],"picked":"SKIP","floor":27.0},{"not_picked":["Rampage+1","Body Slam+1","Pummel"],"picked":"SKIP","floor":29},{"not_picked":["Body Slam","Carnage","Cleave"],"picked":"SKIP","floor":31},{"not_picked":["Offering+1","Juggernaut"],"picked":"Corruption","floor":33},{"not_picked":["Headbutt","Shockwave+1"],"picked":"Shrug It Off+1","floor":35},{"not_picked":["Cleave","Headbutt+1"],"picked":"Shrug It Off+1","floor":36},{"not_picked":["Warcry+1","Anger","Clash"],"picked":"SKIP","floor":37},{"not_picked":["Armaments+1","Dark Embrace"],"picked":"Shrug It Off+1","floor":38},{"not_picked":["Body Slam","Cleave+1","Thunderclap"],"picked":"SKIP","floor":39},{"not_picked":["Warcry+1","Uppercut","Flex+1"],"picked":"SKIP","floor":41},{"not_picked":["Iron Wave+1","Flex+1"],"picked":"Demon Form","floor":42},{"not_picked":["Bloodletting+1","Pommel Strike"],"picked":"Havoc+1","floor":44},{"not_picked":["Spot Weakness+1","Cleave"],"picked":"Impervious+1","floor":46},{"not_picked":["Combust","Warcry+1"],"picked":"Shrug It Off+1","floor":54}],"player_experience":223728,"relics_obtained":[{"floor":9.0,"key":"Bronze Scales"},{"floor":14.0,"key":"Charon\u0027s Ashes"},{"floor":22.0,"key":"Red Mask"},{"floor":23.0,"key":"Blood Vial"},{"floor":25.0,"key":"Pocketwatch"},{"floor":26.0,"key":"Akabeko"},{"floor":29,"key":"Bottled Lightning"},{"floor":34,"key":"Centennial Puzzle"},{"floor":34,"key":"Mercury Hourglass"},{"floor":34,"key":"Dead Branch"},{"floor":38,"key":"Thread and Needle"},{"floor":42,"key":"Happy Flower"},{"floor":46,"key":"Vajra"},{"floor":54,"key":"War Paint"}],"event_choices":[{"damage_healed":0.0,"max_hp_gain":5.0,"max_hp_loss":0.0,"gold_gain":0.0,"event_name":"Big Fish","player_choice":"Donut","floor":5.0,"gold_loss":0.0,"damage_taken":0.0},{"damage_healed":0.0,"max_hp_gain":0.0,"max_hp_loss":0.0,"gold_gain":0.0,"event_name":"WeMeetAgain","player_choice":"Paid Gold","floor":11.0,"gold_loss":94.0,"damage_taken":0.0,"relics_obtained":["Toxic Egg 2"]},{"damage_healed":0.0,"max_hp_gain":0.0,"max_hp_loss":0.0,"gold_gain":0.0,"event_name":"Ghosts","player_choice":"Ignored","floor":21.0,"gold_loss":0.0,"damage_taken":0.0},{"damage_healed":0.0,"max_hp_gain":0.0,"max_hp_loss":0.0,"gold_gain":0.0,"event_name":"Masked Bandits","player_choice":"Fought Bandits","floor":22.0,"gold_loss":0.0,"damage_taken":0.0},{"damage_healed":0,"gold_gain":0,"player_choice":"Fight","damage_taken":0,"max_hp_gain":0,"max_hp_loss":0,"event_name":"MindBloom","floor":38,"gold_loss":0},{"cards_removed":["Strike_R"],"damage_healed":0,"gold_gain":0,"player_choice":"Removed Attack","damage_taken":0,"max_hp_gain":0,"max_hp_loss":0,"event_name":"Falling","floor":48,"gold_loss":0}],"is_beta":false,"boss_relics":[{"not_picked":["Astrolabe","Philosopher\u0027s Stone"],"picked":"Tiny House"},{"not_picked":["Cursed Key","Black Blood"],"picked":"Calling Bell"}],"items_purged_floors":[3,19,28,45],"is_endless":false,"potions_floor_spawned":[1,4,12,16,23,27,29,31,36,37,39,54],"ascension_level":12}}