{"host":"o88u0awh8mkwl1l8","time":1613700829,"event":{"mods":["BaseMod","Colored Map","Highlight Path","Minty Spire (QoL Compilation)","Relic Sorter"],"gold_per_floor":[112,130,280,295,51,64,64,64,64,64,93,93,18,30,30,104,104,124,134,149,149,49,49,83,83,83],"floor_reached":25,"language":"JPN","playtime":1233,"items_purged":["Doubt","Strike_P"],"score":542,"play_id":"c1ac52fb-eab0-444e-835e-9c02ee43d0ae","local_time":"20210219111349","is_ascension_mode":true,"campfire_choices":[{"floor":8,"key":"REST"},{"floor":10,"key":"REST"},{"floor":12,"key":"REST"},{"floor":15,"key":"REST"},{"floor":23,"key":"REST"}],"circlet_count":0,"master_deck":["AscendersBane","Strike_P","Strike_P","Strike_P","Defend_P","Defend_P","Defend_P+1","Eruption+1","Vigilance","Secret Weapon","Wallop","Tantrum+1","Halt","Protect","FearNoEvil","Adaptation","Fasting2","LessonLearned","BowlingBash+1","Meditate+1"],"relics":["PureWater","Dream Catcher","Turnip","Girya","Velvet Choker","Vajra"],"acts_visited":["Exordium","TheCity"],"potions_floor_usage":[6,11,19],"damage_taken":[{"damage":9,"enemies":"Jaw Worm","floor":1,"turns":5},{"damage":0,"enemies":"2 Louse","floor":2,"turns":3},{"damage":3,"enemies":"Small Slimes","floor":4,"turns":3},{"damage":2,"enemies":"Exordium Wildlife","floor":6,"turns":3},{"damage":40,"enemies":"Lagavulin","floor":11,"turns":6},{"damage":7,"enemies":"Lots of Slimes","floor":14,"turns":3},{"damage":0,"enemies":"Slime Boss","floor":16,"turns":5},{"damage":28,"enemies":"Chosen","floor":18,"turns":7},{"damage":19,"enemies":"Shell Parasite","floor":19,"turns":3},{"damage":3,"enemies":"Centurion and Healer","floor":20,"turns":9},{"damage":10,"enemies":"Gremlin Leader","floor":24,"turns":5},{"damage":63,"enemies":"Cultist and Chosen","floor":25,"turns":3}],"seed_played":"1563907417570194473","potions_obtained":[{"floor":1,"key":"DistilledChaos"},{"floor":6,"key":"PowerPotion"},{"floor":16,"key":"Explosive Potion"},{"floor":18,"key":"LiquidBronze"},{"floor":24,"key":"SmokeBomb"}],"is_trial":false,"path_per_floor":["M","M","?","M","$","M","?","R","T","R","E","R","?","M","R","B",null,"M","M","M","?","$","R","E","M"],"character_chosen":"WATCHER","items_purchased":["Dream Catcher"],"campfire_rested":5,"item_purchase_floors":[5],"current_hp_per_floor":[34,34,34,31,31,29,9,29,29,49,9,29,29,22,42,42,62,34,15,12,12,12,32,22,0,0],"gold":83,"neow_bonus":"RANDOM_COLORLESS_2","is_daily":false,"chose_seed":false,"campfire_upgraded":0,"win_rate":0.0,"timestamp":1613700829,"path_taken":["M","M","?","M","$","M","?","R","T","R","E","R","?","M","R","BOSS","M","M","M","?","$","R","E","M"],"items_purchased_type":["Relic"],"build_version":"2020-12-22","purchased_purges":2,"victory":false,"max_hp_per_floor":[68,68,68,68,68,68,68,68,68,68,68,68,68,68,68,68,68,68,68,68,68,68,68,68,68,68],"card_choices":[{"not_picked":["Transmutation","Violence"],"picked":"Secret Weapon","floor":0.0},{"not_picked":["Crescendo","ThirdEye"],"picked":"Wallop","floor":1},{"not_picked":["SashWhip","Consecrate"],"picked":"Tantrum","floor":2},{"not_picked":["ReachHeaven","FlyingSleeves"],"picked":"Halt","floor":4},{"not_picked":["Vengeance","Indignation"],"picked":"Protect","floor":6},{"not_picked":["CrushJoints","CarveReality"],"picked":"FearNoEvil","floor":11},{"not_picked":["JustLucky","Study"],"picked":"Adaptation","floor":12},{"not_picked":["LikeWater","Evaluate"],"picked":"Fasting2","floor":14},{"not_picked":["Alpha","Ragnarok"],"picked":"LessonLearned","floor":16},{"not_picked":["FollowUp","Protect"],"picked":"BowlingBash","floor":18},{"not_picked":["CrushJoints","WaveOfTheHand+1","Protect"],"picked":"SKIP","floor":19},{"not_picked":["Alpha","CutThroughFate","FollowUp"],"picked":"SKIP","floor":20},{"not_picked":["Crescendo","JustLucky+1"],"picked":"Meditate+1","floor":23},{"not_picked":["Meditate","Vengeance","Swivel"],"picked":"SKIP","floor":24}],"player_experience":1298614,"relics_obtained":[{"floor":9,"key":"Turnip"},{"floor":11,"key":"Girya"},{"floor":24,"key":"Vajra"}],"event_choices":[{"damage_healed":0,"gold_gain":150,"player_choice":"AGREE","damage_taken":0,"max_hp_gain":0,"max_hp_loss":0,"event_name":"Liars Game","floor":3,"gold_loss":0,"cards_obtained":["Doubt"]},{"damage_healed":0,"gold_gain":0,"player_choice":"Entered Light","damage_taken":20,"max_hp_gain":0,"max_hp_loss":0,"event_name":"Shining Light","floor":7,"gold_loss":0,"cards_upgraded":["Defend_P","Tantrum"]},{"cards_removed":["Defend_P"],"damage_healed":0,"gold_gain":0,"player_choice":"Card Removal","damage_taken":0,"max_hp_gain":0,"max_hp_loss":0,"event_name":"The Cleric","floor":13,"gold_loss":75}],"is_beta":false,"boss_relics":[{"not_picked":["Empty Cage","Runic Dome"],"picked":"Velvet Choker"}],"items_purged_floors":[5,22],"is_endless":false,"potions_floor_spawned":[1,6,16,18,24],"killed_by":"Cultist and Chosen","ascension_level":20}}