{"host":"8p5c6x4qt9411139","time":1613726022,"event":{"mods":["Aspiration","BaseMod","BetterRewards","Conspire","Friendly Minions","Hubris","Infinite Spire","Minty Spire (QoL Compilation)","Quick Restart","Relic Stats","Replay The Spire","Shop Mod","Spire Arcade","StSLib","The Jungle"],"gold_per_floor":[37,37,47,59,71,71,96,108,108,141,141,141,141,158,158,255,255,267,267,286,296,296,323,335,361,373,408,430,442,468,480,492,504,619,631,660,672,377,392,600,626,626,651,675,675,707,707,707,758,758,758],"floor_reached":52,"language":"ENG","playtime":1827,"items_purged":["Strike_R","Strike_R"],"score":993,"play_id":"a92e41e3-bdfc-4dff-b91d-599727051a93","local_time":"20210219011341","is_ascension_mode":false,"campfire_choices":[{"data":"hubris:CleavingFinish","floor":6,"key":"SMITH"},{"data":"Inflame","floor":13,"key":"SMITH"},{"data":"Bash","floor":15,"key":"SMITH"},{"data":"Bludgeon","floor":24,"key":"SMITH"},{"data":"Flex","floor":29,"key":"SMITH"},{"floor":45,"key":"REST"}],"circlet_count":0,"master_deck":["Strike_R","Strike_R","Defend_R","Defend_R","Defend_R","Bash+1","Inflame+1","Clothesline","hubris:CleavingFinish+1","Shrug It Off","Bludgeon+1","Flex+1","Inflame+1","Sword Boomerang+1","conspire:Purge+1","Replay:Undeath\u0027s Touch","Shrug It Off+1"],"relics":["Burning Blood","Membership Card","aspiration:HummingbirdHeart","Replay:Towering Pillar of Hats","Ginger","Bag of Marbles","FossilizedHelix","White Beast Statue","aspiration:HatOfInfinitePower","Replay:Bronze Core","infinitespire:EmpoweringShard","MawBank","Ancient Tea Set","Juzu Bracelet","HandDrill","Enchiridion","MutagenicStrength","hubris:Backtick","Bottled Flame","hubris:EmptyBottle","hubris:Zylophone","StrikeDummy","Bottled Lightning","Bronze Scales","Mirror","Replay:Multitool"],"acts_visited":["Exordium","TheCity","TheBeyond"],"potions_floor_usage":[10,15,16,18,28,28,28,30,34,34,34,36,41,41,41,41,43,43,49,49,49,50,50,51,51,51,51,51,51,51,51,51,51,51,51,51],"damage_taken":[{"damage":1,"enemies":"2 Louse","floor":1,"turns":3},{"damage":2,"enemies":"Cultist","floor":3,"turns":3},{"damage":5,"enemies":"Small Slimes","floor":4,"turns":3},{"damage":0,"enemies":"3 Louse","floor":5,"turns":2},{"damage":19,"enemies":"Lagavulin","floor":7,"turns":5},{"damage":0,"enemies":"Large Slime","floor":8,"turns":4},{"damage":0,"enemies":"Gremlin Nob","floor":10,"turns":3},{"damage":0,"enemies":"Lots of Slimes","floor":14,"turns":2},{"damage":52,"enemies":"The Guardian","floor":16,"turns":8},{"damage":0,"enemies":"2 Thieves","floor":18,"turns":3},{"damage":8,"enemies":"conspire:FuzzyDice","floor":20,"turns":5},{"damage":21,"enemies":"Snake Plant","floor":21,"turns":4},{"damage":36,"enemies":"Gremlin Leader","floor":23,"turns":5},{"damage":0,"enemies":"3 Cultists","floor":25,"turns":4},{"damage":0,"enemies":"Cultist and Chosen","floor":28,"turns":4},{"damage":4,"enemies":"Snake Plant","floor":30,"turns":3},{"damage":0,"enemies":"Collector","floor":34,"turns":5},{"damage":16,"enemies":"3 Darklings","floor":36,"turns":5},{"damage":0,"enemies":"Orb Walker","floor":39,"turns":2},{"damage":54,"enemies":"Nightmare","floor":41,"turns":5},{"damage":0,"enemies":"R_Hoarder","floor":43,"turns":3},{"damage":3,"enemies":"Nemesis","floor":46,"turns":3},{"damage":0,"enemies":"2 Orb Walkers","floor":49,"turns":3},{"damage":24,"enemies":"hubris:GrandSnecko","floor":51,"turns":4}],"seed_played":"-8300877825713408155","potions_obtained":[{"floor":3,"key":"SkillPotion"},{"floor":7,"key":"SteroidPotion"},{"floor":10,"key":"Swift Potion"},{"floor":14,"key":"Fruit Juice"},{"floor":16,"key":"HeartOfIron"},{"floor":18,"key":"Elixir"},{"floor":20,"key":"Reflective Coating"},{"floor":23,"key":"ColorlessPotion"},{"floor":25,"key":"Dexterity Potion"},{"floor":30,"key":"Dexterity Potion"},{"floor":34,"key":"Cursed Concoction"},{"floor":36,"key":"BloodPotion"},{"floor":39,"key":"BloodPotion"},{"floor":41,"key":"Fire Potion"},{"floor":43,"key":"EssenceOfSteel"},{"floor":46,"key":"ColorlessPotion"},{"floor":49,"key":"PowerPotion"},{"floor":50,"key":"BloodPotion"},{"floor":50,"key":"EntropicBrew"}],"is_trial":false,"path_per_floor":["M","?","M","M","M","R","E","M","T","E","?","?","R","M","R","B",null,"M","?","M","M","?","E","R","M","T","T","M","R","M","AVR","?","R","B",null,"M","?","$","M","?","NM","?","E","T","R","E","?","?","?","R","B",null],"character_chosen":"IRONCLAD","items_purchased":["Membership Card","aspiration:HummingbirdHeart","Inflame","Bag of Marbles","Clothesline","hubris:EmptyBottle","hubris:Zylophone","Shrug It Off+1","Fire Potion"],"campfire_rested":1,"item_purchase_floors":[0,0,0,0,0,38,38,38,38],"current_hp_per_floor":[49,49,53,54,60,60,47,53,53,59,59,59,59,65,70,24,85,85,85,83,68,68,38,38,44,44,44,50,50,52,52,36,36,42,85,85,85,85,85,51,37,37,43,43,67,70,70,70,76,81,63],"gold":758,"neow_bonus":"","is_daily":false,"chose_seed":false,"campfire_upgraded":5,"win_rate":0.0,"timestamp":1613726021,"path_taken":["M","?","M","M","?","R","E","M","T","E","?","?","R","M","R","BOSS","M","?","?","M","?","E","R","?","T","T","M","R","M","AVR","?","R","BOSS","M","?","$","M","?","NM","?","E","T","R","E","?","?","?","R","BOSS"],"items_purchased_type":["Relic","Relic","Card","Relic","Card","Relic","Relic","Card","Potion"],"build_version":"2020-12-22","purchased_purges":2,"victory":true,"max_hp_per_floor":[80,80,80,80,80,80,80,80,80,80,80,80,80,80,85,85,85,85,85,85,85,85,85,85,85,85,85,85,85,85,85,85,85,85,85,85,85,85,85,85,85,81,81,81,81,81,81,81,81,81,81],"relic_stats":{"counters":[81,313],"Bronze Scales":[15],"Juzu Bracelet":3,"HandDrill":[12],"Ginger":[14],"MawBank":180,"obtain_stats":[{"Ice Cream":0,"Gremlin Horn":22,"Vajra":0,"hubris:VirtuousBlindfold":35,"Whetstone":0,"Ginger":0,"Bottled Tornado":0,"Boot":9,"infinitespire:ShieldingShard":6,"Sundial":43,"aspiration:BabyByrd":12,"Replay:Bronze Core":17,"infinitespire:Golems Mask":42,"MealTicket":26,"HandDrill":0,"hubris:DuctTape":49,"aspiration:Nostalgia":0,"Dead Branch":27,"infinitespire:Magic Flask":0,"Replay:Kaleidoscope":7,"Question Card":38,"Akabeko":0,"infinitespire:EvilPickle":34,"hubris:Zylophone":38,"Runic Dome":18,"Bottled Flame":35,"Brimstone":22,"infinitespire:Lychee Nut":42,"MutagenicStrength":32,"Bronze Scales":44,"Simple Rune":0,"infinitespire:EmpoweringShard":22,"Grinning Jar":41,"aspiration:HatOfInfinitePower":45,"Mirror":20,"StrikeDummy":41,"Abe\u0027s Treasure":35,"Regal Pillow":14,"aspiration:Lifesprig":48,"Lantern":38,"Replay:PocketPolymizer":0,"Enchiridion":32,"hubris:SlimyHat":46,"Juzu Bracelet":48,"Replay:Multitool":49,"hubris:RunicObelisk":17,"hubris:EmptyBottle":38,"Ancient Tea Set":26,"Burning Blood":0,"Nunchaku":10,"Shovel":30,"hubris:Backtick":35,"Pantograph":0,"Ring of Peace":4,"hubris:ChampionShield":0,"InkBottle":8,"Gremlin Food":0,"BargainBundle":0,"Lee\u0027s Waffle":0,"Replay:Towering Pillar of Hats":0,"Guide Book":0,"Replay:WaspNest":44,"aspiration:HummingbirdHeart":0,"infinitespire:Lucky Rock":44,"MawBank":24,"White Beast Statue":9,"infinitespire:DarkRift":0,"Ornamental Fan":27,"Another Sword":39,"Art of War":0,"Durian":0,"Bag of Marbles":0,"Membership Card":0,"Bottled Lightning":43,"PureWater":0,"FossilizedHelix":3,"hubris:Potato":0},{"Ice Cream":0,"Gremlin Horn":42,"Vajra":3,"hubris:VirtuousBlindfold":22,"Whetstone":3,"Ginger":57,"Bottled Tornado":56,"Boot":10,"infinitespire:ShieldingShard":36,"Sundial":26,"aspiration:BabyByrd":38,"Replay:Bronze Core":66,"infinitespire:Golems Mask":25,"MealTicket":43,"HandDrill":3,"hubris:DuctTape":55,"aspiration:Nostalgia":3,"Dead Branch":43,"infinitespire:Magic Flask":3,"Replay:Kaleidoscope":10,"Question Card":23,"Akabeko":6,"infinitespire:EvilPickle":22,"hubris:Zylophone":75,"Runic Dome":14,"Bottled Flame":74,"Brimstone":16,"infinitespire:Lychee Nut":52,"MutagenicStrength":21,"Bronze Scales":78,"Simple Rune":3,"infinitespire:EmpoweringShard":69,"Grinning Jar":24,"aspiration:HatOfInfinitePower":27,"Mirror":42,"StrikeDummy":77,"Abe\u0027s Treasure":48,"Regal Pillow":13,"aspiration:Lifesprig":29,"Lantern":50,"Replay:PocketPolymizer":56,"Enchiridion":73,"hubris:SlimyHat":27,"Juzu Bracelet":55,"Replay:Multitool":80,"hubris:RunicObelisk":40,"hubris:EmptyBottle":75,"Ancient Tea Set":71,"Burning Blood":0,"Nunchaku":11,"Shovel":21,"hubris:Backtick":74,"Pantograph":0,"Ring of Peace":5,"hubris:ChampionShield":3,"InkBottle":37,"Gremlin Food":31,"BargainBundle":0,"Lee\u0027s Waffle":3,"Replay:Towering Pillar of Hats":57,"Guide Book":31,"Replay:WaspNest":52,"aspiration:HummingbirdHeart":57,"infinitespire:Lucky Rock":26,"MawBank":43,"White Beast Statue":63,"infinitespire:DarkRift":3,"Ornamental Fan":19,"Another Sword":51,"Art of War":0,"Durian":6,"Bag of Marbles":57,"Membership Card":57,"Bottled Lightning":78,"PureWater":56,"FossilizedHelix":3,"hubris:Potato":56},{"Ice Cream":0,"Gremlin Horn":166,"Vajra":8,"hubris:VirtuousBlindfold":82,"Whetstone":8,"Ginger":222,"Bottled Tornado":218,"Boot":26,"infinitespire:ShieldingShard":127,"Sundial":93,"aspiration:BabyByrd":142,"Replay:Bronze Core":255,"infinitespire:Golems Mask":89,"MealTicket":171,"HandDrill":8,"hubris:DuctTape":211,"aspiration:Nostalgia":8,"Dead Branch":171,"infinitespire:Magic Flask":8,"Replay:Kaleidoscope":26,"Question Card":84,"Akabeko":16,"infinitespire:EvilPickle":82,"hubris:Zylophone":293,"Runic Dome":49,"Bottled Flame":288,"Brimstone":57,"infinitespire:Lychee Nut":202,"MutagenicStrength":76,"Bronze Scales":303,"Simple Rune":8,"infinitespire:EmpoweringShard":267,"Grinning Jar":87,"aspiration:HatOfInfinitePower":96,"Mirror":166,"StrikeDummy":300,"Abe\u0027s Treasure":191,"Regal Pillow":42,"aspiration:Lifesprig":103,"Lantern":195,"Replay:PocketPolymizer":218,"Enchiridion":283,"hubris:SlimyHat":96,"Juzu Bracelet":211,"Replay:Multitool":309,"hubris:RunicObelisk":157,"hubris:EmptyBottle":293,"Ancient Tea Set":276,"Burning Blood":0,"Nunchaku":33,"Shovel":76,"hubris:Backtick":288,"Pantograph":0,"Ring of Peace":15,"hubris:ChampionShield":8,"InkBottle":136,"Gremlin Food":109,"BargainBundle":0,"Lee\u0027s Waffle":8,"Replay:Towering Pillar of Hats":222,"Guide Book":109,"Replay:WaspNest":202,"aspiration:HummingbirdHeart":222,"infinitespire:Lucky Rock":93,"MawBank":171,"White Beast Statue":242,"infinitespire:DarkRift":8,"Ornamental Fan":69,"Another Sword":199,"Art of War":0,"Durian":16,"Bag of Marbles":222,"Membership Card":222,"Bottled Lightning":303,"PureWater":218,"FossilizedHelix":8,"hubris:Potato":218}],"Burning Blood":421},"card_choices":[{"not_picked":["Pommel Strike","ReplayTheSpireMod:Muscle Training"],"picked":"hubris:CleavingFinish","floor":1},{"not_picked":["ReplayTheSpireMod:Corrosion Curse","Warcry","Reckless Charge"],"picked":"SKIP","floor":3},{"not_picked":["Massacre","ReplayReversal","Combust"],"picked":"SKIP","floor":4},{"not_picked":["Rampage","Blood for Blood","Disarm"],"picked":"SKIP","floor":5},{"not_picked":["Second Wind","hubris:ReadiedAction","Fire Breathing"],"picked":"SKIP","floor":7},{"not_picked":["Iron Wave","Uppercut","ReplayTheSpireMod:Strike From Hell"],"picked":"SKIP","floor":8},{"not_picked":["ReplayTheSpireMod:Strike From Hell","Sword Boomerang"],"picked":"Shrug It Off","floor":10},{"not_picked":["hubris:ReadiedAction","Run Through","Anger"],"picked":"SKIP","floor":14},{"not_picked":["Brutality","Hemogenesis"],"picked":"Bludgeon","floor":16},{"not_picked":["Anger","Twin Strike"],"picked":"Flex","floor":18},{"not_picked":["Wild Strike+1","Heavy Blade","Pommel Strike"],"picked":"SKIP","floor":20},{"not_picked":["Power Through","Pommel Strike","Body Slam+1"],"picked":"SKIP","floor":21},{"not_picked":["Bloodletting","Defy Death"],"picked":"Inflame+1","floor":23},{"not_picked":["True Grit+1","Entrench"],"picked":"Sword Boomerang+1","floor":25},{"not_picked":["Cleave+1","Rage","Heavy Blade"],"picked":"SKIP","floor":28},{"not_picked":["Wild Strike","hubris:ReadiedAction","Pommel Strike"],"picked":"SKIP","floor":30},{"not_picked":["Juggernaut","Barricade"],"picked":"conspire:Purge","floor":34},{"not_picked":["Havoc","Clash"],"picked":"Replay:Undeath\u0027s Touch","floor":36},{"not_picked":["Iron Wave","Perfected Strike","Warcry+1"],"picked":"SKIP","floor":39},{"not_picked":["Iron Wave+1","Pommel Strike+1","Life Link"],"picked":"SKIP","floor":41},{"not_picked":["hubris:ReadiedAction+1","Dark Embrace","Warcry+1"],"picked":"SKIP","floor":43},{"not_picked":["ReplayTheSpireMod:Strike From Hell+1","Thunderclap","Abandon+1"],"picked":"SKIP","floor":46}],"player_experience":442779,"relics_obtained":[{"floor":7,"key":"FossilizedHelix"},{"floor":9,"key":"White Beast Statue"},{"floor":10,"key":"aspiration:HatOfInfinitePower"},{"floor":23,"key":"MawBank"},{"floor":26,"key":"Ancient Tea Set"},{"floor":27,"key":"Juzu Bracelet"},{"floor":32,"key":"Enchiridion"},{"floor":41,"key":"StrikeDummy"},{"floor":43,"key":"Bottled Lightning"},{"floor":44,"key":"Bronze Scales"},{"floor":46,"key":"Mirror"},{"floor":49,"key":"Replay:Multitool"}],"event_choices":[{"damage_healed":0,"gold_gain":0,"player_choice":"Ignored","damage_taken":0,"max_hp_gain":0,"max_hp_loss":0,"event_name":"NoteForYourself","floor":2,"gold_loss":0},{"damage_healed":0,"gold_gain":0,"player_choice":"Leave","damage_taken":0,"max_hp_gain":0,"max_hp_loss":0,"event_name":"conspire:Investor","floor":11,"gold_loss":0},{"cards_removed":["Strike_R"],"damage_healed":0,"gold_gain":0,"player_choice":"Forget","damage_taken":0,"max_hp_gain":0,"max_hp_loss":0,"event_name":"Living Wall","floor":12,"gold_loss":0},{"damage_healed":0,"gold_gain":0,"player_choice":"Bought 0 Potions","damage_taken":0,"max_hp_gain":0,"max_hp_loss":0,"event_name":"The Woman in Blue","floor":19,"gold_loss":0},{"damage_healed":0,"gold_gain":0,"player_choice":"Gave Potion","damage_taken":0,"relics_obtained":["infinitespire:EmpoweringShard"],"max_hp_gain":0,"max_hp_loss":0,"event_name":"WeMeetAgain","floor":22,"gold_loss":0},{"damage_healed":0,"gold_gain":0,"player_choice":"Obtained Book","damage_taken":16,"max_hp_gain":0,"max_hp_loss":0,"event_name":"Cursed Tome","floor":32,"gold_loss":0},{"damage_healed":0,"gold_gain":0,"player_choice":"Inject Mutagens","damage_taken":0,"relics_obtained":["MutagenicStrength"],"max_hp_gain":0,"max_hp_loss":0,"event_name":"Drug Dealer","floor":33,"gold_loss":0},{"damage_healed":0,"gold_gain":0,"player_choice":"Memory 1","damage_taken":0,"max_hp_gain":0,"max_hp_loss":0,"event_name":"SensoryStone","floor":37,"gold_loss":0},{"damage_healed":0,"gold_gain":0,"player_choice":"Max HP","damage_taken":0,"max_hp_gain":0,"max_hp_loss":4,"event_name":"Winding Halls","floor":42,"gold_loss":0},{"damage_healed":0,"gold_gain":0,"player_choice":"Upgraded","damage_taken":0,"max_hp_gain":0,"max_hp_loss":0,"event_name":"Upgrade Shrine","floor":47,"gold_loss":0,"cards_upgraded":["conspire:Purge"]},{"damage_healed":0,"gold_gain":0,"player_choice":"Fight","damage_taken":0,"max_hp_gain":0,"max_hp_loss":0,"event_name":"Mysterious Sphere","floor":49,"gold_loss":0}],"is_beta":false,"boss_relics":[{"not_picked":["Empty Cage","Snecko Eye"],"picked":"Replay:Bronze Core"},{"not_picked":["Tiny House","aspiration:RunicSpoon"],"picked":"hubris:Backtick"}],"items_purged_floors":[31,38],"is_endless":false,"potions_floor_spawned":[3,7,10,14,16,18,20,21,23,25,28,30,34,36,39,41,43,46,49],"ascension_level":0}}