{"host":"en4narc5947t7k9n","time":1613724858,"event":{"mods":["AchievementEnabler","BaseMod","Colored Map","Minty Spire (QoL Compilation)","SuperFastMode"],"gold_per_floor":[369,143,157,157,169,169,20,36,36,36,109,109,128,140,140,244,294,306,221,221,50,50,50],"floor_reached":22,"language":"KOR","playtime":952,"items_purged":["Strike_R"],"score":174,"play_id":"4b5039a8-19b4-41c6-9c7d-d355c14213d5","local_time":"20210219175418","is_ascension_mode":false,"campfire_choices":[{"floor":6,"key":"RECALL"},{"data":"Seeing Red","floor":15,"key":"SMITH"}],"circlet_count":0,"master_deck":["Strike_R","Defend_R","Defend_R","Defend_R","Defend_R","Bash","Anger","Uppercut","Strike_G","Carnage","Feel No Pain","Brutality","Berserk+1","Searing Blow","Headbutt","Pommel Strike","Seeing Red+1","Havoc","Demon Form","Heavy Blade","Bludgeon","Armaments"],"relics":["Burning Blood","ClockworkSouvenir","Orrery","Shovel","Tiny House","FossilizedHelix","Brimstone"],"acts_visited":["Exordium","TheCity"],"potions_floor_usage":[8,16,18,22],"damage_taken":[{"damage":7,"enemies":"2 Louse","floor":1,"turns":3},{"damage":1,"enemies":"Cultist","floor":3,"turns":3},{"damage":1,"enemies":"Jaw Worm","floor":5,"turns":4},{"damage":22,"enemies":"Gremlin Gang","floor":8,"turns":4},{"damage":11,"enemies":"Exordium Wildlife","floor":13,"turns":5},{"damage":13,"enemies":"Looter","floor":14,"turns":3},{"damage":12,"enemies":"Slime Boss","floor":16,"turns":10},{"damage":29,"enemies":"Shell Parasite","floor":18,"turns":5},{"damage":55,"enemies":"3 Byrds","floor":22,"turns":2}],"seed_played":"-1616175849099950688","potions_obtained":[{"floor":3,"key":"Fire Potion"},{"floor":14,"key":"Strength Potion"},{"floor":16,"key":"Energy Potion"},{"floor":17,"key":"HeartOfIron"}],"is_trial":false,"path_per_floor":["M","$","M","?","M","R","$","M","T","$","T","?","M","M","R","B",null,"M","?","?","$","M"],"character_chosen":"IRONCLAD","items_purchased":["ClockworkSouvenir","Orrery","Brimstone","Armaments"],"campfire_rested":0,"item_purchase_floors":[2,7,21,21],"current_hp_per_floor":[71,71,72,72,72,72,72,56,56,56,56,56,51,44,44,38,77,54,54,54,54,0,0],"gold":50,"neow_bonus":"TWO_FIFTY_GOLD","is_daily":false,"chose_seed":false,"campfire_upgraded":1,"win_rate":0.0,"timestamp":1613724858,"path_taken":["M","$","M","?","M","R","$","M","T","$","?","?","?","M","R","BOSS","M","?","?","$","M"],"items_purchased_type":["Relic","Relic","Relic","Card"],"build_version":"2020-12-22","purchased_purges":1,"victory":false,"max_hp_per_floor":[72,72,72,72,72,72,72,72,72,72,72,72,72,72,72,72,77,77,77,77,77,77,77],"card_choices":[{"not_picked":["Perfected Strike","Heavy Blade"],"picked":"Anger","floor":1},{"not_picked":["Headbutt","Pommel Strike"],"picked":"Uppercut","floor":3},{"not_picked":["Cleave","Flex"],"picked":"Carnage","floor":5},{"not_picked":["Thunderclap","Pommel Strike"],"picked":"Feel No Pain","floor":7},{"not_picked":["Anger","Armaments"],"picked":"Brutality","floor":7},{"not_picked":["Power Through","Fire Breathing"],"picked":"Berserk","floor":7},{"not_picked":["Demon Form","Wild Strike"],"picked":"Searing Blow","floor":7},{"not_picked":["Thunderclap","Perfected Strike"],"picked":"Headbutt","floor":7},{"not_picked":["Wild Strike","Sword Boomerang"],"picked":"Pommel Strike","floor":8},{"not_picked":["Rage","Heavy Blade"],"picked":"Seeing Red","floor":13},{"not_picked":["Sever Soul","Heavy Blade"],"picked":"Havoc","floor":14},{"not_picked":["Brutality","Limit Break"],"picked":"Demon Form","floor":16},{"not_picked":["Warcry","Headbutt"],"picked":"Heavy Blade","floor":17},{"not_picked":["Evolve","Sword Boomerang+1"],"picked":"Bludgeon","floor":18}],"player_experience":77600,"relics_obtained":[{"floor":9,"key":"Shovel"}],"event_choices":[{"cards_removed":["Strike_R"],"damage_healed":0,"gold_gain":0,"player_choice":"Took Card","damage_taken":0,"max_hp_gain":0,"max_hp_loss":0,"event_name":"NoteForYourself","floor":4,"gold_loss":0,"cards_obtained":["Strike_G"]},{"cards_removed":["Strike_R"],"damage_healed":0,"gold_gain":0,"player_choice":"Card Removal","damage_taken":0,"max_hp_gain":0,"max_hp_loss":0,"event_name":"Wheel of Change","floor":12,"gold_loss":0},{"damage_healed":0,"gold_gain":0,"player_choice":"Obtained Relic","damage_taken":0,"relics_obtained":["FossilizedHelix"],"max_hp_gain":0,"max_hp_loss":0,"event_name":"Addict","floor":19,"gold_loss":85},{"cards_removed":["Strike_R"],"damage_healed":0,"gold_gain":0,"player_choice":"Purged","damage_taken":0,"max_hp_gain":0,"max_hp_loss":0,"event_name":"Purifier","floor":20,"gold_loss":0}],"is_beta":false,"boss_relics":[{"not_picked":["Empty Cage","Philosopher\u0027s Stone"],"picked":"Tiny House"}],"items_purged_floors":[2],"is_endless":false,"potions_floor_spawned":[3,14,16],"killed_by":"3 Byrds","ascension_level":0}}