{"host":"6r341r9cz00j2qc1","time":1613759141,"event":{"mods":["BaseMod","Better Third Choice","Downfall","GungeonMod","Hermit","Lobotomy","LobotomyExtend","Minty Spire (QoL Compilation)","Replay The Spire","Shop Mod","StSLib"],"gold_per_floor":[211,211,211,211,282,382,432,445,470,485,485,518,541,541,541],"floor_reached":14,"language":"ENG","playtime":865,"items_purged":[],"score":90,"play_id":"6ebdf92a-fb84-4ab6-96bc-9e0853dd8c92","local_time":"20210219192541","is_ascension_mode":false,"campfire_choices":[{"data":"DemoMod:ManualReload","floor":11,"key":"SMITH"}],"circlet_count":0,"master_deck":["DemoMod:Strike_Huntress","DemoMod:Strike_Huntress","DemoMod:Strike_Huntress","DemoMod:Defend_Huntress","DemoMod:Defend_Huntress","DemoMod:Defend_Huntress","DemoMod:Defend_Huntress","DemoMod:Roll","DemoMod:ManualReload+1","DemoMod:RustySidearm","DemoMod:CrossBow","Injury","DemoMod:DirectionalPad","DemoMod:DirectionalPad","DemoMod:DoubleSwitch","DemoMod:HardPowerCard","DemoMod:Camera","DemoMod:HungryBullets"],"relics":["DemoMod:Dog","LetterFromLob","Golden Idol","SsserpentHead","Replay:Rubber Ducky","DemoMod:ClearGuonStone","Bag of Preparation"],"acts_visited":["Exordium"],"potions_floor_usage":[12,14,14,14],"damage_taken":[{"damage":1,"enemies":"Jaw Worm","floor":1,"turns":4},{"damage":0,"enemies":"Small Slimes","floor":5,"turns":3},{"damage":5,"enemies":"2 Louse","floor":8,"turns":2},{"damage":19,"enemies":"Lots of Slimes","floor":10,"turns":4},{"damage":18,"enemies":"Gremlin Nob","floor":12,"turns":5},{"damage":0,"enemies":"Exordium Wildlife","floor":13,"turns":3},{"damage":29,"enemies":"Lagavulin","floor":14,"turns":8}],"seed_played":"-39399346515844783","potions_obtained":[{"floor":5,"key":"SpeedPotion"},{"floor":8,"key":"Fire Potion"},{"floor":10,"key":"Milkshake"},{"floor":12,"key":"Elixir"}],"is_trial":false,"path_per_floor":["M","?","?","?","M","T","?","M","T","M","R","E","M","E"],"character_chosen":"HUNTRESS","items_purchased":[],"campfire_rested":0,"item_purchase_floors":[],"current_hp_per_floor":[69,70,70,70,70,70,70,65,65,46,46,28,28,0,0],"gold":541,"neow_bonus":"HUNDRED_GOLD","is_daily":false,"chose_seed":false,"campfire_upgraded":1,"win_rate":0.0,"timestamp":1613759141,"path_taken":["M","?","?","?","?","?","?","M","T","M","R","E","M","E"],"items_purchased_type":[],"build_version":"2020-12-22","purchased_purges":0,"victory":false,"max_hp_per_floor":[70,70,70,70,70,70,70,70,70,70,70,70,70,70,70],"card_choices":[{"not_picked":["DemoMod:JK47","DemoMod:RadGun"],"picked":"DemoMod:Ejector","floor":1},{"not_picked":["DemoMod:Unmoved","DemoMod:GunShield"],"picked":"DemoMod:DirectionalPad","floor":5},{"not_picked":["DemoMod:MachoBrace","DemoMod:Ejector"],"picked":"DemoMod:DirectionalPad","floor":8},{"not_picked":["DemoMod:FortunesFavor","DemoMod:JK47"],"picked":"DemoMod:DoubleSwitch","floor":8},{"not_picked":["DemoMod:CursedBullets","DemoMod:StickyCrossBow"],"picked":"DemoMod:HardPowerCard","floor":10},{"not_picked":["DemoMod:JK47","DemoMod:Behold!"],"picked":"DemoMod:Camera","floor":12},{"not_picked":["DemoMod:FastSwitch","DemoMod:DoubleSwitch"],"picked":"DemoMod:HungryBullets","floor":13}],"player_experience":543468,"relics_obtained":[{"floor":1,"key":"LetterFromLob"},{"floor":6,"key":"Replay:Rubber Ducky"},{"floor":9,"key":"DemoMod:ClearGuonStone"},{"floor":12,"key":"Bag of Preparation"}],"event_choices":[{"damage_healed":0,"gold_gain":0,"player_choice":"Take Wound","damage_taken":0,"relics_obtained":["Golden Idol"],"max_hp_gain":0,"max_hp_loss":0,"event_name":"Golden Idol","floor":3,"gold_loss":0,"cards_obtained":["Injury"]},{"damage_healed":0,"gold_gain":0,"player_choice":"Trade","damage_taken":0,"relics_obtained":["SsserpentHead"],"max_hp_gain":0,"max_hp_loss":0,"event_name":"FaceTrader","floor":4,"gold_loss":0},{"cards_removed":["DemoMod:Ejector"],"damage_healed":5,"gold_gain":0,"player_choice":"Offered Common","damage_taken":0,"max_hp_gain":0,"max_hp_loss":0,"event_name":"Bonfire Elementals","floor":7,"gold_loss":0},{"cards_removed":["DemoMod:Ejector"],"damage_healed":5,"gold_gain":0,"player_choice":"Offered Special","damage_taken":0,"max_hp_gain":0,"max_hp_loss":0,"event_name":"Bonfire Elementals","floor":7,"gold_loss":0}],"is_beta":false,"boss_relics":[],"items_purged_floors":[],"is_endless":false,"potions_floor_spawned":[5,8,10,12],"killed_by":"Lagavulin","ascension_level":0}}