{"host":"pxmwci5ksxda8grt","time":1613723113,"event":{"mods":["BaseMod","Bestiary","Better Synergies","Better Third Choice","BetterRewards","Block Reminder","Colored Map","Colored Powertips","DeckTracker","Defuse TimeMaze Blight","Energized Spire","GifTheSpireLib","Minty Spire (QoL Compilation)","Quick Restart","Rare Cards Sparkle","Relic Stats","Spire Birthday Party","StSLib","SuperFastMode","Synergy Search","Unceasing Turn Reminder"],"gold_per_floor":[144,189,189,234,279,279,369,44,69,114,114,204,54,99,99,399,399,444,444,444,489,139,139,229,274,274,373,373,427,177,231,231,231,231],"floor_reached":33,"language":"ENG","playtime":1294,"items_purged":["Regret","Pain"],"score":422,"play_id":"eda0aba0-5a4d-4905-b6bf-e9041d7bda50","local_time":"20210219212513","daily_mods":["Insanity","Blue Cards","Midas"],"is_ascension_mode":false,"campfire_choices":[{"floor":15,"key":"REST"},{"floor":23,"key":"REST"},{"floor":32,"key":"REST"}],"circlet_count":0,"master_deck":["Uppercut","Rebound","Aggregate+1","Streamline","Melter","Rebound","Hologram","Twin Strike","Evolve","Headbutt","Coolheaded+1","Ball Lightning","Streamline","Go for the Eyes","Warcry","Redo","True Grit","Skim","White Noise","Flex","Disarm","Sweeping Beam","Searing Blow","Gash","Battle Trance","Anger","Compile Driver","Undo","Stack","Stack","Steam","Pummel","Aggregate","Rage","Rampage","Sweeping Beam","Reprogram","Gash","Ball Lightning","Hologram","Blood for Blood","Heavy Blade","Warcry","Shrug It Off+1","Anger","Rage","Combust","Inflame","Rebound","Heatsinks","Fusion","Shockwave","Defragment+1","Berserk+1","Shame","Rupture+1","Conserve Battery+1","BootSequence+1","Entrench+1","Armaments+1","Loop+1"],"relics":["Burning Blood","Mummified Hand","WarpedTongs","Ancient Tea Set","Frozen Egg 2","Lantern","Potion Belt","Sling","energizedSpire:RedRose","Pen Nib","Toxic Egg 2","Letter Opener","CeramicFish","War Paint","betterThird:NestCultRelic","Bottled Tornado"],"acts_visited":["Exordium","TheCity"],"potions_floor_usage":[31,33],"damage_taken":[{"damage":0,"enemies":"Small Slimes","floor":1,"turns":1},{"damage":0,"enemies":"2 Louse","floor":2,"turns":2},{"damage":2,"enemies":"Cultist","floor":4,"turns":3},{"damage":10,"enemies":"2 Fungi Beasts","floor":5,"turns":3},{"damage":29,"enemies":"Lagavulin","floor":7,"turns":5},{"damage":6,"enemies":"Exordium Thugs","floor":10,"turns":3},{"damage":9,"enemies":"3 Sentries","floor":12,"turns":4},{"damage":3,"enemies":"3 Louse","floor":14,"turns":3},{"damage":11,"enemies":"Slime Boss","floor":16,"turns":6},{"damage":26,"enemies":"Shell Parasite","floor":18,"turns":4},{"damage":4,"enemies":"Chosen","floor":21,"turns":3},{"damage":14,"enemies":"Book of Stabbing","floor":24,"turns":4},{"damage":2,"enemies":"Snake Plant","floor":25,"turns":4},{"damage":38,"enemies":"Slavers","floor":27,"turns":4},{"damage":24,"enemies":"Centurion and Healer","floor":29,"turns":5},{"damage":11,"enemies":"Cultist and Chosen","floor":31,"turns":4},{"damage":68,"enemies":"Automaton","floor":33,"turns":6}],"seed_played":"778547550210687013","potions_obtained":[{"floor":1,"key":"SpeedPotion"},{"floor":5,"key":"Ancient Potion"},{"floor":12,"key":"SteroidPotion"},{"floor":16,"key":"DuplicationPotion"},{"floor":21,"key":"SkillPotion"}],"is_trial":false,"path_per_floor":["M","M","?","M","M","?","E","$","T","M","?","E","$","M","R","B",null,"M","?","?","M","$","R","E","M","T","E","?","M","$","M","R","B"],"character_chosen":"IRONCLAD","items_purchased":["Frozen Egg 2","Sling","Toxic Egg 2","Bottled Tornado"],"campfire_rested":3,"item_purchase_floors":[8,13,22,30],"current_hp_per_floor":[80,80,80,80,76,76,53,53,53,53,53,50,50,53,77,72,80,60,60,60,62,62,80,72,76,76,44,44,26,26,21,45,0,0],"gold":231,"neow_bonus":"","is_daily":true,"chose_seed":false,"campfire_upgraded":0,"win_rate":0.0,"timestamp":1613723113,"path_taken":["M","M","?","M","M","?","E","$","T","?","?","E","$","M","R","BOSS","M","?","?","M","$","R","E","?","T","E","?","M","$","M","R","BOSS"],"items_purchased_type":["Relic","Relic","Relic","Relic"],"build_version":"2020-12-22","purchased_purges":2,"victory":false,"max_hp_per_floor":[80,80,80,80,80,80,80,80,80,80,80,80,80,80,80,80,80,80,80,80,80,80,80,80,80,80,80,80,80,80,80,80,80,80],"relic_stats":{"counters":[17,64],"Mummified Hand":[40],"CeramicFish":27,"Pen Nib":[6],"Letter Opener":[106],"War Paint":["Shrug It Off","Coolheaded"],"obtain_stats":[{"Potion Belt":12,"energizedSpire:RedRose":17,"Lantern":9,"CeramicFish":26,"Pen Nib":19,"betterThird:NestCultRelic":28,"Letter Opener":24,"Frozen Egg 2":8,"War Paint":27,"Bottled Tornado":30,"Ancient Tea Set":7,"Sling":13,"Burning Blood":0,"WarpedTongs":6,"Mummified Hand":3,"Toxic Egg 2":22},{"Potion Belt":7,"energizedSpire:RedRose":9,"Lantern":5,"CeramicFish":13,"Pen Nib":10,"betterThird:NestCultRelic":14,"Letter Opener":12,"Frozen Egg 2":5,"War Paint":14,"Bottled Tornado":15,"Ancient Tea Set":5,"Sling":7,"Burning Blood":0,"WarpedTongs":4,"Mummified Hand":2,"Toxic Egg 2":11},{"Potion Belt":21,"energizedSpire:RedRose":30,"Lantern":14,"CeramicFish":45,"Pen Nib":34,"betterThird:NestCultRelic":49,"Letter Opener":41,"Frozen Egg 2":14,"War Paint":49,"Bottled Tornado":54,"Ancient Tea Set":14,"Sling":21,"Burning Blood":0,"WarpedTongs":9,"Mummified Hand":3,"Toxic Egg 2":37}],"Burning Blood":80,"WarpedTongs":[55]},"card_choices":[{"not_picked":["Consume","Undo","Reprogram"],"picked":"SKIP","floor":1},{"not_picked":["Beam Cell","Cold Snap","Power Through"],"picked":"SKIP","floor":2},{"not_picked":["Ball Lightning","Pommel Strike","Body Slam"],"picked":"SKIP","floor":4},{"not_picked":["Auto Shields","Armaments","Rainbow"],"picked":"SKIP","floor":5},{"not_picked":["Sweeping Beam","Rebound"],"picked":"Heatsinks","floor":7},{"not_picked":["Streamline","Sweeping Beam"],"picked":"Fusion","floor":10},{"not_picked":["Ghostly Armor","Compile Driver"],"picked":"Defragment+1","floor":12},{"not_picked":["Gash","Cold Snap","FTL"],"picked":"SKIP","floor":14},{"not_picked":["Barricade+1","Brutality+1"],"picked":"Berserk+1","floor":16},{"not_picked":["Compile Driver","Sweeping Beam","Leap+1"],"picked":"SKIP","floor":18},{"not_picked":["Perfected Strike","Clash"],"picked":"Rupture+1","floor":21},{"not_picked":["Clash","Thunderclap"],"picked":"Conserve Battery+1","floor":24},{"not_picked":["Hyperbeam","Turbo+1"],"picked":"BootSequence+1","floor":25},{"not_picked":["Blood for Blood","BootSequence+1"],"picked":"Entrench+1","floor":27},{"not_picked":["Sweeping Beam+1","Havoc+1"],"picked":"Armaments+1","floor":29},{"not_picked":["Ball Lightning","Blizzard+1"],"picked":"Loop+1","floor":31}],"player_experience":587568,"relics_obtained":[{"floor":7,"key":"Ancient Tea Set"},{"floor":9,"key":"Lantern"},{"floor":12,"key":"Potion Belt"},{"floor":24,"key":"Letter Opener"},{"floor":26,"key":"CeramicFish"},{"floor":27,"key":"War Paint"}],"event_choices":[{"damage_healed":0,"gold_gain":0,"player_choice":"Box","damage_taken":0,"relics_obtained":["Mummified Hand"],"max_hp_gain":0,"max_hp_loss":0,"event_name":"Big Fish","floor":3,"gold_loss":0,"cards_obtained":["Regret"]},{"damage_healed":0,"gold_gain":0,"player_choice":"Rummage","damage_taken":0,"relics_obtained":["WarpedTongs"],"max_hp_gain":0,"max_hp_loss":0,"event_name":"Accursed Blacksmith","floor":6,"gold_loss":0,"cards_obtained":["Pain"]},{"damage_healed":0,"gold_gain":0,"cards_transformed":["Havoc"],"player_choice":"Transformed","damage_taken":0,"max_hp_gain":0,"max_hp_loss":0,"event_name":"Transmorgrifier","floor":11,"gold_loss":0,"cards_obtained":["Shockwave"]},{"damage_healed":0,"gold_gain":0,"player_choice":"Stole Relic","damage_taken":0,"relics_obtained":["Pen Nib"],"max_hp_gain":0,"max_hp_loss":0,"event_name":"Addict","floor":19,"gold_loss":0,"cards_obtained":["Shame"]},{"damage_healed":0,"gold_gain":0,"player_choice":"Upgraded","damage_taken":0,"max_hp_gain":0,"max_hp_loss":0,"event_name":"Upgrade Shrine","floor":20,"gold_loss":0,"cards_upgraded":["Aggregate"]},{"damage_healed":0,"gold_gain":0,"player_choice":"Madness","damage_taken":0,"relics_obtained":["betterThird:NestCultRelic"],"max_hp_gain":0,"max_hp_loss":0,"event_name":"betterThird:BetterNest","floor":28,"gold_loss":0}],"is_beta":false,"boss_relics":[{"not_picked":["energizedSpire:MagnifyingGlass","Velvet Choker"],"picked":"energizedSpire:RedRose"}],"items_purged_floors":[8,22],"is_endless":false,"potions_floor_spawned":[1,5,12,16,21,25,27,29],"killed_by":"Automaton","ascension_level":0}}