{"host":"l2lylj0omvglf5x0","time":1613722858,"event":{"mods":["2.2 Compatiblity","BaseMod","Bestiary","Block Reminder","Colored Map","Colored Powertips","Curses Come First","Highlight Path","Keyboard Shortcuts","Minty Spire (QoL Compilation)","Relic Sorter","Relic Stats","Slay the Relics Exporter","StSLib","SuperFastMode"],"gold_per_floor":[110,123,123,34,34,68,68,68,68,106,120,120,120,144,144,275,275,295,54,54,3,3,44,67,103,103,117,156,156,156,169,169,300,300,316,316,316,331,184,184,228,241,241,321,336,336,45,85,85,85],"floor_reached":51,"language":"ENG","playtime":3270,"items_purged":[],"score":1216,"play_id":"cf0034c8-a0ef-4769-a04c-c335345ef3e1","local_time":"20210219092058","is_ascension_mode":true,"campfire_choices":[{"floor":8,"key":"REST"},{"data":"Armaments","floor":13,"key":"SMITH"},{"floor":15,"key":"REST"},{"data":"Double Tap","floor":30,"key":"SMITH"},{"data":"Inflame","floor":32,"key":"SMITH"},{"data":"Demon Form","floor":40,"key":"SMITH"},{"floor":46,"key":"RECALL"}],"circlet_count":0,"master_deck":["AscendersBane","Bash+1","Ghostly Armor+1","Evolve+1","Reckless Charge+1","Berserk+1","Disarm+1","Seeing Red+1","Wild Strike+1","Double Tap+1","Shrug It Off+1","True Grit+1","Armaments+1","Inflame+1","Sword Boomerang+1","Carnage+1","Battle Trance+1","Shrug It Off+1","Impervious+1","Infernal Blade+1","Twin Strike+1","Rupture+1","Intimidate+1","Shrug It Off+1","Limit Break+1","Spot Weakness+1","Power Through+1","Demon Form+1","True Grit+1","Iron Wave+1","Heavy Blade+1"],"relics":["Pandora\u0027s Box","Golden Idol","Torii","CaptainsWheel","Shuriken","Gambling Chip","Coffee Dripper","Gremlin Horn","Oddly Smooth Stone","Question Card","Sundial","Vajra","NlothsMask","Mark of Pain","Mark of the Bloom","Omamori","Mummified Hand","PreservedInsect","ClockworkSouvenir","Pantograph"],"acts_visited":["Exordium","TheCity","TheBeyond"],"potions_floor_usage":[10,14,18,23,31,42,45],"damage_taken":[{"damage":2,"enemies":"Small Slimes","floor":1,"turns":3},{"damage":0,"enemies":"Jaw Worm","floor":2,"turns":3},{"damage":23,"enemies":"3 Sentries","floor":6,"turns":7},{"damage":16,"enemies":"Gremlin Nob","floor":10,"turns":4},{"damage":0,"enemies":"2 Louse","floor":11,"turns":2},{"damage":6,"enemies":"Exordium Thugs","floor":14,"turns":2},{"damage":9,"enemies":"The Guardian","floor":16,"turns":7},{"damage":2,"enemies":"Shell Parasite","floor":18,"turns":4},{"damage":14,"enemies":"Book of Stabbing","floor":23,"turns":4},{"damage":6,"enemies":"3 Byrds","floor":24,"turns":4},{"damage":17,"enemies":"Gremlin Leader","floor":25,"turns":4},{"damage":2,"enemies":"Snake Plant","floor":27,"turns":3},{"damage":2,"enemies":"Book of Stabbing","floor":28,"turns":5},{"damage":1,"enemies":"Snecko","floor":31,"turns":5},{"damage":0,"enemies":"Champ","floor":33,"turns":7},{"damage":0,"enemies":"Orb Walker","floor":35,"turns":3},{"damage":0,"enemies":"3 Darklings","floor":38,"turns":4},{"damage":1,"enemies":"Giant Head","floor":41,"turns":5},{"damage":0,"enemies":"Jaw Worm Horde","floor":42,"turns":3},{"damage":4,"enemies":"4 Shapes","floor":45,"turns":2},{"damage":6,"enemies":"Reptomancer","floor":48,"turns":4},{"damage":29,"enemies":"Donu and Deca","floor":50,"turns":5}],"seed_played":"-1309072927702497726","potions_obtained":[{"floor":1,"key":"AttackPotion"},{"floor":11,"key":"FearPotion"},{"floor":16,"key":"SkillPotion"},{"floor":18,"key":"Energy Potion"},{"floor":25,"key":"PowerPotion"},{"floor":27,"key":"FearPotion"},{"floor":41,"key":"SneckoOil"},{"floor":42,"key":"Dexterity Potion"},{"floor":45,"key":"SpeedPotion"}],"is_trial":false,"path_per_floor":["M","M","?","$","?","E","?","R","T","E","M","$","R","M","R","B",null,"M","$","?","$","?","E","M","E","T","M","E","?","R","M","R","B",null,"M","?","?","M","$","R","E","M","T","T","M","R","$","E","R","B",null],"character_chosen":"IRONCLAD","items_purchased":["Armaments","Inflame","Gremlin Horn","Explosive Potion","Demon Form","PreservedInsect","ClockworkSouvenir"],"campfire_rested":2,"item_purchase_floors":[4,4,19,21,39,47,47],"current_hp_per_floor":[70,70,70,70,52,29,14,36,36,20,20,20,20,14,36,27,62,60,60,60,60,60,46,40,23,23,21,19,19,19,18,18,18,60,60,60,60,60,60,60,59,59,59,59,55,55,55,49,49,20],"gold":85,"neow_bonus":"BOSS_RELIC","is_daily":false,"chose_seed":false,"campfire_upgraded":4,"win_rate":0.0,"timestamp":1613722858,"path_taken":["M","M","?","$","?","E","?","R","T","E","M","?","R","M","R","BOSS","M","$","?","$","?","E","M","E","T","M","E","?","R","M","R","BOSS","M","?","?","M","$","R","E","?","T","?","M","R","$","E","R","BOSS"],"items_purchased_type":["Card","Card","Relic","Potion","Card","Relic","Relic"],"build_version":"2020-12-22","purchased_purges":0,"victory":true,"max_hp_per_floor":[80,80,74,74,74,74,74,74,74,74,74,74,74,74,74,74,74,74,74,74,74,74,74,74,74,74,74,74,74,74,74,74,74,74,74,74,74,74,74,74,74,74,74,74,74,74,74,74,74,74],"relic_stats":{"Mark of the Bloom":25,"Torii":30,"Gremlin Horn":[15,18],"counters":[22,90],"Golden Idol":168,"PreservedInsect":63,"Question Card":10,"Shuriken":[25],"Sundial":[6],"Mummified Hand":[15],"Gambling Chip":[31],"Pantograph":0,"Pandora\u0027s Box":["Ghostly Armor","Evolve","Reckless Charge","Berserk","Disarm","Seeing Red","Searing Blow","Wild Strike","Double Tap"],"obtain_stats":[{"Mark of the Bloom":36,"Torii":5,"Gremlin Horn":19,"Golden Idol":3,"Oddly Smooth Stone":23,"Vajra":28,"PreservedInsect":47,"Omamori":41,"Question Card":25,"Burning Blood":0,"ClockworkSouvenir":47,"CaptainsWheel":6,"Shuriken":9,"Sundial":26,"Mummified Hand":44,"Gambling Chip":10,"Pantograph":48,"Pandora\u0027s Box":0,"Mark of Pain":34,"Coffee Dripper":17,"NlothsMask":29},{"Mark of the Bloom":16,"Torii":2,"Gremlin Horn":8,"Golden Idol":2,"Oddly Smooth Stone":9,"Vajra":13,"PreservedInsect":20,"Omamori":18,"Question Card":11,"Burning Blood":0,"ClockworkSouvenir":20,"CaptainsWheel":3,"Shuriken":3,"Sundial":11,"Mummified Hand":19,"Gambling Chip":4,"Pantograph":21,"Pandora\u0027s Box":0,"Mark of Pain":15,"Coffee Dripper":7,"NlothsMask":13},{"Mark of the Bloom":67,"Torii":6,"Gremlin Horn":32,"Golden Idol":6,"Oddly Smooth Stone":36,"Vajra":52,"PreservedInsect":81,"Omamori":76,"Question Card":44,"Burning Blood":0,"ClockworkSouvenir":81,"CaptainsWheel":13,"Shuriken":13,"Sundial":44,"Mummified Hand":79,"Gambling Chip":17,"Pantograph":85,"Pandora\u0027s Box":0,"Mark of Pain":64,"Coffee Dripper":28,"NlothsMask":52}]},"card_choices":[{"not_picked":["Anger","Iron Wave"],"picked":"Shrug It Off","floor":1},{"not_picked":["Warcry","Clothesline"],"picked":"True Grit","floor":2},{"not_picked":["Blood for Blood","Fiend Fire"],"picked":"Sword Boomerang","floor":6},{"not_picked":["Burning Pact","Perfected Strike"],"picked":"Carnage","floor":10},{"not_picked":["Heavy Blade","Armaments"],"picked":"Battle Trance","floor":11},{"not_picked":["Iron Wave","Anger"],"picked":"Shrug It Off","floor":14},{"not_picked":["Immolate","Reaper"],"picked":"Impervious","floor":16},{"not_picked":["Havoc","Wild Strike"],"picked":"Infernal Blade+1","floor":18},{"not_picked":["True Grit","Clothesline"],"picked":"Twin Strike+1","floor":23},{"not_picked":["Bludgeon","Heavy Blade","Rampage+1"],"picked":"SKIP","floor":24},{"not_picked":["Flex","Thunderclap"],"picked":"Rupture","floor":25},{"not_picked":["Body Slam","Flex","Iron Wave"],"picked":"Intimidate+1","floor":27},{"not_picked":["Cleave","Flex","Searing Blow","Dropkick"],"picked":"SKIP","floor":28},{"not_picked":["Searing Blow","Evolve","Clash"],"picked":"Shrug It Off+1","floor":31},{"not_picked":["Juggernaut","Fiend Fire","Berserk"],"picked":"Limit Break","floor":33},{"not_picked":["Anger","Body Slam","Clothesline+1"],"picked":"Spot Weakness+1","floor":35},{"not_picked":["Fire Breathing+1","Body Slam+1","True Grit"],"picked":"Power Through+1","floor":38},{"not_picked":["Seeing Red+1","Sever Soul+1","Battle Trance+1"],"picked":"True Grit+1","floor":41},{"not_picked":["Thunderclap+1","Dark Embrace","Wild Strike+1"],"picked":"Iron Wave+1","floor":42},{"not_picked":["Headbutt","Cleave","Dual Wield"],"picked":"Heavy Blade+1","floor":45},{"not_picked":["Cleave","Thunderclap+1","Evolve","Clash"],"picked":"SKIP","floor":48}],"player_experience":990759,"relics_obtained":[{"floor":6,"key":"CaptainsWheel"},{"floor":9,"key":"Shuriken"},{"floor":10,"key":"Gambling Chip"},{"floor":23,"key":"Oddly Smooth Stone"},{"floor":25,"key":"Question Card"},{"floor":26,"key":"Sundial"},{"floor":28,"key":"Vajra"},{"floor":41,"key":"Omamori"},{"floor":44,"key":"Mummified Hand"},{"floor":48,"key":"Pantograph"}],"event_choices":[{"damage_healed":0,"gold_gain":0,"player_choice":"Lose Max HP","damage_taken":0,"relics_obtained":["Golden Idol"],"max_hp_gain":0,"max_hp_loss":6,"event_name":"Golden Idol","floor":3,"gold_loss":0},{"damage_healed":0,"gold_gain":0,"player_choice":"Success","damage_taken":18,"relics_obtained":["Torii"],"max_hp_gain":0,"max_hp_loss":0,"event_name":"Scrap Ooze","floor":5,"gold_loss":0},{"damage_healed":0,"gold_gain":0,"player_choice":"Entered Light","damage_taken":15,"max_hp_gain":0,"max_hp_loss":0,"event_name":"Shining Light","floor":7,"gold_loss":0,"cards_upgraded":["Bash","Reckless Charge"]},{"cards_removed":["Searing Blow"],"damage_healed":0,"gold_gain":0,"player_choice":"Elegance","damage_taken":0,"max_hp_gain":0,"max_hp_loss":0,"event_name":"Back to Basics","floor":20,"gold_loss":0},{"damage_healed":0,"gold_gain":0,"player_choice":"Ignored","damage_taken":0,"max_hp_gain":0,"max_hp_loss":0,"event_name":"Ghosts","floor":22,"gold_loss":0},{"damage_healed":0,"gold_gain":0,"player_choice":"Trade","damage_taken":0,"relics_obtained":["NlothsMask"],"max_hp_gain":0,"max_hp_loss":0,"event_name":"FaceTrader","floor":29,"gold_loss":0},{"damage_healed":0,"gold_gain":0,"player_choice":"Upgrade","damage_taken":0,"relics_obtained":["Mark of the Bloom"],"max_hp_gain":0,"max_hp_loss":0,"event_name":"MindBloom","floor":36,"gold_loss":0,"cards_upgraded":["Ghostly Armor","Evolve","Berserk","Disarm","Seeing Red","Wild Strike","Shrug It Off","True Grit","Sword Boomerang","Carnage","Battle Trance","Shrug It Off","Impervious","Rupture","Limit Break"]},{"damage_healed":0,"gold_gain":0,"player_choice":"0 cards matched","damage_taken":0,"max_hp_gain":0,"max_hp_loss":0,"event_name":"Match and Keep!","floor":37,"gold_loss":0,"cards_obtained":[]}],"is_beta":false,"boss_relics":[{"not_picked":["Runic Pyramid","Snecko Eye"],"picked":"Coffee Dripper"},{"not_picked":["Velvet Choker","Tiny House"],"picked":"Mark of Pain"}],"items_purged_floors":[],"is_endless":false,"potions_floor_spawned":[1,11,16,18,25,27,41,42,45],"ascension_level":10}}