{"host":"hw9lt6p3yhr90vz0","time":1613703131,"event":{"mods":["BaseMod","DeckTracker","Minty Spire (QoL Compilation)","Relic Stats"],"gold_per_floor":[111,111,1,14,29,62,62,87,87,97,97,97,122,136,136,241,241,253,273,285,285,285,311,311,346,392,392,392],"floor_reached":27,"language":"ENG","playtime":8221,"items_purged":["Regret"],"score":382,"play_id":"423d5350-1d9f-45aa-8171-20e34a4c3df2","local_time":"20210218215211","is_ascension_mode":true,"campfire_choices":[{"floor":7,"key":"REST"},{"floor":12,"key":"REST"},{"floor":15,"key":"REST"},{"floor":24,"key":"REST"}],"circlet_count":0,"master_deck":["Strike_B","Strike_B","Strike_B","Strike_B","Defend_B","Defend_B","Defend_B","Defend_B","Zap","Dualcast","Reinforced Body","Hello World","Sunder","Conserve Battery","Rainbow","Biased Cognition","Pain","Heatsinks","Echo Form","CurseOfTheBell","Storm","Go for the Eyes","Rebound","Force Field"],"relics":["Cracked Core","Question Card","Incense Burner","Nunchaku","Ginger","WarpedTongs","Akabeko","Calling Bell","Lantern","HornCleat","Thread and Needle","Omamori","Calipers","Vajra"],"acts_visited":["Exordium","TheCity"],"potions_floor_usage":[10,13,16,22,22,27,27],"damage_taken":[{"damage":1,"enemies":"Cultist","floor":1,"turns":3},{"damage":2,"enemies":"Jaw Worm","floor":4,"turns":3},{"damage":9,"enemies":"2 Louse","floor":5,"turns":2},{"damage":44,"enemies":"Gremlin Nob","floor":6,"turns":5},{"damage":23,"enemies":"Lagavulin","floor":8,"turns":8},{"damage":0,"enemies":"Gremlin Gang","floor":10,"turns":3},{"damage":20,"enemies":"3 Sentries","floor":13,"turns":5},{"damage":9,"enemies":"Exordium Thugs","floor":14,"turns":4},{"damage":29,"enemies":"Hexaghost","floor":16,"turns":9},{"damage":4,"enemies":"Chosen","floor":18,"turns":4},{"damage":7,"enemies":"3 Byrds","floor":19,"turns":6},{"damage":17,"enemies":"Snake Plant","floor":20,"turns":3},{"damage":1,"enemies":"3 Cultists","floor":22,"turns":3},{"damage":20,"enemies":"Gremlin Leader","floor":23,"turns":6},{"damage":16,"enemies":"Book of Stabbing","floor":25,"turns":6},{"damage":30,"enemies":"Gremlin Leader","floor":27,"turns":4}],"seed_played":"1309732984317083220","potions_obtained":[{"floor":5,"key":"SmokeBomb"},{"floor":6,"key":"Dexterity Potion"},{"floor":8,"key":"Fire Potion"},{"floor":10,"key":"Strength Potion"},{"floor":16,"key":"Fruit Juice"},{"floor":18,"key":"SkillPotion"},{"floor":21,"key":"Block Potion"},{"floor":21,"key":"Dexterity Potion"},{"floor":25,"key":"Block Potion"}],"is_trial":false,"path_per_floor":["M","?","$","M","M","E","R","E","T","M","?","R","E","M","R","B",null,"M","M","M","?","M","E","R","E","T","E"],"character_chosen":"DEFECT","items_purchased":["Hello World"],"campfire_rested":4,"item_purchase_floors":[3],"current_hp_per_floor":[74,74,74,72,63,19,43,20,20,20,20,44,24,15,39,15,69,65,58,41,41,40,20,46,30,30,0,0],"gold":392,"neow_bonus":"TEN_PERCENT_HP_BONUS","is_daily":false,"chose_seed":false,"campfire_upgraded":0,"win_rate":0.0,"timestamp":1613703131,"path_taken":["M","?","?","M","M","E","R","E","T","M","?","R","E","M","R","BOSS","M","M","?","?","M","E","R","E","T","E"],"items_purchased_type":["Card"],"build_version":"2020-12-22","purchased_purges":1,"victory":false,"max_hp_per_floor":[82,82,82,82,82,82,82,82,82,82,82,82,82,82,82,87,87,87,87,87,87,87,87,87,87,87,87,87],"relic_stats":{"Nunchaku":[5],"counters":[16,74],"Ginger":[2],"Question Card":14,"obtain_stats":[{"Lantern":17,"Calipers":25,"Vajra":26,"Thread and Needle":17,"Incense Burner":6,"Omamori":23,"Ginger":9,"Question Card":2,"Akabeko":13,"WarpedTongs":11,"Calling Bell":17,"Nunchaku":8,"HornCleat":17,"Cracked Core":0},{"Lantern":9,"Calipers":15,"Vajra":15,"Thread and Needle":9,"Incense Burner":4,"Omamori":14,"Ginger":5,"Question Card":1,"Akabeko":7,"WarpedTongs":6,"Calling Bell":9,"Nunchaku":5,"HornCleat":9,"Cracked Core":0},{"Lantern":42,"Calipers":70,"Vajra":70,"Thread and Needle":42,"Incense Burner":13,"Omamori":64,"Ginger":21,"Question Card":3,"Akabeko":29,"WarpedTongs":24,"Calling Bell":42,"Nunchaku":21,"HornCleat":42,"Cracked Core":0}],"WarpedTongs":[50]},"card_choices":[{"not_picked":["Stack","Blizzard"],"picked":"Reinforced Body","floor":1},{"not_picked":["Turbo","Leap","Stack"],"picked":"Sunder","floor":4},{"not_picked":["Ball Lightning","Hologram","Compile Driver"],"picked":"Conserve Battery","floor":5},{"not_picked":["Sweeping Beam","Ball Lightning","Chaos"],"picked":"Rainbow","floor":6},{"not_picked":["Go for the Eyes","Darkness","FTL"],"picked":"Biased Cognition","floor":8},{"not_picked":["Redo","Cold Snap","Undo","Stack"],"picked":"SKIP","floor":10},{"not_picked":["Redo","Coolheaded","Chill"],"picked":"Heatsinks","floor":13},{"not_picked":["Streamline","Coolheaded","Sweeping Beam","Conserve Battery"],"picked":"SKIP","floor":14},{"not_picked":["Hyperbeam","Rainbow","Amplify"],"picked":"Echo Form","floor":16},{"not_picked":["Steam+1","Barrage","Leap"],"picked":"Storm","floor":18},{"not_picked":["Scrape","Coolheaded","Chill+1"],"picked":"Go for the Eyes","floor":19},{"not_picked":["Tempest","Skim","Coolheaded"],"picked":"Rebound","floor":20},{"not_picked":["All For One","Gash+1","Thunder Strike","Leap"],"picked":"SKIP","floor":23},{"not_picked":["Skim","Undo","Redo"],"picked":"Force Field","floor":25}],"player_experience":1460189,"relics_obtained":[{"floor":6,"key":"Incense Burner"},{"floor":8,"key":"Nunchaku"},{"floor":9,"key":"Ginger"},{"floor":13,"key":"Akabeko"},{"floor":17,"key":"Lantern"},{"floor":17,"key":"HornCleat"},{"floor":17,"key":"Thread and Needle"},{"floor":23,"key":"Omamori"},{"floor":25,"key":"Calipers"},{"floor":26,"key":"Vajra"}],"event_choices":[{"damage_healed":0,"gold_gain":0,"player_choice":"Box","damage_taken":0,"relics_obtained":["Question Card"],"max_hp_gain":0,"max_hp_loss":0,"event_name":"Big Fish","floor":2,"gold_loss":0,"cards_obtained":["Regret"]},{"damage_healed":0,"gold_gain":0,"player_choice":"Rummage","damage_taken":0,"relics_obtained":["WarpedTongs"],"max_hp_gain":0,"max_hp_loss":0,"event_name":"Accursed Blacksmith","floor":11,"gold_loss":0,"cards_obtained":["Pain"]},{"damage_healed":0,"gold_gain":0,"player_choice":"Got Potions","damage_taken":0,"max_hp_gain":0,"max_hp_loss":0,"event_name":"Lab","floor":21,"gold_loss":0}],"is_beta":false,"boss_relics":[{"not_picked":["Busted Crown","FrozenCore"],"picked":"Calling Bell"}],"items_purged_floors":[3],"is_endless":false,"potions_floor_spawned":[5,6,8,10,16,18,22,25],"killed_by":"Gremlin Leader","ascension_level":8}}