{"host":"t9vqxmgmtrdkt9v9","time":1613697915,"event":{"mods":["AchievementEnabler","BaseMod","Colored Map","Minty Spire (QoL Compilation)","Permanent Neow","Relic Stats","StSLib"],"gold_per_floor":[361,19,31,31,48,74,74,74,74,74,109,125,125,141,141,220,220,237,237,254,272,144,144,178,189,213,226,252,342,342,371,371,444,444,461,479,493,512,524,524,551,280,327,342,342,342,354,384,384,384],"floor_reached":51,"language":"ENG","playtime":2492,"items_purged":["Strike_R","Strike_R"],"score":1765,"play_id":"7299f49d-1e69-4184-81d1-17a278ba49c7","local_time":"20210219112515","is_ascension_mode":true,"campfire_choices":[{"data":"Shockwave","floor":7.0,"key":"SMITH"},{"floor":10.0,"key":"REST"},{"data":"Shrug It Off","floor":13.0,"key":"SMITH"},{"data":"Burning Pact","floor":15.0,"key":"SMITH"},{"data":"Whirlwind","floor":23.0,"key":"SMITH"},{"floor":30.0,"key":"REST"},{"data":"Double Tap","floor":32.0,"key":"SMITH"},{"floor":40,"key":"DIG"},{"floor":46,"key":"DIG"},{"floor":49,"key":"DIG"}],"circlet_count":0,"master_deck":["AscendersBane","Strike_R","Strike_R","Strike_R+1","Defend_R+1","Defend_R","Defend_R+1","Defend_R","Bash+1","Sword Boomerang+1","Blood for Blood+1","Thunderclap","Shockwave+1","Shrug It Off+1","Burning Pact+1","Limit Break+1","Sentinel","Flame Barrier","Whirlwind+1","Shrug It Off","Impervious","Battle Trance","Double Tap+1","Corruption+1","Heavy Blade","Shrug It Off","True Grit+1","Armaments+1"],"relics":["Burning Blood","Brimstone","Centennial Puzzle","Kunai","FaceOfCleric","Bag of Preparation","Frozen Egg 2","Runic Pyramid","Pen Nib","PreservedInsect","Akabeko","Shovel","Fusion Hammer","Whetstone","Ice Cream","Strawberry","War Paint","Oddly Smooth Stone","Ancient Tea Set","Art of War"],"acts_visited":["Exordium","TheCity","TheBeyond"],"potions_floor_usage":[50,50],"damage_taken":[{"damage":5.0,"enemies":"Small Slimes","floor":1.0,"turns":3.0},{"damage":0.0,"enemies":"Cultist","floor":3.0,"turns":2.0},{"damage":0.0,"enemies":"2 Louse","floor":5.0,"turns":2.0},{"damage":10.0,"enemies":"Lagavulin","floor":6.0,"turns":3.0},{"damage":10.0,"enemies":"Gremlin Nob","floor":11.0,"turns":3.0},{"damage":1.0,"enemies":"Blue Slaver","floor":12.0,"turns":3.0},{"damage":10.0,"enemies":"3 Louse","floor":14.0,"turns":3.0},{"damage":0.0,"enemies":"The Guardian","floor":16.0,"turns":7.0},{"damage":16.0,"enemies":"Shell Parasite","floor":18.0,"turns":3.0},{"damage":0.0,"enemies":"Chosen","floor":20.0,"turns":3.0},{"damage":1.0,"enemies":"Snecko","floor":21.0,"turns":4.0},{"damage":27.0,"enemies":"Gremlin Leader","floor":24.0,"turns":4.0},{"damage":23.0,"enemies":"Chosen and Byrds","floor":25.0,"turns":5.0},{"damage":7.0,"enemies":"Snake Plant","floor":27.0,"turns":4.0},{"damage":2.0,"enemies":"Book of Stabbing","floor":28.0,"turns":3.0},{"damage":0.0,"enemies":"Gremlin Leader","floor":31.0,"turns":4.0},{"damage":52.0,"enemies":"Collector","floor":33.0,"turns":6.0},{"damage":37.0,"enemies":"3 Shapes","floor":35.0,"turns":2.0},{"damage":0,"enemies":"Orb Walker","floor":36,"turns":2},{"damage":0,"enemies":"Sphere and 2 Shapes","floor":37,"turns":3},{"damage":0,"enemies":"Maw","floor":38,"turns":4},{"damage":0,"enemies":"3 Darklings","floor":39,"turns":2},{"damage":0,"enemies":"Giant Head","floor":41,"turns":4},{"damage":0,"enemies":"Writhing Mass","floor":44,"turns":3},{"damage":3,"enemies":"Transient","floor":47,"turns":6},{"damage":9,"enemies":"Nemesis","floor":48,"turns":5},{"damage":14,"enemies":"Awakened One","floor":50,"turns":7}],"seed_played":"-883133304744729241","potions_obtained":[{"floor":3.0,"key":"HeartOfIron"},{"floor":5.0,"key":"Block Potion"},{"floor":11.0,"key":"EssenceOfSteel"},{"floor":14.0,"key":"DistilledChaos"},{"floor":16.0,"key":"LiquidBronze"},{"floor":27.0,"key":"BloodPotion"},{"floor":31.0,"key":"Block Potion"},{"floor":36,"key":"LiquidBronze"}],"is_trial":false,"path_per_floor":["M","$","M","?","M","E","R","?","T","R","E","M","R","M","R","B",null,"M","?","M","M","$","R","E","M","T","M","E","?","R","E","R","B",null,"M","M","M","M","M","R","E","$","T","M","?","R","M","E","R","B",null],"character_chosen":"IRONCLAD","items_purchased":["Brimstone","Centennial Puzzle","Shrug It Off","Strawberry"],"campfire_rested":2,"item_purchase_floors":[2,2,22,42],"current_hp_per_floor":[51,51,57,34,40,36,36,36,36,58,55,61,61,58,58,65,76,67,67,74,80,80,80,60,44,44,44,49,37,62,86,86,41,76,46,53,60,67,74,74,81,88,88,95,95,95,99,97,97,90],"gold":384,"neow_bonus":"TWO_FIFTY_GOLD","is_daily":false,"chose_seed":false,"campfire_upgraded":5,"win_rate":0.0,"timestamp":1613697915,"path_taken":["M","$","M","?","M","E","R","?","T","R","E","M","R","?","R","BOSS","M","?","M","?","$","R","E","M","T","M","E","?","R","E","R","BOSS","M","M","?","M","M","R","E","$","T","M","?","R","M","E","R","BOSS"],"items_purchased_type":["Relic","Relic","Card","Relic"],"build_version":"2020-12-22","purchased_purges":2,"victory":true,"max_hp_per_floor":[75,75,75,75,75,75,75,75,75,75,76,77,77,78,78,79,79,80,80,81,82,82,82,83,84,84,85,86,86,86,87,87,88,88,89,90,91,92,93,93,94,101,101,102,102,102,103,104,104,105],"relic_stats":{"counters":[27,100],"Pen Nib":[9],"PreservedInsect":266,"Bag of Preparation":[46],"Whetstone":["Bash","Strike_R"],"War Paint":["Defend_R","Defend_R"],"Burning Blood":162,"Centennial Puzzle":[41],"Shovel":3,"FaceOfCleric":23,"Art of War":[0],"Kunai":[15],"obtain_stats":[{"Ice Cream":41,"Oddly Smooth Stone":46,"Pen Nib":24,"PreservedInsect":26,"Bag of Preparation":9,"Whetstone":40,"Frozen Egg 2":11,"War Paint":43,"Ancient Tea Set":48,"Burning Blood":0,"Akabeko":28,"Centennial Puzzle":2,"Shovel":31,"FaceOfCleric":8,"Brimstone":2,"Strawberry":42,"Fusion Hammer":34,"Art of War":49,"Kunai":6,"Runic Pyramid":17},{"Ice Cream":23,"Oddly Smooth Stone":24,"Pen Nib":12,"PreservedInsect":13,"Bag of Preparation":4,"Whetstone":22,"Frozen Egg 2":5,"War Paint":23,"Ancient Tea Set":26,"Burning Blood":0,"Akabeko":15,"Centennial Puzzle":1,"Shovel":16,"FaceOfCleric":4,"Brimstone":1,"Strawberry":23,"Fusion Hammer":17,"Art of War":26,"Kunai":4,"Runic Pyramid":8},{"Ice Cream":79,"Oddly Smooth Stone":82,"Pen Nib":40,"PreservedInsect":45,"Bag of Preparation":10,"Whetstone":75,"Frozen Egg 2":13,"War Paint":79,"Ancient Tea Set":93,"Burning Blood":0,"Akabeko":52,"Centennial Puzzle":3,"Shovel":56,"FaceOfCleric":10,"Brimstone":3,"Strawberry":79,"Fusion Hammer":62,"Art of War":93,"Kunai":10,"Runic Pyramid":26}]},"card_choices":[{"not_picked":["Disarm","Battle Trance"],"picked":"Sword Boomerang","floor":1.0},{"not_picked":["Clash","Flame Barrier"],"picked":"Blood for Blood","floor":3.0},{"not_picked":["Entrench","Perfected Strike"],"picked":"Thunderclap","floor":5.0},{"not_picked":["Warcry","Armaments"],"picked":"Shockwave","floor":6.0},{"not_picked":["Anger","Juggernaut+1"],"picked":"Shrug It Off","floor":11.0},{"not_picked":["Searing Blow","Iron Wave","Sentinel"],"picked":"SKIP","floor":12.0},{"not_picked":["Wild Strike","Thunderclap"],"picked":"Burning Pact","floor":14.0},{"not_picked":["Immolate","Fiend Fire"],"picked":"Limit Break","floor":16.0},{"not_picked":["Havoc","Carnage"],"picked":"Sentinel","floor":18.0},{"not_picked":["Clash","Second Wind"],"picked":"Flame Barrier","floor":20.0},{"not_picked":["Twin Strike","Dropkick"],"picked":"Whirlwind","floor":21.0},{"not_picked":["Flex","True Grit"],"picked":"Impervious","floor":24.0},{"not_picked":["Feel No Pain+1","Wild Strike","Thunderclap"],"picked":"SKIP","floor":25.0},{"not_picked":["Sever Soul","Entrench"],"picked":"Battle Trance","floor":27.0},{"not_picked":["Combust+1","Evolve+1"],"picked":"Double Tap","floor":28.0},{"not_picked":["Spot Weakness","Flex","Inflame+1"],"picked":"SKIP","floor":31.0},{"not_picked":["Limit Break","Double Tap"],"picked":"Corruption+1","floor":33.0},{"not_picked":["Carnage","Havoc","Clash"],"picked":"SKIP","floor":35},{"not_picked":["Anger","Clothesline+1"],"picked":"Heavy Blade","floor":36},{"not_picked":["Flex+1","Twin Strike+1","Clothesline+1"],"picked":"SKIP","floor":37},{"not_picked":["Infernal Blade","Havoc"],"picked":"Shrug It Off","floor":38},{"not_picked":["Power Through","Headbutt"],"picked":"True Grit+1","floor":39},{"not_picked":["Whirlwind+1","Rage","Limit Break"],"picked":"SKIP","floor":41},{"not_picked":["Warcry","Havoc","Thunderclap"],"picked":"SKIP","floor":44},{"not_picked":["Clothesline","Clash","Reaper"],"picked":"SKIP","floor":47},{"not_picked":["Pommel Strike","Wild Strike+1"],"picked":"Armaments+1","floor":48}],"player_experience":438277,"relics_obtained":[{"floor":6.0,"key":"Kunai"},{"floor":9.0,"key":"Bag of Preparation"},{"floor":11.0,"key":"Frozen Egg 2"},{"floor":24.0,"key":"Pen Nib"},{"floor":26.0,"key":"PreservedInsect"},{"floor":28.0,"key":"Akabeko"},{"floor":31.0,"key":"Shovel"},{"floor":40,"key":"Whetstone"},{"floor":41,"key":"Ice Cream"},{"floor":43,"key":"War Paint"},{"floor":46,"key":"Oddly Smooth Stone"},{"floor":48,"key":"Ancient Tea Set"},{"floor":49,"key":"Art of War"}],"event_choices":[{"damage_healed":0.0,"max_hp_gain":0.0,"max_hp_loss":0.0,"gold_gain":0.0,"event_name":"Shining Light","player_choice":"Entered Light","floor":4.0,"gold_loss":0.0,"damage_taken":23.0,"cards_upgraded":["Blood for Blood","Sword Boomerang"]},{"damage_healed":0.0,"max_hp_gain":0.0,"max_hp_loss":0.0,"gold_gain":0.0,"event_name":"FaceTrader","player_choice":"Trade","floor":8.0,"gold_loss":0.0,"damage_taken":0.0,"relics_obtained":["FaceOfCleric"]},{"damage_healed":0.0,"max_hp_gain":0.0,"max_hp_loss":0.0,"gold_gain":0.0,"event_name":"Upgrade Shrine","player_choice":"Upgraded","floor":19.0,"gold_loss":0.0,"damage_taken":0.0,"cards_upgraded":["Limit Break"]},{"damage_healed":0.0,"max_hp_gain":0.0,"max_hp_loss":0.0,"gold_gain":90.0,"event_name":"Knowing Skull","player_choice":"GOLD ","floor":29.0,"potions_obtained":[],"gold_loss":0.0,"damage_taken":12.0,"cards_obtained":[]},{"damage_healed":0,"gold_gain":0,"player_choice":"Ignored","damage_taken":0,"max_hp_gain":0,"max_hp_loss":0,"event_name":"Tomb of Lord Red Mask","floor":45,"gold_loss":0}],"is_beta":false,"boss_relics":[{"not_picked":["Ectoplasm","Runic Dome"],"picked":"Runic Pyramid"},{"not_picked":["Calling Bell","Tiny House"],"picked":"Fusion Hammer"}],"items_purged_floors":[22,42],"is_endless":false,"potions_floor_spawned":[3,5,11,14,16,20,25,27,31,36,38,44,48],"ascension_level":19}}