{"host":"65kd51pn5ju73m7v","time":1613777419,"event":{"mods":["Astrologer","BaseMod","BetterRewards","Colored Powertips","Hubris","Minty Spire (QoL Compilation)","StSLib","The Animator","The Cursed","The Gatherer","The Hierophant","The Mystic"],"gold_per_floor":[118,8,32,32,32,67,67,81,136,136,163,163,181,28,28,139,139,161,161,174,192,192,192,192,209,209,209,308,308,328,328,328],"floor_reached":31,"language":"ENG","playtime":2025,"items_purged":[],"score":243,"play_id":"9b7d1852-a1a6-4b1a-9346-195285a5cee9","local_time":"20210220003019","is_ascension_mode":false,"campfire_choices":[{"data":"animator:TsurugaMeisai","floor":7.0,"key":"SMITH"},{"data":"animator:Laby","floor":10.0,"key":"SMITH"},{"floor":12.0,"key":"REST"},{"data":"animator:KyokoSakura","floor":15.0,"key":"SMITH"},{"data":"animator:Saber","floor":23,"key":"SMITH"},{"floor":27,"key":"REST"},{"data":"animator:MisaKurobane","floor":29,"key":"SMITH"}],"circlet_count":0,"master_deck":["animator:Strike_Elsword","animator:Defend_Elsword","animator:Strike","animator:Strike","animator:Strike","animator:Defend","animator:Defend","animator:Defend","animator:Chung","animator:Raven","animator:Nanami+1","animator:YuiTsuruno","animator:Kuribayashi","animator:MisaKurobane+1","animator:Ciel+1","animator:TsurugaMeisai+1","animator:Laby+1","animator:KyokoSakura+1","animator:Saber+1","animator:Tyuule+1","animator:YachiyoNanami"],"relics":["animator:VividPicture","animator:TheMissingPiece","Tiny Chest","Oddly Smooth Stone","hubris:MedicalManual","Medical Kit","animator:BattleDrones","Sundial","Blue Candle"],"acts_visited":["Exordium","TheCity"],"potions_floor_usage":[21,25],"damage_taken":[{"damage":0.0,"enemies":"Cultist","floor":1.0,"turns":5.0},{"damage":0.0,"enemies":"2 Louse","floor":3.0,"turns":2.0},{"damage":21.0,"enemies":"3 Sentries","floor":6.0,"turns":11.0},{"damage":2.0,"enemies":"Small Slimes","floor":8.0,"turns":4.0},{"damage":16.0,"enemies":"Gremlin Nob","floor":11.0,"turns":5.0},{"damage":1.0,"enemies":"Red Slaver","floor":13.0,"turns":4.0},{"damage":43,"enemies":"Slime Boss","floor":16,"turns":11},{"damage":12,"enemies":"Spheric Guardian","floor":18,"turns":4},{"damage":4,"enemies":"Shell Parasite","floor":20,"turns":7},{"damage":14,"enemies":"Cultist and Chosen","floor":21,"turns":5},{"damage":0,"enemies":"Snecko","floor":25,"turns":4},{"damage":26,"enemies":"3 Cultists","floor":30,"turns":7},{"damage":17,"enemies":"Colosseum Slavers","floor":31,"turns":3}],"seed_played":"2191464944114125562","potions_obtained":[{"floor":1.0,"key":"PowerPotion"},{"floor":8.0,"key":"FearPotion"},{"floor":11.0,"key":"AttackPotion"},{"floor":20,"key":"DuplicationPotion"},{"floor":21,"key":"Energy Potion"}],"is_trial":false,"path_per_floor":["M","$","M","?","?","E","R","M","T","R","E","R","M","$","R","B",null,"M","?","M","M","$","R","T","M","T","R","?","R","M","?"],"character_chosen":"THE_ANIMATOR","items_purchased":["animator:Kuribayashi","animator:MisaKurobane","Medical Kit"],"campfire_rested":2,"item_purchase_floors":[2,2,14],"current_hp_per_floor":[66,66,66,66,66,45,45,44,44,44,28,48,47,47,47,4,67,55,55,51,37,37,37,37,37,37,57,57,57,31,14,14],"gold":328,"neow_bonus":"THREE_CARDS","is_daily":false,"chose_seed":false,"campfire_upgraded":5,"win_rate":0.0,"timestamp":1613777419,"path_taken":["M","$","?","?","?","E","R","M","T","R","E","R","?","$","R","BOSS","M","?","?","M","$","R","?","M","T","R","?","R","M","?"],"items_purchased_type":["Card","Card","Relic"],"build_version":"2020-12-22","purchased_purges":0,"victory":false,"max_hp_per_floor":[66,66,66,66,66,66,66,67,67,67,67,67,67,67,67,67,67,67,67,67,67,67,67,67,67,67,67,67,67,67,67,67],"card_choices":[{"not_picked":["animator:Shinoa","animator:MaesHughes"],"picked":"animator:Nanami","floor":0.0},{"not_picked":["animator:Yoichi","animator:Raven"],"picked":"animator:YuiTsuruno","floor":1.0},{"not_picked":["animator:ZankiKiguchi","animator:Shichika"],"picked":"animator:Ciel","floor":3.0},{"not_picked":["animator:Konayuki","animator:Elsword"],"picked":"animator:TsurugaMeisai","floor":6.0},{"not_picked":["animator:Raven","animator:Ciel"],"picked":"animator:Laby","floor":8.0},{"not_picked":["animator:OrikoMikuni","animator:TukaLunaMarceau","animator:KrulTepes"],"picked":"SKIP","floor":11.0},{"not_picked":["animator:Rena","animator:HigakiRinne"],"picked":"animator:KyokoSakura","floor":13.0},{"not_picked":["animator:Biyorigo","animator:Eve"],"picked":"animator:Saber","floor":16},{"not_picked":["animator:HiiragiShinya","animator:Gluttony+1"],"picked":"animator:Tyuule+1","floor":18},{"not_picked":["animator:KyokoSakura","animator:OrikoMikuni"],"picked":"animator:YachiyoNanami","floor":20},{"not_picked":["animator:Rena","animator:Yuuichirou","animator:Pride"],"picked":"SKIP","floor":21},{"not_picked":["animator:YuiTsuruno","animator:RinTohsaka","animator:OrikoMikuni"],"picked":"SKIP","floor":25},{"not_picked":["animator:OrikoMikuni","animator:TukaLunaMarceau","animator:Azekura"],"picked":"SKIP","floor":30}],"player_experience":454505,"relics_obtained":[{"floor":6.0,"key":"Tiny Chest"},{"floor":9.0,"key":"Oddly Smooth Stone"},{"floor":11.0,"key":"hubris:MedicalManual"},{"floor":24,"key":"Sundial"},{"floor":26,"key":"Blue Candle"}],"event_choices":[{"damage_healed":0.0,"max_hp_gain":0.0,"max_hp_loss":0.0,"gold_gain":0.0,"event_name":"Living Wall","player_choice":"Grow","floor":4.0,"gold_loss":0.0,"damage_taken":0.0,"cards_upgraded":["animator:Nanami"]},{"damage_healed":0.0,"max_hp_gain":0.0,"max_hp_loss":0.0,"gold_gain":0.0,"event_name":"Accursed Blacksmith","player_choice":"Forge","floor":5.0,"gold_loss":0.0,"damage_taken":0.0,"cards_upgraded":["animator:Ciel"]},{"damage_healed":0,"gold_gain":0,"player_choice":"Gave Potion","damage_taken":0,"relics_obtained":["animator:BattleDrones"],"max_hp_gain":0,"max_hp_loss":0,"event_name":"WeMeetAgain","floor":19,"gold_loss":0},{"damage_healed":0,"gold_gain":99,"player_choice":"Stole From Cult","damage_taken":0,"max_hp_gain":0,"max_hp_loss":0,"event_name":"Nest","floor":28,"gold_loss":0},{"damage_healed":0,"gold_gain":0,"player_choice":"Fight","damage_taken":0,"max_hp_gain":0,"max_hp_loss":0,"event_name":"Colosseum","floor":31,"gold_loss":0}],"is_beta":false,"boss_relics":[{"not_picked":["Mark of Pain","hubris:ScarierMask"],"picked":"animator:VividPicture"}],"items_purged_floors":[],"is_endless":false,"potions_floor_spawned":[1,8,11,20,21],"killed_by":"Colosseum Slavers","ascension_level":0}}