{"host":"qxeepl7ydvsgmfdb","time":1613745561,"event":{"mods":["AchievementEnabler","BaseMod","Colored Powertips","Minty Spire (QoL Compilation)","Quick Restart","slay the spire mod where everything is the same but ironclad has a cowboy hat"],"gold_per_floor":[113,113,188,188,208,208,226,254,281,121,136,162,172,11,11,88,88,107,107,107,107,119,150,165,11,36,52,67,77,107,107,107],"floor_reached":31,"language":"ENG","playtime":930,"items_purged":[],"score":577,"play_id":"7a3f0077-70a7-4efd-ab89-35967133d133","local_time":"20210219093921","is_ascension_mode":true,"campfire_choices":[{"data":"Blade Dance","floor":6.0,"key":"SMITH"},{"floor":15.0,"key":"REST"}],"circlet_count":0,"master_deck":["AscendersBane","Strike_G","Strike_G+1","Strike_G","Strike_G","Strike_G","Defend_G","Defend_G","Defend_G","Defend_G","Defend_G","Survivor","Neutralize","Slice+1","Blade Dance+1","Slice","Slice","Poisoned Stab","Backstab","Distraction","Phantasmal Killer","All Out Attack","Blade Dance","A Thousand Cuts","Blade Dance"],"relics":["Ring of the Snake","NeowsBlessing","Blood Vial","HornCleat","Snake Skull","PreservedInsect","Strawberry","Bronze Scales","Busted Crown","Vajra","Toy Ornithopter","Matryoshka"],"acts_visited":["Exordium","TheCity"],"potions_floor_usage":[31],"damage_taken":[{"damage":0.0,"enemies":"Jaw Worm","floor":1.0,"turns":1.0},{"damage":0.0,"enemies":"2 Louse","floor":5.0,"turns":1.0},{"damage":0.0,"enemies":"Cultist","floor":7.0,"turns":1.0},{"damage":0.0,"enemies":"Gremlin Nob","floor":8.0,"turns":2.0},{"damage":1.0,"enemies":"Red Slaver","floor":11.0,"turns":3.0},{"damage":20.0,"enemies":"Lagavulin","floor":12.0,"turns":4.0},{"damage":0.0,"enemies":"Large Slime","floor":13.0,"turns":4.0},{"damage":45.0,"enemies":"Hexaghost","floor":16.0,"turns":10.0},{"damage":0.0,"enemies":"Spheric Guardian","floor":18.0,"turns":3.0},{"damage":6.0,"enemies":"3 Byrds","floor":22.0,"turns":3.0},{"damage":4.0,"enemies":"Slavers","floor":23.0,"turns":4.0},{"damage":16.0,"enemies":"Snake Plant","floor":24.0,"turns":3.0},{"damage":16.0,"enemies":"Centurion and Healer","floor":27.0,"turns":5.0},{"damage":0.0,"enemies":"Snecko","floor":28.0,"turns":3.0},{"damage":3,"enemies":"Chosen and Byrds","floor":29,"turns":3},{"damage":19,"enemies":"Book of Stabbing","floor":30,"turns":4},{"damage":12,"enemies":"Snake Plant","floor":31,"turns":1}],"seed_played":"-8760247671577992401","potions_obtained":[{"floor":1.0,"key":"Strength Potion"},{"floor":7.0,"key":"Energy Potion"},{"floor":8.0,"key":"Swift Potion"},{"floor":21.0,"key":"EntropicBrew"},{"floor":21.0,"key":"EssenceOfSteel"},{"floor":22.0,"key":"SteroidPotion"},{"floor":27.0,"key":"Energy Potion"},{"floor":30,"key":"PowerPotion"}],"is_trial":false,"path_per_floor":["M","?","?","?","M","R","M","E","T","$","M","E","M","$","R","B",null,"M","?","?","?","M","E","M","$","T","M","M","M","E","M"],"character_chosen":"THE_SILENT","items_purchased":["PreservedInsect","Bronze Scales","A Thousand Cuts"],"campfire_rested":1,"item_purchase_floors":[10,14,25],"current_hp_per_floor":[59,39,28,28,30,30,32,34,34,34,35,24,26,26,47,4,56,58,58,37,37,33,31,17,17,17,8,20,19,2,0,0],"gold":107,"neow_bonus":"THREE_ENEMY_KILL","is_daily":false,"chose_seed":false,"campfire_upgraded":1,"win_rate":0.0,"timestamp":1613745561,"path_taken":["M","?","?","?","?","R","M","E","T","$","M","E","M","$","R","BOSS","M","?","?","?","M","E","?","$","T","M","M","?","E","M"],"items_purchased_type":["Relic","Relic","Card"],"build_version":"2020-12-22","purchased_purges":0,"victory":false,"max_hp_per_floor":[66,66,66,66,66,66,66,66,66,66,66,73,73,73,73,73,73,73,73,78,78,78,78,78,78,78,78,78,78,78,78,78],"card_choices":[{"not_picked":["PiercingWail","Reflex"],"picked":"Slice","floor":1.0},{"not_picked":["Acrobatics","Dodge and Roll"],"picked":"Blade Dance","floor":5.0},{"not_picked":["Bane","PiercingWail"],"picked":"Slice","floor":7.0},{"not_picked":["Sucker Punch","Acrobatics"],"picked":"Slice","floor":8.0},{"not_picked":["Eviscerate","Flechettes"],"picked":"Poisoned Stab","floor":11.0},{"not_picked":["Blur","Accuracy"],"picked":"Backstab","floor":12.0},{"not_picked":["Flechettes","Acrobatics"],"picked":"Distraction","floor":13.0},{"not_picked":["Malaise","Tools of the Trade"],"picked":"Phantasmal Killer","floor":16.0},{"not_picked":["Prepared"],"picked":"SKIP","floor":18.0},{"not_picked":["Blur+1"],"picked":"SKIP","floor":22.0},{"not_picked":["Flying Knee"],"picked":"SKIP","floor":23.0},{"not_picked":[],"picked":"Blade Dance","floor":24.0},{"not_picked":[],"picked":"Blade Dance","floor":27.0},{"not_picked":["Cloak And Dagger"],"picked":"SKIP","floor":28.0},{"not_picked":["Masterful Stab"],"picked":"SKIP","floor":29},{"not_picked":["Calculated Gamble+1"],"picked":"SKIP","floor":30}],"player_experience":176679,"relics_obtained":[{"floor":4.0,"key":"Blood Vial"},{"floor":8.0,"key":"HornCleat"},{"floor":9.0,"key":"Snake Skull"},{"floor":12.0,"key":"Strawberry"},{"floor":23.0,"key":"Vajra"},{"floor":26.0,"key":"Toy Ornithopter"},{"floor":30,"key":"Matryoshka"}],"event_choices":[{"damage_healed":0.0,"max_hp_gain":0.0,"max_hp_loss":0.0,"gold_gain":0.0,"event_name":"Shining Light","player_choice":"Entered Light","floor":2.0,"gold_loss":0.0,"damage_taken":20.0,"cards_upgraded":["Slice","Strike_G"]},{"damage_healed":0.0,"max_hp_gain":0.0,"max_hp_loss":0.0,"gold_gain":75.0,"event_name":"World of Goop","player_choice":"Gather Gold","floor":3.0,"gold_loss":0.0,"damage_taken":11.0},{"damage_healed":0.0,"max_hp_gain":0.0,"max_hp_loss":0.0,"gold_gain":0.0,"event_name":"Wheel of Change","player_choice":"Relic","floor":4.0,"gold_loss":0.0,"damage_taken":0.0},{"damage_healed":0.0,"max_hp_gain":0.0,"max_hp_loss":0.0,"gold_gain":0.0,"event_name":"The Library","player_choice":"Read","floor":19.0,"gold_loss":0.0,"damage_taken":0.0,"cards_obtained":["All Out Attack"]},{"damage_healed":0.0,"max_hp_gain":5.0,"max_hp_loss":0.0,"gold_gain":0.0,"event_name":"Forgotten Altar","player_choice":"Shed Blood","floor":20.0,"gold_loss":0.0,"damage_taken":26.0},{"damage_healed":0.0,"max_hp_gain":0.0,"max_hp_loss":0.0,"gold_gain":0.0,"event_name":"Lab","player_choice":"Got Potions","floor":21.0,"gold_loss":0.0,"damage_taken":0.0}],"is_beta":false,"boss_relics":[{"not_picked":["Ectoplasm","Cursed Key"],"picked":"Busted Crown"}],"items_purged_floors":[],"is_endless":false,"potions_floor_spawned":[1,7,8,22,27,30],"killed_by":"Snake Plant","ascension_level":17}}