{"host":"rw1trt79hfpl7pom","time":1613741747,"event":{"mods":["BaseMod","Bestiary","Colored Map","Jorbs\u0027s Wanderer Trilogy","Minty Spire (QoL Compilation)","Relic Stats","StSLib","SuperFastMode"],"gold_per_floor":[111,187,207,222,248,282,282,282,282,315,327,327,327,360,360,451,451,472,472,472,43,66,101,101,142,219,254,277,14,14,14,14,110,110,141,31,46,46,62,62,97,22,22,63,76,141,160,160,160,160,160,160,160,73,117,117,117],"floor_reached":56,"language":"ENG","playtime":6088,"items_purged":["stsjorbsmod:Strike_Wanderer"],"score":2087,"play_id":"6489499d-f361-4bf2-9508-b3b1272ac8d7","local_time":"20210219053547","is_ascension_mode":true,"campfire_choices":[{"floor":8.0,"key":"REST"},{"floor":12.0,"key":"REST"},{"data":"stsjorbsmod:ChatteringStrike","floor":15.0,"key":"SMITH"},{"data":"stsjorbsmod:IvoryTower","floor":24.0,"key":"SMITH"},{"data":"stsjorbsmod:Channel","floor":30.0,"key":"SMITH"},{"data":"stsjorbsmod:Will","floor":32.0,"key":"SMITH"},{"data":"stsjorbsmod:GatherPower","floor":40.0,"key":"SMITH"},{"floor":49.0,"key":"RECALL"},{"data":"stsjorbsmod:MirrorImage","floor":53.0,"key":"SMITH"}],"circlet_count":0,"master_deck":["AscendersBane","stsjorbsmod:ForbiddenGrimoire+1","stsjorbsmod:Strike_Wanderer+1","stsjorbsmod:Strike_Wanderer","stsjorbsmod:Defend_Wanderer","stsjorbsmod:Defend_Wanderer+1","stsjorbsmod:Defend_Wanderer","stsjorbsmod:Defend_Wanderer","stsjorbsmod:FreshAdventure","stsjorbsmod:EyeOfTheStorm","stsjorbsmod:TollTheDead+1","stsjorbsmod:Hibernate+1","stsjorbsmod:ChatteringStrike+1","stsjorbsmod:Will+1","stsjorbsmod:RefuseToForget","stsjorbsmod:DeathThroes","stsjorbsmod:MistyStep","stsjorbsmod:IvoryTower+1","stsjorbsmod:Channel+1","stsjorbsmod:ColorSpray","stsjorbsmod:Rest+1","stsjorbsmod:TinyHut","stsjorbsmod:LoseGrip+1","stsjorbsmod:Withdraw","PanicButton","stsjorbsmod:GatherPower+1","stsjorbsmod:Message","stsjorbsmod:GatherPower","stsjorbsmod:IvoryTower+1","stsjorbsmod:SmithingStrike+1","stsjorbsmod:MirrorImage+1","stsjorbsmod:ArcaneWeapon","stsjorbsmod:Stalwart"],"relics":["Runic Pyramid","Sundial","Ancient Tea Set","Letter Opener","Orichalcum","Golden Idol","Bottled Flame","Philosopher\u0027s Stone","FaceOfCleric","OrangePellets","HornCleat","Eternal Feather","Singing Bowl","Mercury Hourglass","Du-Vu Doll","Akabeko","Coffee Dripper","Meat on the Bone","stsjorbsmod:MindGlassRelic","Dead Branch","Bottled Tornado"],"acts_visited":["Exordium","TheCity","TheBeyond","TheEnding"],"potions_floor_usage":[56,56],"damage_taken":[{"damage":6.0,"enemies":"Cultist","floor":1.0,"turns":4.0},{"damage":0.0,"enemies":"2 Louse","floor":3.0,"turns":7.0},{"damage":0.0,"enemies":"Jaw Worm","floor":4.0,"turns":7.0},{"damage":9.0,"enemies":"2 Fungi Beasts","floor":5.0,"turns":6.0},{"damage":8.0,"enemies":"Gremlin Nob","floor":6.0,"turns":3.0},{"damage":2.0,"enemies":"3 Sentries","floor":10.0,"turns":7.0},{"damage":9.0,"enemies":"Exordium Thugs","floor":11.0,"turns":5.0},{"damage":0.0,"enemies":"Lagavulin","floor":14.0,"turns":7.0},{"damage":11.0,"enemies":"Slime Boss","floor":16.0,"turns":10.0},{"damage":3.0,"enemies":"Chosen","floor":18.0,"turns":7.0},{"damage":10.0,"enemies":"3 Byrds","floor":22.0,"turns":5.0},{"damage":0.0,"enemies":"Book of Stabbing","floor":23.0,"turns":4.0},{"damage":0.0,"enemies":"Slavers","floor":25.0,"turns":1.0},{"damage":1.0,"enemies":"Book of Stabbing","floor":27.0,"turns":6.0},{"damage":13.0,"enemies":"Centurion and Healer","floor":28.0,"turns":5.0},{"damage":13.0,"enemies":"Collector","floor":33.0,"turns":10.0},{"damage":8.0,"enemies":"Orb Walker","floor":35.0,"turns":4.0},{"damage":0.0,"enemies":"3 Shapes","floor":37.0,"turns":3.0},{"damage":0.0,"enemies":"Transient","floor":39.0,"turns":6.0},{"damage":16.0,"enemies":"Nemesis","floor":41.0,"turns":8.0},{"damage":24.0,"enemies":"Giant Head","floor":44.0,"turns":7.0},{"damage":0.0,"enemies":"Writhing Mass","floor":45.0,"turns":5.0},{"damage":2.0,"enemies":"2 Orb Walkers","floor":46.0,"turns":3.0},{"damage":0.0,"enemies":"Jaw Worm Horde","floor":47.0,"turns":2.0},{"damage":0.0,"enemies":"Transient","floor":48.0,"turns":6.0},{"damage":8.0,"enemies":"Time Eater","floor":50.0,"turns":10.0},{"damage":12.0,"enemies":"Awakened One","floor":51.0,"turns":8.0},{"damage":16.0,"enemies":"Shield and Spear","floor":55.0,"turns":7.0},{"damage":68,"enemies":"The Heart","floor":56,"turns":11}],"seed_played":"1010314426627196002","potions_obtained":[{"floor":4.0,"key":"BlessingOfTheForge"},{"floor":10.0,"key":"stsjorbsmod:DimensionDoorPotion"},{"floor":14.0,"key":"BlessingOfTheForge"},{"floor":23.0,"key":"AttackPotion"},{"floor":27.0,"key":"Strength Potion"},{"floor":37.0,"key":"LiquidMemories"},{"floor":47.0,"key":"GamblersBrew"}],"is_trial":false,"path_per_floor":["M","T","M","M","M","E","?","R","T","E","M","R","?","E","R","B",null,"M","?","?","$","M","E","R","E","T","E","M","$","R","?","R","B",null,"M","?","M","?","M","R","E","$","T","E","M","?","M","M","R","B","B",null,"R","$","E","B"],"character_chosen":"WANDERER","items_purchased":["OrangePellets","HornCleat","Akabeko","PanicButton","stsjorbsmod:Stalwart"],"campfire_rested":2,"item_purchase_floors":[21,21,29,29,54],"current_hp_per_floor":[52,52,52,52,43,35,16,35,35,33,24,43,43,43,43,32,52,49,49,49,49,40,41,53,54,54,54,42,42,57,57,63,51,61,56,56,57,57,60,71,56,56,56,45,46,47,48,49,67,60,49,73,81,81,68,0,0],"gold":117,"neow_bonus":"BOSS_RELIC","is_daily":false,"chose_seed":false,"campfire_upgraded":6,"win_rate":0.0,"timestamp":1613741747,"path_taken":["M","?","M","M","?","E","?","R","T","E","M","R","?","E","R","BOSS","M","?","?","$","M","E","R","E","T","E","?","$","R","?","R","BOSS","M","?","?","?","?","R","E","$","T","E","M","?","M","M","R","BOSS","BOSS","R","$","E","BOSS"],"items_purchased_type":["Relic","Relic","Relic","Card","Card"],"build_version":"2020-12-22","purchased_purges":1,"victory":false,"max_hp_per_floor":[64,64,64,64,64,64,64,64,64,64,64,64,58,58,58,58,58,58,58,58,58,59,60,60,61,61,62,63,63,63,63,63,64,64,67,67,68,68,71,71,72,72,72,73,74,77,78,79,79,80,81,81,81,81,84,84,84],"relic_stats":{"Singing Bowl":8,"counters":[29,174],"Golden Idol":175,"Dead Branch":[113],"Eternal Feather":70,"Letter Opener":[578],"Orichalcum":[96],"Mercury Hourglass":[318],"OrangePellets":[27],"FaceOfCleric":18,"Sundial":[22],"obtain_stats":[{"Singing Bowl":25,"Golden Idol":13,"Dead Branch":46,"stsjorbsmod:GrimoireRelic":0,"Eternal Feather":23,"Letter Opener":9,"Orichalcum":10,"Bottled Tornado":55,"Ancient Tea Set":6,"Akabeko":29,"Mercury Hourglass":26,"Du-Vu Doll":27,"OrangePellets":21,"Bottled Flame":14,"HornCleat":21,"FaceOfCleric":20,"Sundial":2,"Philosopher\u0027s Stone":17,"Coffee Dripper":34,"stsjorbsmod:MindGlassRelic":44,"Runic Pyramid":0,"Meat on the Bone":41},{"Singing Bowl":13,"Golden Idol":7,"Dead Branch":23,"stsjorbsmod:GrimoireRelic":0,"Eternal Feather":12,"Letter Opener":5,"Orichalcum":6,"Bottled Tornado":28,"Ancient Tea Set":5,"Akabeko":15,"Mercury Hourglass":13,"Du-Vu Doll":14,"OrangePellets":10,"Bottled Flame":8,"HornCleat":10,"FaceOfCleric":10,"Sundial":1,"Philosopher\u0027s Stone":9,"Coffee Dripper":16,"stsjorbsmod:MindGlassRelic":21,"Runic Pyramid":0,"Meat on the Bone":20},{"Singing Bowl":73,"Golden Idol":39,"Dead Branch":130,"stsjorbsmod:GrimoireRelic":0,"Eternal Feather":72,"Letter Opener":27,"Orichalcum":34,"Bottled Tornado":163,"Ancient Tea Set":27,"Akabeko":84,"Mercury Hourglass":73,"Du-Vu Doll":79,"OrangePellets":63,"Bottled Flame":46,"HornCleat":63,"FaceOfCleric":63,"Sundial":4,"Philosopher\u0027s Stone":56,"Coffee Dripper":94,"stsjorbsmod:MindGlassRelic":122,"Runic Pyramid":0,"Meat on the Bone":115}],"Meat on the Bone":12},"card_choices":[{"not_picked":["stsjorbsmod:ChainLightning","stsjorbsmod:BurningFlask"],"picked":"stsjorbsmod:TollTheDead","floor":1.0},{"not_picked":["stsjorbsmod:Index","stsjorbsmod:WeightOfMemory"],"picked":"stsjorbsmod:Hibernate","floor":3.0},{"not_picked":["stsjorbsmod:FranticSearch","stsjorbsmod:BlackTentacles"],"picked":"stsjorbsmod:ChatteringStrike","floor":4.0},{"not_picked":["stsjorbsmod:Mania","stsjorbsmod:DoubleCheck"],"picked":"stsjorbsmod:Will","floor":5.0},{"not_picked":["stsjorbsmod:Will","stsjorbsmod:WeightOfMemory"],"picked":"stsjorbsmod:RefuseToForget","floor":6.0},{"not_picked":["stsjorbsmod:Prestidigitation","stsjorbsmod:ChatteringStrike","stsjorbsmod:Will"],"picked":"SKIP","floor":10.0},{"not_picked":["stsjorbsmod:Firebolt","stsjorbsmod:BurningFlask"],"picked":"stsjorbsmod:DeathThroes","floor":11.0},{"not_picked":["stsjorbsmod:MageArmor","stsjorbsmod:Thorns"],"picked":"stsjorbsmod:MistyStep","floor":14.0},{"not_picked":["stsjorbsmod:SiphonEnergy","stsjorbsmod:ArcaneForm"],"picked":"stsjorbsmod:IvoryTower","floor":16.0},{"not_picked":["stsjorbsmod:MagicMissiles","stsjorbsmod:RayOfFrost"],"picked":"stsjorbsmod:Channel","floor":18.0},{"not_picked":["stsjorbsmod:FracturedMind","stsjorbsmod:Will"],"picked":"stsjorbsmod:Rest+1","floor":22.0},{"not_picked":["stsjorbsmod:Will","stsjorbsmod:Prepare","stsjorbsmod:WeightOfMemory"],"picked":"SKIP","floor":23.0},{"not_picked":["stsjorbsmod:Will","stsjorbsmod:Rest"],"picked":"stsjorbsmod:TinyHut","floor":25.0},{"not_picked":["stsjorbsmod:Materialize","stsjorbsmod:FlameWard"],"picked":"stsjorbsmod:LoseGrip+1","floor":27.0},{"not_picked":["stsjorbsmod:Stalwart","stsjorbsmod:MageArmor"],"picked":"stsjorbsmod:Withdraw","floor":28.0},{"not_picked":["stsjorbsmod:Fireball","stsjorbsmod:Pyromancy"],"picked":"stsjorbsmod:GatherPower","floor":33.0},{"not_picked":["stsjorbsmod:AnimateObjects","stsjorbsmod:WanderingMind","stsjorbsmod:ArcaneWeapon"],"picked":"Singing Bowl","floor":35.0},{"not_picked":["stsjorbsmod:Thorns","stsjorbsmod:RayOfFrost"],"picked":"stsjorbsmod:Message","floor":37.0},{"not_picked":["stsjorbsmod:UnseenServant","stsjorbsmod:RayOfFrost+1","stsjorbsmod:Materialize"],"picked":"Singing Bowl","floor":39.0},{"not_picked":["stsjorbsmod:Materialize","stsjorbsmod:BlackTentacles"],"picked":"stsjorbsmod:IvoryTower","floor":41.0},{"not_picked":["stsjorbsmod:Hurt","stsjorbsmod:ParryingBlow"],"picked":"stsjorbsmod:SmithingStrike+1","floor":44.0},{"not_picked":["stsjorbsmod:BurningFlask","stsjorbsmod:BlackTentacles"],"picked":"stsjorbsmod:MirrorImage","floor":45.0},{"not_picked":["stsjorbsmod:DoubleCheck","stsjorbsmod:Prepare+1","stsjorbsmod:FlameWard"],"picked":"Singing Bowl","floor":46.0},{"not_picked":["stsjorbsmod:Mending","stsjorbsmod:Thorns+1"],"picked":"stsjorbsmod:ArcaneWeapon","floor":47.0},{"not_picked":["stsjorbsmod:DisguiseSelf","stsjorbsmod:SchoolsOfMagic+1","stsjorbsmod:ParryingBlow"],"picked":"Singing Bowl","floor":55.0}],"player_experience":2804308,"relics_obtained":[{"floor":2.0,"key":"Sundial"},{"floor":6.0,"key":"Ancient Tea Set"},{"floor":9.0,"key":"Letter Opener"},{"floor":10.0,"key":"Orichalcum"},{"floor":14.0,"key":"Bottled Flame"},{"floor":23.0,"key":"Eternal Feather"},{"floor":25.0,"key":"Singing Bowl"},{"floor":26.0,"key":"Mercury Hourglass"},{"floor":27.0,"key":"Du-Vu Doll"},{"floor":41.0,"key":"Meat on the Bone"},{"floor":44.0,"key":"stsjorbsmod:MindGlassRelic"},{"floor":46.0,"key":"Dead Branch"},{"floor":55.0,"key":"Bottled Tornado"}],"event_choices":[{"damage_healed":0.0,"max_hp_gain":0.0,"max_hp_loss":0.0,"gold_gain":0.0,"event_name":"Shining Light","player_choice":"Entered Light","floor":7.0,"gold_loss":0.0,"damage_taken":19.0,"cards_upgraded":["stsjorbsmod:TollTheDead","stsjorbsmod:Strike_Wanderer"]},{"damage_healed":0.0,"max_hp_gain":0.0,"max_hp_loss":6.0,"gold_gain":0.0,"event_name":"Golden Idol","player_choice":"Lose Max HP","floor":13.0,"gold_loss":0.0,"damage_taken":0.0,"relics_obtained":["Golden Idol"]},{"damage_healed":0.0,"max_hp_gain":0.0,"max_hp_loss":0.0,"gold_gain":0.0,"event_name":"The Library","player_choice":"Read","floor":19.0,"gold_loss":0.0,"damage_taken":0.0,"cards_obtained":["stsjorbsmod:ColorSpray"]},{"damage_healed":0.0,"max_hp_gain":0.0,"max_hp_loss":0.0,"gold_gain":0.0,"event_name":"FaceTrader","player_choice":"Trade","floor":20.0,"gold_loss":0.0,"damage_taken":0.0,"relics_obtained":["FaceOfCleric"]},{"damage_healed":0.0,"max_hp_gain":0.0,"max_hp_loss":0.0,"gold_gain":0.0,"event_name":"Vampires","player_choice":"Ignored","floor":31.0,"gold_loss":0.0,"damage_taken":0.0},{"cards_removed":["stsjorbsmod:Strike_Wanderer"],"damage_healed":0.0,"max_hp_gain":0.0,"max_hp_loss":0.0,"gold_gain":0.0,"event_name":"Designer","player_choice":"Upgrade and Remove","floor":36.0,"gold_loss":110.0,"damage_taken":0.0,"cards_upgraded":["stsjorbsmod:Hibernate"]},{"damage_healed":0.0,"max_hp_gain":0.0,"max_hp_loss":0.0,"gold_gain":0.0,"event_name":"Duplicator","player_choice":"Copied","floor":38.0,"gold_loss":0.0,"damage_taken":0.0,"cards_obtained":["stsjorbsmod:GatherPower"]},{"damage_healed":0.0,"max_hp_gain":0.0,"max_hp_loss":0.0,"gold_gain":0.0,"event_name":"Mysterious Sphere","player_choice":"Fight","floor":46.0,"gold_loss":0.0,"damage_taken":0.0}],"is_beta":false,"boss_relics":[{"not_picked":["Tiny House","Calling Bell"],"picked":"Philosopher\u0027s Stone"},{"not_picked":["Empty Cage","Snecko Eye"],"picked":"Coffee Dripper"}],"items_purged_floors":[42],"is_endless":false,"potions_floor_spawned":[4,10,14,23,27,37,44,46,47],"killed_by":"The Heart","ascension_level":20}}