{"host":"o1wkfo8ppvrprpet","time":1613709736,"event":{"mods":["Aspiration","Astrologer","BaseMod","CapriCore","Colored Powertips","Koishi","Minty Spire (QoL Compilation)","MostiFishMod","Reimu£¨²©ÀöÁéÃÎ£©","Replay The Spire","RumiaBox-Â¶Ã×æ«µÄÉñÃØºÐ×Ó","Spicy Shops","StSLib","The Administrix","The Gatherer","The Immortal","Waifu the Spire","Yakumo Yukari mod"],"gold_per_floor":[116,116,116,191,204,204,230,230,230,230,245,91,109,139,139,139,139],"floor_reached":16,"language":"ZHS","playtime":432,"items_purged":["Strike_R"],"score":246,"play_id":"1bf57263-620c-4087-bab5-07cbcad09b3e","local_time":"20210219124216","is_ascension_mode":true,"campfire_choices":[{"data":"Armaments","floor":6,"key":"SMITH"},{"data":"Limit Break","floor":8,"key":"SMITH"},{"data":"Heavy Blade","floor":10,"key":"SMITH"},{"data":"Rupture","floor":15,"key":"SMITH"}],"circlet_count":0,"master_deck":["AscendersBane","Strike_R","Strike_R","Strike_R","Defend_R","Defend_R","Defend_R","Defend_R","Bash","Armaments+1","Heavy Blade+1","Shrug It Off","Limit Break+1","ReplayTheSpireMod:Muscle Training","Rupture+1","Sword Boomerang","Cleave"],"relics":["Burning Blood","DaveBox","NeowsBlessing","SynthV:TestCard","Juzu Bracelet","Bottled Lightning","Prayer Wheel"],"acts_visited":["Exordium"],"potions_floor_usage":[14,16],"damage_taken":[{"damage":0,"enemies":"Jaw Worm","floor":1,"turns":1},{"damage":0,"enemies":"Small Slimes","floor":5,"turns":1},{"damage":0,"enemies":"Lagavulin","floor":7,"turns":1},{"damage":4,"enemies":"Cultist","floor":11,"turns":5},{"damage":14,"enemies":"Looter","floor":13,"turns":5},{"damage":18,"enemies":"3 Sentries","floor":14,"turns":7},{"damage":69,"enemies":"Fading Forest","floor":16,"turns":9}],"seed_played":"4984603073300432700","potions_obtained":[{"floor":7,"key":"SpeedPotion"},{"floor":11,"key":"AttackPotion"},{"floor":13,"key":"FearPotion"},{"floor":14,"key":"EssenceOfSteel"}],"is_trial":false,"path_per_floor":["M","?","?","?","M","R","E","R","T","R","M","$","M","E","R","B"],"character_chosen":"IRONCLAD","items_purchased":["Rupture"],"campfire_rested":0,"item_purchase_floors":[12],"current_hp_per_floor":[74,79,79,68,74,74,80,80,80,80,80,80,72,60,60,0,0],"gold":139,"neow_bonus":"THREE_ENEMY_KILL","is_daily":false,"chose_seed":false,"campfire_upgraded":4,"win_rate":0.0,"timestamp":1613709736,"path_taken":["M","?","?","?","M","R","E","R","T","R","M","$","M","E","R","BOSS"],"items_purchased_type":["Card"],"build_version":"2020-12-22","purchased_purges":1,"victory":false,"max_hp_per_floor":[75,80,80,80,80,80,80,80,80,80,80,80,80,80,80,80,80],"card_choices":[{"not_picked":["Warcry","Wild Strike"],"picked":"Armaments","floor":1},{"not_picked":["Iron Wave","Replay:Undeath\u0027s Touch","Pommel Strike","Rage"],"picked":"Shrug It Off","floor":5},{"not_picked":["Anger","Cleave","Bloodletting","Armaments"],"picked":"Limit Break","floor":7},{"not_picked":["Shrug It Off","Iron Wave","Cleave","Sword Boomerang"],"picked":"ReplayTheSpireMod:Muscle Training","floor":11},{"not_picked":["Uppercut","Heavy Blade","Thunderclap","Pommel Strike"],"picked":"Sword Boomerang","floor":13},{"not_picked":["Armaments","Life Link","Sword Boomerang","Sever Soul"],"picked":"Cleave","floor":14}],"player_experience":635245,"relics_obtained":[{"floor":1,"key":"SynthV:TestCard"},{"floor":7,"key":"Juzu Bracelet"},{"floor":9,"key":"Bottled Lightning"},{"floor":14,"key":"Prayer Wheel"}],"event_choices":[{"damage_healed":0,"gold_gain":0,"player_choice":"Donut","damage_taken":0,"max_hp_gain":5,"max_hp_loss":0,"event_name":"Big Fish","floor":2,"gold_loss":0},{"damage_healed":0,"gold_gain":0,"cards_transformed":["Strike_R"],"player_choice":"Change","damage_taken":0,"max_hp_gain":0,"max_hp_loss":0,"event_name":"Living Wall","floor":3,"gold_loss":0,"cards_obtained":["Heavy Blade"]},{"damage_healed":0,"gold_gain":75,"player_choice":"Gather Gold","damage_taken":11,"max_hp_gain":0,"max_hp_loss":0,"event_name":"World of Goop","floor":4,"gold_loss":0}],"is_beta":false,"boss_relics":[],"items_purged_floors":[12],"is_endless":false,"potions_floor_spawned":[7,11,13,14],"killed_by":"Fading Forest","ascension_level":17}}