{"host":"8elhr9pirthjn68a","time":1613752586,"event":{"mods":["ATMod(阿瑾Mod)","Act Like it!","Arknights","BaseMod","HumanHunterMod(怪物杀人mod)","Marisa（F雨　魔理沙）","Minty Spire (QoL Compilation)","Reimu（博丽灵梦）","RumiaBox-露米娅的神秘盒子","Ryuuou龙王","StSLib","TestMod","【功能Mod】聪明的最终Boss","【遗物卡牌】REMEMod"],"gold_per_floor":[112,112,112,42,42,58,58,85,156,156,164,164,177,12,12,110,110,122,102,117,117,117],"floor_reached":21,"language":"ZHS","playtime":857,"items_purged":[],"score":210,"play_id":"4464d803-f9f3-4d33-ae6b-1ff031b7df37","local_time":"20210220003626","is_ascension_mode":false,"campfire_choices":[{"data":"AT_ThunderBolt","floor":7,"key":"SMITH"},{"floor":10,"key":"REST"},{"data":"Echo Form","floor":12,"key":"SMITH"},{"data":"Electrodynamics","floor":15,"key":"SMITH"}],"circlet_count":0,"master_deck":["Zap","AT_KneejerkReflex","Electrodynamics+1","Echo Form+1","Tempest","AT_ThunderBolt+1","Genetic Algorithm","Coolheaded","Turbo","Turbo","Cold Snap","REME_Whirling","Streamline"],"relics":["Cracked Core","testmod-TestBox","AT_ATBox","testmod-KeyOfTheVoid","Baka","AT_ATBox","Unceasing Top","Unceasing Top","Regal Pillow","testmod-DragonStarHat","testmod-IndustrialRevolution","testmod-BatchProcessingSystem"],"acts_visited":["Exordium","TheCity"],"potions_floor_usage":[11],"damage_taken":[{"damage":35,"enemies":"Jaw Worm","floor":1,"turns":6},{"damage":13,"enemies":"2 Louse","floor":6,"turns":2},{"damage":28,"enemies":"Lagavulin","floor":8,"turns":10},{"damage":0,"enemies":"3 Sentries","floor":11,"turns":5},{"damage":0,"enemies":"Cultist","floor":13,"turns":3},{"damage":23,"enemies":"Hexaghost","floor":16,"turns":9},{"damage":29,"enemies":"2 Thieves","floor":18,"turns":2},{"damage":3,"enemies":"Chosen","floor":20,"turns":1},{"damage":51,"enemies":"Centurion and Healer","floor":21,"turns":4}],"seed_played":"-8896581938362556653","potions_obtained":[{"floor":6,"key":"Energy Potion"},{"floor":13,"key":"Explosive Potion"},{"floor":16,"key":"FearPotion"},{"floor":19,"key":"CultistPotion"},{"floor":20,"key":"PotionOfCapacity"}],"is_trial":false,"path_per_floor":["M","?","?","$","?","M","R","E","T","R","E","R","M","$","R","B",null,"M","?","M","M"],"character_chosen":"DEFECT","items_purchased":["AT_ThunderBolt","REME_Whirling","Rebound","Static Discharge"],"campfire_rested":1,"item_purchase_floors":[4,14,14,14],"current_hp_per_floor":[40,40,33,33,33,20,20,7,7,44,50,50,50,50,50,33,75,46,46,43,0,0],"gold":117,"neow_bonus":"ONE_RANDOM_RARE_CARD","is_daily":false,"chose_seed":false,"campfire_upgraded":3,"win_rate":0.0,"timestamp":1613752586,"path_taken":["M","?","?","$","?","M","R","E","T","R","E","R","M","$","R","BOSS","M","?","?","M"],"items_purchased_type":["Card","Card","Card","Card"],"build_version":"2020-12-22","purchased_purges":0,"victory":false,"max_hp_per_floor":[75,75,75,75,75,75,75,75,75,75,75,75,75,75,75,75,75,75,75,75,75,75],"card_choices":[{"not_picked":["Steam","Force Field"],"picked":"Tempest","floor":1},{"not_picked":["AT_DarkMatter","Rebound"],"picked":"Coolheaded","floor":6},{"not_picked":["Scrape","Sweeping Beam"],"picked":"Turbo","floor":8},{"not_picked":["REME_DataAnalysis","Stack"],"picked":"Turbo","floor":11},{"not_picked":["Loop","Redo"],"picked":"Cold Snap","floor":13},{"not_picked":["Biased Cognition","Seek"],"picked":"REME_Shoggoth","floor":16},{"not_picked":["Rebound","Conserve Battery"],"picked":"Static Discharge","floor":18},{"not_picked":["Darkness","Compile Driver+1"],"picked":"Streamline","floor":20}],"player_experience":133089,"relics_obtained":[{"floor":1,"key":"Baka"},{"floor":6,"key":"Unceasing Top"},{"floor":6,"key":"Unceasing Top"},{"floor":8,"key":"Regal Pillow"},{"floor":9,"key":"testmod-DragonStarHat"},{"floor":11,"key":"testmod-IndustrialRevolution"}],"event_choices":[{"damage_healed":0,"gold_gain":0,"player_choice":"Swap Relic","damage_taken":0,"relics_obtained":["AT_ATBox"],"max_hp_gain":0,"max_hp_loss":0,"event_name":"给自己的盒子","floor":2,"relics_lost":["REME_ComplimentaryCards"],"gold_loss":0},{"cards_removed":["Defend_B"],"damage_healed":0,"gold_gain":0,"player_choice":"Card Removal","damage_taken":7,"max_hp_gain":0,"max_hp_loss":0,"event_name":"Golden Wing","floor":3,"gold_loss":0},{"damage_healed":0,"gold_gain":0,"cards_transformed":["Strike_B"],"player_choice":"Change","damage_taken":0,"max_hp_gain":0,"max_hp_loss":0,"event_name":"Living Wall","floor":5,"gold_loss":0,"cards_obtained":["Genetic Algorithm"]},{"damage_healed":0,"gold_gain":0,"player_choice":"Bought 1 Potion","damage_taken":0,"max_hp_gain":0,"max_hp_loss":0,"event_name":"The Woman in Blue","floor":19,"gold_loss":0}],"is_beta":false,"boss_relics":[{"not_picked":["testmod-HarvestTotem","testmod-TimeTraveler"],"picked":"testmod-BatchProcessingSystem"}],"items_purged_floors":[],"is_endless":false,"potions_floor_spawned":[6,13,16,20],"killed_by":"Centurion and Healer","ascension_level":0}}