{"host":"ws4mzzemcqsz5e2k","time":1613744194,"event":{"mods":["Act Like it!","BaseMod","Colored Powertips","Hermit","Minty Spire (QoL Compilation)","Quick Restart","Relic Filter Mod","StSLib"],"gold_per_floor":[112,112,122,138,163,163,195,195,218,218,218],"floor_reached":10,"language":"ZHS","playtime":452,"items_purged":[],"score":232,"play_id":"8a59644f-1dac-49cc-a315-a9910ce4c347","local_time":"20210219221634","daily_mods":["Heirloom","Uncertain Future"],"is_ascension_mode":true,"campfire_choices":[{"data":"hermit:Snapshot","floor":6.0,"key":"SMITH"},{"floor":8.0,"key":"REST"}],"circlet_count":0,"master_deck":["AscendersBane","hermit:Strike_Hermit","hermit:Strike_Hermit","hermit:Strike_Hermit","hermit:Defend_Hermit","hermit:Defend_Hermit","hermit:Defend_Hermit","hermit:Defend_Hermit","hermit:Snapshot+1","hermit:Covet","hermit:PistolWhip","hermit:Gestalt","hermit:Deadeye"],"relics":["hermit:Momento","Prayer Wheel","Blood Vial","Toxic Egg 2","Omamori"],"acts_visited":["Exordium"],"potions_floor_usage":[],"damage_taken":[{"damage":7.0,"enemies":"Small Slimes","floor":1.0,"turns":4.0},{"damage":1.0,"enemies":"Cultist","floor":3.0,"turns":4.0},{"damage":2.0,"enemies":"2 Louse","floor":4.0,"turns":2.0},{"damage":49.0,"enemies":"3 Sentries","floor":7.0,"turns":12.0},{"damage":30,"enemies":"Gremlin Nob","floor":10,"turns":4}],"seed_played":"3211748408959556882","potions_obtained":[{"floor":1.0,"key":"EssenceOfSteel"},{"floor":3.0,"key":"Explosive Potion"},{"floor":7.0,"key":"GamblersBrew"}],"is_trial":true,"path_per_floor":["M","?","M","M","T","R","E","R","T","E"],"character_chosen":"HERMIT","items_purchased":[],"campfire_rested":1,"item_purchase_floors":[],"current_hp_per_floor":[57,57,56,54,54,54,7,28,28,0,0],"gold":218,"neow_bonus":"","is_daily":false,"chose_seed":false,"campfire_upgraded":1,"win_rate":0.0,"timestamp":1613744194,"path_taken":["M","?","?","M","?","R","E","R","T","E"],"items_purchased_type":[],"build_version":"2020-12-22","purchased_purges":0,"victory":false,"max_hp_per_floor":[71,71,71,71,71,71,71,71,71,71,71],"card_choices":[{"not_picked":["hermit:BodyArmor","hermit:DeadMansHand"],"picked":"hermit:PistolWhip","floor":1.0},{"not_picked":["hermit:PistolWhip","hermit:Glare","hermit:Shortfuse"],"picked":"SKIP","floor":1.0},{"not_picked":["hermit:SprayPray","hermit:HighCaliber"],"picked":"hermit:Gestalt","floor":3.0},{"not_picked":["hermit:HighCaliber","hermit:FullyLoaded","hermit:Dive"],"picked":"SKIP","floor":3.0},{"not_picked":["hermit:HighCaliber","hermit:FullyLoaded","hermit:Dive"],"picked":"SKIP","floor":3.0},{"not_picked":["hermit:Horror","hermit:ItchyTrigger","hermit:Manifest"],"picked":"SKIP","floor":4.0},{"not_picked":["hermit:HighCaliber","hermit:WideOpen","hermit:HoleUp"],"picked":"SKIP","floor":4.0},{"not_picked":["hermit:TrackingShot","hermit:Desperado"],"picked":"hermit:Deadeye","floor":7.0}],"player_experience":1598505,"relics_obtained":[{"floor":5.0,"key":"Blood Vial"},{"floor":7.0,"key":"Toxic Egg 2"},{"floor":9.0,"key":"Omamori"}],"event_choices":[{"cards_removed":["hermit:Strike_Hermit"],"damage_healed":0.0,"max_hp_gain":0.0,"max_hp_loss":0.0,"gold_gain":0.0,"event_name":"Bonfire Elementals","player_choice":"Offered Basic","floor":2.0,"gold_loss":0.0,"damage_taken":0.0}],"is_beta":false,"boss_relics":[],"items_purged_floors":[],"is_endless":true,"potions_floor_spawned":[1,3,7],"killed_by":"Gremlin Nob","ascension_level":20}}