{"host":"jngeqill3bw7azzz","time":1613776185,"event":{"mods":["BaseMod","Highlight Path","Minty Spire (QoL Compilation)","Permanent Neow","Relic Stats"],"gold_per_floor":[364,364,364,116,136,170,245,279,279,279,13,13,26,62,62,152,152,165,190,190,190,190],"floor_reached":21,"language":"ENG","playtime":727,"items_purged":["Defend_R","Strike_R"],"score":540,"play_id":"4e2f982b-32b3-4e59-94cc-454b7b48841c","local_time":"20210219180945","is_ascension_mode":true,"campfire_choices":[{"floor":12,"key":"REST"},{"data":"Fiend Fire","floor":15,"key":"SMITH"}],"circlet_count":0,"master_deck":["AscendersBane","Strike_R","Strike_R","Strike_R","Strike_R+1","Defend_R","Defend_R","Defend_R","Bash","Headbutt","Twin Strike+1","Sword Boomerang","Uppercut+1","Intimidate","Thunderclap","Sword Boomerang","Fiend Fire+1","Fiend Fire"],"relics":["Burning Blood","Calipers","Golden Idol","Brimstone","Omamori","WingedGreaves","Pocketwatch","Kunai","Cursed Key"],"acts_visited":["Exordium","TheCity"],"potions_floor_usage":[6,10,19],"damage_taken":[{"damage":7,"enemies":"Jaw Worm","floor":1,"turns":3},{"damage":0,"enemies":"Small Slimes","floor":5,"turns":2},{"damage":23,"enemies":"Lagavulin","floor":6,"turns":4},{"damage":10,"enemies":"Gremlin Nob","floor":8,"turns":3},{"damage":8,"enemies":"2 Louse","floor":13,"turns":2},{"damage":0,"enemies":"Lagavulin","floor":14,"turns":4},{"damage":0,"enemies":"Slime Boss","floor":16,"turns":4},{"damage":0,"enemies":"Spheric Guardian","floor":18,"turns":2},{"damage":41,"enemies":"3 Byrds","floor":19,"turns":4},{"damage":27,"enemies":"Snake Plant","floor":21,"turns":1}],"seed_played":"-1231195367688142959","potions_obtained":[{"floor":5,"key":"Strength Potion"},{"floor":6,"key":"BloodPotion"},{"floor":13,"key":"EntropicBrew"},{"floor":14,"key":"Strength Potion"},{"floor":19,"key":"PowerPotion"}],"is_trial":false,"path_per_floor":["M","?","?","$","M","E","?","E","T","?","$","R","M","E","R","B",null,"M","M","?","M"],"character_chosen":"IRONCLAD","items_purchased":["Brimstone","Intimidate","Thunderclap","Sword Boomerang"],"campfire_rested":1,"item_purchase_floors":[4,11,11,11],"current_hp_per_floor":[67,41,41,41,47,30,19,15,15,8,8,26,24,30,30,36,56,62,27,27,0,0],"gold":190,"neow_bonus":"TWO_FIFTY_GOLD","is_daily":false,"chose_seed":false,"campfire_upgraded":1,"win_rate":0.0,"timestamp":1613776185,"path_taken":["M","?","?","$","M","E","?","E","T","?","$","R","M","E","R","BOSS","M","M","?","M"],"items_purchased_type":["Relic","Card","Card","Card"],"build_version":"2020-12-22","purchased_purges":2,"victory":false,"max_hp_per_floor":[68,68,62,62,62,62,62,62,62,62,62,62,62,62,62,62,62,62,62,62,62,62],"relic_stats":{"counters":[10,29],"Golden Idol":54,"Kunai":[6],"Cursed Key":0,"obtain_stats":[{"Calipers":2,"Golden Idol":3,"Brimstone":4,"WingedGreaves":8,"Omamori":6,"Kunai":14,"Cursed Key":17,"Burning Blood":0,"Pocketwatch":9},{"Calipers":1,"Golden Idol":1,"Brimstone":1,"WingedGreaves":4,"Omamori":3,"Kunai":6,"Cursed Key":7,"Burning Blood":0,"Pocketwatch":4},{"Calipers":3,"Golden Idol":3,"Brimstone":3,"WingedGreaves":12,"Omamori":9,"Kunai":18,"Cursed Key":22,"Burning Blood":0,"Pocketwatch":12}],"Burning Blood":54,"Pocketwatch":[30]},"card_choices":[{"not_picked":["Flex","Pummel"],"picked":"Headbutt","floor":1},{"not_picked":["Seeing Red","Pommel Strike"],"picked":"Twin Strike","floor":5},{"not_picked":["Seeing Red","Clothesline"],"picked":"Sword Boomerang","floor":6},{"not_picked":["Flame Barrier","Infernal Blade"],"picked":"Uppercut","floor":8},{"not_picked":["Sever Soul","Entrench","Clash"],"picked":"SKIP","floor":13},{"not_picked":["Anger","Shrug It Off"],"picked":"Fiend Fire","floor":14},{"not_picked":["Brutality","Juggernaut"],"picked":"Fiend Fire","floor":16},{"not_picked":["Armaments","Wild Strike","Sentinel"],"picked":"SKIP","floor":18},{"not_picked":["Hemokinesis","Combust","Sentinel"],"picked":"SKIP","floor":19}],"player_experience":2659881,"relics_obtained":[{"floor":6,"key":"Omamori"},{"floor":8,"key":"WingedGreaves"},{"floor":9,"key":"Pocketwatch"},{"floor":14,"key":"Kunai"}],"event_choices":[{"damage_healed":0,"gold_gain":0,"player_choice":"Success","damage_taken":26,"relics_obtained":["Calipers"],"max_hp_gain":0,"max_hp_loss":0,"event_name":"Scrap Ooze","floor":2,"gold_loss":0},{"damage_healed":0,"gold_gain":0,"player_choice":"Lose Max HP","damage_taken":0,"relics_obtained":["Golden Idol"],"max_hp_gain":0,"max_hp_loss":6,"event_name":"Golden Idol","floor":3,"gold_loss":0},{"damage_healed":0,"gold_gain":75,"player_choice":"Gather Gold","damage_taken":11,"max_hp_gain":0,"max_hp_loss":0,"event_name":"World of Goop","floor":7,"gold_loss":0},{"damage_healed":0,"gold_gain":0,"player_choice":"Entered Light","damage_taken":19,"max_hp_gain":0,"max_hp_loss":0,"event_name":"Shining Light","floor":10,"gold_loss":0,"cards_upgraded":["Twin Strike","Strike_R"]},{"damage_healed":0,"gold_gain":0,"player_choice":"Forge","damage_taken":0,"max_hp_gain":0,"max_hp_loss":0,"event_name":"Accursed Blacksmith","floor":20,"gold_loss":0,"cards_upgraded":["Uppercut"]}],"is_beta":false,"boss_relics":[{"not_picked":["Black Blood","SacredBark"],"picked":"Cursed Key"}],"items_purged_floors":[4,11],"is_endless":false,"potions_floor_spawned":[5,6,13,14,19],"killed_by":"Snake Plant","ascension_level":20}}