{"host":"xp27heuvanyklt0b","time":1613741678,"event":{"mods":["100% Spire Juice","BaseMod","CapriCore","Koishi","Lobotomy","Minty Spire (QoL Compilation)","StSLib","The Immortal"],"gold_per_floor":[114,126,1,1,1,1,11,11,37,67,78,78,96,110,110,210,210,229,229,11,30,30,30,41,41,67,67,15,15,42,54,54,149,149,163,102,117,117,133,133,133],"floor_reached":40,"language":"KOR","playtime":2134,"items_purged":["Pain"],"score":490,"play_id":"b91aebc5-0fef-457e-b8a9-0eb35a1e1a9e","local_time":"20210219223438","is_ascension_mode":true,"campfire_choices":[{"data":"Koishi:TraumaticStroke","floor":6,"key":"SMITH"},{"data":"Koishi:ImGoingToCallYouNow","floor":12,"key":"SMITH"},{"data":"Koishi:StingingMind","floor":15,"key":"SMITH"},{"data":"Koishi:TerrifyingSpectre","floor":23,"key":"SMITH"},{"floor":25,"key":"REST"},{"data":"Koishi:JumpScare","floor":29,"key":"SMITH"},{"floor":32,"key":"REST"}],"circlet_count":0,"master_deck":["Koishi:BasicStrike+1","Koishi:BasicDefend+1","Koishi:BasicDefend+1","Koishi:BasicDefend+1","Koishi:BasicDefend+1","Koishi:Provoke","Koishi:HauntingSlash","Flash of Steel","Koishi:ReflexRadar","Koishi:StingingMind+1","Koishi:CatchAndRose","Koishi:TraumaticStroke+1","Koishi:YoukaiPolygraph","Koishi:SpiritedAway","Koishi:PhantomBarrier","Koishi:ImGoingToCallYouNow+1","Koishi:FleetingPhantom","Koishi:PhantomBarrier","Koishi:TerrifyingSpectre+1","Koishi:HeartAttack+1","Koishi:SpiritedAway","Koishi:RacingHeart","Koishi:UnansweredLove+1","Koishi:TremblingHands","Koishi:JumpScare+1","Koishi:DreadfulBlow","Koishi:DreadfulBlow","Koishi:MentalBreakdown","Koishi:FadingMemory+1","Koishi:Bloodlust+1","Koishi:UnansweredLove+1","Koishi:MindNumbingTerror+1","Koishi:LastRemote+1","Koishi:ReleaseOfTheId+1"],"relics":["Koishi:ImaginaryFriend","Nunchaku","Dream Catcher","SlaversCollar","WarpedTongs","MealTicket","Du-Vu Doll","Astrolabe","Potion Belt"],"acts_visited":["Exordium","TheCity","TheBeyond"],"potions_floor_usage":[16,18,21,30,33,33,35],"damage_taken":[{"damage":0,"enemies":"2 Louse","floor":1,"turns":3},{"damage":1,"enemies":"Cultist","floor":2,"turns":5},{"damage":2,"enemies":"Jaw Worm","floor":7,"turns":4},{"damage":5,"enemies":"Gremlin Nob","floor":10,"turns":4},{"damage":10,"enemies":"Looter","floor":11,"turns":4},{"damage":10,"enemies":"Gremlin Gang","floor":13,"turns":10},{"damage":3,"enemies":"3 Louse","floor":14,"turns":4},{"damage":74,"enemies":"Slime Boss","floor":16,"turns":17},{"damage":26,"enemies":"3 Byrds","floor":18,"turns":7},{"damage":24,"enemies":"2 Thieves","floor":21,"turns":4},{"damage":25,"enemies":"Snake Plant","floor":24,"turns":4},{"damage":48,"enemies":"Slavers","floor":30,"turns":6},{"damage":20,"enemies":"Cultist and Chosen","floor":31,"turns":5},{"damage":24,"enemies":"Automaton","floor":33,"turns":12},{"damage":19,"enemies":"3 Shapes","floor":35,"turns":6},{"damage":30,"enemies":"3 Darklings","floor":37,"turns":7},{"damage":0,"enemies":"Writhing Mass","floor":38,"turns":1},{"damage":54,"enemies":"Spire Growth","floor":39,"turns":6},{"damage":51,"enemies":"Giant Head","floor":40,"turns":7}],"seed_played":"-7363803008558905587","potions_obtained":[{"floor":2,"key":"Regen Potion"},{"floor":10,"key":"Weak Potion"},{"floor":13,"key":"Swift Potion"},{"floor":16,"key":"SkillPotion"},{"floor":18,"key":"DuplicationPotion"},{"floor":21,"key":"BlessingOfTheForge"},{"floor":31,"key":"Weak Potion"},{"floor":33,"key":"Block Potion"},{"floor":37,"key":"LiquidBronze"},{"floor":39,"key":"Ancient Potion"}],"is_trial":false,"path_per_floor":["M","M","$","?","$","R","M","?","T","E","M","R","M","M","R","B",null,"M","?","$","M","?","R","M","R","T","?","$","R","E","M","R","B",null,"M","?","M","M","M","E"],"character_chosen":"KOISHI","items_purchased":["Koishi:CatchAndRose","Koishi:TraumaticStroke","MealTicket","Koishi:JumpScare"],"campfire_rested":2,"item_purchase_floors":[3,3,20,28],"current_hp_per_floor":[60,60,60,60,60,60,59,59,59,60,51,51,60,60,60,3,60,55,55,55,42,42,42,32,50,50,50,60,60,21,30,48,60,60,48,48,59,59,46,0,0],"gold":133,"neow_bonus":"RANDOM_COLORLESS","is_daily":false,"chose_seed":false,"campfire_upgraded":5,"win_rate":0.0,"timestamp":1613741678,"path_taken":["M","M","$","?","$","R","?","?","T","E","M","R","M","M","R","BOSS","M","?","$","?","?","R","M","R","T","?","?","R","E","M","R","BOSS","M","?","M","?","?","E"],"items_purchased_type":["Card","Card","Relic","Card"],"build_version":"2020-12-22","purchased_purges":1,"victory":false,"max_hp_per_floor":[60,60,60,60,60,60,60,60,60,60,60,60,60,60,60,60,60,60,60,60,60,60,60,60,60,60,60,60,60,60,60,60,60,60,60,60,60,60,60,60,60],"card_choices":[{"not_picked":["Purity","Dramatic Entrance"],"picked":"Flash of Steel","floor":0},{"not_picked":["Koishi:BramblyRoseGarden","Koishi:MindNumbingTerror"],"picked":"Koishi:ReflexRadar","floor":1},{"not_picked":["Koishi:SpiritedAway","Koishi:BramblyRoseGarden"],"picked":"Koishi:StingingMind","floor":2},{"not_picked":["Koishi:EmbryosDream","Koishi:StingingMind"],"picked":"Koishi:SpiritedAway","floor":7},{"not_picked":["Koishi:FourthEye","Koishi:StingingMind"],"picked":"Koishi:PhantomBarrier","floor":10},{"not_picked":["Koishi:SubterraneanRose","Koishi:BramblyRoseGarden"],"picked":"Koishi:ImGoingToCallYouNow","floor":11},{"not_picked":["Koishi:GhostParty","Koishi:BloodcurdlingScream"],"picked":"Koishi:FleetingPhantom","floor":13},{"not_picked":["Koishi:BloodcurdlingScream","Koishi:YoukaiPolygraph"],"picked":"Koishi:PhantomBarrier","floor":14},{"not_picked":["Koishi:RuptureMind","Koishi:ImGoingToCallYouNow"],"picked":"Koishi:TerrifyingSpectre","floor":16},{"not_picked":["Koishi:BramblyRoseGarden+1","Koishi:SubterraneanRose"],"picked":"Koishi:HeartAttack+1","floor":18},{"not_picked":["Koishi:HeartAttack","Koishi:VengefulSpirit"],"picked":"Koishi:SpiritedAway","floor":21},{"not_picked":["Koishi:Vanish","Koishi:CatchAndRose"],"picked":"Koishi:RacingHeart","floor":24},{"not_picked":["Koishi:UnconsciousUprising","Koishi:PhantomBarrier"],"picked":"Koishi:UnansweredLove+1","floor":25},{"not_picked":["Koishi:Vanish","Koishi:ReflexRadar+1"],"picked":"Koishi:DreadfulBlow","floor":30},{"not_picked":["Koishi:HeartfeltFancy","Koishi:Whimsy+1"],"picked":"Koishi:DreadfulBlow","floor":31},{"not_picked":["Koishi:PhantomStrike","Koishi:SubterraneanRose"],"picked":"Koishi:ConditionedTeleport","floor":32},{"not_picked":["Koishi:Heartbroken","Koishi:FadingMemory"],"picked":"Koishi:MentalBreakdown","floor":33},{"not_picked":["Koishi:RacingHeart","Koishi:HeartfeltFancy"],"picked":"Koishi:MindNumbingTerror+1","floor":35},{"not_picked":["Koishi:JumpScare+1","Koishi:TremblingHands+1"],"picked":"Koishi:LastRemote+1","floor":37},{"not_picked":["Koishi:HeartfeltFancy","Koishi:ReflexRadar+1"],"picked":"Koishi:ReleaseOfTheId+1","floor":39}],"player_experience":345861,"relics_obtained":[{"floor":9,"key":"Nunchaku"},{"floor":10,"key":"Dream Catcher"},{"floor":30,"key":"Du-Vu Doll"}],"event_choices":[{"damage_healed":0,"gold_gain":0,"player_choice":"2 cards matched","damage_taken":0,"max_hp_gain":0,"max_hp_loss":0,"event_name":"Match and Keep!","floor":4,"gold_loss":0,"cards_obtained":["Doubt","Koishi:YoukaiPolygraph"]},{"cards_removed":["Doubt"],"damage_healed":0,"gold_gain":0,"player_choice":"Forget","damage_taken":0,"max_hp_gain":0,"max_hp_loss":0,"event_name":"Living Wall","floor":8,"gold_loss":0},{"damage_healed":0,"gold_gain":0,"player_choice":"Rummage","damage_taken":0,"relics_obtained":["WarpedTongs"],"max_hp_gain":0,"max_hp_loss":0,"event_name":"Accursed Blacksmith","floor":19,"gold_loss":0,"cards_obtained":["Pain"]},{"damage_healed":0,"gold_gain":0,"player_choice":"Simplicity","damage_taken":0,"max_hp_gain":0,"max_hp_loss":0,"event_name":"Back to Basics","floor":22,"gold_loss":0,"cards_upgraded":["Koishi:BasicStrike","Koishi:BasicStrike","Koishi:BasicStrike","Koishi:BasicStrike","Koishi:BasicDefend","Koishi:BasicDefend","Koishi:BasicDefend","Koishi:BasicDefend"]},{"damage_healed":0,"gold_gain":0,"player_choice":"Read","damage_taken":0,"max_hp_gain":0,"max_hp_loss":0,"event_name":"The Library","floor":27,"gold_loss":0,"cards_obtained":["Koishi:TremblingHands"]},{"damage_healed":0,"gold_gain":0,"player_choice":"Paid Gold","damage_taken":0,"relics_obtained":["Potion Belt"],"max_hp_gain":0,"max_hp_loss":0,"event_name":"WeMeetAgain","floor":36,"gold_loss":61}],"is_beta":false,"boss_relics":[{"not_picked":["Fusion Hammer","Koishi:ColorfulDays"],"picked":"SlaversCollar"},{"not_picked":["Velvet Choker","Empty Cage"],"picked":"Astrolabe"}],"items_purged_floors":[20],"is_endless":false,"potions_floor_spawned":[2,10,13,16,18,21,31,33,37,39],"killed_by":"Giant Head","ascension_level":4}}