{"host":"2ty4h143nj8vwezc","time":1613715301,"event":{"mods":["BaseMod","Colored Map","Googly Eyes","Highlight Path","Minty Spire (QoL Compilation)","Quick Restart","StSLib"],"gold_per_floor":[111,111,48,63,74,74,94,94,94,104,135,135,135,165,165,242,242,252,177,227,245,8,8,8],"floor_reached":23,"language":"ENG","playtime":964,"items_purged":[],"score":381,"play_id":"74dc5913-e17b-4f0b-b1fb-b716d11555d2","local_time":"20210219011501","is_ascension_mode":true,"campfire_choices":[{"data":"Gash","floor":6.0,"key":"SMITH"},{"data":"Beam Cell","floor":8.0,"key":"SMITH"},{"data":"Echo Form","floor":12.0,"key":"SMITH"},{"floor":15.0,"key":"REST"}],"circlet_count":0,"master_deck":["AscendersBane","Strike_B","Strike_B","Strike_B","Strike_B","Defend_B+1","Defend_B","Defend_B+1","Zap","Dualcast","Gash+1","Beam Cell+1","Leap","Turbo","Sweeping Beam","Echo Form+1","Reinforced Body","Conserve Battery","Buffer","Conserve Battery","Chill","Sunder","Beam Cell","Go for the Eyes","Stack"],"relics":["Cracked Core","NeowsBlessing","The Courier","Letter Opener","War Paint","Omamori","Sozu"],"acts_visited":["Exordium","TheCity"],"potions_floor_usage":[],"damage_taken":[{"damage":0.0,"enemies":"Small Slimes","floor":1.0,"turns":1.0},{"damage":0.0,"enemies":"2 Louse","floor":4.0,"turns":1.0},{"damage":0.0,"enemies":"Cultist","floor":5.0,"turns":1.0},{"damage":6.0,"enemies":"Looter","floor":7.0,"turns":3.0},{"damage":0.0,"enemies":"Large Slime","floor":10.0,"turns":4.0},{"damage":0.0,"enemies":"Gremlin Nob","floor":11.0,"turns":2.0},{"damage":21.0,"enemies":"3 Sentries","floor":14.0,"turns":6.0},{"damage":28.0,"enemies":"Slime Boss","floor":16.0,"turns":8.0},{"damage":5.0,"enemies":"Chosen","floor":18.0,"turns":7.0},{"damage":18.0,"enemies":"Shell Parasite","floor":21.0,"turns":7.0},{"damage":46,"enemies":"Gremlin Leader","floor":23,"turns":6}],"seed_played":"9154091414523440686","potions_obtained":[{"floor":1.0,"key":"SteroidPotion"},{"floor":5.0,"key":"Fire Potion"},{"floor":14.0,"key":"SkillPotion"},{"floor":16.0,"key":"Fruit Juice"}],"is_trial":false,"path_per_floor":["M","?","$","M","M","R","M","R","T","M","E","R","?","E","R","B",null,"M","?","?","M","$","E"],"character_chosen":"DEFECT","items_purchased":["Beam Cell","Leap","Chill","Sunder","Beam Cell","Go for the Eyes","Stack"],"campfire_rested":1,"item_purchase_floors":[3,3,22,22,22,22,22],"current_hp_per_floor":[64,52,52,52,52,52,46,46,46,46,46,46,51,30,52,24,63,63,63,63,45,45,0,0],"gold":8,"neow_bonus":"THREE_ENEMY_KILL","is_daily":false,"chose_seed":false,"campfire_upgraded":3,"win_rate":0.0,"timestamp":1613715301,"path_taken":["M","?","$","M","M","R","M","R","T","M","E","R","?","E","R","BOSS","M","?","?","?","$","E"],"items_purchased_type":["Card","Card","Card","Card","Card","Card","Card"],"build_version":"2020-12-22","purchased_purges":0,"victory":false,"max_hp_per_floor":[71,71,71,71,71,71,71,71,71,71,71,71,76,76,76,76,76,81,81,81,81,81,81,81],"card_choices":[{"not_picked":["Steam Power","Compile Driver"],"picked":"Gash","floor":1.0},{"not_picked":["Compile Driver","Fission"],"picked":"Turbo","floor":4.0},{"not_picked":["Recycle","Ball Lightning","Redo"],"picked":"SKIP","floor":5.0},{"not_picked":["Tempest","Stack"],"picked":"Sweeping Beam","floor":7.0},{"not_picked":["Redo","Stack"],"picked":"Echo Form","floor":10.0},{"not_picked":["Conserve Battery","Static Discharge"],"picked":"Reinforced Body","floor":11.0},{"not_picked":["Blizzard","Turbo"],"picked":"Conserve Battery","floor":14.0},{"not_picked":["Fission","Hyperbeam"],"picked":"Buffer","floor":16.0},{"not_picked":["Force Field","Stack"],"picked":"Conserve Battery","floor":18.0},{"not_picked":["Compile Driver","Rip and Tear","Stack"],"picked":"SKIP","floor":21.0}],"player_experience":448250,"relics_obtained":[{"floor":9.0,"key":"Letter Opener"},{"floor":11.0,"key":"War Paint"},{"floor":14.0,"key":"Omamori"}],"event_choices":[{"damage_healed":0.0,"max_hp_gain":0.0,"max_hp_loss":0.0,"gold_gain":0.0,"event_name":"Scrap Ooze","player_choice":"Success","floor":2.0,"gold_loss":0.0,"damage_taken":12.0,"relics_obtained":["The Courier"]},{"damage_healed":0.0,"max_hp_gain":5.0,"max_hp_loss":0.0,"gold_gain":0.0,"event_name":"Big Fish","player_choice":"Donut","floor":13.0,"gold_loss":0.0,"damage_taken":0.0},{"cards_removed":["Defend_B"],"damage_healed":0.0,"max_hp_gain":0.0,"max_hp_loss":0.0,"gold_gain":0.0,"event_name":"Beggar","player_choice":"Gave Gold","floor":19.0,"gold_loss":75.0,"damage_taken":0.0},{"damage_healed":0.0,"max_hp_gain":0.0,"max_hp_loss":0.0,"gold_gain":100.0,"event_name":"The Joust","player_choice":"Bet on Murderer","floor":20.0,"gold_loss":50.0,"damage_taken":0.0}],"is_beta":false,"boss_relics":[{"not_picked":["Coffee Dripper","Runic Dome"],"picked":"Sozu"}],"items_purged_floors":[],"is_endless":false,"potions_floor_spawned":[1,5,14,16],"killed_by":"Gremlin Leader","ascension_level":14}}