{"host":"7s0ipaqx8m4pdduf","time":1613737677,"event":{"mods":["BaseMod","BetterRewards","Colored Map","Infinite Spire","Minty Spire (QoL Compilation)","StSLib","SuperFastMode"],"gold_per_floor":[112,131,147,158,2,27,27,54,54,19,46,46,58,84,84,157,157,168,186,186,28,44,44,59,59,86,96,96,7,41,41,41,115,115,133,151,151,73,73,73,73,73,73,73,83,83,83,98,98,98,98],"floor_reached":50,"language":"ENG","playtime":1456,"items_purged":[],"score":1000,"play_id":"9a65374e-32bd-4446-a8bf-60cebc152909","local_time":"20210219132757","is_ascension_mode":true,"campfire_choices":[{"floor":15,"key":"REST"},{"floor":23,"key":"REST"},{"floor":25,"key":"REST"},{"floor":32,"key":"REST"},{"data":"Infinite Blades","floor":40,"key":"SMITH"},{"data":"After Image","floor":41,"key":"SMITH"},{"data":"Mayhem","floor":42,"key":"SMITH"},{"data":"Envenom","floor":46,"key":"SMITH"},{"data":"Noxious Fumes","floor":49,"key":"SMITH"}],"circlet_count":0,"master_deck":["AscendersBane","Strike_G+1","Strike_G+1","Strike_G+1","Strike_G+1","Defend_G+1","Defend_G+1","Defend_G+1","Defend_G+1","Defend_G+1","Survivor","Neutralize","All Out Attack","Backstab","Dash","Corpse Explosion","Cloak And Dagger","infinitespire:Neurotoxin","Caltrops","Acrobatics","Footwork","Backstab","A Thousand Cuts","Noxious Fumes","After Image+1","Blade Dance+1","PiercingWail","Accuracy","Envenom+1","Noxious Fumes+1","Dagger Spray+1","Mayhem+1","Infinite Blades+1","Decay","Doubt","Backstab","Noxious Fumes+1"],"relics":["Ring of the Snake","NeowsBlessing","Happy Flower","Kunai","HornCleat","Ninja Scroll","Matryoshka","Black Star","Enchiridion","Oddly Smooth Stone","Art of War","WingedGreaves","Ornamental Fan","Cursed Key","Dream Catcher","Turnip"],"acts_visited":["Exordium","TheCity","TheBeyond"],"potions_floor_usage":[6,11,22,30,31,48,50,50],"damage_taken":[{"damage":0,"enemies":"Cultist","floor":1,"turns":1},{"damage":0,"enemies":"2 Louse","floor":2,"turns":1},{"damage":0,"enemies":"Small Slimes","floor":3,"turns":1},{"damage":10,"enemies":"Gremlin Gang","floor":4,"turns":3},{"damage":24,"enemies":"Gremlin Nob","floor":6,"turns":5},{"damage":9,"enemies":"3 Sentries","floor":8,"turns":9},{"damage":9,"enemies":"Lagavulin","floor":11,"turns":7},{"damage":0,"enemies":"Large Slime","floor":13,"turns":4},{"damage":0,"enemies":"3 Sentries","floor":14,"turns":10},{"damage":20,"enemies":"Hexaghost","floor":16,"turns":10},{"damage":0,"enemies":"3 Byrds","floor":18,"turns":4},{"damage":22,"enemies":"2 Thieves","floor":19,"turns":4},{"damage":2,"enemies":"Centurion and Healer","floor":22,"turns":7},{"damage":13,"enemies":"Shelled Parasite and Fungi","floor":24,"turns":6},{"damage":0,"enemies":"Snecko","floor":27,"turns":4},{"damage":32,"enemies":"Gremlin Leader","floor":30,"turns":8},{"damage":0,"enemies":"Colosseum Slavers","floor":31,"turns":5},{"damage":19,"enemies":"Automaton","floor":33,"turns":11},{"damage":0,"enemies":"3 Shapes","floor":35,"turns":2},{"damage":0,"enemies":"3 Darklings","floor":36,"turns":3},{"damage":0,"enemies":"Spire Growth","floor":45,"turns":5},{"damage":0,"enemies":"Jaw Worm Horde","floor":48,"turns":3},{"damage":63,"enemies":"infinitespire:MassOfShapes","floor":50,"turns":7}],"seed_played":"6895619063826835295","potions_obtained":[{"floor":1,"key":"infinitespire:BlackPotion"},{"floor":4,"key":"DuplicationPotion"},{"floor":11,"key":"Block Potion"},{"floor":16,"key":"SpeedPotion"},{"floor":24,"key":"CunningPotion"},{"floor":33,"key":"Block Potion"},{"floor":45,"key":"Dexterity Potion"},{"floor":48,"key":"SkillPotion"}],"is_trial":false,"path_per_floor":["M","M","M","M","$","E","?","E","T","?","E","?","M","E","R","B",null,"M","M","?","$","M","R","M","R","T","M","?","$","E","?","R","B",null,"M","M","?","$","?","R","R","R","T","$","M","R","?","M","R","B"],"character_chosen":"THE_SILENT","items_purchased":["Corpse Explosion","After Image","Accuracy","Infinite Blades"],"campfire_rested":4,"item_purchase_floors":[5,21,29,38],"current_hp_per_floor":[59,59,59,49,49,25,25,16,16,32,23,23,23,23,42,22,55,55,33,12,12,10,29,16,35,35,35,35,35,3,3,22,3,50,50,50,50,50,50,50,50,50,50,50,50,50,50,50,50,0,0],"gold":98,"neow_bonus":"THREE_ENEMY_KILL","is_daily":false,"chose_seed":false,"campfire_upgraded":5,"win_rate":0.0,"timestamp":1613737677,"path_taken":["M","M","?","M","$","E","?","E","T","?","E","?","M","E","R","BOSS","M","?","?","?","M","R","M","R","T","M","?","$","E","?","R","BOSS","M","M","?","$","?","R","R","R","T","$","?","R","?","M","R","BOSS"],"items_purchased_type":["Card","Card","Card","Card"],"build_version":"2020-12-22","purchased_purges":0,"victory":false,"max_hp_per_floor":[66,66,66,66,66,66,66,66,66,66,66,66,66,66,66,66,66,66,66,66,66,66,66,66,66,66,66,66,66,66,66,66,66,66,66,66,66,66,66,66,66,66,66,66,66,66,63,63,63,63,63],"card_choices":[{"not_picked":["Flying Knee","Reflex"],"picked":"All Out Attack","floor":1},{"not_picked":["Acrobatics","Expertise","Finisher"],"picked":"SKIP","floor":2},{"not_picked":["Dodge and Roll","Underhanded Strike"],"picked":"Backstab","floor":3},{"not_picked":["Outmaneuver","Dodge and Roll"],"picked":"Dash","floor":4},{"not_picked":["Dodge and Roll","Eviscerate"],"picked":"Cloak And Dagger","floor":6},{"not_picked":["Terror","Sucker Punch"],"picked":"infinitespire:Neurotoxin","floor":8},{"not_picked":["Dagger Throw","Underhanded Strike"],"picked":"Caltrops","floor":11},{"not_picked":["Concentrate","Cloak And Dagger"],"picked":"Footwork","floor":13},{"not_picked":["Catalyst","Backflip"],"picked":"Backstab","floor":14},{"not_picked":["Glass Knife","Adrenaline"],"picked":"A Thousand Cuts","floor":16},{"not_picked":["Sucker Punch","Deadly Poison+1"],"picked":"Noxious Fumes","floor":18},{"not_picked":["Underhanded Strike","Leg Sweep","Expertise+1"],"picked":"SKIP","floor":19},{"not_picked":["Dodge and Roll","Poisoned Stab"],"picked":"Blade Dance+1","floor":22},{"not_picked":["Prepared","Cloak And Dagger","Eviscerate"],"picked":"SKIP","floor":24},{"not_picked":["Tactician","Dodge and Roll"],"picked":"PiercingWail","floor":27},{"not_picked":["Choke","Concentrate","Masterful Stab"],"picked":"SKIP","floor":30},{"not_picked":["Tools of the Trade","Venomology"],"picked":"Envenom","floor":33},{"not_picked":["Blade Dance","Backflip"],"picked":"Noxious Fumes","floor":35},{"not_picked":["Deadly Poison","Concentrate"],"picked":"Dagger Spray+1","floor":36},{"not_picked":["Mind Blast","Chrysalis"],"picked":"Mayhem","floor":37},{"not_picked":["Bouncing Flask","Prepared"],"picked":"Backstab","floor":45},{"not_picked":["Blur","Bane+1"],"picked":"Noxious Fumes+1","floor":48}],"player_experience":2143530,"relics_obtained":[{"floor":6,"key":"Happy Flower"},{"floor":8,"key":"Kunai"},{"floor":9,"key":"HornCleat"},{"floor":11,"key":"Ninja Scroll"},{"floor":14,"key":"Matryoshka"},{"floor":20,"key":"Enchiridion"},{"floor":26,"key":"Oddly Smooth Stone"},{"floor":26,"key":"Art of War"},{"floor":30,"key":"WingedGreaves"},{"floor":30,"key":"Ornamental Fan"},{"floor":43,"key":"Dream Catcher"},{"floor":43,"key":"Turnip"}],"event_choices":[{"damage_healed":0,"gold_gain":0,"player_choice":"Ignored","damage_taken":0,"max_hp_gain":0,"max_hp_loss":0,"event_name":"Liars Game","floor":7,"gold_loss":0},{"damage_healed":16,"gold_gain":0,"player_choice":"Healed","damage_taken":0,"max_hp_gain":0,"max_hp_loss":0,"event_name":"The Cleric","floor":10,"gold_loss":35},{"damage_healed":0,"gold_gain":0,"cards_transformed":["Strike_G"],"player_choice":"Transformed","damage_taken":0,"max_hp_gain":0,"max_hp_loss":0,"event_name":"Transmorgrifier","floor":12,"gold_loss":0,"cards_obtained":["Acrobatics"]},{"damage_healed":0,"gold_gain":0,"player_choice":"Obtained Book","damage_taken":21,"max_hp_gain":0,"max_hp_loss":0,"event_name":"Cursed Tome","floor":20,"gold_loss":0},{"damage_healed":0,"gold_gain":0,"player_choice":"Simplicity","damage_taken":0,"max_hp_gain":0,"max_hp_loss":0,"event_name":"Back to Basics","floor":28,"gold_loss":0,"cards_upgraded":["Strike_G","Strike_G","Strike_G","Strike_G","Defend_G","Defend_G","Defend_G","Defend_G","Defend_G"]},{"damage_healed":0,"gold_gain":0,"player_choice":"Fight","damage_taken":0,"max_hp_gain":0,"max_hp_loss":0,"event_name":"Colosseum","floor":31,"gold_loss":0},{"damage_healed":0,"gold_gain":0,"player_choice":"Fled From Nobs","damage_taken":0,"max_hp_gain":0,"max_hp_loss":0,"event_name":"Colosseum","floor":31,"gold_loss":0},{"damage_healed":0,"gold_gain":0,"player_choice":"Memory 1","damage_taken":0,"max_hp_gain":0,"max_hp_loss":0,"event_name":"SensoryStone","floor":37,"gold_loss":0},{"damage_healed":0,"gold_gain":0,"player_choice":"Cursed","damage_taken":0,"max_hp_gain":0,"max_hp_loss":0,"event_name":"Wheel of Change","floor":39,"gold_loss":0,"cards_obtained":["Decay"]},{"damage_healed":0,"gold_gain":0,"player_choice":"Max HP","damage_taken":0,"max_hp_gain":0,"max_hp_loss":3,"event_name":"Winding Halls","floor":47,"gold_loss":0}],"is_beta":false,"boss_relics":[{"not_picked":["Astrolabe","Runic Dome"],"picked":"Black Star"},{"not_picked":["Philosopher\u0027s Stone","Ring of the Serpent"],"picked":"Cursed Key"}],"items_purged_floors":[],"is_endless":false,"potions_floor_spawned":[1,4,11,16,24,27,31,33,45,48],"killed_by":"infinitespire:MassOfShapes","ascension_level":18}}