{"host":"a3wpq7kyokchzawk","time":1613753520,"event":{"mods":["BaseMod","Colored Map","Highlight Path","Minty Spire (QoL Compilation)","Permanent Neow","Potion Indicator Mod","Relic Stats","Weighted Paths"],"gold_per_floor":[209,221,49,60,73,73,102,102,102,129,129,142,167,59,59,59,59],"floor_reached":16,"language":"ENG","playtime":1473,"items_purged":[],"score":290,"play_id":"170149e9-d835-4f8d-a88d-1e9c38be2fd4","local_time":"20210219145200","is_ascension_mode":true,"campfire_choices":[{"data":"Neutralize","floor":6,"key":"SMITH"},{"floor":8,"key":"REST"},{"data":"Bouncing Flask","floor":11,"key":"SMITH"},{"data":"Noxious Fumes","floor":15,"key":"SMITH"}],"circlet_count":0,"master_deck":["AscendersBane","Strike_G","Strike_G","Strike_G","Strike_G","Strike_G","Defend_G","Defend_G","Defend_G","Defend_G","Defend_G","Survivor","Neutralize+1","Dagger Throw","Bouncing Flask+1","Deflect","All Out Attack","Masterful Stab","Leg Sweep","Noxious Fumes+1","Underhanded Strike"],"relics":["Ring of the Snake","Sling","Omamori","HornCleat","Vajra","Ancient Tea Set"],"acts_visited":["Exordium"],"potions_floor_usage":[5,12,13],"damage_taken":[{"damage":11,"enemies":"Cultist","floor":1,"turns":5},{"damage":0,"enemies":"2 Louse","floor":2,"turns":2},{"damage":4,"enemies":"Small Slimes","floor":4,"turns":4},{"damage":7,"enemies":"2 Fungi Beasts","floor":5,"turns":4},{"damage":20,"enemies":"Lagavulin","floor":7,"turns":5},{"damage":4,"enemies":"3 Sentries","floor":10,"turns":7},{"damage":3,"enemies":"Exordium Thugs","floor":12,"turns":4},{"damage":0,"enemies":"Gremlin Nob","floor":13,"turns":3},{"damage":39,"enemies":"Slime Boss","floor":16,"turns":6}],"seed_played":"1222797134730484719","potions_obtained":[{"floor":2,"key":"DistilledChaos"},{"floor":7,"key":"GamblersBrew"},{"floor":10,"key":"Swift Potion"}],"is_trial":false,"path_per_floor":["M","M","$","M","M","R","E","R","T","E","R","M","E","?","R","B"],"character_chosen":"THE_SILENT","items_purchased":["Sling"],"campfire_rested":1,"item_purchase_floors":[3],"current_hp_per_floor":[48,48,48,44,37,37,17,36,36,32,32,29,29,29,29,0,0],"gold":59,"neow_bonus":"HUNDRED_GOLD","is_daily":false,"chose_seed":false,"campfire_upgraded":3,"win_rate":0.0,"timestamp":1613753520,"path_taken":["M","M","$","M","?","R","E","R","T","E","R","M","E","?","R","BOSS"],"items_purchased_type":["Relic"],"build_version":"2020-12-22","purchased_purges":0,"victory":false,"max_hp_per_floor":[66,66,66,66,66,66,66,66,66,66,66,66,66,66,66,66,66],"relic_stats":{"counters":[9,40],"obtain_stats":[{"HornCleat":10,"Vajra":13,"Omamori":7,"Sling":3,"Ancient Tea Set":14,"Ring of the Snake":0},{"HornCleat":6,"Vajra":8,"Omamori":5,"Sling":2,"Ancient Tea Set":8,"Ring of the Snake":0},{"HornCleat":27,"Vajra":34,"Omamori":20,"Sling":7,"Ancient Tea Set":34,"Ring of the Snake":0}],"Ring of the Snake":[18]},"card_choices":[{"not_picked":["PiercingWail","Poisoned Stab"],"picked":"Dagger Throw","floor":1},{"not_picked":["Concentrate","Bane"],"picked":"Bouncing Flask","floor":2},{"not_picked":["Outmaneuver","Slice"],"picked":"Deflect","floor":4},{"not_picked":["PiercingWail","Bane"],"picked":"All Out Attack","floor":5},{"not_picked":["Calculated Gamble","A Thousand Cuts"],"picked":"Masterful Stab","floor":7},{"not_picked":["Dodge and Roll","Reflex"],"picked":"Leg Sweep","floor":10},{"not_picked":["Underhanded Strike","Terror"],"picked":"Noxious Fumes","floor":12},{"not_picked":["Cloak And Dagger","Distraction"],"picked":"Underhanded Strike","floor":13}],"player_experience":2769354,"relics_obtained":[{"floor":7,"key":"Omamori"},{"floor":10,"key":"HornCleat"},{"floor":13,"key":"Vajra"}],"event_choices":[{"damage_healed":0,"gold_gain":0,"player_choice":"Paid Gold","damage_taken":0,"relics_obtained":["Ancient Tea Set"],"max_hp_gain":0,"max_hp_loss":0,"event_name":"WeMeetAgain","floor":14,"gold_loss":108}],"is_beta":false,"boss_relics":[],"items_purged_floors":[],"is_endless":false,"potions_floor_spawned":[2,7,10],"killed_by":"Slime Boss","ascension_level":20}}