{"host":"tlbbab9afexrkdtf","time":1613776777,"event":{"mods":["2.2 Compatiblity","AchievementEnabler","BaseMod","Colored Map","Colored Powertips","Minty Spire (QoL Compilation)","Rare Cards Sparkle","StSLib"],"gold_per_floor":[213,388,231,248,323,323,350,350,350,364,382,382,407,425,425,551,551,571,596,551,551],"floor_reached":20,"language":"ENG","playtime":400,"items_purged":[],"score":218,"play_id":"68a73e63-ff0f-4eae-898a-d363d870716a","local_time":"20210219181937","is_ascension_mode":true,"campfire_choices":[{"floor":6,"key":"REST"},{"floor":12,"key":"REST"},{"floor":15,"key":"REST"}],"circlet_count":0,"master_deck":["Strike_R","Strike_R","Strike_R","Strike_R","Strike_R","Defend_R+1","Defend_R","Defend_R","Defend_R","Bash","Flex+1","Doubt","Anger","Cleave","Injury","Wild Strike+1","Disarm","Reaper+1","Shrug It Off","Juggernaut","Wild Strike+1"],"relics":["Black Blood","Tiny Chest","War Paint","Golden Idol","Mercury Hourglass","Whetstone"],"acts_visited":["Exordium","TheCity"],"potions_floor_usage":[7,16,16],"damage_taken":[{"damage":18,"enemies":"Jaw Worm","floor":1,"turns":4},{"damage":12,"enemies":"2 Louse","floor":4,"turns":3},{"damage":57,"enemies":"3 Sentries","floor":7,"turns":12},{"damage":6,"enemies":"Cultist","floor":10,"turns":3},{"damage":0,"enemies":"2 Fungi Beasts","floor":11,"turns":2},{"damage":19,"enemies":"3 Louse","floor":13,"turns":3},{"damage":0,"enemies":"Lots of Slimes","floor":14,"turns":1},{"damage":65,"enemies":"Hexaghost","floor":16,"turns":9},{"damage":54,"enemies":"Spheric Guardian","floor":18,"turns":6},{"damage":26,"enemies":"2 Thieves","floor":20,"turns":2}],"seed_played":"1777399943448266440","potions_obtained":[{"floor":1,"key":"SkillPotion"},{"floor":11,"key":"Strength Potion"},{"floor":14,"key":"SteroidPotion"}],"is_trial":false,"path_per_floor":["M","?","$","M","?","R","E","?","T","M","M","R","M","M","R","B",null,"M","T","M"],"character_chosen":"IRONCLAD","items_purchased":["Tiny Chest"],"campfire_rested":3,"item_purchase_floors":[3],"current_hp_per_floor":[68,68,68,62,51,75,24,24,24,24,30,54,41,47,71,18,65,23,23,0,0],"gold":551,"neow_bonus":"HUNDRED_GOLD","is_daily":false,"chose_seed":false,"campfire_upgraded":0,"win_rate":0.0,"timestamp":1613776777,"path_taken":["M","?","$","M","?","R","E","?","T","M","?","R","M","M","R","BOSS","M","?","M"],"items_purchased_type":["Relic"],"build_version":"2020-12-22","purchased_purges":0,"victory":false,"max_hp_per_floor":[80,80,80,80,80,80,80,80,80,80,80,80,80,80,80,80,80,80,80,80,80],"card_choices":[{"not_picked":["Iron Wave","Clash"],"picked":"Flex","floor":1},{"not_picked":["Warcry","Iron Wave"],"picked":"Anger","floor":4},{"not_picked":["Carnage","Iron Wave"],"picked":"Cleave","floor":7},{"not_picked":["Carnage","Body Slam"],"picked":"Wild Strike","floor":10},{"not_picked":["Second Wind","Whirlwind"],"picked":"Disarm","floor":11},{"not_picked":["Armaments","Ghostly Armor"],"picked":"Reaper","floor":13},{"not_picked":["Searing Blow","True Grit"],"picked":"Shrug It Off","floor":14},{"not_picked":["Impervious","Offering"],"picked":"Juggernaut","floor":16},{"not_picked":["Anger","Sever Soul+1"],"picked":"Wild Strike+1","floor":18}],"player_experience":342617,"relics_obtained":[{"floor":7,"key":"War Paint"},{"floor":9,"key":"Mercury Hourglass"},{"floor":19,"key":"Whetstone"}],"event_choices":[{"damage_healed":0,"gold_gain":175,"player_choice":"AGREE","damage_taken":0,"max_hp_gain":0,"max_hp_loss":0,"event_name":"Liars Game","floor":2,"gold_loss":0,"cards_obtained":["Doubt"]},{"damage_healed":0,"gold_gain":75,"player_choice":"Gather Gold","damage_taken":11,"max_hp_gain":0,"max_hp_loss":0,"event_name":"World of Goop","floor":5,"gold_loss":0},{"damage_healed":0,"gold_gain":0,"player_choice":"Take Wound","damage_taken":0,"relics_obtained":["Golden Idol"],"max_hp_gain":0,"max_hp_loss":0,"event_name":"Golden Idol","floor":8,"gold_loss":0,"cards_obtained":["Injury"]}],"is_beta":false,"boss_relics":[{"not_picked":["Tiny House","Velvet Choker"],"picked":"Black Blood"}],"items_purged_floors":[],"is_endless":false,"potions_floor_spawned":[1,11,14],"killed_by":"2 Thieves","ascension_level":5}}