{"host":"80x1ozqd5wpd4nvo","time":1613774557,"event":{"mods":["2.2 Compatiblity","Act Like it!","Aspiration","BaseMod","Better Altar","Better Match","Better Note","Better Sensory Stone","Better Skull","Better Third Choice","BetterRewards","Card Forge","Custom Start","DNKmod","Defuse TimeMaze Blight","Dota2Spire","Energized Spire","Friendly Minions","GifTheSpireLib","Hubris","Infinite Spire","Jedi Mod","Minty Spire (QoL Compilation)","MostiFishMod","Permanent Neow","Poor People Problems","Potionbrewer","Ruina","Shop Mod","Spicy Shops","StSLib","The Blue Laboratory","??????REMEMod"],"gold_per_floor":[1213,1229,1249,1249,435,470,470,501,526,557,569,588,598,598,598,694,694,706,717,717,717,731,731,763,763,790,190,190,208,0,26,26,123,123,140,15,27,27,27,56,56,56,56,87,100,127,127,127,127,127,127,127,127,160,140],"floor_reached":56,"language":"ENG","playtime":2841,"items_purged":["potionbrewer:PotionbrewerStrike","Injury","Doubt","potionbrewer:PotionbrewerStrike"],"score":1701,"play_id":"d92edfbc-9bf3-49ac-bbee-f5a2896033cb","local_time":"20210219234237","is_ascension_mode":true,"campfire_choices":[{"floor":7,"key":"DIG"},{"floor":15,"key":"DIG"},{"floor":23,"key":"DIG"},{"floor":25,"key":"DIG"},{"floor":32,"key":"REST"},{"floor":41,"key":"DIG"},{"floor":49,"key":"RECALL"},{"floor":52,"key":"DIG"}],"circlet_count":0,"master_deck":["potionbrewer:PotionbrewerStrike","potionbrewer:PotionbrewerStrike","potionbrewer:PotionbrewerDefend","potionbrewer:PotionbrewerDefend","potionbrewer:PotionbrewerDefend","potionbrewer:PotionbrewerDefend","potionbrewer:Collect+1","potionbrewer:ChemicalSpill","potionbrewer:LeftoverSpecimen+1","potionbrewer:Shovel","jedi:forcepull","potionbrewer:ChemicalShroud+1","potionbrewer:CausticBarrier","potionbrewer:DigDeep+1","potionbrewer:EmptyBottle","potionbrewer:TestFormula","potionbrewer:ChemicalWeapons","REME_FearOfPain","potionbrewer:Hoarder","potionbrewer:Prototype","infinitespire:Execution","potionbrewer:Toxicity","potionbrewer:Toxicity","potionbrewer:ChainReaction","potionbrewer:AcidCloud+1","potionbrewer:AnotherRound","potionbrewer:ChokingPowder+1","potionbrewer:Prototype","potionbrewer:TestFormula","potionbrewer:RefinedProcess+1","potionbrewer:IronHeart","potionbrewer:Fuel","Sadistic Nature","potionbrewer:OneTwoPunch+1","potionbrewer:PrivateReserves","potionbrewer:Catalyze","potionbrewer:MicrobeSpray","jedi:forcepull"],"relics":["potionbrewer:PotionKit","Hammer of Thor","Seething Fire","Anvil of the Gods","REME_ComplimentaryCards","DaveBox","SynthV:TestCard","potionbrewer:SlideRule","Shovel","Technique","jedi:gremlinknob","Dota2Spire:Desolator","infinitespire:Lucky Rock","Pear","Art of War","Toy Ornithopter","hubris:ToyBattleship","Torii","Dota2Spire:MaskOfMadness","BirthdayGift-Icosahedron","SacredBark","jedi:purplefairy","Dota2Spire:CrimsonGuard","Dota2Spire:ShadowBlade","jedi:shrinkray","ClockworkSouvenir","Omamori","hubris:TenFootPole","PreservedInsect","Dream Catcher","Dota2Spire:EchoSabre","potionbrewer:Torch","DiscerningMonocle","Bottled Flame","Dota2Spire:RefresherOrb","hubris:Potato","aspiration:Nostalgia","infinitespire:DarkRift","aspiration:HatOfInfinitePower","hubris:Towel","BirthdayGift-Tetrahedron","Molten Egg 2","jedi:Pinwheel","War Paint","Dota2Spire:ArcaneBoots","Eternal Feather","aspiration:Lifesprig","InkBottle","hubris:Icosahedron","MetatronsCube","Anchor","jedi:cryingmask","Regal Pillow","MealTicket","Sundial","Oddly Smooth Stone","Dota2Spire:AghanimScepter","REME_OnlineShoppingPlatform","CombinedTypeHook","infinitespire:Satchel"],"acts_visited":["Exordium","Exordium","TheBeyond","TheEnding"],"potions_floor_usage":[1,6,8,8,10,10,10,11,11,12,13,16,16,16,18,18,18,19,31,31,35,37,44,46,50,50,55],"damage_taken":[{"damage":1,"enemies":"Jaw Worm","floor":1,"turns":2},{"damage":0,"enemies":"Cultist","floor":2,"turns":3},{"damage":0,"enemies":"2 Louse","floor":3,"turns":3},{"damage":8,"enemies":"3 Sentries","floor":6,"turns":6},{"damage":0,"enemies":"Gremlin Nob","floor":8,"turns":2},{"damage":13,"enemies":"3 Sentries","floor":10,"turns":10},{"damage":10,"enemies":"Looter","floor":11,"turns":2},{"damage":0,"enemies":"Exordium Wildlife","floor":12,"turns":1},{"damage":0,"enemies":"Lots of Slimes","floor":13,"turns":5},{"damage":9,"enemies":"Hexaghost","floor":16,"turns":4},{"damage":1,"enemies":"ruina:Nosferatu","floor":18,"turns":3},{"damage":0,"enemies":"ruina:2_Scarecrows","floor":19,"turns":1},{"damage":0,"enemies":"ruina:KnightOfDespair","floor":22,"turns":3},{"damage":0,"enemies":"ruina:ServantOfWrath","floor":24,"turns":3},{"damage":0,"enemies":"ruina:KingOfGreed","floor":29,"turns":3},{"damage":32,"enemies":"ruina:Mountain","floor":31,"turns":4},{"damage":3,"enemies":"ruina:Red_and_Wolf","floor":33,"turns":5},{"damage":2,"enemies":"3 Darklings","floor":35,"turns":3},{"damage":0,"enemies":"3 Shapes","floor":37,"turns":2},{"damage":0,"enemies":"Nemesis","floor":40,"turns":1},{"damage":0,"enemies":"Nightmare","floor":44,"turns":1},{"damage":0,"enemies":"3 Darklings","floor":45,"turns":2},{"damage":0,"enemies":"Nemesis","floor":46,"turns":1},{"damage":0,"enemies":"Time Eater","floor":50,"turns":2},{"damage":0,"enemies":"Shield and Spear","floor":54,"turns":1},{"damage":1,"enemies":"The Heart","floor":55,"turns":3}],"seed_played":"3786395124223851584","potions_obtained":[{"floor":0,"key":"blueLaboratory:FruitPunch"},{"floor":0,"key":"blueLaboratory:ExaltedPotion"},{"floor":0,"key":"potionbrewer:BoundlessPotion"},{"floor":1,"key":"Explosive Potion"},{"floor":6,"key":"Weak Potion"},{"floor":10,"key":"Regen Potion"},{"floor":12,"key":"potionbrewer:EndurancePotion"},{"floor":18,"key":"potionbrewer:HastePotion"},{"floor":22,"key":"blueLaboratory:EnragingPotion"},{"floor":24,"key":"blueLaboratory:BubblePotion"},{"floor":35,"key":"blueLaboratory:PhilterOfMotion"},{"floor":37,"key":"Energy Potion"},{"floor":46,"key":"Weak Potion"}],"is_trial":false,"path_per_floor":["M","M","M","?","$","E","R","E","T","E","M","M","M","?","R","B",null,"M","M","AVR","?","M","R","E","R","T","$","?","M","?","E","R","B",null,"M","$","M","?","$","E","R","?","T","NM","M","E","?","$","R","B",null,"R","$","E","B",null],"character_chosen":"POTIONBREWER","items_purchased":["potionbrewer:SlideRule","Shovel","Technique","jedi:gremlinknob","ClockworkSouvenir","Omamori","potionbrewer:ChainReaction","hubris:TenFootPole","hubris:Potato","potionbrewer:RefinedProcess","aspiration:Nostalgia","aspiration:HatOfInfinitePower","BirthdayGift-Tetrahedron","Molten Egg 2","jedi:Pinwheel","War Paint","potionbrewer:Fuel","Sadistic Nature","MetatronsCube","Anchor","potionbrewer:MicrobeSpray","jedi:cryingmask","jedi:forcepull","Ancient Potion","Regal Pillow","MealTicket","Oddly Smooth Stone","Dota2Spire:AghanimScepter","REME_OnlineShoppingPlatform","CombinedTypeHook"],"campfire_rested":1,"item_purchase_floors":[5,5,5,5,27,27,27,27,36,36,36,36,39,39,39,39,39,39,48,48,48,48,48,48,48,48,53,53,53,53],"current_hp_per_floor":[101,101,101,101,101,93,93,103,103,90,95,100,105,67,67,73,112,112,112,112,112,112,112,112,112,112,112,59,60,60,39,72,70,112,111,111,112,112,112,112,112,112,112,112,112,112,112,112,112,112,112,112,112,112,112],"gold":140,"neow_bonus":"THREE_SMALL_POTIONS","is_daily":false,"chose_seed":false,"campfire_upgraded":0,"win_rate":0.0,"timestamp":1613774557,"path_taken":["M","M","M","?","$","E","R","E","T","E","M","?","M","?","R","BOSS","M","M","AVR","?","M","R","E","R","T","$","?","?","?","E","R","BOSS","M","$","M","?","$","E","R","?","T","NM","M","E","?","?","R","BOSS","R","$","E","BOSS"],"items_purchased_type":["Relic","Relic","Relic","Relic","Relic","Relic","Card","Relic","Relic","Card","Relic","Relic","Relic","Relic","Relic","Relic","Card","Card","Relic","Relic","Card","Relic","Card","Potion","Relic","Relic","Relic","Relic","Relic","Relic"],"build_version":"2020-12-22","purchased_purges":4,"victory":true,"max_hp_per_floor":[102,102,102,102,102,102,102,112,112,112,112,112,112,112,112,112,112,112,112,112,112,112,112,112,112,112,112,112,112,112,112,112,112,112,112,112,112,112,112,112,112,112,112,112,112,112,112,112,112,112,112,112,112,112,112],"card_choices":[{"not_picked":["potionbrewer:Experimentation","potionbrewer:IronHeart","potionbrewer:Smack"],"picked":"SKIP","floor":1},{"not_picked":["potionbrewer:BlindingMist","potionbrewer:Smokescreen","potionbrewer:Spark","potionbrewer:OneTwoPunch"],"picked":"potionbrewer:LeftoverSpecimen","floor":2},{"not_picked":["potionbrewer:TimeBomb","potionbrewer:UnstableFormula","potionbrewer:Catalyze","potionbrewer:Brandish"],"picked":"potionbrewer:Shovel","floor":3},{"not_picked":["Deep Breath","Dark Shackles","Blind","Flash of Steel"],"picked":"jedi:forcepull","floor":4},{"not_picked":["potionbrewer:Shovel","potionbrewer:QuickStep","potionbrewer:Refill","potionbrewer:UnstableFormula","potionbrewer:Prototype"],"picked":"potionbrewer:ChemicalShroud","floor":6},{"not_picked":["potionbrewer:LabJournal","potionbrewer:Smack","potionbrewer:CrossReference","potionbrewer:BlindingSpray"],"picked":"potionbrewer:CausticBarrier","floor":8},{"not_picked":["potionbrewer:UnstableFormula","potionbrewer:Smokescreen","potionbrewer:TimeBomb","potionbrewer:CausticBarrier"],"picked":"potionbrewer:DigDeep","floor":10},{"not_picked":["potionbrewer:CausticBarrier","potionbrewer:LabJournal","potionbrewer:AcidCloud","potionbrewer:ExplosiveReaction"],"picked":"potionbrewer:EmptyBottle","floor":11},{"not_picked":["potionbrewer:UnstableFormula","potionbrewer:ChemicalRage","potionbrewer:ChemicalShroud","potionbrewer:Smack","potionbrewer:Prototype"],"picked":"potionbrewer:TestFormula","floor":12},{"not_picked":["potionbrewer:Biohazard","potionbrewer:Experimentation","potionbrewer:PotentialEnergy","potionbrewer:Shovel","potionbrewer:Prototype"],"picked":"potionbrewer:ChemicalWeapons","floor":13},{"not_picked":["potionbrewer:BottomlessFlask","potionbrewer:TheFinalStraw","potionbrewer:ResearchResults","potionbrewer:Bribery","potionbrewer:Prototype"],"picked":"potionbrewer:Hoarder","floor":16},{"not_picked":["potionbrewer:OneTwoPunch","potionbrewer:Biohazard+1","potionbrewer:Discombobulate","potionbrewer:FlashPowder","potionbrewer:UnstableFormula"],"picked":"potionbrewer:Prototype","floor":18},{"not_picked":["potionbrewer:IronFist+1","potionbrewer:Refill","potionbrewer:ChemicalShroud","potionbrewer:LabAccident","potionbrewer:Shovel"],"picked":"SKIP","floor":19},{"not_picked":["potionbrewer:Fuel+1","potionbrewer:CausticBarrier","potionbrewer:QuickStep","potionbrewer:FlashPowder"],"picked":"potionbrewer:Toxicity","floor":22},{"not_picked":["potionbrewer:TwoForOne","potionbrewer:Biohazard","potionbrewer:Shovel","potionbrewer:OneTwoPunch"],"picked":"potionbrewer:Toxicity","floor":24},{"not_picked":["potionbrewer:IronFist","potionbrewer:FortifiedSerum","potionbrewer:Backhand+1","potionbrewer:VolatileSolution+1"],"picked":"potionbrewer:AcidCloud","floor":29},{"not_picked":["potionbrewer:Smack","potionbrewer:ChemicalWeapons","potionbrewer:Smokescreen+1","potionbrewer:VolatileSolution"],"picked":"potionbrewer:AnotherRound","floor":31},{"not_picked":["potionbrewer:Shovel","potionbrewer:Biohazard","potionbrewer:BlindingSpray","potionbrewer:Smack"],"picked":"potionbrewer:ChokingPowder","floor":32},{"not_picked":["potionbrewer:BrokenBeakers","potionbrewer:ResearchResults","potionbrewer:EquivalentExchange","potionbrewer:Bribery","potionbrewer:RefinedProcess"],"picked":"potionbrewer:Prototype","floor":33},{"not_picked":["potionbrewer:Shovel+1","potionbrewer:Experimentation","potionbrewer:CausticBarrier+1","potionbrewer:QuickStep"],"picked":"potionbrewer:TestFormula","floor":35},{"not_picked":["potionbrewer:BlindingMist","potionbrewer:Brandish+1","potionbrewer:AlchemistForm","potionbrewer:LeftoverSpecimen"],"picked":"potionbrewer:IronHeart","floor":37},{"not_picked":["potionbrewer:CausticBarrier","potionbrewer:Brandish+1","potionbrewer:Refill+1","potionbrewer:UnstableFormula+1"],"picked":"potionbrewer:OneTwoPunch+1","floor":40},{"not_picked":["potionbrewer:VolatileSolution+1","potionbrewer:Smack+1","potionbrewer:TimeBomb+1","potionbrewer:ChemicalWeapons+1"],"picked":"potionbrewer:PrivateReserves","floor":44},{"not_picked":["potionbrewer:FortifiedSerum","potionbrewer:ChainReaction+1","potionbrewer:TimeBomb+1","potionbrewer:FuelCell+1"],"picked":"potionbrewer:Catalyze","floor":45},{"not_picked":["potionbrewer:QuickStep","potionbrewer:BlindingMist","potionbrewer:OneTwoPunch+1","potionbrewer:DigDeep","potionbrewer:PortableLab+1"],"picked":"SKIP","floor":46},{"not_picked":["potionbrewer:VolatileSolution+1","potionbrewer:FuelCell","potionbrewer:AcidCloud+1","potionbrewer:MicrobeSpray","potionbrewer:Fuel"],"picked":"SKIP","floor":54}],"player_experience":265017,"relics_obtained":[{"floor":1,"key":"SynthV:TestCard"},{"floor":6,"key":"Dota2Spire:Desolator"},{"floor":7,"key":"infinitespire:Lucky Rock"},{"floor":8,"key":"Pear"},{"floor":9,"key":"Art of War"},{"floor":10,"key":"Toy Ornithopter"},{"floor":15,"key":"Dota2Spire:MaskOfMadness"},{"floor":23,"key":"Dota2Spire:CrimsonGuard"},{"floor":25,"key":"Dota2Spire:ShadowBlade"},{"floor":26,"key":"jedi:shrinkray"},{"floor":31,"key":"Bottled Flame"},{"floor":40,"key":"Dota2Spire:ArcaneBoots"},{"floor":41,"key":"Eternal Feather"},{"floor":44,"key":"aspiration:Lifesprig"},{"floor":46,"key":"InkBottle"},{"floor":52,"key":"Sundial"},{"floor":54,"key":"infinitespire:Satchel"}],"event_choices":[{"damage_healed":0,"gold_gain":1,"player_choice":"1","damage_taken":0,"max_hp_gain":0,"max_hp_loss":0,"event_name":"betterStone:BetterStone","floor":4,"gold_loss":0},{"damage_healed":0,"gold_gain":1,"player_choice":"Card Relic Relic ","damage_taken":38,"max_hp_gain":0,"max_hp_loss":0,"event_name":"betterThird:BetterScrap","floor":14,"gold_loss":0,"cards_obtained":["REME_FearOfPain","MostiFishMod:StarLaLaLa"]},{"damage_healed":0,"gold_gain":0,"player_choice":"RE RE RE UP RE ","damage_taken":122,"relics_obtained":["PreservedInsect","Dream Catcher","Dota2Spire:EchoSabre","potionbrewer:Torch"],"max_hp_gain":0,"max_hp_loss":0,"event_name":"betterSkull:BetterSkull","floor":28,"gold_loss":0,"cards_upgraded":["potionbrewer:DigDeep"]}],"is_beta":false,"boss_relics":[{"not_picked":["energizedSpire:OgreHead","GreenFoldingFan","aspiration:RunicSpoon"]},{"not_picked":["RhineSuit","Cursed Key"],"picked":"Dota2Spire:RefresherOrb"}],"items_purged_floors":[27,36,36,48],"is_endless":false,"potions_floor_spawned":[1,6,10,12,18,22,24,31,35,37,46],"ascension_level":1}}