{"host":"syfsfjmzue8y1a6l","time":1613719718,"event":{"mods":["AchievementEnabler","BaseMod","Colored Map","DeckTracker","Minty Spire (QoL Compilation)","Permanent Neow","SuperFastMode"],"gold_per_floor":[118,130,130,130,80,80,112,124,124,49,49,49,73,105,105,217,217,227,227,127,145,164,191,203,222,246,257,282,282,312,50,50,50,50],"floor_reached":33,"language":"KOR","playtime":1783,"items_purged":["Strike_P","Strike_P","Defend_P+1"],"score":345,"play_id":"65c38d68-cf39-47a9-917d-d1ad386d5247","local_time":"20210219162838","is_ascension_mode":false,"campfire_choices":[{"data":"Thinking Ahead","floor":6.0,"key":"SMITH"},{"floor":11.0,"key":"REST"},{"floor":15.0,"key":"RECALL"},{"data":"Adaptation","floor":29.0,"key":"SMITH"},{"floor":32.0,"key":"REST"}],"circlet_count":0,"master_deck":["Strike_P+1","Strike_P+1","Defend_P+1","Eruption+1","Vigilance+1","Thinking Ahead+1","LessonLearned+1","Scrawl+1","Adaptation+1","FlurryOfBlows+1","Collect"],"relics":["PureWater","Molten Egg 2","Gremlin Horn","CeramicFish","Sozu","Bronze Scales","Blood Vial","War Paint","Orrery"],"acts_visited":["Exordium","TheCity"],"potions_floor_usage":[],"damage_taken":[{"damage":5.0,"enemies":"Small Slimes","floor":1.0,"turns":4.0},{"damage":0.0,"enemies":"Jaw Worm","floor":2.0,"turns":3.0},{"damage":10.0,"enemies":"Lagavulin","floor":7.0,"turns":5.0},{"damage":0.0,"enemies":"2 Louse","floor":8.0,"turns":3.0},{"damage":21.0,"enemies":"3 Sentries","floor":14.0,"turns":10.0},{"damage":27.0,"enemies":"Slime Boss","floor":16.0,"turns":6.0},{"damage":4.0,"enemies":"3 Byrds","floor":18.0,"turns":4.0},{"damage":0.0,"enemies":"Chosen","floor":21.0,"turns":3.0},{"damage":22.0,"enemies":"Centurion and Healer","floor":22.0,"turns":4.0},{"damage":28.0,"enemies":"Book of Stabbing","floor":23.0,"turns":7.0},{"damage":0.0,"enemies":"Cultist and Chosen","floor":24.0,"turns":3.0},{"damage":0.0,"enemies":"3 Cultists","floor":25.0,"turns":3.0},{"damage":1.0,"enemies":"Centurion and Healer","floor":27.0,"turns":3.0},{"damage":0.0,"enemies":"Snake Plant","floor":28.0,"turns":2.0},{"damage":0.0,"enemies":"Gremlin Leader","floor":30.0,"turns":3.0},{"damage":42,"enemies":"Automaton","floor":33,"turns":4}],"seed_played":"-4645700042616890696","potions_obtained":[{"floor":1.0,"key":"BlessingOfTheForge"},{"floor":2.0,"key":"Regen Potion"}],"is_trial":false,"path_per_floor":["M","M","?","?","?","R","E","M","T","$","R","?","T","E","R","B",null,"M","?","$","M","M","E","M","M","T","M","M","R","E","$","R","B"],"character_chosen":"WATCHER","items_purchased":["Orrery"],"campfire_rested":2,"item_purchase_floors":[31],"current_hp_per_floor":[46,46,51,36,36,36,26,26,26,26,49,49,49,43,43,16,77,73,57,57,57,35,7,7,7,7,8,10,10,12,12,35,0,0],"gold":50,"neow_bonus":"RANDOM_COLORLESS_2","is_daily":false,"chose_seed":false,"campfire_upgraded":2,"win_rate":0.0,"timestamp":1613719718,"path_taken":["M","M","?","?","?","R","E","?","T","$","R","?","?","E","R","BOSS","M","?","$","M","M","E","M","M","T","M","M","R","E","$","R","BOSS"],"items_purchased_type":["Relic"],"build_version":"2020-12-22","purchased_purges":3,"victory":false,"max_hp_per_floor":[72,72,77,77,77,77,77,77,77,77,77,77,77,77,77,77,77,77,77,77,77,77,77,77,77,77,77,77,77,77,77,77,77,77],"card_choices":[{"not_picked":["Violence","Master of Strategy"],"picked":"Thinking Ahead","floor":0.0},{"not_picked":["SandsOfTime","FollowUp","Protect"],"picked":"SKIP","floor":1.0},{"not_picked":["BattleHymn","EmptyBody","Sanctity"],"picked":"SKIP","floor":2.0},{"not_picked":["Crescendo","Protect","Halt"],"picked":"SKIP","floor":7.0},{"not_picked":["BattleHymn","Crescendo","SashWhip+1"],"picked":"SKIP","floor":8.0},{"not_picked":["Wallop+1","Alpha","InnerPeace"],"picked":"SKIP","floor":14.0},{"not_picked":["Alpha","MasterReality"],"picked":"Scrawl","floor":16.0},{"not_picked":["EmptyBody+1","FollowUp+1","Crescendo+1"],"picked":"SKIP","floor":18.0},{"not_picked":["Pray+1","FollowUp+1","CutThroughFate+1"],"picked":"SKIP","floor":21.0},{"not_picked":["EmptyBody","Sanctity+1","FlyingSleeves+1"],"picked":"SKIP","floor":22.0},{"not_picked":["Swivel","SandsOfTime+1","CutThroughFate+1"],"picked":"SKIP","floor":23.0},{"not_picked":["EmptyBody","EmptyMind","DeusExMachina"],"picked":"SKIP","floor":24.0},{"not_picked":["SashWhip+1","CutThroughFate+1","Prostrate"],"picked":"SKIP","floor":25.0},{"not_picked":["SashWhip+1","EmptyFist+1","BowlingBash+1"],"picked":"SKIP","floor":27.0},{"not_picked":["Protect","CrushJoints+1"],"picked":"Adaptation","floor":28.0},{"not_picked":["Worship","ReachHeaven+1","ThirdEye"],"picked":"SKIP","floor":30.0},{"not_picked":["Crescendo","Perseverance"],"picked":"FlurryOfBlows+1","floor":31.0},{"not_picked":["Prostrate+1","Establishment"],"picked":"Collect","floor":31.0}],"player_experience":150618,"relics_obtained":[{"floor":7.0,"key":"Molten Egg 2"},{"floor":9.0,"key":"Gremlin Horn"},{"floor":14.0,"key":"CeramicFish"},{"floor":23.0,"key":"Bronze Scales"},{"floor":26.0,"key":"Blood Vial"},{"floor":30.0,"key":"War Paint"}],"event_choices":[{"damage_healed":0.0,"max_hp_gain":5.0,"max_hp_loss":0.0,"gold_gain":0.0,"event_name":"Big Fish","player_choice":"Donut","floor":3.0,"gold_loss":0.0,"damage_taken":0.0},{"damage_healed":0.0,"max_hp_gain":0.0,"max_hp_loss":0.0,"gold_gain":0.0,"event_name":"Shining Light","player_choice":"Entered Light","floor":4.0,"gold_loss":0.0,"damage_taken":15.0,"cards_upgraded":["Strike_P","Eruption"]},{"cards_removed":["Defend_P"],"damage_healed":0.0,"max_hp_gain":0.0,"max_hp_loss":0.0,"gold_gain":0.0,"event_name":"The Cleric","player_choice":"Card Removal","floor":5.0,"gold_loss":50.0,"damage_taken":0.0},{"damage_healed":0.0,"max_hp_gain":0.0,"max_hp_loss":0.0,"gold_gain":0.0,"cards_transformed":["Defend_P"],"event_name":"Living Wall","player_choice":"Change","floor":12.0,"gold_loss":0.0,"damage_taken":0.0,"cards_obtained":["LessonLearned"]},{"damage_healed":0.0,"max_hp_gain":0.0,"max_hp_loss":0.0,"gold_gain":0.0,"event_name":"Cursed Tome","player_choice":"Obtained Book","floor":19.0,"gold_loss":0.0,"damage_taken":16.0}],"is_beta":false,"boss_relics":[{"not_picked":["Fusion Hammer","SacredBark"],"picked":"Sozu"}],"items_purged_floors":[10,20,31],"is_endless":false,"potions_floor_spawned":[1,2,22,23,24,30],"killed_by":"Automaton","ascension_level":0}}