{"host":"2hea6pl5vmah38iy","time":1613726702,"event":{"mods":["AchievementEnabler","BaseMod","Colored Map","DeckTracker","Keyboard Shortcuts","Minty Spire (QoL Compilation)","Rare Cards Sparkle","StSLib","SuperFastMode","everything is the same but u backflip on backflip"],"gold_per_floor":[114,114,39,55,69,69,103,103,103,103,137,137,149,159,159,232,232,247,247,261,0,17,17,33,33,33],"floor_reached":25,"language":"KOR","playtime":870,"items_purged":["Pain"],"score":415,"play_id":"f2bb23d1-5ee2-49c6-9e76-51cccf6193a6","local_time":"20210219182502","is_ascension_mode":true,"campfire_choices":[{"data":"Defragment","floor":6.0,"key":"SMITH"},{"data":"Zap","floor":8.0,"key":"SMITH"},{"data":"Dualcast","floor":10.0,"key":"SMITH"},{"data":"Skim","floor":12.0,"key":"SMITH"},{"data":"Consume","floor":15.0,"key":"SMITH"},{"floor":23,"key":"REST"}],"circlet_count":0,"master_deck":["AscendersBane","Strike_B","Strike_B","Strike_B","Strike_B","Defend_B","Defend_B","Defend_B","Defend_B","Zap+1","Dualcast+1","Cold Snap","Compile Driver","Defragment+1","Core Surge","Skim+1","Consume+1","Defragment","Biased Cognition","Hologram+1","Cold Snap"],"relics":["Cracked Core","NeowsBlessing","WarpedTongs","Letter Opener","Pear","Bottled Tornado","SlaversCollar"],"acts_visited":["Exordium","TheCity"],"potions_floor_usage":[22],"damage_taken":[{"damage":0.0,"enemies":"Small Slimes","floor":1.0,"turns":1.0},{"damage":0.0,"enemies":"Cultist","floor":4.0,"turns":1.0},{"damage":0.0,"enemies":"Jaw Worm","floor":5.0,"turns":1.0},{"damage":20.0,"enemies":"3 Sentries","floor":7.0,"turns":9.0},{"damage":4.0,"enemies":"Lagavulin","floor":11.0,"turns":7.0},{"damage":5.0,"enemies":"Exordium Wildlife","floor":13.0,"turns":3.0},{"damage":2.0,"enemies":"Lots of Slimes","floor":14.0,"turns":3.0},{"damage":26.0,"enemies":"Slime Boss","floor":16.0,"turns":9.0},{"damage":12.0,"enemies":"3 Byrds","floor":18.0,"turns":5.0},{"damage":15.0,"enemies":"Shell Parasite","floor":20.0,"turns":5.0},{"damage":10,"enemies":"Centurion and Healer","floor":22,"turns":5},{"damage":16,"enemies":"3 Cultists","floor":24,"turns":5},{"damage":14,"enemies":"Snecko","floor":25,"turns":3}],"seed_played":"-9219405072437774225","potions_obtained":[{"floor":4.0,"key":"PowerPotion"},{"floor":11.0,"key":"SkillPotion"},{"floor":14.0,"key":"Dexterity Potion"},{"floor":20.0,"key":"ColorlessPotion"},{"floor":24,"key":"Fire Potion"}],"is_trial":false,"path_per_floor":["M","?","$","M","M","R","E","R","T","R","E","R","M","M","R","B",null,"M","?","M","?","M","R","M","M"],"character_chosen":"DEFECT","items_purchased":[],"campfire_rested":1,"item_purchase_floors":[],"current_hp_per_floor":[64,64,64,64,64,64,44,44,54,54,50,50,45,43,43,17,65,53,30,15,15,5,30,14,0,0],"gold":33,"neow_bonus":"THREE_ENEMY_KILL","is_daily":false,"chose_seed":false,"campfire_upgraded":5,"win_rate":0.0,"timestamp":1613726702,"path_taken":["M","?","$","?","M","R","E","R","T","R","E","R","M","M","R","BOSS","M","?","M","?","M","R","M","M"],"items_purchased_type":[],"build_version":"2020-12-22","purchased_purges":1,"victory":false,"max_hp_per_floor":[71,71,71,71,71,71,71,71,81,81,81,81,81,81,81,81,81,81,86,86,86,86,86,86,86,86],"card_choices":[{"not_picked":["Streamline","Gash"],"picked":"Cold Snap","floor":1.0},{"not_picked":["Heatsinks","Stack"],"picked":"Compile Driver","floor":4.0},{"not_picked":["Rebound","Sunder"],"picked":"Defragment","floor":5.0},{"not_picked":["Compile Driver","Storm"],"picked":"Core Surge","floor":7.0},{"not_picked":["Streamline","Doom and Gloom"],"picked":"Skim","floor":11.0},{"not_picked":["Rebound","Self Repair"],"picked":"Consume","floor":13.0},{"not_picked":["Go for the Eyes","Compile Driver"],"picked":"Defragment","floor":14.0},{"not_picked":["Buffer","All For One"],"picked":"Biased Cognition","floor":16.0},{"not_picked":["Reprogram","Steam"],"picked":"Hologram+1","floor":18.0},{"not_picked":["Sunder","Hologram","BootSequence"],"picked":"SKIP","floor":20.0},{"not_picked":["Sweeping Beam","BootSequence","Rebound"],"picked":"SKIP","floor":22},{"not_picked":["Heatsinks","Leap"],"picked":"Cold Snap","floor":24}],"player_experience":598487,"relics_obtained":[{"floor":7.0,"key":"Letter Opener"},{"floor":9.0,"key":"Pear"},{"floor":11.0,"key":"Bottled Tornado"}],"event_choices":[{"damage_healed":0.0,"max_hp_gain":0.0,"max_hp_loss":0.0,"gold_gain":0.0,"event_name":"Accursed Blacksmith","player_choice":"Rummage","floor":2.0,"gold_loss":0.0,"damage_taken":0.0,"relics_obtained":["WarpedTongs"],"cards_obtained":["Pain"]},{"damage_healed":0.0,"max_hp_gain":5.0,"max_hp_loss":0.0,"gold_gain":0.0,"event_name":"Forgotten Altar","player_choice":"Shed Blood","floor":19.0,"gold_loss":0.0,"damage_taken":28.0},{"damage_healed":0.0,"max_hp_gain":0.0,"max_hp_loss":0.0,"gold_gain":0.0,"event_name":"Masked Bandits","player_choice":"Paid Fearfully","floor":21.0,"gold_loss":261.0,"damage_taken":0.0}],"is_beta":false,"boss_relics":[{"not_picked":["Empty Cage","Coffee Dripper"],"picked":"SlaversCollar"}],"items_purged_floors":[3],"is_endless":false,"potions_floor_spawned":[4,11,14,20,24],"killed_by":"Snecko","ascension_level":19}}