{"host":"m6rwrrl4vtok99e8","time":1613714657,"event":{"mods":["ATMod(??Mod)","Act Like it!","Aspiration","BaseMod","Colored Powertips","Downfall","Energized Spire","GungeonMod","Jedi Mod","Koishi","LagranYue(???·?)","Lobotomy","Marisa????????","Minty Spire (QoL Compilation)","Pale of the Ancients","Quick Restart","Relic Stats","Reliquary","Remilia??????","Replay The Spire","Spicy Shops","StSLib","TestMod","The Servant 0.9.4","Waifu the Spire","WarShipGirlsR/????R mod","??????REMEMod"],"gold_per_floor":[113,124,44,97,115,115,134,152,177,209,220,231,5,20,20,124,124,134,134,134,151,76,106,106],"floor_reached":23,"language":"ZHS","playtime":1015,"items_purged":["downfall:Bewildered"],"score":245,"play_id":"1755583c-8ded-41bd-8e2f-06348a64f9ca","local_time":"20210219140417","is_ascension_mode":false,"campfire_choices":[{"data":"Koishi:HauntingSlash","floor":6.0,"key":"SMITH"},{"floor":15,"key":"REST"}],"circlet_count":0,"master_deck":["Koishi:BasicStrike","Koishi:BasicStrike","Koishi:BasicStrike","Koishi:BasicStrike","Koishi:BasicDefend","Koishi:BasicDefend","Koishi:BasicDefend","Koishi:BasicDefend","Koishi:Provoke","Koishi:HauntingSlash+1","Koishi:VengefulSpirit","Koishi:Untouchable","Koishi:MindNumbingTerror","downfall:Bewildered"],"relics":["Koishi:ImaginaryFriend","AT_ATBox","testmod-TestBox","REME_ComplimentaryCards","LagranYue:RandomDrawCardRelic","testmod-IndustrialRevolution","CogitoBucket","reliquary:Sideboard","jedi:shrinkray","AT_LudenTempest","AT_SunfireAegis","testmod-HeartOfStrike","Busted Crown","sneckomod:BabySnecko"],"acts_visited":["Exordium","TheCity"],"potions_floor_usage":[16,16,23],"damage_taken":[{"damage":5.0,"enemies":"2 Louse","floor":1.0,"turns":4.0},{"damage":1.0,"enemies":"Small Slimes","floor":2.0,"turns":4.0},{"damage":0.0,"enemies":"Cultist","floor":5.0,"turns":4.0},{"damage":9.0,"enemies":"Large Slime","floor":7.0,"turns":8.0},{"damage":0.0,"enemies":"2 Fungi Beasts","floor":8.0,"turns":3.0},{"damage":12.0,"enemies":"3 Sentries","floor":10.0,"turns":8.0},{"damage":20.0,"enemies":"Exordium Thugs","floor":11.0,"turns":3.0},{"damage":2.0,"enemies":"Red Slaver","floor":12.0,"turns":3.0},{"damage":0,"enemies":"Large Slime","floor":14,"turns":3},{"damage":0,"enemies":"Slime Boss","floor":16,"turns":6},{"damage":17,"enemies":"2 Thieves","floor":18,"turns":4},{"damage":29,"enemies":"Chosen","floor":21,"turns":4},{"damage":24,"enemies":"Gremlin Leader","floor":23,"turns":2}],"seed_played":"-5439308837102705933","potions_obtained":[{"floor":1.0,"key":"champ:CounterPotion"},{"floor":4.0,"key":"champ:CounterPotion"},{"floor":8.0,"key":"SteroidPotion"},{"floor":11.0,"key":"REME_GoldPotion"},{"floor":12.0,"key":"FearPotion"},{"floor":14,"key":"SteroidPotion"},{"floor":16,"key":"AttackPotion"},{"floor":18,"key":"REME_GoldPotion"}],"is_trial":false,"path_per_floor":["M","M","$","?","M","R","M","M","T","E","M","M","$","M","R","B",null,"M","?","?","M","$","E"],"character_chosen":"KOISHI","items_purchased":["Koishi:MindNumbingTerror","AT_SunfireAegis","testmod-HeartOfStrike"],"campfire_rested":1,"item_purchase_floors":[3,13,13],"current_hp_per_floor":[56,56,56,41,42,42,37,39,39,29,11,11,11,13,31,33,60,47,47,47,18,18,0,0],"gold":106,"neow_bonus":"","is_daily":false,"chose_seed":false,"campfire_upgraded":1,"win_rate":0.0,"timestamp":1613714657,"path_taken":["M","M","$","?","M","R","M","M","T","E","?","M","$","M","R","BOSS","M","?","?","M","$","E"],"items_purchased_type":["Card","Relic","Relic"],"build_version":"2020-12-22","purchased_purges":1,"victory":false,"max_hp_per_floor":[60,60,60,60,60,60,60,60,60,60,60,60,60,60,60,60,60,60,60,60,60,60,60,60],"relic_stats":{"Busted Crown":12,"counters":[15,58],"obtain_stats":[{"testmod-HeartOfStrike":13,"AT_ATBox":0,"testmod-TestBox":0,"LagranYue:RandomDrawCardRelic":0,"reliquary:Sideboard":4,"DemoMod:GlassGuonStoneRelic":1,"testmod-IndustrialRevolution":0,"jedi:shrinkray":9,"sneckomod:BabySnecko":19,"CogitoBucket":0,"AT_LudenTempest":10,"Busted Crown":17,"AT_SunfireAegis":13,"Koishi:ImaginaryFriend":0,"REME_ComplimentaryCards":0},{"testmod-HeartOfStrike":9,"AT_ATBox":0,"testmod-TestBox":0,"LagranYue:RandomDrawCardRelic":0,"reliquary:Sideboard":2,"DemoMod:GlassGuonStoneRelic":1,"testmod-IndustrialRevolution":0,"jedi:shrinkray":5,"sneckomod:BabySnecko":12,"CogitoBucket":0,"AT_LudenTempest":6,"Busted Crown":11,"AT_SunfireAegis":9,"Koishi:ImaginaryFriend":0,"REME_ComplimentaryCards":0},{"testmod-HeartOfStrike":38,"AT_ATBox":0,"testmod-TestBox":0,"LagranYue:RandomDrawCardRelic":0,"reliquary:Sideboard":8,"DemoMod:GlassGuonStoneRelic":4,"testmod-IndustrialRevolution":0,"jedi:shrinkray":23,"sneckomod:BabySnecko":51,"CogitoBucket":0,"AT_LudenTempest":31,"Busted Crown":47,"AT_SunfireAegis":38,"Koishi:ImaginaryFriend":0,"REME_ComplimentaryCards":0}]},"card_choices":[{"not_picked":["Koishi:PhilosophyOfTheDespised","Koishi:UnansweredLove"],"picked":"Koishi:VengefulSpirit","floor":1.0},{"not_picked":["Koishi:UnconsciousUrges","Koishi:Prune"],"picked":"Koishi:Untouchable","floor":2.0},{"not_picked":["PunishingBird","Murderer"],"picked":"ShyLook","floor":5.0},{"not_picked":["Koishi:SpiritedAway","Koishi:PhantomBarrier"],"picked":"Koishi:TremblingHands","floor":5.0},{"not_picked":["Koishi:DreadfulBlow","Koishi:BloodcurdlingScream","Koishi:Jaunt"],"picked":"SKIP","floor":7.0},{"not_picked":["Murderer","RedShoes"],"picked":"MHz","floor":8.0},{"not_picked":["Koishi:TraumaticStroke","Koishi:Jaunt","Koishi:Prune"],"picked":"SKIP","floor":8.0},{"not_picked":["HeroicMonk","VoidDream"],"picked":"OSAHOGD","floor":10.0},{"not_picked":["Koishi:Vanish","Koishi:SpiritedAway","Koishi:ConditionedTeleport"],"picked":"SKIP","floor":10.0},{"not_picked":["Koishi:GeneticsOfTheUnconscious","Koishi:PhantomBarrier","Koishi:Prune"],"picked":"SKIP","floor":11.0},{"not_picked":["Koishi:Prune","Koishi:ParalyzingFear","Koishi:FadingMemory"],"picked":"SKIP","floor":12.0},{"not_picked":["Koishi:UnconsciousUrges","Koishi:FleetingPhantom","Koishi:UnansweredLove"],"picked":"SKIP","floor":14},{"not_picked":["Koishi:Heartbroken","Koishi:MentalBreakdown"],"picked":"Koishi:HeartStoppingHorror","floor":16},{"not_picked":["Bloodbath","HappyTeddy"],"picked":"ShyLook","floor":18},{"not_picked":["Koishi:SpiritedAway"],"picked":"SKIP","floor":18},{"not_picked":["Koishi:BloodcurdlingScream+1"],"picked":"SKIP","floor":21}],"player_experience":39945,"relics_obtained":[{"floor":4.0,"key":"reliquary:Sideboard"},{"floor":9.0,"key":"jedi:shrinkray"},{"floor":10.0,"key":"AT_LudenTempest"}],"event_choices":[],"is_beta":false,"boss_relics":[{"not_picked":["aspiration:PoetsPen_weak","testmod-TimeTraveler"],"picked":"Busted Crown"}],"items_purged_floors":[22],"is_endless":false,"potions_floor_spawned":[1,8,11,12,14,16,18],"killed_by":"Gremlin Leader","ascension_level":0}}