{"host":"rantoq7h0pygex6x","time":1613763013,"event":{"mods":["AchievementEnabler","BaseMod","BetterRewards","Minty Spire (QoL Compilation)","SuperFastMode"],"gold_per_floor":[117,194,5,5,25,25,45,79,105,105,133,133,148,148,148,220,220,240,240,240,25,45,79,79,105,173,173,173,198,215,246,246,317,367,377,377,377,395,56,87,87,97,97,126,140,140,140],"floor_reached":46,"language":"ENG","playtime":1327,"items_purged":["Strike_R","Strike_R","Strike_R"],"score":1524,"play_id":"808e7ae7-f210-4f4e-a3ad-8f6916c8cd37","local_time":"20210220033013","is_ascension_mode":true,"campfire_choices":[{"data":"Sadistic Nature","floor":6.0,"key":"SMITH"},{"data":"Uppercut","floor":10.0,"key":"SMITH"},{"data":"Metallicize","floor":15.0,"key":"SMITH"},{"data":"Berserk","floor":27.0,"key":"SMITH"},{"floor":32.0,"key":"REST"}],"circlet_count":0,"master_deck":["AscendersBane","Strike_R","Strike_R","Defend_R","Defend_R","Defend_R+1","Defend_R","Bash","Bandage Up","Uppercut+1","Sadistic Nature+1","Disarm","Uppercut","Ghostly Armor","Seeing Red","Metallicize+1","Berserk+1","Sadistic Nature+1","Shockwave","Shrug It Off","Shrug It Off","Clumsy","Intimidate","Impervious","Rage","Immolate","Battle Trance+1","Madness","Madness","Bandage Up","Decay","Body Slam+1","Inflame+1"],"relics":["Burning Blood","Oddly Smooth Stone","PreservedInsect","MealTicket","HornCleat","Cursed Key","Dream Catcher","Bronze Scales","Pear","Art of War","Frozen Egg 2","Tiny House","Champion Belt","StoneCalendar","Blue Candle","Pocketwatch"],"acts_visited":["Exordium","TheCity","TheBeyond"],"potions_floor_usage":[44,44,45],"damage_taken":[{"damage":9.0,"enemies":"Small Slimes","floor":1.0,"turns":4.0},{"damage":0.0,"enemies":"Cultist","floor":5.0,"turns":3.0},{"damage":6.0,"enemies":"2 Louse","floor":7.0,"turns":3.0},{"damage":30.0,"enemies":"3 Sentries","floor":8.0,"turns":13.0},{"damage":0.0,"enemies":"Gremlin Nob","floor":11.0,"turns":2.0},{"damage":14.0,"enemies":"Gremlin Gang","floor":13.0,"turns":7.0},{"damage":2.0,"enemies":"The Guardian","floor":16.0,"turns":9.0},{"damage":12.0,"enemies":"3 Byrds","floor":18.0,"turns":7.0},{"damage":7.0,"enemies":"Shell Parasite","floor":22.0,"turns":4.0},{"damage":16.0,"enemies":"Book of Stabbing","floor":23.0,"turns":4.0},{"damage":36.0,"enemies":"Gremlin Leader","floor":25.0,"turns":7.0},{"damage":10.0,"enemies":"Book of Stabbing","floor":29.0,"turns":4.0},{"damage":48.0,"enemies":"Cultist and Chosen","floor":30.0,"turns":7.0},{"damage":0.0,"enemies":"Gremlin Leader","floor":31.0,"turns":5.0},{"damage":7.0,"enemies":"Automaton","floor":33.0,"turns":11.0},{"damage":24.0,"enemies":"Orb Walker","floor":35.0,"turns":6.0},{"damage":13.0,"enemies":"3 Shapes","floor":38.0,"turns":6.0},{"damage":38.0,"enemies":"Reptomancer","floor":40.0,"turns":6.0},{"damage":55.0,"enemies":"Transient","floor":42.0,"turns":6.0},{"damage":27,"enemies":"Nemesis","floor":44,"turns":7},{"damage":10,"enemies":"Jaw Worm Horde","floor":45,"turns":5},{"damage":34,"enemies":"Reptomancer","floor":46,"turns":2}],"seed_played":"177019374316222075","potions_obtained":[{"floor":4.0,"key":"EntropicBrew"},{"floor":4.0,"key":"SkillPotion"},{"floor":5.0,"key":"PowerPotion"},{"floor":13.0,"key":"Block Potion"},{"floor":22.0,"key":"SteroidPotion"},{"floor":25.0,"key":"SteroidPotion"},{"floor":31.0,"key":"DistilledChaos"},{"floor":33.0,"key":"Block Potion"},{"floor":34.0,"key":"Ancient Potion"},{"floor":38.0,"key":"PowerPotion"},{"floor":44,"key":"FearPotion"},{"floor":45,"key":"SpeedPotion"}],"is_trial":false,"path_per_floor":["M","?","$","?","M","R","M","E","T","R","E","$","M","?","R","B",null,"M","?","?","$","M","E","?","E","T","R","?","E","M","E","R","B",null,"M","?","?","M","$","E","?","M","T","E","M","E"],"character_chosen":"IRONCLAD","items_purchased":["Bandage Up","Uppercut","Sadistic Nature","Uppercut","Shockwave","Champion Belt"],"campfire_rested":1,"item_purchase_floors":[0,0,0,3,21,39],"current_hp_per_floor":[45,45,45,45,55,55,59,39,39,39,49,64,60,34,34,42,67,65,65,65,75,75,69,69,43,53,53,53,53,15,25,50,53,82,68,52,52,53,68,44,74,33,33,20,24,0,0],"gold":140,"neow_bonus":"","is_daily":false,"chose_seed":false,"campfire_upgraded":4,"win_rate":0.0,"timestamp":1613763013,"path_taken":["M","?","$","?","M","R","?","E","T","R","E","$","?","?","R","BOSS","M","?","?","$","?","E","?","E","T","R","?","E","M","E","R","BOSS","M","?","?","?","$","E","?","M","T","E","M","E"],"items_purchased_type":["Card","Card","Card","Card","Card","Relic"],"build_version":"2020-12-22","purchased_purges":3,"victory":false,"max_hp_per_floor":[75,75,75,75,75,75,75,75,75,75,75,75,75,75,75,75,75,75,75,75,75,75,75,75,75,85,85,85,85,85,85,85,85,90,90,90,90,90,90,90,74,74,74,74,74,74,74],"card_choices":[{"not_picked":["Wild Strike","Body Slam"],"picked":"Disarm","floor":1.0},{"not_picked":["Headbutt","Cleave","Rampage"],"picked":"SKIP","floor":5.0},{"not_picked":["Second Wind","Havoc"],"picked":"Ghostly Armor","floor":7.0},{"not_picked":["Havoc","Perfected Strike","Sever Soul"],"picked":"SKIP","floor":8.0},{"not_picked":["Havoc","Pommel Strike"],"picked":"Seeing Red","floor":11.0},{"not_picked":["Body Slam","Searing Blow"],"picked":"Metallicize","floor":13.0},{"not_picked":["Bludgeon","Corruption"],"picked":"Berserk","floor":16.0},{"not_picked":["Clothesline","Sever Soul","Uppercut"],"picked":"SKIP","floor":18.0},{"not_picked":["Thunderclap","Disarm"],"picked":"Shrug It Off","floor":22.0},{"not_picked":["Clothesline","Cleave","Searing Blow"],"picked":"SKIP","floor":23.0},{"not_picked":["Twin Strike","Dual Wield"],"picked":"Shrug It Off","floor":25.0},{"not_picked":["Whirlwind","Havoc","Wild Strike"],"picked":"SKIP","floor":29.0},{"not_picked":["Warcry","Bloodletting"],"picked":"Impervious","floor":30.0},{"not_picked":["Heavy Blade","Cleave"],"picked":"Rage","floor":31.0},{"not_picked":["Offering","Impervious"],"picked":"Immolate","floor":33.0},{"not_picked":["Pommel Strike","Spot Weakness"],"picked":"Battle Trance+1","floor":35.0},{"not_picked":["Impatience","Violence"],"picked":"Bandage Up","floor":37.0},{"not_picked":["Warcry","Flex","Thunderclap"],"picked":"SKIP","floor":38.0},{"not_picked":["Body Slam","Armaments","Pommel Strike+1"],"picked":"SKIP","floor":40.0},{"not_picked":["Sword Boomerang","Evolve+1","Body Slam"],"picked":"SKIP","floor":42.0},{"not_picked":["Rage","Flex"],"picked":"Body Slam+1","floor":44},{"not_picked":["Clothesline","Searing Blow"],"picked":"Inflame+1","floor":45}],"player_experience":1005462,"relics_obtained":[{"floor":8.0,"key":"Oddly Smooth Stone"},{"floor":9.0,"key":"PreservedInsect"},{"floor":11.0,"key":"MealTicket"},{"floor":23.0,"key":"Dream Catcher"},{"floor":25.0,"key":"Bronze Scales"},{"floor":26.0,"key":"Pear"},{"floor":29.0,"key":"Art of War"},{"floor":31.0,"key":"Frozen Egg 2"},{"floor":40.0,"key":"StoneCalendar"},{"floor":43.0,"key":"Blue Candle"},{"floor":44,"key":"Pocketwatch"}],"event_choices":[{"damage_healed":0.0,"max_hp_gain":0.0,"max_hp_loss":0.0,"gold_gain":77.0,"event_name":"Golden Wing","player_choice":"Gained Gold","floor":2.0,"gold_loss":0.0,"damage_taken":0.0},{"damage_healed":0.0,"max_hp_gain":0.0,"max_hp_loss":0.0,"gold_gain":0.0,"event_name":"Lab","player_choice":"Got Potions","floor":4.0,"gold_loss":0.0,"damage_taken":0.0},{"damage_healed":0.0,"max_hp_gain":0.0,"max_hp_loss":0.0,"gold_gain":0.0,"event_name":"Scrap Ooze","player_choice":"Success","floor":14.0,"gold_loss":0.0,"damage_taken":26.0,"relics_obtained":["HornCleat"]},{"damage_healed":0.0,"max_hp_gain":0.0,"max_hp_loss":0.0,"gold_gain":0.0,"event_name":"Cursed Tome","player_choice":"Ignored","floor":19.0,"gold_loss":0.0,"damage_taken":0.0},{"damage_healed":0.0,"max_hp_gain":0.0,"max_hp_loss":0.0,"gold_gain":0.0,"event_name":"Duplicator","player_choice":"Copied","floor":20.0,"gold_loss":0.0,"damage_taken":0.0,"cards_obtained":["Sadistic Nature"]},{"damage_healed":0.0,"max_hp_gain":0.0,"max_hp_loss":0.0,"gold_gain":0.0,"event_name":"Vampires","player_choice":"Ignored","floor":24.0,"gold_loss":0.0,"damage_taken":0.0},{"damage_healed":0.0,"max_hp_gain":0.0,"max_hp_loss":0.0,"gold_gain":0.0,"event_name":"The Library","player_choice":"Read","floor":28.0,"gold_loss":0.0,"damage_taken":0.0,"cards_obtained":["Intimidate"]},{"damage_healed":0.0,"max_hp_gain":0.0,"max_hp_loss":0.0,"gold_gain":0.0,"event_name":"Winding Halls","player_choice":"Embrace Madness","floor":36.0,"gold_loss":0.0,"damage_taken":16.0,"cards_obtained":["Madness","Madness"]},{"damage_healed":0.0,"max_hp_gain":0.0,"max_hp_loss":0.0,"gold_gain":0.0,"event_name":"SensoryStone","player_choice":"Memory 1","floor":37.0,"gold_loss":0.0,"damage_taken":0.0},{"damage_healed":74.0,"max_hp_gain":0.0,"max_hp_loss":16.0,"gold_gain":0.0,"event_name":"The Moai Head","player_choice":"Heal","floor":41.0,"gold_loss":0.0,"damage_taken":0.0}],"is_beta":false,"boss_relics":[{"not_picked":["Black Star","Velvet Choker"],"picked":"Cursed Key"},{"not_picked":["Runic Cube","Runic Pyramid"],"picked":"Tiny House"}],"items_purged_floors":[0,3,21],"is_endless":false,"potions_floor_spawned":[5,13,22,25,31,33,38,44,45],"killed_by":"Reptomancer","ascension_level":20}}