{"host":"sc8gyep369e97udg","time":1613703880,"event":{"mods":["BaseMod","Bestiary","Minty Spire (QoL Compilation)","Relic Stats","Slay the Relics Exporter"],"gold_per_floor":[113,113,63,73,87,121,42,42,42,42,55,82,102,122,122,218,218,232,250,267,286,26,26,26,26,50,68,82,82,102,131,131,233,233,246,265,310,360,50,50,50,67,67,95,106,106,118,137,137,137,137,137,6,38,38,38],"floor_reached":55,"language":"ENG","playtime":5424,"items_purged":["Strike_G","Strike_G"],"score":814,"play_id":"ed0f8b69-acd9-4416-b069-991bbdc3d1ce","local_time":"20210218220440","is_ascension_mode":true,"campfire_choices":[{"data":"Blade Dance","floor":8,"key":"SMITH"},{"data":"Footwork","floor":15,"key":"SMITH"},{"floor":23,"key":"REST"},{"data":"Distraction","floor":29,"key":"SMITH"},{"data":"Catalyst","floor":32,"key":"SMITH"},{"floor":40,"key":"REST"},{"floor":46,"key":"RECALL"},{"floor":49,"key":"REST"},{"data":"Backflip","floor":52,"key":"SMITH"}],"circlet_count":0,"master_deck":["Strike_G","Strike_G","Defend_G","Defend_G","Defend_G","Defend_G","Defend_G","Survivor","Neutralize","Panache","Slice","Quick Slash","Blade Dance+1","Corpse Explosion","Infinite Blades","Backstab","Heel Hook","Footwork+1","Envenom","Adrenaline","Backflip+1","Prepared","Distraction+1","Finisher+1","Catalyst+1","Dash","Escape Plan+1","Escape Plan","Crippling Poison","Flash of Steel","Bouncing Flask+1","Caltrops"],"relics":["Ring of the Serpent","CaptainsWheel","The Courier","Mercury Hourglass","Philosopher\u0027s Stone","Ninja Scroll","Blood Vial","Calipers","Tingsha","Lizard Tail","Membership Card","Snake Skull","Omamori","TwistedFunnel","HornCleat"],"acts_visited":["Exordium","TheCity","TheBeyond","TheEnding"],"potions_floor_usage":[6,16,16,19,30,31,33,42,44,45,50,50,50,54],"damage_taken":[{"damage":1,"enemies":"Jaw Worm","floor":1,"turns":7},{"damage":0,"enemies":"2 Louse","floor":4,"turns":2},{"damage":4,"enemies":"Small Slimes","floor":5,"turns":3},{"damage":4,"enemies":"Gremlin Nob","floor":6,"turns":3},{"damage":0,"enemies":"3 Louse","floor":11,"turns":1},{"damage":12,"enemies":"3 Sentries","floor":12,"turns":5},{"damage":8,"enemies":"Exordium Thugs","floor":13,"turns":3},{"damage":1,"enemies":"Blue Slaver","floor":14,"turns":3},{"damage":24,"enemies":"Hexaghost","floor":16,"turns":6},{"damage":13,"enemies":"Shell Parasite","floor":18,"turns":3},{"damage":1,"enemies":"2 Thieves","floor":19,"turns":2},{"damage":14,"enemies":"Snake Plant","floor":20,"turns":3},{"damage":22,"enemies":"Shelled Parasite and Fungi","floor":21,"turns":4},{"damage":0,"enemies":"Centurion and Healer","floor":27,"turns":5},{"damage":6,"enemies":"Cultist and Chosen","floor":28,"turns":4},{"damage":0,"enemies":"3 Cultists","floor":30,"turns":2},{"damage":5,"enemies":"Book of Stabbing","floor":31,"turns":4},{"damage":27,"enemies":"Automaton","floor":33,"turns":7},{"damage":4,"enemies":"Orb Walker","floor":35,"turns":2},{"damage":20,"enemies":"3 Darklings","floor":36,"turns":3},{"damage":25,"enemies":"2 Orb Walkers","floor":37,"turns":3},{"damage":8,"enemies":"Mind Bloom Boss Battle","floor":38,"turns":5},{"damage":0,"enemies":"Sphere and 2 Shapes","floor":42,"turns":4},{"damage":14,"enemies":"Reptomancer","floor":44,"turns":4},{"damage":1,"enemies":"Writhing Mass","floor":45,"turns":5},{"damage":4,"enemies":"Spire Growth","floor":47,"turns":3},{"damage":0,"enemies":"3 Darklings","floor":48,"turns":1},{"damage":73,"enemies":"Awakened One","floor":50,"turns":15},{"damage":16,"enemies":"Shield and Spear","floor":54,"turns":5},{"damage":86,"enemies":"The Heart","floor":55,"turns":5}],"seed_played":"-4087028796956219026","potions_obtained":[{"floor":4,"key":"GhostInAJar"},{"floor":11,"key":"ColorlessPotion"},{"floor":14,"key":"FearPotion"},{"floor":16,"key":"AttackPotion"},{"floor":18,"key":"CunningPotion"},{"floor":21,"key":"SmokeBomb"},{"floor":27,"key":"LiquidMemories"},{"floor":28,"key":"Swift Potion"},{"floor":33,"key":"Fruit Juice"},{"floor":42,"key":"LiquidBronze"},{"floor":44,"key":"Block Potion"},{"floor":45,"key":"Fire Potion"},{"floor":47,"key":"Block Potion"}],"is_trial":false,"path_per_floor":["M","?","?","M","M","E","$","R","T","?","M","E","M","M","R","B",null,"M","M","M","M","$","R","?","?","T","M","M","R","M","E","R","B",null,"M","M","?","?","$","R","$","M","T","E","M","R","M","M","R","B",null,"R","$","E","B"],"character_chosen":"THE_SILENT","items_purchased":["Infinite Blades","Ninja Scroll","Membership Card","Snake Skull","LiquidMemories","FearPotion","Flash of Steel","TwistedFunnel","GhostInAJar","Caltrops"],"campfire_rested":3,"item_purchase_floors":[7,22,39,39,39,39,39,53,53,53],"current_hp_per_floor":[62,67,67,67,63,59,59,59,59,59,59,47,39,38,38,14,68,55,54,40,18,18,38,38,60,60,62,58,58,60,57,57,32,68,64,46,23,17,17,37,37,44,44,32,33,33,31,33,54,23,73,73,73,57,0,0],"gold":38,"neow_bonus":"RANDOM_COLORLESS_2","is_daily":false,"chose_seed":false,"campfire_upgraded":5,"win_rate":0.0,"timestamp":1613703880,"path_taken":["M","?","?","M","M","E","$","R","T","?","M","E","M","M","R","BOSS","M","M","M","M","$","R","?","?","T","M","?","R","M","E","R","BOSS","M","M","?","?","$","R","?","M","T","E","M","R","?","M","R","BOSS","R","$","E","BOSS"],"items_purchased_type":["Card","Relic","Relic","Relic","Potion","Potion","Card","Relic","Potion","Card"],"build_version":"2020-12-22","purchased_purges":2,"victory":false,"max_hp_per_floor":[63,68,68,68,68,68,68,68,68,68,68,68,68,68,68,68,68,68,68,68,68,68,68,68,68,68,68,68,68,68,68,68,68,68,68,68,68,68,68,68,68,73,73,73,73,73,73,73,73,73,73,73,73,73,73,73],"relic_stats":{"Blood Vial":30,"Lizard Tail":36,"counters":[30,122],"Tingsha":[69],"Snake Skull":[127],"obtain_stats":[{"TwistedFunnel":53,"Calipers":31,"Tingsha":37,"The Courier":9,"Snake Skull":39,"Omamori":44,"Mercury Hourglass":12,"Blood Vial":26,"CaptainsWheel":6,"Lizard Tail":38,"HornCleat":54,"Ninja Scroll":22,"Philosopher\u0027s Stone":17,"Membership Card":39,"Ring of the Serpent":34,"Ring of the Snake":0},{"TwistedFunnel":28,"Calipers":17,"Tingsha":21,"The Courier":4,"Snake Skull":22,"Omamori":24,"Mercury Hourglass":6,"Blood Vial":13,"CaptainsWheel":4,"Lizard Tail":22,"HornCleat":29,"Ninja Scroll":13,"Philosopher\u0027s Stone":9,"Membership Card":22,"Ring of the Serpent":18,"Ring of the Snake":0},{"TwistedFunnel":112,"Calipers":60,"Tingsha":75,"The Courier":15,"Snake Skull":80,"Omamori":88,"Mercury Hourglass":21,"Blood Vial":45,"CaptainsWheel":15,"Lizard Tail":80,"HornCleat":117,"Ninja Scroll":45,"Philosopher\u0027s Stone":33,"Membership Card":80,"Ring of the Serpent":67,"Ring of the Snake":0}],"Mercury Hourglass":[384]},"card_choices":[{"not_picked":["Violence","Thinking Ahead"],"picked":"Panache","floor":0},{"not_picked":["Quick Slash","Dagger Throw"],"picked":"Slice","floor":1},{"not_picked":["Choke","Outmaneuver"],"picked":"Quick Slash","floor":4},{"not_picked":["Dagger Throw","Reflex"],"picked":"Blade Dance","floor":5},{"not_picked":["All Out Attack","Sucker Punch"],"picked":"Corpse Explosion","floor":6},{"not_picked":["Catalyst","PiercingWail"],"picked":"Backstab","floor":11},{"not_picked":["Underhanded Strike","Sucker Punch"],"picked":"Heel Hook","floor":12},{"not_picked":["Poisoned Stab","Quick Slash"],"picked":"Footwork","floor":13},{"not_picked":["Blade Dance","Prepared"],"picked":"Envenom","floor":14},{"not_picked":["Wraith Form v2","Malaise"],"picked":"Adrenaline","floor":16},{"not_picked":["Deadly Poison","Acrobatics"],"picked":"Backflip","floor":18},{"not_picked":["Deflect","Backflip+1"],"picked":"Prepared","floor":19},{"not_picked":["Deflect","Acrobatics+1"],"picked":"Distraction","floor":20},{"not_picked":["Skewer","Quick Slash","Distraction"],"picked":"SKIP","floor":21},{"not_picked":["Deflect","Well Laid Plans"],"picked":"Finisher+1","floor":27},{"not_picked":["Slice","Escape Plan"],"picked":"Catalyst","floor":28},{"not_picked":["Storm of Steel","Outmaneuver","Flying Knee"],"picked":"SKIP","floor":30},{"not_picked":["Escape Plan","Dagger Throw+1"],"picked":"Dash","floor":31},{"not_picked":["Prepared+1","Sucker Punch+1"],"picked":"Escape Plan+1","floor":35},{"not_picked":["Heel Hook","Cloak And Dagger","Bane+1"],"picked":"SKIP","floor":36},{"not_picked":["Blade Dance+1","All Out Attack"],"picked":"Escape Plan","floor":37},{"not_picked":["Outmaneuver","Prepared+1"],"picked":"Crippling Poison","floor":38},{"not_picked":["Predator+1","Underhanded Strike","Footwork"],"picked":"SKIP","floor":42},{"not_picked":["All Out Attack+1","Poisoned Stab","Masterful Stab"],"picked":"SKIP","floor":44},{"not_picked":["Poisoned Stab+1","Heel Hook+1","Sucker Punch+1"],"picked":"SKIP","floor":45},{"not_picked":["Calculated Gamble","Outmaneuver","Footwork+1"],"picked":"SKIP","floor":47},{"not_picked":["Distraction","Flying Knee+1"],"picked":"Bouncing Flask+1","floor":48},{"not_picked":["Poisoned Stab+1","Night Terror","Acrobatics+1"],"picked":"SKIP","floor":54}],"player_experience":112609,"relics_obtained":[{"floor":6,"key":"CaptainsWheel"},{"floor":9,"key":"The Courier"},{"floor":12,"key":"Mercury Hourglass"},{"floor":26,"key":"Blood Vial"},{"floor":31,"key":"Calipers"},{"floor":37,"key":"Tingsha"},{"floor":38,"key":"Lizard Tail"},{"floor":44,"key":"Omamori"},{"floor":54,"key":"HornCleat"}],"event_choices":[{"damage_healed":0,"gold_gain":0,"player_choice":"Donut","damage_taken":0,"max_hp_gain":5,"max_hp_loss":0,"event_name":"Big Fish","floor":2,"gold_loss":0},{"cards_removed":["Strike_G"],"damage_healed":0,"gold_gain":0,"player_choice":"Card Removal","damage_taken":0,"max_hp_gain":0,"max_hp_loss":0,"event_name":"The Cleric","floor":3,"gold_loss":50},{"damage_healed":0,"gold_gain":0,"player_choice":"Ignored","damage_taken":0,"max_hp_gain":0,"max_hp_loss":0,"event_name":"Liars Game","floor":10,"gold_loss":0},{"damage_healed":0,"gold_gain":0,"player_choice":"Ignored","damage_taken":0,"max_hp_gain":0,"max_hp_loss":0,"event_name":"Cursed Tome","floor":24,"gold_loss":0},{"damage_healed":22,"gold_gain":0,"player_choice":"Heal","damage_taken":0,"max_hp_gain":0,"max_hp_loss":0,"event_name":"The Library","floor":25,"gold_loss":0},{"damage_healed":0,"gold_gain":0,"player_choice":"Fight","damage_taken":0,"max_hp_gain":0,"max_hp_loss":0,"event_name":"Mysterious Sphere","floor":37,"gold_loss":0},{"damage_healed":0,"gold_gain":0,"player_choice":"Fight","damage_taken":0,"max_hp_gain":0,"max_hp_loss":0,"event_name":"MindBloom","floor":38,"gold_loss":0}],"is_beta":false,"boss_relics":[{"not_picked":["HoveringKite","Coffee Dripper"],"picked":"Philosopher\u0027s Stone"},{"not_picked":["Tiny House","Pandora\u0027s Box"],"picked":"Ring of the Serpent"}],"items_purged_floors":[22,39],"is_endless":false,"potions_floor_spawned":[4,11,14,16,18,21,27,28,33,42,44,45,47],"killed_by":"The Heart","ascension_level":3}}