{"host":"8d3fefv2347kqkpz","time":1613767827,"event":{"mods":["AchievementEnabler","BaseMod","Better Vampires","BetterRewards","Colored Map","Colored Powertips","Downfall","Emptier Cage","Highlight Path","Marked Mod","Minty Spire (QoL Compilation)","Permanent Neow","Quick Restart","Rare Cards Sparkle","Relic Stats","Say the Spire","Spicy Shops","StSLib","Waifu the Spire"],"gold_per_floor":[116,191,209,384,334,353,131,144,171,171,188,188,222,122,122,122,122],"floor_reached":16,"language":"ZHS","playtime":437,"items_purged":["Strike_G","Strike_G"],"score":100,"play_id":"d58608c0-c988-4943-8f4f-52982f22d8dd","local_time":"20210220045027","is_ascension_mode":false,"campfire_choices":[{"data":"Flechettes","floor":12.0,"key":"SMITH"},{"floor":15,"key":"REST"}],"circlet_count":0,"master_deck":["Strike_G","Strike_G","Strike_G","Defend_G","Defend_G","Defend_G","Defend_G","Defend_G","Survivor","Neutralize","Adrenaline","Flechettes+1","Acrobatics","Leg Sweep","Die Die Die"],"relics":["Ring of the Snake","Tiny Chest","Guardian:PocketSentry"],"acts_visited":["Exordium"],"potions_floor_usage":[13,16],"damage_taken":[{"damage":0.0,"enemies":"Small Slimes","floor":1.0,"turns":5.0},{"damage":0.0,"enemies":"2 Louse","floor":3.0,"turns":2.0},{"damage":0.0,"enemies":"Jaw Worm","floor":6.0,"turns":3.0},{"damage":4.0,"enemies":"Blue Slaver","floor":8.0,"turns":4.0},{"damage":0.0,"enemies":"Red Slaver","floor":11.0,"turns":4.0},{"damage":44,"enemies":"Gremlin Nob","floor":13,"turns":7},{"damage":38,"enemies":"Slime Boss","floor":16,"turns":8}],"seed_played":"5700430137896753187","potions_obtained":[{"floor":1.0,"key":"Ancient Potion"},{"floor":6.0,"key":"EssenceOfSteel"},{"floor":13,"key":"AttackPotion"}],"is_trial":false,"path_per_floor":["M","?","M","?","?","M","$","M","T","?","M","R","E","$","R","B"],"character_chosen":"THE_SILENT","items_purchased":["Tiny Chest"],"campfire_rested":1,"item_purchase_floors":[7],"current_hp_per_floor":[70,59,59,59,59,59,59,55,55,55,55,55,11,11,32,0,0],"gold":122,"neow_bonus":"ONE_RANDOM_RARE_CARD","is_daily":false,"chose_seed":false,"campfire_upgraded":1,"win_rate":0.0,"timestamp":1613767827,"path_taken":["M","?","M","?","?","M","$","M","T","?","M","R","E","$","R","BOSS"],"items_purchased_type":["Relic"],"build_version":"2020-12-22","purchased_purges":2,"victory":false,"max_hp_per_floor":[70,70,70,70,70,70,70,70,70,70,70,70,70,70,70,70,70],"relic_stats":{"counters":[7,33],"Tiny Chest":0,"obtain_stats":[{"Tiny Chest":7,"Guardian:PocketSentry":13,"Ring of the Snake":0},{"Tiny Chest":3,"Guardian:PocketSentry":6,"Ring of the Snake":0},{"Tiny Chest":10,"Guardian:PocketSentry":25,"Ring of the Snake":0}],"Ring of the Snake":[14]},"card_choices":[{"not_picked":["PiercingWail","Heel Hook"],"picked":"Flechettes","floor":1.0},{"not_picked":["Blade Dance","Crippling Poison"],"picked":"Acrobatics","floor":3.0},{"not_picked":["Quick Slash","Deflect","Setup"],"picked":"SKIP","floor":6.0},{"not_picked":["Blade Dance","Poisoned Stab"],"picked":"Leg Sweep","floor":8.0},{"not_picked":["Bane","Flying Knee"],"picked":"Die Die Die","floor":11.0},{"not_picked":["Infinite Blades","Heel Hook","Riddle With Holes"],"picked":"SKIP","floor":13}],"player_experience":482382,"relics_obtained":[{"floor":13,"key":"Guardian:PocketSentry"}],"event_choices":[{"damage_healed":0.0,"max_hp_gain":0.0,"max_hp_loss":0.0,"gold_gain":75.0,"event_name":"World of Goop","player_choice":"Gather Gold","floor":2.0,"gold_loss":0.0,"damage_taken":11.0},{"damage_healed":0.0,"max_hp_gain":0.0,"max_hp_loss":0.0,"gold_gain":175.0,"event_name":"Liars Game","player_choice":"AGREE","floor":4.0,"gold_loss":0.0,"damage_taken":0.0,"cards_obtained":["Doubt"]},{"cards_removed":["Doubt"],"damage_healed":0.0,"max_hp_gain":0.0,"max_hp_loss":0.0,"gold_gain":0.0,"event_name":"The Cleric","player_choice":"Card Removal","floor":5.0,"gold_loss":50.0,"damage_taken":0.0},{"damage_healed":0.0,"max_hp_gain":0.0,"max_hp_loss":0.0,"gold_gain":0.0,"event_name":"Shining Light","player_choice":"Ignored","floor":10.0,"gold_loss":0.0,"damage_taken":0.0}],"is_beta":false,"boss_relics":[],"items_purged_floors":[7,14],"is_endless":false,"potions_floor_spawned":[1,6,13],"killed_by":"Slime Boss","ascension_level":0}}