{"host":"xhy9gc4eyomy2i9o","time":1613738454,"event":{"mods":["AchievementEnabler","Act Like it!","BaseMod","Better Vampires","Minty Spire (QoL Compilation)","Permanent Neow","Quick Restart","Shop Mod","StSLib","Waifu the Spire"],"gold_per_floor":[117,117,217,234,234,264,284,284,284,284,296,310,329,97,97,174,174,184,195,21,21,33,33,48,62,62,95,105,121,121,132,132,211,211,223,98,108,108,120,149,149,167,192,225,75,109,126,166,166,166,166],"floor_reached":50,"language":"ZHS","playtime":3464,"items_purged":["Strike_G","Strike_G","Strike_G","Defend_G"],"score":1042,"play_id":"d358108c-5bf6-4b41-9093-ac0996531383","local_time":"20210219204054","is_ascension_mode":true,"campfire_choices":[{"floor":8.0,"key":"REST"},{"data":"Crippling Poison","floor":10.0,"key":"SMITH"},{"data":"Deadly Poison","floor":15.0,"key":"SMITH"},{"data":"Envenom","floor":23.0,"key":"SMITH"},{"data":"Footwork","floor":30.0,"key":"SMITH"},{"floor":32.0,"key":"REST"},{"data":"A Thousand Cuts","floor":41.0,"key":"SMITH"},{"floor":49.0,"key":"REST"}],"circlet_count":0,"master_deck":["AscendersBane","Strike_G+1","Defend_G","Defend_G+1","Survivor","Neutralize","Prepared","Blade Dance","Crippling Poison+1","Deadly Poison+1","Blade Dance+1","PiercingWail","Corpse Explosion+1","Envenom+1","PiercingWail","Footwork+1","Prepared+1","Backflip","Adrenaline","Backflip","Cloak And Dagger","Acrobatics","A Thousand Cuts+1","Eviscerate","Acrobatics+1","Deflect","Escape Plan","Accuracy+1"],"relics":["Ring of the Snake","TungstenRod","Blood Vial","InkBottle","War Paint","Philosopher\u0027s Stone","Matryoshka","Bag of Marbles","Question Card","Bag of Preparation","SlaversCollar","Tingsha","Dream Catcher","Happy Flower","CeramicFish","Regal Pillow","Darkstone Periapt"],"acts_visited":["Exordium","TheCity","TheBeyond"],"potions_floor_usage":[],"damage_taken":[{"damage":1.0,"enemies":"Jaw Worm","floor":1.0,"turns":5.0},{"damage":0.0,"enemies":"Small Slimes","floor":4.0,"turns":4.0},{"damage":33.0,"enemies":"3 Sentries","floor":6.0,"turns":13.0},{"damage":0.0,"enemies":"Cultist","floor":7.0,"turns":3.0},{"damage":3.0,"enemies":"Exordium Thugs","floor":11.0,"turns":3.0},{"damage":3.0,"enemies":"Red Slaver","floor":12.0,"turns":4.0},{"damage":0.0,"enemies":"Blue Slaver","floor":13.0,"turns":3.0},{"damage":33.0,"enemies":"Slime Boss","floor":16.0,"turns":11.0},{"damage":17.0,"enemies":"Spheric Guardian","floor":18.0,"turns":7.0},{"damage":11.0,"enemies":"2 Thieves","floor":19.0,"turns":3.0},{"damage":1.0,"enemies":"Centurion and Healer","floor":22.0,"turns":4.0},{"damage":0.0,"enemies":"Chosen and Byrds","floor":24.0,"turns":5.0},{"damage":12.0,"enemies":"Cultist and Chosen","floor":25.0,"turns":6.0},{"damage":3.0,"enemies":"Gremlin Leader","floor":27.0,"turns":6.0},{"damage":3.0,"enemies":"Shelled Parasite and Fungi","floor":28.0,"turns":5.0},{"damage":0.0,"enemies":"3 Cultists","floor":29.0,"turns":4.0},{"damage":5.0,"enemies":"Snake Plant","floor":31.0,"turns":4.0},{"damage":9.0,"enemies":"Champ","floor":33.0,"turns":10.0},{"damage":4.0,"enemies":"3 Darklings","floor":35.0,"turns":3.0},{"damage":0.0,"enemies":"3 Shapes","floor":37.0,"turns":3.0},{"damage":0.0,"enemies":"Maw","floor":39.0,"turns":7.0},{"damage":3.0,"enemies":"Giant Head","floor":40.0,"turns":7.0},{"damage":3.0,"enemies":"3 Darklings","floor":42.0,"turns":4.0},{"damage":20.0,"enemies":"Reptomancer","floor":44.0,"turns":5.0},{"damage":0.0,"enemies":"Giant Head","floor":46.0,"turns":5.0},{"damage":4.0,"enemies":"Jaw Worm Horde","floor":47.0,"turns":3.0},{"damage":7.0,"enemies":"Nemesis","floor":48.0,"turns":5.0},{"damage":0,"enemies":"Time Eater","floor":50,"turns":1}],"seed_played":"3797066296808529054","potions_obtained":[{"floor":11.0,"key":"ColorlessPotion"},{"floor":12.0,"key":"SmokeBomb"},{"floor":16.0,"key":"Fire Potion"},{"floor":22.0,"key":"Explosive Potion"},{"floor":25.0,"key":"Swift Potion"},{"floor":28.0,"key":"SteroidPotion"},{"floor":29.0,"key":"CultistPotion"},{"floor":33.0,"key":"LiquidBronze"},{"floor":35.0,"key":"Poison Potion"},{"floor":42.0,"key":"Swift Potion"}],"is_trial":false,"path_per_floor":["M","?","?","M","T","E","M","R","T","R","M","M","M","$","R","B",null,"M","M","$","?","M","R","M","M","T","E","M","M","R","M","R","B",null,"M","$","M","?","M","E","R","M","T","E","$","E","M","E","R","B"],"character_chosen":"THE_SILENT","items_purchased":["War Paint","Footwork"],"campfire_rested":3,"item_purchase_floors":[14,20],"current_hp_per_floor":[58,46,46,46,46,13,15,33,33,33,32,31,33,33,33,2,46,31,22,22,22,23,23,25,15,15,14,13,15,15,12,30,23,51,49,49,51,51,53,52,52,51,51,33,33,35,33,28,60,60,60],"gold":166,"neow_bonus":"REMOVE_TWO","is_daily":false,"chose_seed":false,"campfire_upgraded":5,"win_rate":0.0,"timestamp":1613738454,"path_taken":["M","?","?","?","?","E","?","R","T","R","M","M","M","?","R","BOSS","M","M","$","?","?","R","M","M","T","E","M","M","R","M","R","BOSS","M","?","M","?","M","E","R","?","T","E","$","E","M","E","R","BOSS"],"items_purchased_type":["Relic","Card"],"build_version":"2020-12-22","purchased_purges":4,"victory":false,"max_hp_per_floor":[60,60,60,60,60,60,60,60,60,60,60,60,60,60,60,60,60,60,60,60,60,60,60,60,60,60,60,60,60,60,60,60,60,60,60,60,60,60,60,60,60,60,60,60,60,60,60,60,60,60,60],"card_choices":[{"not_picked":["Flying Knee","Predator"],"picked":"Prepared","floor":1.0},{"not_picked":["PiercingWail","Calculated Gamble"],"picked":"Blade Dance","floor":4.0},{"not_picked":["Acrobatics","Sucker Punch"],"picked":"Crippling Poison","floor":6.0},{"not_picked":["Backstab","Sucker Punch"],"picked":"Deadly Poison","floor":7.0},{"not_picked":["Concentrate","Bouncing Flask"],"picked":"Blade Dance","floor":11.0},{"not_picked":["Dodge and Roll","Outmaneuver"],"picked":"PiercingWail","floor":12.0},{"not_picked":["Sucker Punch","Slice"],"picked":"Corpse Explosion","floor":13.0},{"not_picked":["A Thousand Cuts","Bullet Time"],"picked":"Envenom","floor":16.0},{"not_picked":["Blade Dance+1","Deflect"],"picked":"Well Laid Plans","floor":18.0},{"not_picked":["Slice","Dodge and Roll"],"picked":"PiercingWail","floor":19.0},{"not_picked":["Tactician","Predator","Dagger Spray+1"],"picked":"SKIP","floor":22.0},{"not_picked":["Flying Knee","Poisoned Stab"],"picked":"Prepared+1","floor":24.0},{"not_picked":["Bouncing Flask","Deflect"],"picked":"Backflip","floor":25.0},{"not_picked":["Flying Knee","Blur","Outmaneuver"],"picked":"Adrenaline","floor":27.0},{"not_picked":["Dagger Throw","Masterful Stab","Expertise"],"picked":"Backflip","floor":28.0},{"not_picked":["Calculated Gamble","Deadly Poison+1","Acrobatics"],"picked":"Cloak And Dagger","floor":29.0},{"not_picked":["Terror","Masterful Stab","Prepared+1"],"picked":"Acrobatics","floor":31.0},{"not_picked":["Burst","Bullet Time","Night Terror"],"picked":"A Thousand Cuts","floor":33.0},{"not_picked":["Poisoned Stab","Flying Knee","Quick Slash","Well Laid Plans"],"picked":"SKIP","floor":35.0},{"not_picked":["Acrobatics+1","Deadly Poison","Quick Slash","Slice+1"],"picked":"SKIP","floor":37.0},{"not_picked":["Sucker Punch","PiercingWail+1","Bane"],"picked":"Eviscerate","floor":39.0},{"not_picked":["Predator+1","Wraith Form v2","Dash"],"picked":"Acrobatics+1","floor":40.0},{"not_picked":["Noxious Fumes","Dodge and Roll","Dagger Spray+1"],"picked":"Deflect","floor":42.0},{"not_picked":["Underhanded Strike","Setup","Outmaneuver","Flechettes"],"picked":"SKIP","floor":44.0},{"not_picked":["Dodge and Roll","Blade Dance","Deadly Poison"],"picked":"Escape Plan","floor":46.0},{"not_picked":["Backflip","Slice","Outmaneuver","Quick Slash+1"],"picked":"SKIP","floor":47.0},{"not_picked":["Adrenaline","Acrobatics+1","Dagger Spray"],"picked":"Accuracy+1","floor":48.0}],"player_experience":439235,"relics_obtained":[{"floor":5.0,"key":"TungstenRod"},{"floor":6.0,"key":"Blood Vial"},{"floor":9.0,"key":"InkBottle"},{"floor":26.0,"key":"Bag of Marbles"},{"floor":26.0,"key":"Question Card"},{"floor":27.0,"key":"Bag of Preparation"},{"floor":40.0,"key":"Tingsha"},{"floor":43.0,"key":"Dream Catcher"},{"floor":43.0,"key":"Happy Flower"},{"floor":44.0,"key":"CeramicFish"},{"floor":46.0,"key":"Regal Pillow"},{"floor":48.0,"key":"Darkstone Periapt"}],"event_choices":[{"damage_healed":0.0,"max_hp_gain":0.0,"max_hp_loss":0.0,"gold_gain":0.0,"event_name":"Shining Light","player_choice":"Entered Light","floor":2.0,"gold_loss":0.0,"damage_taken":12.0,"cards_upgraded":["Strike_G","Defend_G"]},{"damage_healed":0.0,"max_hp_gain":0.0,"max_hp_loss":0.0,"gold_gain":100.0,"event_name":"Golden Shrine","player_choice":"Pray","floor":3.0,"gold_loss":0.0,"damage_taken":0.0},{"cards_removed":["Well Laid Plans"],"damage_healed":0.0,"max_hp_gain":0.0,"max_hp_loss":0.0,"gold_gain":0.0,"event_name":"WeMeetAgain","player_choice":"Gave Card","floor":21.0,"gold_loss":0.0,"damage_taken":0.0,"relics_obtained":["Matryoshka"]},{"cards_removed":["Defend_G"],"damage_healed":0.0,"max_hp_gain":0.0,"max_hp_loss":0.0,"gold_gain":0.0,"event_name":"Purifier","player_choice":"Purged","floor":38.0,"gold_loss":0.0,"damage_taken":0.0}],"is_beta":false,"boss_relics":[{"not_picked":["Sozu","Tiny House"],"picked":"Philosopher\u0027s Stone"},{"not_picked":["Ring of the Serpent","Coffee Dripper"],"picked":"SlaversCollar"}],"items_purged_floors":[14,20,36,45],"is_endless":false,"potions_floor_spawned":[11,12,16,22,25,28,29,33,35,42,44,46],"killed_by":"Time Eater","ascension_level":14}}