{"host":"q9qwbotttpvtd6fn","time":1613700522,"event":{"mods":["BaseMod","Colored Map","Minty Spire (QoL Compilation)","StSLib"],"gold_per_floor":[113,34,52,66,82,82,107,127,151,326,7,24,24,51,51,150,150,168,83,83,83,100,100,100,100],"floor_reached":24,"language":"ENG","playtime":1074,"items_purged":["Doubt"],"score":324,"play_id":"84e3e938-dd8f-457c-99a3-cc1c304fdf26","local_time":"20210218210842","is_ascension_mode":true,"campfire_choices":[{"data":"Defragment","floor":6,"key":"SMITH"},{"floor":13,"key":"REST"},{"data":"Demon Form","floor":15,"key":"SMITH"},{"data":"Bite","floor":23,"key":"SMITH"}],"circlet_count":0,"master_deck":["Defend_B","Defend_B","Defend_B","Defend_B","Zap","Dualcast","Core Surge","Fusion","Defragment+1","Coolheaded","Chaos","Self Repair","Leap","Static Discharge","Trip","Demon Form+1","Master of Strategy","CutThroughFate","Bite","Bite+1","Bite","Bite","Bite","Sucker Punch+1"],"relics":["Cracked Core","Sundial","Strawberry","PrismaticShard","Bag of Preparation","Sozu","Smiling Mask","Enchiridion"],"acts_visited":["Exordium","TheCity"],"potions_floor_usage":[7,24,24],"damage_taken":[{"damage":0,"enemies":"Cultist","floor":1,"turns":4},{"damage":7,"enemies":"Jaw Worm","floor":3,"turns":3},{"damage":8,"enemies":"2 Louse","floor":4,"turns":3},{"damage":8,"enemies":"2 Fungi Beasts","floor":5,"turns":3},{"damage":16,"enemies":"Gremlin Nob","floor":7,"turns":4},{"damage":19,"enemies":"3 Louse","floor":8,"turns":5},{"damage":8,"enemies":"Blue Slaver","floor":12,"turns":5},{"damage":27,"enemies":"Lagavulin","floor":14,"turns":7},{"damage":20,"enemies":"Hexaghost","floor":16,"turns":7},{"damage":17,"enemies":"Spheric Guardian","floor":18,"turns":5},{"damage":3,"enemies":"Chosen","floor":22,"turns":3},{"damage":51,"enemies":"Slavers","floor":24,"turns":3}],"seed_played":"-4917575851910331402","potions_obtained":[{"floor":1,"key":"DuplicationPotion"},{"floor":7,"key":"Dexterity Potion"},{"floor":8,"key":"Ancient Potion"},{"floor":14,"key":"Swift Potion"}],"is_trial":false,"path_per_floor":["M","$","M","M","M","R","E","M","T","?","$","M","R","E","R","B",null,"M","?","?","?","M","R","E"],"character_chosen":"DEFECT","items_purchased":["Defragment","PrismaticShard","Trip"],"campfire_rested":1,"item_purchase_floors":[2,11,11],"current_hp_per_floor":[68,68,61,53,45,45,29,17,24,24,24,23,47,27,27,14,65,55,55,55,39,44,44,0,0],"gold":100,"neow_bonus":"ONE_RANDOM_RARE_CARD","is_daily":false,"chose_seed":false,"campfire_upgraded":3,"win_rate":0.0,"timestamp":1613700522,"path_taken":["M","$","M","?","M","R","E","M","T","?","$","M","R","E","R","BOSS","M","?","?","?","M","R","E"],"items_purchased_type":["Card","Relic","Card"],"build_version":"2020-12-22","purchased_purges":1,"victory":false,"max_hp_per_floor":[75,75,75,75,75,75,75,75,82,82,82,82,82,82,82,82,82,82,82,57,57,57,57,57,57],"card_choices":[{"not_picked":["Rebound","Steam"],"picked":"Fusion","floor":1},{"not_picked":["Stack","Hologram"],"picked":"Coolheaded","floor":3},{"not_picked":["Compile Driver","Melter"],"picked":"Chaos","floor":4},{"not_picked":["Rebound","Static Discharge"],"picked":"Self Repair","floor":5},{"not_picked":["Self Repair","Heatsinks"],"picked":"Leap","floor":7},{"not_picked":["Coolheaded","Hello World"],"picked":"Static Discharge","floor":8},{"not_picked":["PiercingWail","Stack","Blizzard"],"picked":"SKIP","floor":12},{"not_picked":["Go for the Eyes","ThirdEye"],"picked":"Demon Form","floor":14},{"not_picked":["Unload","Chrysalis"],"picked":"Master of Strategy","floor":16},{"not_picked":["FollowUp","EmptyBody"],"picked":"CutThroughFate","floor":18},{"not_picked":["Searing Blow","Adaptation"],"picked":"Sucker Punch+1","floor":22}],"player_experience":469510,"relics_obtained":[{"floor":7,"key":"Sundial"},{"floor":9,"key":"Strawberry"},{"floor":14,"key":"Bag of Preparation"},{"floor":21,"key":"Enchiridion"}],"event_choices":[{"damage_healed":0,"gold_gain":175,"player_choice":"AGREE","damage_taken":0,"max_hp_gain":0,"max_hp_loss":0,"event_name":"Liars Game","floor":10,"gold_loss":0,"cards_obtained":["Doubt"]},{"damage_healed":0,"gold_gain":0,"player_choice":"Obtained Relic","damage_taken":0,"relics_obtained":["Smiling Mask"],"max_hp_gain":0,"max_hp_loss":0,"event_name":"Addict","floor":19,"gold_loss":85},{"damage_healed":0,"gold_gain":0,"player_choice":"Became a vampire","damage_taken":0,"max_hp_gain":0,"max_hp_loss":25,"event_name":"Vampires","floor":20,"gold_loss":0,"cards_obtained":["Bite","Bite","Bite","Bite","Bite"]},{"damage_healed":0,"gold_gain":0,"player_choice":"Obtained Book","damage_taken":16,"max_hp_gain":0,"max_hp_loss":0,"event_name":"Cursed Tome","floor":21,"gold_loss":0}],"is_beta":false,"boss_relics":[{"not_picked":["Coffee Dripper","Busted Crown"],"picked":"Sozu"}],"items_purged_floors":[11],"is_endless":false,"potions_floor_spawned":[1,7,8,14,16,18],"killed_by":"Slavers","ascension_level":9}}