{"host":"Ringo","time":1613738656,"event":{"mods":["BaseMod","Colored Map","Conspire","Dota2Spire","Hubris","Minty Spire (QoL Compilation)","Replay The Spire","StSLib","The Construct","[IsaacMod]ÒÔÈö¼âËþ","¡¾ÒÅÎï¿¨ÅÆ¡¿REMEMod"],"gold_per_floor":[109,109,109,53,67,101,132,170,170,205,236,272,313,357,357,453,453,468,583,299,342,75,109,147,197,197,278,391,391,450,536,536,692,692,741,741,817,1118,1166,1254,1330,1620,1620,1695,502,757,245,324,324,419,514],"floor_reached":52,"language":"ZHS","playtime":1723,"items_purged":["construct:MetalShell","construct:Missile"],"score":4118,"play_id":"08659208-3fd9-4b3d-b41b-0f4f74e62dbf","local_time":"20210219204416","daily_mods":["SealedDeck","Vintage","Colorless Cards","Heirloom","Time Dilation","Flight","DeadlyEvents","Elite Swarm","Lethality","Binary"],"is_ascension_mode":true,"campfire_choices":[{"data":"construct:ShiftStrike","floor":15.0,"key":"SMITH"},{"data":"1","floor":32,"key":"LIFT"},{"data":"2","floor":49,"key":"LIFT"}],"circlet_count":0,"master_deck":["AscendersBane","REME_CRH+1","REME_Compress","construct:Boost","construct:FlakBarrage","Flash of Steel+1","construct:SweepLaser","construct:LaserCore","construct:FocusedBeam","construct:Reinforce+2","construct:SyphonStrike","construct:Analyze","construct:Forcefield","construct:ShiftStrike+1","construct:Hazardproof","construct:ChargeShot+1","hubris:Insight","construct:Missile","Dramatic Entrance","construct:Construct_Overclock"],"relics":["construct:Cogwheel","construct:Challenge4","Busted Crown","HushsDoor","REME_ComplimentaryCards","replay:Trail_Library","BookOfRevelations","Girya","Pear","Garlic","Golden Idol","TheBean","Matryoshka","Orichalcum","Oddly Smooth Stone","REME_PuzzleBoxRelic","Dota2Spire:MonkeyKingBar","YumHeart","Pen Nib","Dota2Spire:Desolator","Snack Pack","construct:MegaBattery","REME_DemonsWealth","Peace Pipe","Gremlin Food","Ancient Tea Set","Dota2Spire:ShadowBlade","hubris:Spice","conspire:TreasureMap","Gambling Chip","Bronze Scales","Replay:Bandana","Omamori","Prayer Wheel","DoctorsRemote","Replay:Bottled Snecko","ReplayTheSpireMod:Ninjato","Onion Ring","Dota2Spire:Vanguard","REME_HourglassOfDeath","GuppysPaw","conspire:GlowingRock","Whetstone","Calipers","PreservedInsect","Mummified Hand","Dota2Spire:ArmletOfMordiggian"],"acts_visited":["Exordium","TheCity","TheBeyond"],"potions_floor_usage":[33,33,33,33,45,51,51],"damage_taken":[{"damage":0.0,"enemies":"2 Louse","floor":1.0,"turns":1.0},{"damage":0.0,"enemies":"Jaw Worm","floor":5.0,"turns":1.0},{"damage":0.0,"enemies":"Lagavulin","floor":6.0,"turns":2.0},{"damage":0.0,"enemies":"3 Sentries","floor":7.0,"turns":2.0},{"damage":0.0,"enemies":"Gremlin Nob","floor":8.0,"turns":2.0},{"damage":0.0,"enemies":"Lagavulin","floor":10.0,"turns":2.0},{"damage":0.0,"enemies":"Gremlin Nob","floor":11.0,"turns":2.0},{"damage":0.0,"enemies":"3 Sentries","floor":12.0,"turns":1.0},{"damage":0.0,"enemies":"Replay:BlueRogue","floor":13.0,"turns":1.0},{"damage":0.0,"enemies":"3 Sentries","floor":14.0,"turns":2.0},{"damage":0.0,"enemies":"The Guardian","floor":16.0,"turns":1.0},{"damage":0.0,"enemies":"Shell Parasite","floor":18.0,"turns":1.0},{"damage":0.0,"enemies":"Gremlin Leader","floor":21.0,"turns":1.0},{"damage":0.0,"enemies":"Book of Stabbing","floor":23.0,"turns":2.0},{"damage":0.0,"enemies":"Replay:Snechameleon","floor":24.0,"turns":2.0},{"damage":0.0,"enemies":"Spheric Guardian","floor":25.0,"turns":2.0},{"damage":0.0,"enemies":"Gremlin Leader","floor":27.0,"turns":1.0},{"damage":0.0,"enemies":"Slavers","floor":28.0,"turns":2.0},{"damage":0.0,"enemies":"Snecko","floor":30.0,"turns":1.0},{"damage":0,"enemies":"Book of Stabbing","floor":31,"turns":1},{"damage":0,"enemies":"Champ","floor":33,"turns":1},{"damage":0,"enemies":"3 Darklings","floor":35,"turns":1},{"damage":0,"enemies":"conspire:MimicChest","floor":37,"turns":1},{"damage":0,"enemies":"Giant Head","floor":38,"turns":2},{"damage":0,"enemies":"3 Shapes","floor":39,"turns":1},{"damage":0,"enemies":"R_Hoarder","floor":40,"turns":2},{"damage":0,"enemies":"Reptomancer","floor":41,"turns":1},{"damage":0,"enemies":"R_Hoarder","floor":42,"turns":1},{"damage":0,"enemies":"Reptomancer","floor":44,"turns":1},{"damage":0,"enemies":"R_Hoarder","floor":46,"turns":1},{"damage":0,"enemies":"Giant Head","floor":48,"turns":1},{"damage":0,"enemies":"Awakened One","floor":50,"turns":2},{"damage":0,"enemies":"Donu and Deca","floor":51,"turns":3}],"seed_played":"2833718158837049661","potions_obtained":[{"floor":1.0,"key":"Energy Potion"},{"floor":7.0,"key":"SteroidPotion"},{"floor":11.0,"key":"Dota2Spire:Clarity"},{"floor":16.0,"key":"Strength Potion"},{"floor":19.0,"key":"REME_GoldPotion"},{"floor":19.0,"key":"BlessingOfTheForge"},{"floor":21.0,"key":"EntropicBrew"},{"floor":33,"key":"LifebloodPotion"},{"floor":39,"key":"Block Potion"},{"floor":46,"key":"Flashbang"}],"is_trial":true,"path_per_floor":["M","?","?","$","M","E","E","E","T","E","E","E","E","E","R","B",null,"M","?","$","E","$","E","E","M","T","E","E","T","M","E","R","B",null,"M","?","?","E","M","E","E","E","T","E","$","E","$","E","R","B","B",null],"character_chosen":"THE_CONSTRUCT_MOD","items_purchased":["construct:Forcefield","Dota2Spire:ShadowBlade","construct:Hazardproof","construct:ChargeShot","conspire:TreasureMap","hubris:Insight","PreservedInsect","hubris:Spice","hubris:Spice","Fruit Juice","construct:Missile","Dramatic Entrance","hubris:Spice","construct:Construct_Overclock"],"campfire_rested":0,"item_purchase_floors":[4,20,20,20,22,22,45,45,45,45,45,45,47,47],"current_hp_per_floor":[82,64,33,33,33,33,33,33,33,33,58,58,58,60,60,64,90,90,54,54,64,64,68,70,82,82,84,86,86,106,106,106,106,106,106,106,98,82,82,82,70,62,62,62,51,43,35,35,35,1,1],"gold":514,"neow_bonus":"","is_daily":false,"chose_seed":false,"campfire_upgraded":1,"win_rate":0.0,"timestamp":1613738656,"path_taken":["M","?","?","?","M","E","E","E","T","E","?","E","E","E","R","BOSS","M","?","?","?","$","E","E","?","T","E","E","?","M","E","R","BOSS","M","?","?","?","M","E","E","E","T","E","$","E","$","E","R","BOSS","BOSS"],"items_purchased_type":["Card","Relic","Card","Card","Relic","Card","Relic","Relic","Relic","Potion","Card","Card","Relic","Card"],"build_version":"2020-12-18","purchased_purges":2,"victory":true,"max_hp_per_floor":[90,90,90,90,90,90,90,90,90,90,90,90,90,90,90,90,90,90,90,90,98,98,98,98,106,106,106,106,106,106,106,106,106,106,106,106,98,82,82,82,70,62,62,62,51,43,35,35,35,1,1],"card_choices":[{"not_picked":["Clumsy"],"picked":"SKIP","floor":21.0},{"not_picked":["Delirium"],"picked":"SKIP","floor":23.0},{"not_picked":["hubris:Envy"],"picked":"SKIP","floor":24.0},{"not_picked":[],"picked":"Spreading Infection","floor":27.0},{"not_picked":[],"picked":"hubris:Gluttony","floor":28.0},{"not_picked":["Decay"],"picked":"SKIP","floor":31},{"not_picked":[],"picked":"hubris:SpiceAddiction","floor":38},{"not_picked":["hubris:Gluttony"],"picked":"SKIP","floor":40},{"not_picked":["hubris:Disease"],"picked":"SKIP","floor":41},{"not_picked":[],"picked":"hubris:SpiceAddiction","floor":42},{"not_picked":["hubris:Envy"],"picked":"SKIP","floor":44},{"not_picked":[],"picked":"hubris:SpiceAddiction","floor":46},{"not_picked":["Spreading Infection"],"picked":"SKIP","floor":48}],"player_experience":724363,"relics_obtained":[{"floor":1.0,"key":"Pear"},{"floor":5.0,"key":"TheBean"},{"floor":6.0,"key":"Matryoshka"},{"floor":7.0,"key":"Orichalcum"},{"floor":8.0,"key":"Oddly Smooth Stone"},{"floor":9.0,"key":"REME_PuzzleBoxRelic"},{"floor":9.0,"key":"Dota2Spire:MonkeyKingBar"},{"floor":10.0,"key":"YumHeart"},{"floor":11.0,"key":"Pen Nib"},{"floor":12.0,"key":"Dota2Spire:Desolator"},{"floor":13.0,"key":"Snack Pack"},{"floor":14.0,"key":"construct:MegaBattery"},{"floor":18.0,"key":"Peace Pipe"},{"floor":19.0,"key":"Gremlin Food"},{"floor":19.0,"key":"Ancient Tea Set"},{"floor":21.0,"key":"hubris:Spice"},{"floor":23.0,"key":"Gambling Chip"},{"floor":24.0,"key":"Bronze Scales"},{"floor":25.0,"key":"hubris:Spice"},{"floor":26.0,"key":"Replay:Bandana"},{"floor":27.0,"key":"Omamori"},{"floor":28.0,"key":"Prayer Wheel"},{"floor":29.0,"key":"DoctorsRemote"},{"floor":30.0,"key":"Replay:Bottled Snecko"},{"floor":31,"key":"ReplayTheSpireMod:Ninjato"},{"floor":35,"key":"Onion Ring"},{"floor":37,"key":"hubris:Spice"},{"floor":38,"key":"hubris:Spice"},{"floor":39,"key":"Dota2Spire:Vanguard"},{"floor":40,"key":"REME_HourglassOfDeath"},{"floor":41,"key":"GuppysPaw"},{"floor":42,"key":"conspire:GlowingRock"},{"floor":43,"key":"Whetstone"},{"floor":44,"key":"Calipers"},{"floor":46,"key":"Mummified Hand"},{"floor":48,"key":"Dota2Spire:ArmletOfMordiggian"}],"event_choices":[{"damage_healed":0.0,"max_hp_gain":0.0,"max_hp_loss":0.0,"gold_gain":0.0,"event_name":"Scrap Ooze","player_choice":"Success","floor":2.0,"gold_loss":0.0,"damage_taken":18.0,"relics_obtained":["Garlic"]},{"damage_healed":0.0,"max_hp_gain":0.0,"max_hp_loss":0.0,"gold_gain":0.0,"event_name":"Golden Idol","player_choice":"Take Damage","floor":3.0,"gold_loss":0.0,"damage_taken":31.0,"relics_obtained":["Golden Idol"]},{"cards_removed":["construct:SuppressiveFire"],"damage_healed":0,"gold_gain":0,"player_choice":"Removed Attack","damage_taken":0,"max_hp_gain":0,"max_hp_loss":0,"event_name":"Falling","floor":36,"gold_loss":0}],"is_beta":true,"boss_relics":[{"not_picked":["hubris:CrackedHourglass","Replay:Ancient Bell"],"picked":"REME_DemonsWealth"},{"not_picked":[]},{"not_picked":["Replay:Bronze Core","hubris:RunicObelisk","Kintsugi"]}],"items_purged_floors":[45,47],"is_endless":false,"potions_floor_spawned":[1,7,11,14,16,21,23,33,39,40,46,48],"ascension_level":20}}