{"host":"bz6w3lfmpwgz81o3","time":1613754370,"event":{"mods":["BaseMod","Downfall","Hermit","Minty Spire (QoL Compilation)","StSLib"],"gold_per_floor":[113,63,238,19,38,38,63,63,63,81,111,12,12,12,12,108,108,118,4,4,4,4,4,32,52,132,165,165,90,109,129,129,227,227,247,183,231,246,3,3,3],"floor_reached":40,"language":"ENG","playtime":11212,"items_purged":["hermit:Strike_Hermit","hermit:Strike_Hermit","hermit:Strike_Hermit"],"score":521,"play_id":"3a5060d0-f22d-4e7e-b5e6-62e01fd32b2c","local_time":"20210219180610","is_ascension_mode":true,"campfire_choices":[{"data":"hermit:Determination","floor":6,"key":"SMITH"},{"data":"hermit:Grudge","floor":8,"key":"SMITH"},{"floor":15,"key":"REST"},{"data":"hermit:ShadowCloak","floor":23,"key":"SMITH"},{"floor":32,"key":"REST"}],"circlet_count":0,"master_deck":["hermit:Defend_Hermit","hermit:Defend_Hermit","hermit:Defend_Hermit","hermit:Defend_Hermit","hermit:Snapshot","hermit:Covet","hermit:FinalCanter","Doubt","hermit:Determination+1","hermit:HoleUp","hermit:Grudge+1","hermit:HoleUp","hermit:Glare","hermit:LowProfile","hermit:Determination+1","hermit:HoleUp","Parasite","hermit:FromBeyond","hermit:Malice+1","hermit:ShadowCloak+1","hermit:SprayPray","Shame","hermit:Manifest","True Grit","Corruption","hermit:ShadowCloak","hermit:BodyArmor","Sanctity","hermit:Determination","hermit:CalledShot","Bandage Up"],"relics":["hermit:Momento","Membership Card","Bottled Flame","Letter Opener","Slimebound:PreparedRelic","expansioncontent:StudyCardRelic","PrismaticShard","Nilry\u0027s Codex","Oddly Smooth Stone","MealTicket","Question Card","White Beast Statue","Gambling Chip","Runic Pyramid","Calipers","Toolbox"],"acts_visited":["Exordium","TheCity","TheBeyond"],"potions_floor_usage":[11,33,33,37,40],"damage_taken":[{"damage":0,"enemies":"2 Louse","floor":1,"turns":3},{"damage":0,"enemies":"Small Slimes","floor":5,"turns":4},{"damage":28,"enemies":"Gremlin Nob","floor":7,"turns":5},{"damage":1,"enemies":"Jaw Worm","floor":10,"turns":4},{"damage":16,"enemies":"Lagavulin","floor":11,"turns":8},{"damage":20,"enemies":"Hexaghost","floor":16,"turns":12},{"damage":19,"enemies":"2 Thieves","floor":18,"turns":2},{"damage":13,"enemies":"Book of Stabbing","floor":24,"turns":5},{"damage":14,"enemies":"Shell Parasite","floor":25,"turns":7},{"damage":0,"enemies":"Gremlin Leader","floor":27,"turns":5},{"damage":2,"enemies":"Centurion and Healer","floor":30,"turns":6},{"damage":0,"enemies":"Snake Plant","floor":31,"turns":4},{"damage":4,"enemies":"Champ","floor":33,"turns":12},{"damage":5,"enemies":"Orb Walker","floor":35,"turns":4},{"damage":21,"enemies":"2 Orb Walkers","floor":37,"turns":4},{"damage":13,"enemies":"3 Darklings","floor":38,"turns":6},{"damage":90,"enemies":"Reptomancer","floor":40,"turns":2}],"seed_played":"-6510063655446077048","potions_obtained":[{"floor":10,"key":"LiquidMemories"},{"floor":27,"key":"hermit:BlackBile"},{"floor":30,"key":"SpeedPotion"},{"floor":31,"key":"SkillPotion"},{"floor":33,"key":"champ:CounterPotion"},{"floor":35,"key":"Slimebound:ThreeZeroPotion"},{"floor":37,"key":"PowerPotion"},{"floor":38,"key":"FairyPotion"}],"is_trial":false,"path_per_floor":["M","?","?","$","M","R","E","R","T","M","E","$","?","?","R","B",null,"M","$","?","?","?","R","E","M","T","E","?","$","M","M","R","B",null,"M","$","?","M","$","E"],"character_chosen":"HERMIT","items_purchased":["Membership Card","hermit:Determination","hermit:HoleUp","hermit:Determination","hermit:HoleUp","hermit:ShadowCloak","PrismaticShard","hermit:Manifest","hermit:ShadowCloak","hermit:BodyArmor","hermit:Determination","hermit:CalledShot","Toolbox","Bandage Up"],"campfire_rested":2,"item_purchase_floors":[4,4,4,12,12,19,19,29,36,36,39,39,39,39],"current_hp_per_floor":[54,54,54,54,54,54,26,26,26,25,9,9,27,27,49,29,75,56,56,40,40,40,40,27,13,13,13,13,28,26,26,48,44,75,70,75,54,41,56,0,0],"gold":3,"neow_bonus":"THREE_RARE_CARDS","is_daily":false,"chose_seed":false,"campfire_upgraded":3,"win_rate":0.0,"timestamp":1613754370,"path_taken":["M","?","?","?","M","R","E","R","T","?","E","$","?","?","R","BOSS","M","$","?","?","?","R","E","?","T","E","?","$","M","M","R","BOSS","M","$","?","M","$","E"],"items_purchased_type":["Relic","Card","Card","Card","Card","Card","Relic","Card","Card","Card","Card","Card","Relic","Card"],"build_version":"2020-12-22","purchased_purges":3,"victory":false,"max_hp_per_floor":[75,75,75,75,75,75,75,75,75,75,75,75,75,75,75,75,75,75,75,75,75,75,75,75,75,75,75,75,75,75,75,75,75,75,75,75,75,75,75,75,75],"card_choices":[{"not_picked":["hermit:Dissolve","hermit:Purgatory"],"picked":"hermit:FinalCanter","floor":0},{"not_picked":["hermit:Snipe","hermit:Manifest","hermit:Vantage"],"picked":"SKIP","floor":1},{"not_picked":["hermit:Feint","hermit:CalledShot"],"picked":"hermit:Grudge","floor":5},{"not_picked":["hermit:Quickdraw","hermit:CalledShot"],"picked":"hermit:HoleUp","floor":7},{"not_picked":["hermit:Combo","hermit:Ricochet"],"picked":"hermit:Glare","floor":10},{"not_picked":["hermit:GoldenBullet","hermit:Dive"],"picked":"hermit:LowProfile","floor":11},{"not_picked":["hermit:Adapt","hermit:OverwhelmingPower"],"picked":"hermit:FromBeyond","floor":16},{"not_picked":["hermit:Quickdraw+1","hermit:ItchyTrigger+1"],"picked":"hermit:Malice+1","floor":18},{"not_picked":["hermit:TrackingShot","Warcry","bronze:Assembly"],"picked":"SKIP","floor":24},{"not_picked":["Headbutt","Clash+1","champ:ShieldSigil"],"picked":"SKIP","floor":25},{"not_picked":["SashWhip+1","Beam Cell","sneckomod:QuickMove","Swift Strike"],"picked":"SKIP","floor":27},{"not_picked":["Indignation","hermit:Ricochet+1","Slimebound:Prepare"],"picked":"True Grit","floor":30},{"not_picked":["Purity","Vault","Expertise","Guardian:Gem_Blue"],"picked":"SKIP","floor":31},{"not_picked":["champ:EnchantCrown","Reboot","hermit:EternalForm"],"picked":"Corruption","floor":33},{"not_picked":["champ:StanceDance+1","Guardian:BodySlam","bronze:DelayedSlice","Slice+1"],"picked":"SKIP","floor":35},{"not_picked":["Guardian:Reroute+1","hexamod:NightmareStrike","hexamod:GhostOfSpireFuture+1"],"picked":"Sanctity","floor":38}],"player_experience":62414,"relics_obtained":[{"floor":7,"key":"Bottled Flame"},{"floor":9,"key":"Letter Opener"},{"floor":11,"key":"Slimebound:PreparedRelic"},{"floor":20,"key":"Nilry\u0027s Codex"},{"floor":24,"key":"MealTicket"},{"floor":26,"key":"Question Card"},{"floor":27,"key":"White Beast Statue"},{"floor":37,"key":"Calipers"}],"event_choices":[{"cards_removed":["hermit:Strike_Hermit"],"damage_healed":0,"gold_gain":0,"player_choice":"Card Removal","damage_taken":0,"max_hp_gain":0,"max_hp_loss":0,"event_name":"The Cleric","floor":2,"gold_loss":50},{"damage_healed":0,"gold_gain":175,"player_choice":"AGREE","damage_taken":0,"max_hp_gain":0,"max_hp_loss":0,"event_name":"Liars Game","floor":3,"gold_loss":0,"cards_obtained":["Doubt"]},{"damage_healed":18,"gold_gain":0,"player_choice":"Healed and dodged fight","damage_taken":0,"max_hp_gain":0,"max_hp_loss":0,"event_name":"Mushrooms","floor":13,"gold_loss":0,"cards_obtained":["Parasite"]},{"damage_healed":0,"gold_gain":0,"player_choice":"Grow","damage_taken":0,"max_hp_gain":0,"max_hp_loss":0,"event_name":"Living Wall","floor":14,"gold_loss":0,"cards_upgraded":["hermit:Determination"]},{"damage_healed":0,"gold_gain":0,"player_choice":"Obtained Book","damage_taken":16,"max_hp_gain":0,"max_hp_loss":0,"event_name":"Cursed Tome","floor":20,"gold_loss":0},{"damage_healed":0,"gold_gain":0,"player_choice":"Read","damage_taken":0,"max_hp_gain":0,"max_hp_loss":0,"event_name":"The Library","floor":21,"gold_loss":0,"cards_obtained":["hermit:SprayPray"]},{"damage_healed":0,"gold_gain":0,"player_choice":"Stole Relic","damage_taken":0,"relics_obtained":["Oddly Smooth Stone"],"max_hp_gain":0,"max_hp_loss":0,"event_name":"Addict","floor":22,"gold_loss":0,"cards_obtained":["Shame"]},{"damage_healed":0,"gold_gain":0,"player_choice":"Opened","damage_taken":0,"relics_obtained":["Gambling Chip"],"max_hp_gain":0,"max_hp_loss":0,"event_name":"The Mausoleum","floor":28,"gold_loss":0},{"damage_healed":0,"gold_gain":0,"player_choice":"Fight","damage_taken":0,"max_hp_gain":0,"max_hp_loss":0,"event_name":"Mysterious Sphere","floor":37,"gold_loss":0}],"is_beta":false,"boss_relics":[{"not_picked":["Snecko Eye","Tiny House"],"picked":"expansioncontent:StudyCardRelic"},{"not_picked":["Sozu","Velvet Choker"],"picked":"Runic Pyramid"}],"items_purged_floors":[12,29,39],"is_endless":false,"potions_floor_spawned":[10,27,30,31,33,35,37,38],"killed_by":"Reptomancer","ascension_level":3}}