{"host":"w5thk1acqacem6ba","time":1613749689,"event":{"mods":["AchievementEnabler","BaseMod","Colored Map","KOR Keyword Fix","Minty Spire (QoL Compilation)","SuperFastMode"],"gold_per_floor":[118,78,78,96,46,46,46,59,59,59,59,59,59,76,76,178,178,195,206,421,421,440,440,57,57,83,83,116,136,156,4,4,103,103,122,135,10,0,14,41,41,91,146,164,164,179,196,206,206,206,206],"floor_reached":50,"language":"KOR","playtime":2399,"items_purged":["Strike_B","Strike_B","Strike_B"],"score":652,"play_id":"1ac9b28a-951e-4fc9-b276-69ad656e2212","local_time":"20210220004809","is_ascension_mode":true,"campfire_choices":[{"data":"Double Energy","floor":6.0,"key":"SMITH"},{"data":"Dualcast","floor":10.0,"key":"SMITH"},{"data":"Conserve Battery","floor":11.0,"key":"SMITH"},{"data":"Streamline","floor":12.0,"key":"SMITH"},{"floor":15.0,"key":"REST"},{"floor":23.0,"key":"REST"},{"data":"Capacitor","floor":25.0,"key":"SMITH"},{"data":"Defend_B","floor":27.0,"key":"SMITH"},{"floor":32,"key":"REST"},{"floor":41,"key":"REST"},{"floor":45,"key":"REST"},{"floor":49,"key":"REST"}],"circlet_count":0,"master_deck":["Defend_B+1","Defend_B","Defend_B","Zap+1","Dualcast+1","Conserve Battery+1","Defragment+1","Double Energy+1","Streamline+1","Ball Lightning+1","Core Surge+1","Stack+1","White Noise+1","Capacitor+1","Backstab","Reinforced Body","Cold Snap","A Thousand Cuts","PiercingWail+1","Capacitor","BootSequence+1","Evaluate","Chaos","Parasite","Rip and Tear+1","Stack+1"],"relics":["FrozenCore","WingedGreaves","Old Coin","Whetstone","PrismaticShard","Regal Pillow","Bag of Preparation","Nuclear Battery","Red Mask","Toy Ornithopter","Girya","Vajra"],"acts_visited":["Exordium","TheCity","TheBeyond"],"potions_floor_usage":[33,33,40,47,50,50,50],"damage_taken":[{"damage":0.0,"enemies":"Cultist","floor":1.0,"turns":3.0},{"damage":0.0,"enemies":"Small Slimes","floor":4.0,"turns":2.0},{"damage":2.0,"enemies":"2 Louse","floor":8.0,"turns":2.0},{"damage":8.0,"enemies":"Large Slime","floor":14.0,"turns":3.0},{"damage":17.0,"enemies":"The Guardian","floor":16.0,"turns":8.0},{"damage":14.0,"enemies":"2 Thieves","floor":18.0,"turns":4.0},{"damage":0.0,"enemies":"Chosen","floor":19.0,"turns":4.0},{"damage":21.0,"enemies":"Snake Plant","floor":22.0,"turns":3.0},{"damage":50.0,"enemies":"Book of Stabbing","floor":28.0,"turns":8.0},{"damage":7.0,"enemies":"Centurion and Healer","floor":29.0,"turns":6.0},{"damage":0,"enemies":"Snecko","floor":30,"turns":5},{"damage":40,"enemies":"Collector","floor":33,"turns":17},{"damage":0,"enemies":"3 Shapes","floor":35,"turns":5},{"damage":18,"enemies":"3 Darklings","floor":36,"turns":5},{"damage":0,"enemies":"4 Shapes","floor":39,"turns":9},{"damage":20,"enemies":"Reptomancer","floor":40,"turns":6},{"damage":4,"enemies":"Mind Bloom Boss Battle","floor":42,"turns":7},{"damage":0,"enemies":"Sphere and 2 Shapes","floor":44,"turns":6},{"damage":7,"enemies":"Maw","floor":46,"turns":8},{"damage":10,"enemies":"Writhing Mass","floor":47,"turns":9},{"damage":26,"enemies":"3 Darklings","floor":48,"turns":5},{"damage":84,"enemies":"Awakened One","floor":50,"turns":13}],"seed_played":"-170772918457272190","potions_obtained":[{"floor":14.0,"key":"FocusPotion"},{"floor":16.0,"key":"Strength Potion"},{"floor":18.0,"key":"FocusPotion"},{"floor":21.0,"key":"Regen Potion"},{"floor":29.0,"key":"Energy Potion"},{"floor":30,"key":"Dexterity Potion"},{"floor":36,"key":"LiquidMemories"},{"floor":40,"key":"SneckoOil"},{"floor":46,"key":"Weak Potion"},{"floor":48,"key":"Ancient Potion"}],"is_trial":false,"path_per_floor":["M","$","?","M","?","R","?","M","T","R","R","R","?","M","R","B",null,"M","M","?","?","M","R","$","R","T","R","E","M","M","$","R","B",null,"M","M","$","?","M","E","R","?","T","M","R","M","M","M","R","B"],"character_chosen":"DEFECT","items_purchased":["Defragment","Whetstone","PrismaticShard","Cold Snap"],"campfire_rested":6,"item_purchase_floors":[2,24,24,31],"current_hp_per_floor":[68,68,68,68,68,68,61,59,59,59,59,59,59,51,73,56,70,56,56,56,56,44,66,66,66,66,66,16,9,9,9,46,6,58,58,40,40,40,40,20,57,53,53,53,75,68,63,37,74,0,0],"gold":206,"neow_bonus":"UPGRADE_CARD","is_daily":false,"chose_seed":false,"campfire_upgraded":6,"win_rate":0.0,"timestamp":1613749689,"path_taken":["M","$","?","M","?","R","?","M","T","R","R","R","?","M","R","BOSS","M","M","?","?","M","R","$","R","T","R","E","M","?","$","R","BOSS","M","M","$","?","M","E","R","?","T","M","R","M","M","M","R","BOSS"],"items_purchased_type":["Card","Relic","Relic","Card"],"build_version":"2020-12-22","purchased_purges":3,"victory":false,"max_hp_per_floor":[75,75,75,75,75,75,75,75,75,75,75,75,75,75,75,75,75,75,75,75,75,75,75,75,75,75,75,75,75,75,75,75,75,75,75,75,75,75,75,75,75,75,75,75,75,75,75,75,75,75,75],"card_choices":[{"not_picked":["Barrage","Coolheaded"],"picked":"Conserve Battery","floor":1.0},{"not_picked":["Recycle","Gash"],"picked":"Double Energy","floor":4.0},{"not_picked":["Amplify","Compile Driver"],"picked":"Streamline","floor":8.0},{"not_picked":["Stack","Beam Cell"],"picked":"Ball Lightning","floor":14.0},{"not_picked":["Reboot","Machine Learning"],"picked":"Core Surge","floor":16.0},{"not_picked":["Ball Lightning","Hello World"],"picked":"Stack+1","floor":18.0},{"not_picked":["Loop","Stack+1"],"picked":"White Noise+1","floor":19.0},{"not_picked":["Stack","Sweeping Beam"],"picked":"Capacitor","floor":22.0},{"not_picked":["Turbo","Second Wind"],"picked":"Backstab","floor":28.0},{"not_picked":["ClearTheMind","Second Wind"],"picked":"Reinforced Body","floor":29.0},{"not_picked":["Finisher","Rebound","Evolve"],"picked":"SKIP","floor":30},{"not_picked":["Glass Knife","Wish"],"picked":"A Thousand Cuts","floor":33},{"not_picked":["Sucker Punch","Infernal Blade"],"picked":"PiercingWail+1","floor":35},{"not_picked":["ClearTheMind","Blade Dance+1"],"picked":"Capacitor","floor":36},{"not_picked":["Compile Driver+1","EmptyFist+1"],"picked":"BootSequence+1","floor":39},{"not_picked":["Metallicize+1","Heel Hook+1"],"picked":"Evaluate","floor":40},{"not_picked":["Rebound+1","Eviscerate","Halt+1"],"picked":"SKIP","floor":44},{"not_picked":["Warcry+1","Cloak And Dagger+1"],"picked":"Chaos","floor":46},{"not_picked":["Dual Wield","Prostrate"],"picked":"Rip and Tear+1","floor":47},{"not_picked":["FearNoEvil","Fission"],"picked":"Stack+1","floor":48}],"player_experience":432777,"relics_obtained":[{"floor":9.0,"key":"WingedGreaves"},{"floor":26.0,"key":"Regal Pillow"},{"floor":28.0,"key":"Bag of Preparation"},{"floor":40,"key":"Toy Ornithopter"},{"floor":42,"key":"Girya"},{"floor":43,"key":"Vajra"}],"event_choices":[{"damage_healed":0.0,"max_hp_gain":0.0,"max_hp_loss":0.0,"gold_gain":0.0,"event_name":"Living Wall","player_choice":"Grow","floor":3.0,"gold_loss":0.0,"damage_taken":0.0,"cards_upgraded":["Defragment"]},{"cards_removed":["Defend_B"],"damage_healed":0.0,"max_hp_gain":0.0,"max_hp_loss":0.0,"gold_gain":0.0,"event_name":"The Cleric","player_choice":"Card Removal","floor":5.0,"gold_loss":50.0,"damage_taken":0.0},{"cards_removed":["Strike_B"],"damage_healed":0.0,"max_hp_gain":0.0,"max_hp_loss":0.0,"gold_gain":0.0,"event_name":"Golden Wing","player_choice":"Card Removal","floor":7.0,"gold_loss":0.0,"damage_taken":7.0},{"damage_healed":0.0,"max_hp_gain":0.0,"max_hp_loss":0.0,"gold_gain":0.0,"event_name":"Liars Game","player_choice":"Ignored","floor":13.0,"gold_loss":0.0,"damage_taken":0.0},{"damage_healed":0.0,"max_hp_gain":0.0,"max_hp_loss":0.0,"gold_gain":0.0,"event_name":"Addict","player_choice":"Obtained Relic","floor":20.0,"gold_loss":85.0,"damage_taken":0.0,"relics_obtained":["Old Coin"]},{"damage_healed":0.0,"max_hp_gain":0.0,"max_hp_loss":0.0,"gold_gain":0.0,"event_name":"Lab","player_choice":"Got Potions","floor":21.0,"gold_loss":0.0,"damage_taken":0.0},{"damage_healed":0,"gold_gain":0,"player_choice":"Paid","damage_taken":0,"relics_obtained":["Red Mask"],"max_hp_gain":0,"max_hp_loss":0,"event_name":"Tomb of Lord Red Mask","floor":38,"gold_loss":10},{"damage_healed":0,"gold_gain":0,"player_choice":"Fight","damage_taken":0,"max_hp_gain":0,"max_hp_loss":0,"event_name":"MindBloom","floor":42,"gold_loss":0}],"is_beta":false,"boss_relics":[{"not_picked":["Busted Crown","Snecko Eye"],"picked":"FrozenCore"},{"not_picked":["Black Star","Astrolabe"],"picked":"Nuclear Battery"}],"items_purged_floors":[24,31,37],"is_endless":false,"potions_floor_spawned":[14,16,18,29,30,36,40,46,48],"killed_by":"Awakened One","ascension_level":6}}