{"host":"u1ja96cwu1wu8jpx","time":1613764878,"event":{"mods":["BaseMod","Better Match","Colored Map","Minty Spire (QoL Compilation)","Permanent Neow","StSLib"],"gold_per_floor":[115,126,141,141,40,66,80,80,158,192,192,202,220,249,249,249,249],"floor_reached":16,"language":"ENG","playtime":878,"items_purged":["Pain"],"score":128,"play_id":"ecebab16-bc68-44ed-9388-7d4693a83684","local_time":"20210219150118","is_ascension_mode":true,"campfire_choices":[{"floor":8,"key":"RECALL"},{"floor":15,"key":"REST"}],"circlet_count":0,"master_deck":["Strike_R","Strike_R","Strike_R","Strike_R","Strike_R","Defend_R","Defend_R","Defend_R+1","Defend_R","Bash","Immolate+1","Searing Blow","Fire Breathing","Perfected Strike","Wild Strike","Wild Strike","Rage","Dual Wield","Rage"],"relics":["Burning Blood","Thread and Needle","StrikeDummy","Potion Belt","White Beast Statue"],"acts_visited":["Exordium"],"potions_floor_usage":[16,16],"damage_taken":[{"damage":12,"enemies":"Jaw Worm","floor":1,"turns":5},{"damage":0,"enemies":"Small Slimes","floor":2,"turns":2},{"damage":12,"enemies":"Cultist","floor":3,"turns":5},{"damage":17,"enemies":"3 Sentries","floor":6,"turns":4},{"damage":7,"enemies":"Large Slime","floor":7,"turns":2},{"damage":20,"enemies":"Gremlin Nob","floor":10,"turns":4},{"damage":7,"enemies":"Exordium Wildlife","floor":12,"turns":2},{"damage":4,"enemies":"Red Slaver","floor":13,"turns":2},{"damage":14,"enemies":"Lagavulin","floor":14,"turns":5},{"damage":52,"enemies":"The Guardian","floor":16,"turns":8}],"seed_played":"8128623700826596870","potions_obtained":[{"floor":1,"key":"Energy Potion"},{"floor":3,"key":"LiquidMemories"},{"floor":7,"key":"ColorlessPotion"}],"is_trial":false,"path_per_floor":["M","M","M","?","$","E","M","R","T","E","?","M","M","E","R","B"],"character_chosen":"IRONCLAD","items_purchased":["Perfected Strike"],"campfire_rested":1,"item_purchase_floors":[5],"current_hp_per_floor":[74,80,74,58,58,47,46,46,46,32,32,31,33,25,49,0,0],"gold":249,"neow_bonus":"THREE_RARE_CARDS","is_daily":false,"chose_seed":false,"campfire_upgraded":0,"win_rate":0.0,"timestamp":1613764878,"path_taken":["M","M","M","?","$","E","M","R","T","E","?","M","M","E","R","BOSS"],"items_purchased_type":["Card"],"build_version":"2020-12-22","purchased_purges":1,"victory":false,"max_hp_per_floor":[80,80,80,80,80,80,80,80,80,80,80,80,80,80,80,80,80],"card_choices":[{"not_picked":["Corruption","Bludgeon"],"picked":"Immolate","floor":0},{"not_picked":["Clash","Wild Strike"],"picked":"Searing Blow","floor":1},{"not_picked":["Havoc","Shrug It Off"],"picked":"Fire Breathing","floor":2},{"not_picked":["Heavy Blade","Headbutt","Havoc"],"picked":"SKIP","floor":3},{"not_picked":["Rupture","Brutality"],"picked":"Wild Strike","floor":6},{"not_picked":["Pummel","Warcry","Perfected Strike"],"picked":"SKIP","floor":7},{"not_picked":["Rupture","Exhume"],"picked":"Wild Strike","floor":10},{"not_picked":["Rupture","Iron Wave"],"picked":"Rage","floor":12},{"not_picked":["Shrug It Off","Thunderclap"],"picked":"Dual Wield","floor":13},{"not_picked":["Second Wind","Reckless Charge"],"picked":"Rage","floor":14}],"player_experience":477699,"relics_obtained":[{"floor":6,"key":"Thread and Needle"},{"floor":9,"key":"StrikeDummy"},{"floor":10,"key":"Potion Belt"},{"floor":14,"key":"White Beast Statue"}],"event_choices":[{"damage_healed":0,"gold_gain":0,"player_choice":"Entered Light","damage_taken":16,"max_hp_gain":0,"max_hp_loss":0,"event_name":"Shining Light","floor":4,"gold_loss":0,"cards_upgraded":["Defend_R","Immolate"]},{"damage_healed":0,"gold_gain":0,"player_choice":"3","damage_taken":0,"max_hp_gain":0,"max_hp_loss":0,"event_name":"betterMatch:BetterMatch","floor":11,"gold_loss":0,"cards_obtained":[]}],"is_beta":false,"boss_relics":[],"items_purged_floors":[5],"is_endless":false,"potions_floor_spawned":[1,3,7],"killed_by":"The Guardian","ascension_level":1}}