{"host":"yx5rao87132cy5xq","time":1613778625,"event":{"mods":["2.2 Compatiblity","AchievementEnabler","BaseMod","Bestiary","Colored Map","Colored Powertips","Minty Spire (QoL Compilation)","Quick Restart","Relic Stats","Slay-I","SuperFastMode"],"gold_per_floor":[113,130,140,160,160,191,191,210,234,234,251,282,312,354,366,451,463,485,181,199,211,136,165,185,213,213,233,246,96,108,137,137,211,211,227,227,227,227,239,269,269,299,353,353,383,383,383,397,397,397],"floor_reached":51,"language":"ENG","playtime":3313,"items_purged":["Strike_R","Strike_R"],"score":1486,"play_id":"d4fc8685-9c95-4288-8898-a1080dd432f2","local_time":"20210220005025","is_ascension_mode":true,"campfire_choices":[{"data":"Shrug It Off","floor":7.0,"key":"SMITH"},{"data":"Pommel Strike","floor":10.0,"key":"SMITH"},{"data":"Twin Strike","floor":15.0,"key":"SMITH"},{"data":"True Grit","floor":32,"key":"SMITH"},{"data":"Double Tap","floor":41,"key":"SMITH"},{"data":"Second Wind","floor":44,"key":"SMITH"},{"data":"Bludgeon","floor":47,"key":"SMITH"},{"floor":49,"key":"REST"}],"circlet_count":0,"master_deck":["AscendersBane","Strike_R","Defend_R","Defend_R","Defend_R","Defend_R","Bash","Shrug It Off+1","Carnage","Twin Strike+1","Immolate","Power Through","Spot Weakness","Cleave","Pommel Strike+1","Immolate","Double Tap+1","Bludgeon+1","Reaper","Dark Embrace","Inflame","Disarm","Havoc","Second Wind+1","Shockwave+1","True Grit+1","Inflame","Corruption","Shrug It Off+1"],"relics":["Black Blood","Eternal Feather","Blood Vial","MawBank","Vajra","Snecko Eye","OrangePellets","Tiny Chest","Thread and Needle","Question Card","Shuriken","PreservedInsect","Bag of Marbles","Strawberry","Singing Bowl","Smiling Mask"],"acts_visited":["Exordium","TheCity","TheBeyond"],"potions_floor_usage":[31,31,42,50],"damage_taken":[{"damage":14.0,"enemies":"Jaw Worm","floor":1.0,"turns":5.0},{"damage":6.0,"enemies":"Cultist","floor":2.0,"turns":3.0},{"damage":8.0,"enemies":"Small Slimes","floor":3.0,"turns":3.0},{"damage":0.0,"enemies":"3 Louse","floor":4.0,"turns":1.0},{"damage":39.0,"enemies":"Gremlin Nob","floor":6.0,"turns":4.0},{"damage":9.0,"enemies":"Large Slime","floor":8.0,"turns":5.0},{"damage":6.0,"enemies":"2 Fungi Beasts","floor":11.0,"turns":2.0},{"damage":5.0,"enemies":"3 Sentries","floor":12.0,"turns":4.0},{"damage":0.0,"enemies":"3 Louse","floor":13.0,"turns":1.0},{"damage":34.0,"enemies":"Lagavulin","floor":14.0,"turns":6.0},{"damage":40.0,"enemies":"The Guardian","floor":16.0,"turns":9.0},{"damage":6.0,"enemies":"2 Thieves","floor":18.0,"turns":3.0},{"damage":33.0,"enemies":"Spheric Guardian","floor":20.0,"turns":4.0},{"damage":12.0,"enemies":"Snecko","floor":21.0,"turns":4.0},{"damage":2.0,"enemies":"Gremlin Leader","floor":23.0,"turns":4.0},{"damage":18.0,"enemies":"3 Cultists","floor":24.0,"turns":3.0},{"damage":55.0,"enemies":"Book of Stabbing","floor":25.0,"turns":5.0},{"damage":6.0,"enemies":"Snake Plant","floor":27.0,"turns":5.0},{"damage":8.0,"enemies":"Cultist and Chosen","floor":28.0,"turns":3.0},{"damage":3,"enemies":"Snecko","floor":30,"turns":3},{"damage":26,"enemies":"Slavers","floor":31,"turns":5},{"damage":55,"enemies":"Champ","floor":33,"turns":8},{"damage":0,"enemies":"Orb Walker","floor":35,"turns":3},{"damage":28,"enemies":"3 Shapes","floor":39,"turns":5},{"damage":17,"enemies":"Nemesis","floor":40,"turns":3},{"damage":48,"enemies":"Reptomancer","floor":42,"turns":4},{"damage":66,"enemies":"Nemesis","floor":45,"turns":9},{"damage":9,"enemies":"Writhing Mass","floor":48,"turns":3},{"damage":86,"enemies":"Donu and Deca","floor":50,"turns":9}],"seed_played":"-4583181158334862939","potions_obtained":[{"floor":1.0,"key":"EntropicBrew"},{"floor":3.0,"key":"Strength Potion"},{"floor":16.0,"key":"HeartOfIron"},{"floor":28.0,"key":"Regen Potion"},{"floor":33,"key":"Fire Potion"},{"floor":42,"key":"Ancient Potion"},{"floor":45,"key":"FairyPotion"}],"is_trial":false,"path_per_floor":["M","M","M","M","?","E","R","M","T","R","M","E","M","E","R","B",null,"M","$","M","M","?","E","M","E","T","M","M","$","M","E","R","B",null,"M","?","?","?","M","E","R","E","T","R","E","T","R","M","R","B",null],"character_chosen":"IRONCLAD","items_purchased":["Inflame","OrangePellets","True Grit"],"campfire_rested":1,"item_purchase_floors":[19,19,29],"current_hp_per_floor":[60,60,58,64,64,31,40,37,37,46,48,51,59,33,45,13,60,62,62,42,38,38,61,63,16,16,35,42,42,47,73,75,26,63,75,71,71,71,55,52,67,35,42,57,17,17,32,39,78,36],"gold":397,"neow_bonus":"THREE_CARDS","is_daily":false,"chose_seed":false,"campfire_upgraded":7,"win_rate":0.0,"timestamp":1613778625,"path_taken":["M","M","M","M","?","E","R","M","T","R","?","E","M","E","R","BOSS","M","$","M","M","?","E","M","E","T","M","M","$","M","E","R","BOSS","M","?","?","?","M","E","R","E","T","R","E","?","R","M","R","BOSS"],"items_purchased_type":["Card","Relic","Card"],"build_version":"2020-12-22","purchased_purges":2,"victory":true,"max_hp_per_floor":[75,75,75,75,75,75,75,75,75,75,75,75,75,75,75,75,75,75,75,75,75,75,75,75,75,75,75,75,75,75,75,75,75,75,75,71,71,71,71,71,71,71,78,78,80,80,80,82,82,82],"relic_stats":{"Singing Bowl":4,"counters":[29,126],"Black Blood":214,"Eternal Feather":92,"PreservedInsect":112,"MawBank":84,"Question Card":12,"Smiling Mask":0,"Blood Vial":42,"OrangePellets":[16],"Shuriken":[6],"Snecko Eye":[82,95,92,105],"Tiny Chest":1,"obtain_stats":[{"Singing Bowl":45,"Vajra":14,"Black Blood":34,"Eternal Feather":6,"Thread and Needle":25,"PreservedInsect":40,"MawBank":12,"Question Card":26,"Smiling Mask":46,"Burning Blood":0,"Blood Vial":9,"OrangePellets":19,"Shuriken":31,"Strawberry":43,"Snecko Eye":17,"Tiny Chest":23,"Bag of Marbles":42},{"Singing Bowl":27,"Vajra":10,"Black Blood":22,"Eternal Feather":5,"Thread and Needle":17,"PreservedInsect":25,"MawBank":8,"Question Card":17,"Smiling Mask":27,"Burning Blood":0,"Blood Vial":6,"OrangePellets":12,"Shuriken":21,"Strawberry":26,"Snecko Eye":11,"Tiny Chest":15,"Bag of Marbles":26},{"Singing Bowl":114,"Vajra":34,"Black Blood":90,"Eternal Feather":16,"Thread and Needle":66,"PreservedInsect":101,"MawBank":27,"Question Card":66,"Smiling Mask":114,"Burning Blood":0,"Blood Vial":21,"OrangePellets":46,"Shuriken":82,"Strawberry":105,"Snecko Eye":43,"Tiny Chest":58,"Bag of Marbles":105}]},"card_choices":[{"not_picked":["Perfected Strike","Second Wind"],"picked":"Shrug It Off","floor":0.0},{"not_picked":["Havoc","Body Slam"],"picked":"Carnage","floor":1.0},{"not_picked":["Sword Boomerang","Headbutt"],"picked":"Twin Strike","floor":2.0},{"not_picked":["Burning Pact","Sword Boomerang"],"picked":"Immolate","floor":3.0},{"not_picked":["Sword Boomerang","True Grit"],"picked":"Power Through","floor":4.0},{"not_picked":["Shrug It Off","Shockwave"],"picked":"Cleave","floor":6.0},{"not_picked":["Havoc","Dark Embrace"],"picked":"Pommel Strike","floor":8.0},{"not_picked":["Wild Strike","Warcry"],"picked":"Immolate","floor":11.0},{"not_picked":["Perfected Strike","Anger","Heavy Blade"],"picked":"SKIP","floor":12.0},{"not_picked":["Thunderclap","Sword Boomerang"],"picked":"Double Tap","floor":13.0},{"not_picked":["Thunderclap","Twin Strike"],"picked":"Bludgeon","floor":14.0},{"not_picked":["Immolate","Exhume"],"picked":"Reaper","floor":16.0},{"not_picked":["Clash","Combust"],"picked":"Dark Embrace","floor":18.0},{"not_picked":["Sever Soul","Cleave"],"picked":"Disarm","floor":20.0},{"not_picked":["Uppercut","Searing Blow","Body Slam"],"picked":"SKIP","floor":21.0},{"not_picked":["Perfected Strike","Heavy Blade","Brutality"],"picked":"SKIP","floor":23.0},{"not_picked":["Armaments","Ghostly Armor+1","Headbutt"],"picked":"SKIP","floor":24.0},{"not_picked":["Anger","Dark Embrace+1"],"picked":"Havoc","floor":25.0},{"not_picked":["Sword Boomerang","Headbutt","Havoc"],"picked":"Second Wind","floor":27.0},{"not_picked":["Anger","Clothesline+1","Perfected Strike"],"picked":"Shockwave+1","floor":28.0},{"not_picked":["Juggernaut","Rupture","Searing Blow","Pommel Strike+1"],"picked":"SKIP","floor":30},{"not_picked":["Iron Wave+1","Armaments","Dark Embrace"],"picked":"Inflame","floor":31},{"not_picked":["Juggernaut","Limit Break","Offering"],"picked":"Corruption","floor":33},{"not_picked":["Headbutt","Wild Strike","Clash","Pummel"],"picked":"SKIP","floor":35},{"not_picked":["Perfected Strike","Sentinel","Pommel Strike","Flex"],"picked":"SKIP","floor":39},{"not_picked":["Perfected Strike","Rage+1","Twin Strike+1"],"picked":"Shrug It Off+1","floor":40},{"not_picked":["Second Wind","Clash","Shockwave+1","Blood for Blood"],"picked":"SKIP","floor":42},{"not_picked":["Havoc","Pummel","Wild Strike+1","True Grit"],"picked":"Singing Bowl","floor":45},{"not_picked":["Entrench","Iron Wave","Wild Strike+1","Headbutt"],"picked":"Singing Bowl","floor":48}],"player_experience":1058799,"relics_obtained":[{"floor":6.0,"key":"Eternal Feather"},{"floor":9.0,"key":"Blood Vial"},{"floor":12.0,"key":"MawBank"},{"floor":14.0,"key":"Vajra"},{"floor":23.0,"key":"Tiny Chest"},{"floor":25.0,"key":"Thread and Needle"},{"floor":26.0,"key":"Question Card"},{"floor":31,"key":"Shuriken"},{"floor":40,"key":"PreservedInsect"},{"floor":42,"key":"Bag of Marbles"},{"floor":43,"key":"Strawberry"},{"floor":45,"key":"Singing Bowl"},{"floor":46,"key":"Smiling Mask"}],"event_choices":[{"damage_healed":0.0,"max_hp_gain":0.0,"max_hp_loss":0.0,"gold_gain":0.0,"cards_transformed":["Strike_R"],"event_name":"Transmorgrifier","player_choice":"Transformed","floor":5.0,"gold_loss":0.0,"damage_taken":0.0,"cards_obtained":["Spot Weakness"]},{"cards_removed":["Strike_R"],"damage_healed":0.0,"max_hp_gain":0.0,"max_hp_loss":0.0,"gold_gain":0.0,"event_name":"Beggar","player_choice":"Gave Gold","floor":22.0,"gold_loss":75.0,"damage_taken":0.0},{"damage_healed":0,"gold_gain":0,"player_choice":"Max HP","damage_taken":0,"max_hp_gain":0,"max_hp_loss":4,"event_name":"Winding Halls","floor":36,"gold_loss":0},{"damage_healed":0,"gold_gain":0,"player_choice":"Memory 1","damage_taken":0,"max_hp_gain":0,"max_hp_loss":0,"event_name":"SensoryStone","floor":37,"gold_loss":0},{"damage_healed":0,"gold_gain":0,"player_choice":"Ignored","damage_taken":0,"max_hp_gain":0,"max_hp_loss":0,"event_name":"Tomb of Lord Red Mask","floor":38,"gold_loss":0}],"is_beta":false,"boss_relics":[{"not_picked":["Runic Cube","Ectoplasm"],"picked":"Snecko Eye"},{"not_picked":["Tiny House","Velvet Choker"],"picked":"Black Blood"}],"items_purged_floors":[19,29],"is_endless":false,"potions_floor_spawned":[1,3,6,12,14,16,24,25,28,33,42,45],"ascension_level":18}}