{"host":"5tzvto3beate6p8b","time":1613754073,"event":{"mods":["BaseMod","Colored Map","Minty Spire (QoL Compilation)","StSLib","SuperFastMode"],"gold_per_floor":[109,129,129,141,158,158,158,176,201,201,201,201,211,228,228,305,305,315,50,68,85,85,85],"floor_reached":22,"language":"JPN","playtime":906,"items_purged":["Strike_G"],"score":360,"play_id":"3de4fbd9-dc21-40cc-a1bb-c193d0034380","local_time":"20210220020113","is_ascension_mode":true,"campfire_choices":[{"data":"Caltrops","floor":6.0,"key":"SMITH"},{"data":"Malaise","floor":10.0,"key":"SMITH"},{"floor":15.0,"key":"REST"}],"circlet_count":0,"master_deck":["AscendersBane","Strike_G","Strike_G","Strike_G+1","Defend_G","Defend_G","Defend_G","Defend_G","Defend_G","Survivor","Neutralize","Malaise+1","Poisoned Stab","Dash+1","Dagger Spray","Caltrops+1","Parasite","Backstab","Terror","Deadly Poison","Glass Knife","Sucker Punch","Poisoned Stab","Noxious Fumes","Leg Sweep+1"],"relics":["Ring of the Snake","Art of War","Philosopher\u0027s Stone","TwistedFunnel"],"acts_visited":["Exordium","TheCity"],"potions_floor_usage":[16,20],"damage_taken":[{"damage":11.0,"enemies":"Jaw Worm","floor":1.0,"turns":6.0},{"damage":0.0,"enemies":"Small Slimes","floor":2.0,"turns":2.0},{"damage":0.0,"enemies":"2 Louse","floor":4.0,"turns":2.0},{"damage":8.0,"enemies":"Exordium Thugs","floor":5.0,"turns":5.0},{"damage":8.0,"enemies":"Lots of Slimes","floor":8.0,"turns":3.0},{"damage":0.0,"enemies":"Gremlin Gang","floor":13.0,"turns":5.0},{"damage":0.0,"enemies":"Blue Slaver","floor":14.0,"turns":4.0},{"damage":3,"enemies":"The Guardian","floor":16,"turns":10},{"damage":24,"enemies":"3 Byrds","floor":18,"turns":5},{"damage":15,"enemies":"Chosen","floor":20,"turns":5},{"damage":24,"enemies":"Centurion and Healer","floor":21,"turns":8},{"damage":13,"enemies":"Sentry and Sphere","floor":22,"turns":2}],"seed_played":"8110912974418519671","potions_obtained":[{"floor":2.0,"key":"GamblersBrew"},{"floor":4.0,"key":"Regen Potion"},{"floor":5.0,"key":"DuplicationPotion"},{"floor":16,"key":"Explosive Potion"}],"is_trial":false,"path_per_floor":["M","M","?","M","M","R","?","M","T","R","?","?","M","M","R","B",null,"M","$","M","M","M"],"character_chosen":"THE_SILENT","items_purchased":["TwistedFunnel","Poisoned Stab"],"campfire_rested":1,"item_purchase_floors":[19,19],"current_hp_per_floor":[33,33,55,55,47,47,63,55,55,55,48,28,28,28,47,44,61,37,37,37,13,0,0],"gold":85,"neow_bonus":"THREE_RARE_CARDS","is_daily":false,"chose_seed":false,"campfire_upgraded":2,"win_rate":0.0,"timestamp":1613754073,"path_taken":["M","M","?","M","M","R","?","M","T","R","?","?","M","M","R","BOSS","M","$","M","M","M"],"items_purchased_type":["Relic","Card"],"build_version":"2020-12-22","purchased_purges":1,"victory":false,"max_hp_per_floor":[66,66,66,66,66,66,66,66,66,66,66,66,66,66,66,66,66,66,66,66,66,66,66],"card_choices":[{"not_picked":["Burst","Die Die Die"],"picked":"Malaise","floor":0.0},{"not_picked":["Prepared","PiercingWail"],"picked":"Poisoned Stab","floor":1.0},{"not_picked":["Blur","Deflect"],"picked":"Dash","floor":2.0},{"not_picked":["Dagger Throw","Expertise"],"picked":"Dagger Spray","floor":4.0},{"not_picked":["PiercingWail","Reflex"],"picked":"Caltrops","floor":5.0},{"not_picked":["Infinite Blades","Outmaneuver"],"picked":"Backstab","floor":8.0},{"not_picked":["Sucker Punch","Concentrate"],"picked":"Terror","floor":13.0},{"not_picked":["Cloak And Dagger","Calculated Gamble"],"picked":"Deadly Poison","floor":14.0},{"not_picked":["Burst","After Image"],"picked":"Glass Knife","floor":16},{"not_picked":["Outmaneuver","Finisher"],"picked":"Sucker Punch","floor":18},{"not_picked":["Expertise","Acrobatics"],"picked":"Noxious Fumes","floor":20},{"not_picked":["Deflect","Eviscerate"],"picked":"Leg Sweep+1","floor":21}],"player_experience":807249,"relics_obtained":[{"floor":9.0,"key":"Art of War"}],"event_choices":[{"damage_healed":22.0,"max_hp_gain":0.0,"max_hp_loss":0.0,"gold_gain":0.0,"event_name":"Big Fish","player_choice":"Banana","floor":3.0,"gold_loss":0.0,"damage_taken":0.0},{"damage_healed":16.0,"max_hp_gain":0.0,"max_hp_loss":0.0,"gold_gain":0.0,"event_name":"Mushrooms","player_choice":"Healed and dodged fight","floor":7.0,"gold_loss":0.0,"damage_taken":0.0,"cards_obtained":["Parasite"]},{"cards_removed":["Strike_G"],"damage_healed":0.0,"max_hp_gain":0.0,"max_hp_loss":0.0,"gold_gain":0.0,"event_name":"Golden Wing","player_choice":"Card Removal","floor":11.0,"gold_loss":0.0,"damage_taken":7.0},{"damage_healed":0.0,"max_hp_gain":0.0,"max_hp_loss":0.0,"gold_gain":0.0,"event_name":"Shining Light","player_choice":"Entered Light","floor":12.0,"gold_loss":0.0,"damage_taken":20.0,"cards_upgraded":["Strike_G","Dash"]}],"is_beta":false,"boss_relics":[{"not_picked":["SlaversCollar","Runic Dome"],"picked":"Philosopher\u0027s Stone"}],"items_purged_floors":[19],"is_endless":false,"potions_floor_spawned":[2,4,5,16,18],"killed_by":"Sentry and Sphere","ascension_level":20}}