{"host":"sav7uxregyirlf69","time":1613703674,"event":{"mods":["AchievementEnabler","BaseMod","Colored Map","DeckTracker","Keyboard Shortcuts","Minty Spire (QoL Compilation)","READ ME - Guardian Mod","StSLib","SuperFastMode"],"gold_per_floor":[112,131,131,56,56,87,87,106,106,117,131,146,162,179,179,179,179],"floor_reached":16,"language":"KOR","playtime":235,"items_purged":["Defend_G"],"score":262,"play_id":"2a73dd0f-abf6-4aec-b9b7-cb6a6c53adb4","local_time":"20210219120114","is_ascension_mode":true,"campfire_choices":[{"data":"Noxious Fumes","floor":7,"key":"SMITH"},{"data":"Concentrate","floor":15,"key":"SMITH"}],"circlet_count":0,"master_deck":["AscendersBane","Strike_G+1","Strike_G","Strike_G+1","Strike_G","Defend_G","Defend_G","Defend_G","Defend_G","Survivor","Neutralize","Noxious Fumes+1","Finisher","Dagger Spray","Dash","Concentrate+1","Backflip","Acrobatics"],"relics":["Ring of the Snake","NeowsBlessing","StoneCalendar","Tingsha"],"acts_visited":["Exordium"],"potions_floor_usage":[10,16],"damage_taken":[{"damage":0.0,"enemies":"Cultist","floor":1.0,"turns":1.0},{"damage":0.0,"enemies":"Jaw Worm","floor":2.0,"turns":1.0},{"damage":0,"enemies":"3 Sentries","floor":6,"turns":1},{"damage":1,"enemies":"2 Louse","floor":8,"turns":2},{"damage":0,"enemies":"Gremlin Gang","floor":10,"turns":2},{"damage":15,"enemies":"Large Slime","floor":11,"turns":5},{"damage":13,"enemies":"Blue Slaver","floor":12,"turns":4},{"damage":0,"enemies":"Exordium Thugs","floor":13,"turns":4},{"damage":1,"enemies":"2 Fungi Beasts","floor":14,"turns":4},{"damage":10,"enemies":"Slime Boss","floor":16,"turns":5}],"seed_played":"7855150756100612803","potions_obtained":[{"floor":8,"key":"BlessingOfTheForge"},{"floor":11,"key":"SteroidPotion"},{"floor":12,"key":"Weak Potion"},{"floor":14,"key":"PowerPotion"}],"is_trial":false,"path_per_floor":["M","M","?","$","?","E","R","M","T","M","M","M","M","M","R","B"],"character_chosen":"THE_SILENT","items_purchased":[],"campfire_rested":0,"item_purchase_floors":[],"current_hp_per_floor":[59,59,39,39,39,39,39,38,38,38,23,10,10,9,9,0,0],"gold":179,"neow_bonus":"THREE_ENEMY_KILL","is_daily":false,"chose_seed":false,"campfire_upgraded":2,"win_rate":0.0,"timestamp":1613703674,"path_taken":["M","?","?","$","?","E","R","M","T","?","M","M","M","M","R","BOSS"],"items_purchased_type":[],"build_version":"2020-12-22","purchased_purges":1,"victory":false,"max_hp_per_floor":[66,66,66,66,66,66,66,66,66,66,66,66,66,66,66,66,66],"card_choices":[{"not_picked":["Backflip","Prepared","Bane"],"picked":"SKIP","floor":1.0},{"not_picked":["Terror","Outmaneuver"],"picked":"Noxious Fumes","floor":2.0},{"not_picked":["Quick Slash","Bouncing Flask"],"picked":"Dagger Spray","floor":6},{"not_picked":["Deflect","Bouncing Flask","Concentrate"],"picked":"SKIP","floor":8},{"not_picked":["Expertise","Poisoned Stab"],"picked":"Dash","floor":10},{"not_picked":["Underhanded Strike","Eviscerate","Tools of the Trade"],"picked":"SKIP","floor":11},{"not_picked":["Outmaneuver","Terror"],"picked":"Concentrate","floor":12},{"not_picked":["PiercingWail","Deadly Poison"],"picked":"Backflip","floor":13},{"not_picked":["Cloak And Dagger","Well Laid Plans"],"picked":"Acrobatics","floor":14}],"player_experience":1614646,"relics_obtained":[{"floor":6,"key":"StoneCalendar"},{"floor":9,"key":"Tingsha"}],"event_choices":[{"damage_healed":0.0,"max_hp_gain":0.0,"max_hp_loss":0.0,"gold_gain":0.0,"event_name":"Shining Light","player_choice":"Entered Light","floor":3.0,"gold_loss":0.0,"damage_taken":20.0,"cards_upgraded":["Strike_G","Strike_G"]},{"damage_healed":0,"gold_gain":0,"cards_transformed":["Strike_G"],"player_choice":"Transformed","damage_taken":0,"max_hp_gain":0,"max_hp_loss":0,"event_name":"Transmorgrifier","floor":5,"gold_loss":0,"cards_obtained":["Finisher"]}],"is_beta":false,"boss_relics":[],"items_purged_floors":[4],"is_endless":false,"potions_floor_spawned":[8,11,12,14],"killed_by":"Slime Boss","ascension_level":20}}