{"host":"6a9c3xws62y7efyw","time":1613716390,"event":{"mods":["BaseMod","Colored Map","Minty Spire (QoL Compilation)","Relic Stats","StSLib"],"gold_per_floor":[116,116,126,143,68,99,112,112,193,193,208,308,325,356,356,433,433,451,451,470,16,28,28,61,61,110,110,147,166,58,58,58,144,144,165,179,179,201,13,13,47,47,47,83,47,83,108,108,108,108,108,108],"floor_reached":51,"language":"ENG","playtime":3241,"items_purged":[],"score":1512,"play_id":"74be25d1-7802-4de6-be2d-a80146e04860","local_time":"20210218223310","is_ascension_mode":true,"campfire_choices":[{"data":"All Out Attack","floor":8.0,"key":"SMITH"},{"floor":10.0,"key":"REST"},{"data":"A Thousand Cuts","floor":15.0,"key":"SMITH"},{"data":"Adrenaline","floor":23.0,"key":"SMITH"},{"floor":27.0,"key":"REST"},{"data":"Tactician","floor":32.0,"key":"SMITH"},{"data":"Malaise","floor":40.0,"key":"SMITH"},{"data":"Calculated Gamble","floor":42.0,"key":"SMITH"},{"floor":49,"key":"RECALL"}],"circlet_count":0,"master_deck":["AscendersBane","Survivor","Neutralize","Prepared","Dagger Throw","All Out Attack+1","Dagger Spray","Infinite Blades","Infinite Blades","Blade Dance","A Thousand Cuts+1","Malaise","Calculated Gamble+1","Riddle With Holes+1","Skewer","Adrenaline+1","Tactician+1","Deadly Poison","Expertise","Malaise+1","Underhanded Strike+1","Masterful Stab+1","Blade Dance+1","After Image","Backflip+1","Blade Dance+1","Corpse Explosion+1","Predator+1","Backflip+1","Outmaneuver+1","Finisher","Leg Sweep+1","PiercingWail+1"],"relics":["Ring of the Serpent","Tough Bandages","Mango","Gremlin Horn","Omamori","Pandora\u0027s Box","Anchor","Toxic Egg 2","Toy Ornithopter","Happy Flower","CeramicFish","Singing Bowl","White Beast Statue","Membership Card","Strawberry","Art of War","Whetstone","FossilizedHelix"],"acts_visited":["Exordium","TheCity","TheBeyond"],"potions_floor_usage":[47,50,51,51],"damage_taken":[{"damage":9.0,"enemies":"Jaw Worm","floor":1.0,"turns":9.0},{"damage":0.0,"enemies":"Small Slimes","floor":3.0,"turns":4.0},{"damage":0.0,"enemies":"Cultist","floor":4.0,"turns":4.0},{"damage":41.0,"enemies":"Gremlin Nob","floor":6.0,"turns":6.0},{"damage":0.0,"enemies":"3 Louse","floor":7.0,"turns":2.0},{"damage":0.0,"enemies":"2 Fungi Beasts","floor":11.0,"turns":1.0},{"damage":8.0,"enemies":"Exordium Thugs","floor":13.0,"turns":5.0},{"damage":15.0,"enemies":"3 Sentries","floor":14.0,"turns":5.0},{"damage":20.0,"enemies":"Slime Boss","floor":16.0,"turns":7.0},{"damage":0.0,"enemies":"3 Byrds","floor":18.0,"turns":2.0},{"damage":0.0,"enemies":"Chosen","floor":20.0,"turns":3.0},{"damage":0.0,"enemies":"Centurion and Healer","floor":22.0,"turns":4.0},{"damage":42.0,"enemies":"Slavers","floor":24.0,"turns":3.0},{"damage":0.0,"enemies":"Gremlin Leader","floor":28.0,"turns":3.0},{"damage":4.0,"enemies":"Snecko","floor":29.0,"turns":5.0},{"damage":19.0,"enemies":"Automaton","floor":33.0,"turns":9.0},{"damage":0.0,"enemies":"3 Shapes","floor":35.0,"turns":2.0},{"damage":0.0,"enemies":"Orb Walker","floor":36.0,"turns":3.0},{"damage":17.0,"enemies":"Transient","floor":38.0,"turns":6.0},{"damage":13.0,"enemies":"Nemesis","floor":41.0,"turns":7.0},{"damage":38.0,"enemies":"Giant Head","floor":44.0,"turns":7.0},{"damage":29.0,"enemies":"Nemesis","floor":46.0,"turns":7.0},{"damage":0,"enemies":"Mind Bloom Boss Battle","floor":47,"turns":5},{"damage":56,"enemies":"Time Eater","floor":50,"turns":16},{"damage":41,"enemies":"Awakened One","floor":51,"turns":14}],"seed_played":"-6538891674276757387","potions_obtained":[{"floor":3.0,"key":"SpeedPotion"},{"floor":7.0,"key":"Energy Potion"},{"floor":14.0,"key":"Weak Potion"},{"floor":16.0,"key":"Dexterity Potion"},{"floor":18.0,"key":"ColorlessPotion"},{"floor":22.0,"key":"Dexterity Potion"},{"floor":28.0,"key":"Regen Potion"},{"floor":36.0,"key":"SkillPotion"},{"floor":38.0,"key":"LiquidBronze"},{"floor":41.0,"key":"Strength Potion"},{"floor":44.0,"key":"Regen Potion"},{"floor":46.0,"key":"Swift Potion"},{"floor":47,"key":"EntropicBrew"}],"is_trial":false,"path_per_floor":["M","?","M","M","?","E","M","R","T","R","M","?","M","E","R","B",null,"M","?","M","$","M","R","E","?","T","R","E","M","$","?","R","B",null,"M","M","?","M","$","R","E","R","T","E","$","E","?","?","R","B","B"],"character_chosen":"THE_SILENT","items_purchased":["Toxic Egg 2","Toy Ornithopter","GhostInAJar","Membership Card","Outmaneuver+1","Leg Sweep+1"],"campfire_rested":2,"item_purchase_floors":[21,21,30,39,39,45],"current_hp_per_floor":[50,55,55,55,55,28,28,28,28,51,51,51,43,28,28,8,61,61,61,61,61,61,61,24,1,1,26,26,41,41,41,41,22,69,69,76,76,64,64,64,65,65,65,32,32,23,30,80,80,29,0,0],"gold":108,"neow_bonus":"ONE_RARE_RELIC","is_daily":false,"chose_seed":false,"campfire_upgraded":6,"win_rate":0.0,"timestamp":1613716390,"path_taken":["M","?","M","M","?","E","M","R","T","R","M","?","?","E","R","BOSS","M","?","M","$","M","R","E","?","T","R","E","M","$","?","R","BOSS","M","M","?","M","$","R","E","R","T","E","?","E","?","?","R","BOSS","BOSS"],"items_purchased_type":["Relic","Relic","Potion","Relic","Card","Card"],"build_version":"2020-12-22","purchased_purges":0,"victory":false,"max_hp_per_floor":[60,65,65,65,65,79,79,79,79,79,79,79,79,79,79,79,79,79,79,79,79,79,79,79,84,84,84,84,84,84,84,84,84,84,84,86,86,86,86,86,95,95,95,95,95,95,97,80,80,80,80,80],"relic_stats":{"Tough Bandages":[504],"Gremlin Horn":[20,20],"Happy Flower":[28],"Singing Bowl":6,"counters":[25,139],"CeramicFish":81,"Pandora\u0027s Box":["Calculated Gamble","Riddle With Holes","Skewer","Setup","Adrenaline","Tactician","Deadly Poison","Expertise","Malaise"],"Art of War":[5],"Whetstone":["Underhanded Strike","Riddle With Holes"],"obtain_stats":[{"Gremlin Horn":9,"Happy Flower":24,"Singing Bowl":28,"CeramicFish":26,"Mango":6,"Omamori":14,"Whetstone":46,"White Beast Statue":31,"Tough Bandages":0,"Anchor":19,"Strawberry":41,"Pandora\u0027s Box":17,"Art of War":44,"Membership Card":39,"Toxic Egg 2":21,"Toy Ornithopter":21,"Ring of the Serpent":34,"FossilizedHelix":47,"Ring of the Snake":0},{"Gremlin Horn":5,"Happy Flower":13,"Singing Bowl":14,"CeramicFish":13,"Mango":4,"Omamori":8,"Whetstone":22,"White Beast Statue":15,"Tough Bandages":0,"Anchor":10,"Strawberry":20,"Pandora\u0027s Box":9,"Art of War":21,"Membership Card":19,"Toxic Egg 2":11,"Toy Ornithopter":11,"Ring of the Serpent":16,"FossilizedHelix":23,"Ring of the Snake":0},{"Gremlin Horn":25,"Happy Flower":55,"Singing Bowl":58,"CeramicFish":55,"Mango":23,"Omamori":36,"Whetstone":104,"White Beast Statue":63,"Tough Bandages":0,"Anchor":45,"Strawberry":90,"Pandora\u0027s Box":43,"Art of War":97,"Membership Card":83,"Toxic Egg 2":48,"Toy Ornithopter":48,"Ring of the Serpent":72,"FossilizedHelix":109,"Ring of the Snake":0}],"Toy Ornithopter":55},"card_choices":[{"not_picked":["Heel Hook","Acrobatics"],"picked":"Prepared","floor":1.0},{"not_picked":["Deflect","Distraction"],"picked":"Dagger Throw","floor":3.0},{"not_picked":["Dash","Deflect"],"picked":"All Out Attack","floor":4.0},{"not_picked":["Dodge and Roll","Sucker Punch"],"picked":"Dagger Spray","floor":6.0},{"not_picked":["Blur","PiercingWail"],"picked":"Infinite Blades","floor":7.0},{"not_picked":["Heel Hook","Outmaneuver"],"picked":"Infinite Blades","floor":11.0},{"not_picked":["PiercingWail","Acrobatics"],"picked":"Blade Dance","floor":13.0},{"not_picked":["Footwork","Prepared"],"picked":"A Thousand Cuts","floor":14.0},{"not_picked":["Glass Knife","A Thousand Cuts"],"picked":"Malaise","floor":16.0},{"not_picked":["Slice","Poisoned Stab"],"picked":"Underhanded Strike","floor":18.0},{"not_picked":["Deadly Poison","Outmaneuver"],"picked":"Masterful Stab+1","floor":20.0},{"not_picked":["Noxious Fumes","Slice"],"picked":"Blade Dance+1","floor":22.0},{"not_picked":["Outmaneuver+1","Distraction+1"],"picked":"After Image","floor":24.0},{"not_picked":["Prepared+1","Footwork"],"picked":"Backflip+1","floor":28.0},{"not_picked":["Caltrops","Quick Slash+1"],"picked":"Blade Dance+1","floor":29.0},{"not_picked":["Doppelganger+1","Envenom"],"picked":"Corpse Explosion+1","floor":33.0},{"not_picked":["Distraction+1","Prepared+1"],"picked":"Predator+1","floor":35.0},{"not_picked":["Riddle With Holes+1","Dagger Spray+1","Choke+1"],"picked":"Singing Bowl","floor":36.0},{"not_picked":["Acrobatics+1","PiercingWail+1"],"picked":"Backflip+1","floor":38.0},{"not_picked":["Storm of Steel+1","Poisoned Stab","Acrobatics+1"],"picked":"Singing Bowl","floor":41.0},{"not_picked":["Tactician+1","Cloak And Dagger+1"],"picked":"Finisher","floor":44.0},{"not_picked":["Venomology+1","Quick Slash"],"picked":"PiercingWail+1","floor":46.0},{"not_picked":["Dagger Throw","Endless Agony+1","Outmaneuver+1"],"picked":"Singing Bowl","floor":47}],"player_experience":1553552,"relics_obtained":[{"floor":6.0,"key":"Mango"},{"floor":9.0,"key":"Gremlin Horn"},{"floor":14.0,"key":"Omamori"},{"floor":24.0,"key":"Happy Flower"},{"floor":26.0,"key":"CeramicFish"},{"floor":28.0,"key":"Singing Bowl"},{"floor":41.0,"key":"Strawberry"},{"floor":44.0,"key":"Art of War"},{"floor":46.0,"key":"Whetstone"},{"floor":47,"key":"FossilizedHelix"}],"event_choices":[{"damage_healed":0.0,"max_hp_gain":5.0,"max_hp_loss":0.0,"gold_gain":0.0,"event_name":"Big Fish","player_choice":"Donut","floor":2.0,"gold_loss":0.0,"damage_taken":0.0},{"cards_removed":["Strike_G"],"damage_healed":0.0,"max_hp_gain":0.0,"max_hp_loss":0.0,"gold_gain":0.0,"event_name":"The Cleric","player_choice":"Card Removal","floor":5.0,"gold_loss":75.0,"damage_taken":0.0},{"damage_healed":0.0,"max_hp_gain":0.0,"max_hp_loss":0.0,"gold_gain":100.0,"event_name":"Wheel of Change","player_choice":"Gold","floor":12.0,"gold_loss":0.0,"damage_taken":0.0},{"damage_healed":0.0,"max_hp_gain":0.0,"max_hp_loss":0.0,"gold_gain":0.0,"event_name":"The Mausoleum","player_choice":"Opened","floor":19.0,"gold_loss":0.0,"damage_taken":0.0,"relics_obtained":["Anchor"],"cards_obtained":["Writhe"]},{"damage_healed":0.0,"max_hp_gain":5.0,"max_hp_loss":0.0,"gold_gain":0.0,"event_name":"Forgotten Altar","player_choice":"Shed Blood","floor":25.0,"gold_loss":0.0,"damage_taken":28.0},{"damage_healed":0.0,"max_hp_gain":0.0,"max_hp_loss":0.0,"gold_gain":0.0,"event_name":"Addict","player_choice":"Stole Relic","floor":31.0,"gold_loss":0.0,"damage_taken":0.0,"relics_obtained":["White Beast Statue"],"cards_obtained":["Shame"]},{"cards_removed":["Setup"],"damage_healed":0.0,"max_hp_gain":0.0,"max_hp_loss":0.0,"gold_gain":0.0,"event_name":"Wheel of Change","player_choice":"Card Removal","floor":37.0,"gold_loss":0.0,"damage_taken":0.0},{"damage_healed":0,"gold_gain":0,"player_choice":"Fight","damage_taken":0,"max_hp_gain":0,"max_hp_loss":0,"event_name":"MindBloom","floor":47,"gold_loss":0},{"damage_healed":80,"gold_gain":0,"player_choice":"Heal","damage_taken":0,"max_hp_gain":0,"max_hp_loss":17,"event_name":"The Moai Head","floor":48,"gold_loss":0}],"is_beta":false,"boss_relics":[{"not_picked":["Ectoplasm","Velvet Choker"],"picked":"Pandora\u0027s Box"},{"not_picked":["Empty Cage","Tiny House"],"picked":"Ring of the Serpent"}],"items_purged_floors":[],"is_endless":false,"potions_floor_spawned":[3,7,14,16,18,22,28,33,35,36,38,41,44,46,47],"killed_by":"Awakened One","ascension_level":20}}