{"host":"htqwg582tjjtn9p7","time":1613765196,"event":{"mods":["2.2 Compatiblity","AchievementEnabler","Act Like it!","Aspiration","BaseMod","Better Third Choice","Colored Map","Conspire","Curses Come First","Displayed Cursed Tome","Energized Spire","Force Act Four","Fox Events","GifTheSpireLib","Hermit","Highlight Path","JesterMod","Mad Scientist","Minty Spire (QoL Compilation)","Pale of the Ancients","Permanent Neow","Random Character Button","Relic Stats","Reliquary","Replay The Spire","Robot Space Explorer","Somnambulant","Spicy Shops","Spikes Relics","StSLib","Stuff the Spire","The Blue Laboratory","The Bug Knight","The Forsaken","The Gatherer","The Judge","The Jungle","The Marked","The Runesmith","The Servant 0.9.4","Uncapped"],"gold_per_floor":[119,169,183,202,51,51,80,80,80,113,113,113,113,113,113,184,184,197,210,21,21,35,35,61,61,61,61,76,113,113,140,140,219,219,239,239,239,251,27,57,57,57,57,57,88,123,123,157,157,157,173,185,203,203,203,218,218,4,4,4,4],"floor_reached":60,"language":"ENG","playtime":2947,"items_purged":["Strike_G","StuffTheSpire:CuriosityCurse","Strike_G"],"score":2072,"play_id":"a0299db4-f725-498e-b83e-e56ef907085a","local_time":"20210219210636","is_ascension_mode":true,"campfire_choices":[{"data":"Neutralize","floor":6,"key":"SMITH"},{"floor":8,"key":"REST"},{"data":"Tactician","floor":11,"key":"SMITH"},{"data":"Footwork","floor":13,"key":"SMITH"},{"floor":23,"key":"REST"},{"floor":27,"key":"REST"},{"floor":30,"key":"REST"},{"data":"ReplayTheSpireMod:Scrap Shanks","floor":32,"key":"SMITH"},{"floor":42,"key":"REST"},{"data":"Footwork","floor":47,"key":"SMITH"},{"data":"ReplayTheSpireMod:Scrap Shanks","floor":55,"key":"SMITH"},{"floor":57,"key":"RECALL"}],"circlet_count":0,"master_deck":["AscendersBane","Strike_G","Strike_G","Strike_G","Defend_G","Defend_G","Defend_G","Defend_G","Defend_G","Survivor","Neutralize+1","Infinite Blades","Slice+1","Dagger Throw+1","Footwork+1","Dagger Throw+1","Tactician+1","Malaise+1","ReplayTheSpireMod:Scrap Shanks+1","Footwork+1","Cloak And Dagger+1","Hidden Blade+1","Acrobatics+1","Deflect+1","Backflip+1","Underhanded Strike+1","Adrenaline+1","Cloak And Dagger+1","Acrobatics+1","StuffTheSpire:Injection+1","ReplayTheSpireMod:The Works+1","ReplayTheSpireMod:Scrap Shanks+1","Calculated Gamble+1","ReplayTheSpireMod:The Works+1","Blade Dance+1"],"relics":["Ring of the Snake","reliquary:Boomerang","reliquary:Spinner","SpikesRelics:ToyHorsey","WingedGreaves","Toxic Egg 2","WristBlade","aspiration:Lifesprig","Regal Pillow","Molten Egg 2","reliquary:BallBearing","RetroEgg","energizedSpire:PogoStick","Bag of Preparation","Torii","reliquary:JackalopeAntler","Meat on the Bone","reliquary:ExpiredCoupon","Iron Hammer","paleoftheancients:Timepiece","Gremlin Horn","CultistMask","paleoftheancients:SoulOfTheShapes","paleoftheancients:SoulOfTheThorton"],"acts_visited":["Exordium","TheCity","TheBeyond","TheBeyond"],"potions_floor_usage":[16,19,24,33,60,60],"damage_taken":[{"damage":0,"enemies":"Cultist","floor":1,"turns":4},{"damage":4,"enemies":"2 Louse","floor":3,"turns":4},{"damage":2,"enemies":"Small Slimes","floor":4,"turns":5},{"damage":21,"enemies":"Gremlin Nob","floor":7,"turns":5},{"damage":4,"enemies":"Lagavulin","floor":10,"turns":8},{"damage":32,"enemies":"Fading Forest","floor":16,"turns":11},{"damage":9,"enemies":"Spheric Guardian","floor":18,"turns":5},{"damage":17,"enemies":"conspire:FuzzyDice","floor":19,"turns":6},{"damage":5,"enemies":"Centurion and Healer","floor":22,"turns":5},{"damage":0,"enemies":"Replay:Snechameleon","floor":24,"turns":4},{"damage":8,"enemies":"Cultist and Chosen","floor":28,"turns":5},{"damage":21,"enemies":"Slavers","floor":31,"turns":7},{"damage":23,"enemies":"Pondfish","floor":33,"turns":8},{"damage":0,"enemies":"3 Shapes","floor":35,"turns":3},{"damage":0,"enemies":"3 Darklings","floor":38,"turns":5},{"damage":34,"enemies":"Nemesis","floor":40,"turns":3},{"damage":0,"enemies":"R_Hoarder","floor":45,"turns":6},{"damage":0,"enemies":"Reptomancer","floor":46,"turns":6},{"damage":0,"enemies":"conspire:MimicChest","floor":48,"turns":3},{"damage":6,"enemies":"Awakened One","floor":50,"turns":14},{"damage":0,"enemies":"Awakened One","floor":51,"turns":7},{"damage":34,"enemies":"Awakened One","floor":52,"turns":7},{"damage":0,"enemies":"paleoftheancients:Thorton1","floor":53,"turns":2},{"damage":0,"enemies":"paleoftheancients:Thorton1","floor":56,"turns":4},{"damage":171,"enemies":"paleoftheancients:N","floor":60,"turns":10}],"seed_played":"-8973901085405415607","potions_obtained":[{"floor":3,"key":"Block Potion"},{"floor":18,"key":"blueLaboratory:BlinkPotion"},{"floor":22,"key":"blueLaboratory:ArtistsPotion"},{"floor":29,"key":"EssenceOfSteel"},{"floor":33,"key":"blueLaboratory:BottleOfRum"},{"floor":40,"key":"Toxic Potion"},{"floor":45,"key":"CultistPotion"}],"is_trial":false,"path_per_floor":["M","?","M","M","$","R","E","R","T","E","R","?","R","?","R_BF","B",null,"M","M","$","?","M","R","E","?","T","R","M","?","R","E","R","B",null,"M","?","?","M","$","E","$","R","T","R","E","E","R","?","R_BF","B","M","M","M","T","R","M","R","$","?","B"],"character_chosen":"THE_SILENT","items_purchased":["Footwork","Cloak And Dagger+1","aspiration:Lifesprig","Acrobatics+1","StuffTheSpire:Injection+1","ReplayTheSpireMod:The Works+1","Blade Dance+1"],"campfire_rested":5,"item_purchase_floors":[5,20,20,39,39,58,58],"current_hp_per_floor":[59,53,49,47,47,47,26,45,45,41,41,41,41,41,60,34,58,49,32,32,14,9,30,30,30,30,66,58,35,71,50,50,27,60,60,60,60,60,60,26,26,62,62,62,62,62,62,62,71,70,71,54,63,63,63,67,67,67,67,0,0],"gold":4,"neow_bonus":"RANDOM_COMMON_RELIC","is_daily":false,"chose_seed":false,"campfire_upgraded":6,"win_rate":0.0,"timestamp":1613765196,"path_taken":["M","?","M","?","$","R","E","R","T","E","R","?","R","?","R_BF","BOSS","M","M","$","?","M","R","E","?","T","R","?","?","R","E","R","BOSS","M","?","?","M","$","E","$","R","T","R","E","E","R","?","R_BF","BOSS","M","M","?","T","R","M","R","$","?","BOSS"],"items_purchased_type":["Card","Card","Relic","Card","Card","Card","Card"],"build_version":"2020-12-22","purchased_purges":3,"victory":false,"max_hp_per_floor":[66,66,66,66,66,66,66,66,66,66,66,66,66,66,66,66,66,66,66,66,71,71,71,71,71,71,71,71,71,71,71,71,71,71,71,71,71,71,71,71,71,71,71,71,71,71,71,71,71,71,71,71,71,71,71,71,71,71,71,71,71],"relic_stats":{"Regal Pillow":45,"Torii":3,"Gremlin Horn":[22,22],"counters":[25,147],"Bag of Preparation":[22],"obtain_stats":[{"energizedSpire:PogoStick":34,"aspiration:Lifesprig":20,"Regal Pillow":24,"reliquary:Boomerang":0,"Torii":40,"Gremlin Horn":50,"RetroEgg":31,"Bag of Preparation":36,"reliquary:Spinner":7,"paleoftheancients:SoulOfTheShapes":51,"reliquary:JackalopeAntler":43,"paleoftheancients:Timepiece":50,"reliquary:ExpiredCoupon":46,"SpikesRelics:ToyHorsey":9,"WristBlade":17,"Molten Egg 2":26,"WingedGreaves":10,"reliquary:BallBearing":29,"Iron Hammer":48,"CultistMask":50,"paleoftheancients:SoulOfTheThorton":53,"Toxic Egg 2":14,"Ring of the Snake":0,"Meat on the Bone":45},{"energizedSpire:PogoStick":13,"aspiration:Lifesprig":8,"Regal Pillow":10,"reliquary:Boomerang":0,"Torii":16,"Gremlin Horn":20,"RetroEgg":12,"Bag of Preparation":14,"reliquary:Spinner":4,"paleoftheancients:SoulOfTheShapes":21,"reliquary:JackalopeAntler":16,"paleoftheancients:Timepiece":20,"reliquary:ExpiredCoupon":18,"SpikesRelics:ToyHorsey":4,"WristBlade":6,"Molten Egg 2":10,"WingedGreaves":5,"reliquary:BallBearing":11,"Iron Hammer":19,"CultistMask":20,"paleoftheancients:SoulOfTheThorton":23,"Toxic Egg 2":5,"Ring of the Snake":0,"Meat on the Bone":17},{"energizedSpire:PogoStick":77,"aspiration:Lifesprig":48,"Regal Pillow":57,"reliquary:Boomerang":0,"Torii":88,"Gremlin Horn":117,"RetroEgg":69,"Bag of Preparation":80,"reliquary:Spinner":18,"paleoftheancients:SoulOfTheShapes":124,"reliquary:JackalopeAntler":88,"paleoftheancients:Timepiece":117,"reliquary:ExpiredCoupon":100,"SpikesRelics:ToyHorsey":18,"WristBlade":37,"Molten Egg 2":57,"WingedGreaves":26,"reliquary:BallBearing":62,"Iron Hammer":103,"CultistMask":117,"paleoftheancients:SoulOfTheThorton":133,"Toxic Egg 2":26,"Ring of the Snake":0,"Meat on the Bone":94}],"Ring of the Snake":[50],"Meat on the Bone":0},"card_choices":[{"not_picked":["Deadly Poison","Backflip"],"picked":"Infinite Blades","floor":1},{"not_picked":["Deflect","StuffTheSpire:Python"],"picked":"Slice","floor":3},{"not_picked":["StuffTheSpire:Python","Prepared"],"picked":"Dagger Throw","floor":4},{"not_picked":["StuffTheSpire:Injection","Outmaneuver"],"picked":"Dagger Throw","floor":7},{"not_picked":["ReplayTheSpireMod:Exploit Weakness","Adrenaline"],"picked":"Tactician","floor":10},{"not_picked":["Phantasmal Killer+1","Bullet Time+1"],"picked":"Malaise+1","floor":16},{"not_picked":["Calculated Gamble+1","Sucker Punch"],"picked":"ReplayTheSpireMod:Scrap Shanks","floor":18},{"not_picked":["Outmaneuver+1","Quick Slash"],"picked":"Footwork","floor":19},{"not_picked":["Deadly Poison+1","Bane+1"],"picked":"Hidden Blade+1","floor":22},{"not_picked":["conspire:DoublingDagger+1","Die Die Die"],"picked":"Acrobatics+1","floor":24},{"not_picked":["Leg Sweep+1","Backstab+1"],"picked":"Deflect+1","floor":28},{"not_picked":["Dodge and Roll+1","StuffTheSpire:BumpUp+1"],"picked":"Backflip+1","floor":29},{"not_picked":["Expertise+1","Phantasmal Killer+1"],"picked":"Underhanded Strike+1","floor":31},{"not_picked":["aspiration:Lunge+1","Unload+1"],"picked":"Adrenaline+1","floor":33},{"not_picked":["InfectiousVector+1","Sucker Punch+1","Bane+1"],"picked":"SKIP","floor":35},{"not_picked":["Deflect+1","Sucker Punch+1"],"picked":"Cloak And Dagger+1","floor":38},{"not_picked":["Slice+1","StuffTheSpire:Injection+1"],"picked":"ReplayTheSpireMod:The Works+1","floor":40},{"not_picked":["PiercingWail+1","Predator+1","Crippling Poison+1"],"picked":"SKIP","floor":45},{"not_picked":["Atom Bomb+1","Masterful Stab+1","Dagger Spray+1"],"picked":"SKIP","floor":46},{"not_picked":["Sucker Punch+1","Masterful Stab+1"],"picked":"ReplayTheSpireMod:Scrap Shanks","floor":48},{"not_picked":["Deadly Poison+1","Masterful Stab+1","Crippling Poison+1"],"picked":"SKIP","floor":51},{"not_picked":["StuffTheSpire:Incursion+1","Expertise+1","Well Laid Plans"],"picked":"SKIP","floor":52},{"not_picked":["Dagger Throw+1","Caltrops+1"],"picked":"Calculated Gamble+1","floor":53},{"not_picked":["StuffTheSpire:MirrorStance+1","Sucker Punch+1","StuffTheSpire:Python+1"],"picked":"SKIP","floor":56}],"player_experience":2045490,"relics_obtained":[{"floor":7,"key":"reliquary:Spinner"},{"floor":9,"key":"SpikesRelics:ToyHorsey"},{"floor":10,"key":"WingedGreaves"},{"floor":24,"key":"Regal Pillow"},{"floor":26,"key":"Molten Egg 2"},{"floor":29,"key":"reliquary:BallBearing"},{"floor":31,"key":"RetroEgg"},{"floor":40,"key":"Torii"},{"floor":43,"key":"reliquary:JackalopeAntler"},{"floor":45,"key":"Meat on the Bone"},{"floor":46,"key":"reliquary:ExpiredCoupon"},{"floor":48,"key":"Iron Hammer"},{"floor":51,"key":"paleoftheancients:SoulOfTheShapes"},{"floor":53,"key":"paleoftheancients:SoulOfTheThorton"}],"event_choices":[{"damage_healed":0,"gold_gain":50,"player_choice":"Touch","damage_taken":6,"max_hp_gain":0,"max_hp_loss":0,"event_name":"FaceTrader","floor":2,"gold_loss":0},{"damage_healed":0,"gold_gain":0,"player_choice":"Shed Blood","damage_taken":23,"max_hp_gain":5,"max_hp_loss":0,"event_name":"Forgotten Altar","floor":21,"gold_loss":0},{"cards_removed":["Injury"],"damage_healed":0,"gold_gain":0,"player_choice":"Purged","damage_taken":0,"max_hp_gain":0,"max_hp_loss":0,"event_name":"Purifier","floor":25,"gold_loss":0},{"damage_healed":0,"gold_gain":0,"player_choice":"Ignored","damage_taken":0,"max_hp_gain":0,"max_hp_loss":0,"event_name":"Tomb of Lord Red Mask","floor":37,"gold_loss":0}],"is_beta":false,"boss_relics":[{"not_picked":["energizedSpire:MagnifyingGlass","Kintsugi"],"picked":"WristBlade"},{"not_picked":["reliquary:Ember","StuffTheSpire:Kangaroo"],"picked":"energizedSpire:PogoStick"}],"items_purged_floors":[5,39,58],"is_endless":false,"potions_floor_spawned":[3,18,22,33,40,45,46,53],"killed_by":"paleoftheancients:N","ascension_level":15}}