{"host":"dscols65uipasqd2","time":1613720414,"event":{"mods":["2.2 Compatiblity","AchievementEnabler","Aspiration","BaseMod","Colored Powertips","Downfall","Energized Spire","GifTheSpireLib","Hermit","Hubris","Infinite Spire","Jorbs\u0027s Wanderer Trilogy","Minty Spire (QoL Compilation)","Rare Cards Sparkle","Relic Stats","Replay The Spire","Robot Space Explorer","Shade Mod","StSLib","Stuff the Spire","The Blue Laboratory","The Cursed","The Disciple","The Forsaken","The Hierophant","The Judge","The Jungle","The Mystic","The Runesmith","TheFirefly","Wandering Minibosses"],"gold_per_floor":[199,209,209,227,227,227,276,76,61,61,11,41,93,124,135,135,135,135],"floor_reached":16,"language":"ENG","playtime":702,"items_purged":[],"score":143,"play_id":"7bda0f53-76b3-4fb8-aef5-71257e82f819","local_time":"20210219024014","is_ascension_mode":true,"campfire_choices":[{"floor":1,"key":"RECALL"},{"floor":8,"key":"REST"},{"floor":10,"key":"REST"}],"circlet_count":0,"master_deck":["sneckomod:Strike","sneckomod:Strike","sneckomod:Strike","sneckomod:Defend","sneckomod:Defend","sneckomod:Defend","sneckomod:TailWhip","sneckomod:SnekBite","sneckomod:Unknown","sneckomod:Unknown","sneckomod:RainOfDice","sneckomod:Unknown","sneckomod:UnknownClassGUARDIAN","theForsaken:PlagueCurse","sneckomod:SnekBeam","sneckomod:ImprovisedAttack","sneckomod:UnknownColorless","sneckomod:UnknownStrike","sneckomod:Unknown3Cost","sneckomod:DiceBoulder"],"relics":["sneckomod:SneckoSoul","theForsaken:PlagueMask","Bag of Marbles","downfall:HeartBlessingRed","downfall:HeartBlessingBlue","infinitespire:Broken Mirror","Vajra","Eternal Feather"],"acts_visited":["Exordium"],"potions_floor_usage":[9,16,16],"damage_taken":[{"damage":7,"enemies":"Jaw Worm","floor":2,"turns":3},{"damage":0,"enemies":"Cultist","floor":4,"turns":2},{"damage":28,"enemies":"downfall:FleeingMerchant","floor":9,"turns":6},{"damage":17,"enemies":"downfall:FleeingMerchant","floor":11,"turns":4},{"damage":31,"enemies":"Gremlin Nob","floor":12,"turns":4},{"damage":32,"enemies":"3 Sentries","floor":14,"turns":5},{"damage":0,"enemies":"Small Slimes","floor":15,"turns":2},{"damage":21,"enemies":"DF_ARCHETYPE_STREAMLINE","floor":16,"turns":5}],"seed_played":"-3431972495902932116","potions_obtained":[{"floor":2,"key":"PowerPotion"},{"floor":4,"key":"Reflective Coating"},{"floor":14,"key":"blueLaboratory:LouseDecoction"}],"is_trial":false,"path_per_floor":["R","M","?","M","?","?","T","R","$","R","$","E","T","E","M","B"],"character_chosen":"THE_SNECKO","items_purchased":["sneckomod:UnknownColorless"],"campfire_rested":2,"item_purchase_floors":[11],"current_hp_per_floor":[81,74,74,74,74,74,74,100,72,100,83,52,52,20,20,0,0,0],"gold":135,"neow_bonus":"HUNDRED_GOLD","is_daily":false,"chose_seed":false,"campfire_upgraded":0,"win_rate":0.0,"timestamp":1613720414,"path_taken":["R","M","?","?","?","?","T","R","$","R","?","E","?","E","M","BOSS"],"items_purchased_type":["Card"],"build_version":"2020-12-22","purchased_purges":0,"victory":false,"max_hp_per_floor":[90,90,90,90,90,90,90,100,100,100,100,100,100,100,100,100,100,100],"relic_stats":{"counters":[8,31],"Eternal Feather":0,"obtain_stats":[{"downfall:HeartBlessingRed":8,"downfall:HeartBlessingBlue":8,"infinitespire:Broken Mirror":12,"Vajra":13,"Eternal Feather":14,"Bag of Marbles":6,"sneckomod:SneckoSoul":0,"theForsaken:PlagueMask":5},{"downfall:HeartBlessingRed":2,"downfall:HeartBlessingBlue":2,"infinitespire:Broken Mirror":5,"Vajra":5,"Eternal Feather":6,"Bag of Marbles":2,"sneckomod:SneckoSoul":0,"theForsaken:PlagueMask":2},{"downfall:HeartBlessingRed":5,"downfall:HeartBlessingBlue":5,"infinitespire:Broken Mirror":19,"Vajra":19,"Eternal Feather":24,"Bag of Marbles":5,"sneckomod:SneckoSoul":0,"theForsaken:PlagueMask":5}]},"card_choices":[{"not_picked":["sneckomod:UnknownClassINFINITE_BLACK","sneckomod:WideSting"],"picked":"sneckomod:RainOfDice","floor":2},{"not_picked":["sneckomod:UnknownClassWANDERER_GRAY_COLOR","sneckomod:Nope"],"picked":"sneckomod:UnknownClassGUARDIAN","floor":4},{"not_picked":["sneckomod:UnknownWeak","sneckomod:Nope"],"picked":"sneckomod:SnekBeam","floor":9},{"not_picked":["sneckomod:UnknownClassMYSTIC_PURPLE","sneckomod:WideSting"],"picked":"sneckomod:ImprovisedAttack","floor":11},{"not_picked":["sneckomod:GlitteringGambit","sneckomod:DangerNoodle"],"picked":"sneckomod:UnknownStrike","floor":12},{"not_picked":["sneckomod:DiceBoulder","sneckomod:QuickMove"],"picked":"sneckomod:Unknown3Cost","floor":14},{"not_picked":["sneckomod:Unknown2Cost","sneckomod:UnknownX"],"picked":"sneckomod:DiceBoulder","floor":15}],"player_experience":650412,"relics_obtained":[{"floor":6,"key":"Bag of Marbles"},{"floor":12,"key":"infinitespire:Broken Mirror"},{"floor":13,"key":"Vajra"},{"floor":14,"key":"Eternal Feather"}],"event_choices":[{"damage_healed":0,"gold_gain":0,"player_choice":"Obtain Plague Curse","damage_taken":0,"max_hp_gain":0,"max_hp_loss":0,"event_name":"Plague Doctor","floor":5,"gold_loss":0,"cards_obtained":["theForsaken:PlagueCurse"]}],"is_beta":false,"boss_relics":[],"items_purged_floors":[],"is_endless":false,"potions_floor_spawned":[2,4,14],"killed_by":"DF_ARCHETYPE_STREAMLINE","ascension_level":7}}