{"host":"sav7uxregyirlf69","time":1613727809,"event":{"mods":["AchievementEnabler","BaseMod","Colored Map","DeckTracker","Keyboard Shortcuts","Minty Spire (QoL Compilation)","READ ME - Guardian Mod","StSLib","SuperFastMode"],"gold_per_floor":[10,30,50,61,75,75,75,75,75,104,104,104,114,130,130,207,207,222,222,237,287,44,44,69,86,86,86,103,130,93,104,104,179,179,193,193,210,53,72,107,123,157,181,195,220,237,112,129,129,129,129,129,129,38,63,63,63],"floor_reached":56,"language":"KOR","playtime":2031,"items_purged":["Accuracy","Parasite","Shame"],"score":1956,"play_id":"a9c534bf-ef00-4933-a161-698c1972773e","local_time":"20210219184329","is_ascension_mode":true,"campfire_choices":[{"data":"Apotheosis","floor":6.0,"key":"SMITH"},{"floor":8.0,"key":"REST"},{"data":"Well Laid Plans","floor":11.0,"key":"SMITH"},{"data":"Reflex","floor":15.0,"key":"SMITH"},{"floor":23.0,"key":"RECALL"},{"floor":27.0,"key":"REST"},{"data":"Wraith Form v2","floor":32.0,"key":"SMITH"},{"floor":49.0,"key":"REST"},{"data":"Calculated Gamble","floor":53,"key":"SMITH"}],"circlet_count":0,"master_deck":["AscendersBane","Strike_G","Strike_G","Strike_G","Strike_G","Defend_G","Defend_G","Defend_G","Defend_G","Defend_G","Survivor","Neutralize","Apotheosis+1","Deadly Poison","Blur","Dash","Calculated Gamble","Well Laid Plans+1","Reflex+1","Wraith Form v2+1","Adrenaline","Tactician","Crippling Poison","Calculated Gamble+1","Grand Finale","Panache","Acrobatics","Backflip","Acrobatics","Tactician","Footwork"],"relics":["Ring of the Snake","InkBottle","Mercury Hourglass","Cursed Key","TheAbacus","Letter Opener","Tingsha","Potion Belt","Runic Pyramid","Thread and Needle","StrikeDummy","Girya","Paper Crane"],"acts_visited":["Exordium","TheCity","TheBeyond","TheEnding"],"potions_floor_usage":[51,56,56,56,56],"damage_taken":[{"damage":9.0,"enemies":"Jaw Worm","floor":1.0,"turns":4.0},{"damage":2.0,"enemies":"Small Slimes","floor":2.0,"turns":4.0},{"damage":0.0,"enemies":"Cultist","floor":3.0,"turns":4.0},{"damage":2.0,"enemies":"Blue Slaver","floor":4.0,"turns":5.0},{"damage":3.0,"enemies":"3 Louse","floor":5.0,"turns":4.0},{"damage":11.0,"enemies":"Gremlin Nob","floor":10.0,"turns":4.0},{"damage":7.0,"enemies":"2 Fungi Beasts","floor":13.0,"turns":3.0},{"damage":0.0,"enemies":"Exordium Wildlife","floor":14.0,"turns":5.0},{"damage":8.0,"enemies":"Hexaghost","floor":16.0,"turns":10.0},{"damage":2.0,"enemies":"2 Thieves","floor":18.0,"turns":4.0},{"damage":0.0,"enemies":"Shell Parasite","floor":20.0,"turns":5.0},{"damage":16.0,"enemies":"Slavers","floor":24.0,"turns":8.0},{"damage":0.0,"enemies":"Snake Plant","floor":25.0,"turns":4.0},{"damage":17.0,"enemies":"Shelled Parasite and Fungi","floor":28.0,"turns":5.0},{"damage":3.0,"enemies":"Book of Stabbing","floor":29.0,"turns":5.0},{"damage":0.0,"enemies":"Cultist and Chosen","floor":31.0,"turns":3.0},{"damage":11.0,"enemies":"Collector","floor":33.0,"turns":9.0},{"damage":0.0,"enemies":"Orb Walker","floor":35.0,"turns":3.0},{"damage":13.0,"enemies":"3 Darklings","floor":37.0,"turns":8.0},{"damage":3.0,"enemies":"Writhing Mass","floor":39.0,"turns":3.0},{"damage":5.0,"enemies":"Nemesis","floor":40.0,"turns":7.0},{"damage":7.0,"enemies":"Jaw Worm Horde","floor":41.0,"turns":2.0},{"damage":0.0,"enemies":"Reptomancer","floor":42.0,"turns":6.0},{"damage":0.0,"enemies":"Sphere and 2 Shapes","floor":44.0,"turns":3.0},{"damage":0.0,"enemies":"Mind Bloom Boss Battle","floor":45.0,"turns":4.0},{"damage":0.0,"enemies":"Maw","floor":46.0,"turns":5.0},{"damage":0.0,"enemies":"Spire Growth","floor":48.0,"turns":3.0},{"damage":2.0,"enemies":"Time Eater","floor":50.0,"turns":12.0},{"damage":2,"enemies":"Awakened One","floor":51,"turns":13},{"damage":0,"enemies":"Shield and Spear","floor":55,"turns":8},{"damage":58,"enemies":"The Heart","floor":56,"turns":12}],"seed_played":"-7072206708827583301","potions_obtained":[{"floor":1.0,"key":"AttackPotion"},{"floor":2.0,"key":"GamblersBrew"},{"floor":5.0,"key":"Fire Potion"},{"floor":24.0,"key":"SteroidPotion"},{"floor":31.0,"key":"Explosive Potion"},{"floor":33.0,"key":"Swift Potion"},{"floor":42.0,"key":"Ancient Potion"},{"floor":44.0,"key":"EssenceOfSteel"},{"floor":48.0,"key":"LiquidMemories"}],"is_trial":false,"path_per_floor":["M","M","M","M","M","R","?","R","T","E","R","?","M","M","R","B",null,"M","?","M","?","$","R","E","M","T","R","M","E","$","M","R","B",null,"M","?","M","$","M","E","M","E","T","M","?","M","$","M","R","B","B",null,"R","$","E","B"],"character_chosen":"THE_SILENT","items_purchased":["TheAbacus","Calculated Gamble","Acrobatics","Footwork","Dexterity Potion"],"campfire_rested":3,"item_purchase_floors":[22,30,38,54,54],"current_hp_per_floor":[50,48,48,46,43,43,43,62,62,51,51,51,44,44,44,36,59,57,57,57,57,57,57,41,41,41,60,43,40,40,40,40,29,57,57,47,34,34,31,26,19,19,19,19,19,19,19,19,37,35,33,56,56,56,56,0,0],"gold":63,"neow_bonus":"RANDOM_COLORLESS_2","is_daily":false,"chose_seed":false,"campfire_upgraded":5,"win_rate":0.0,"timestamp":1613727809,"path_taken":["M","M","M","M","M","R","?","R","T","E","R","?","M","M","R","BOSS","M","?","?","?","$","R","E","M","T","R","M","E","$","M","R","BOSS","M","?","M","$","M","E","M","E","T","M","?","M","?","?","R","BOSS","BOSS","R","$","E","BOSS"],"items_purchased_type":["Relic","Card","Card","Card","Potion"],"build_version":"2020-12-22","purchased_purges":3,"victory":false,"max_hp_per_floor":[66,66,66,66,66,66,66,66,66,66,66,66,66,66,66,66,66,66,66,66,66,66,66,66,66,66,66,66,66,66,66,66,66,66,66,66,66,63,63,63,63,63,63,63,63,63,63,63,63,63,63,63,63,63,63,63,63],"card_choices":[{"not_picked":["Violence","Metamorphosis"],"picked":"Apotheosis","floor":0.0},{"not_picked":["Sucker Punch","Backflip"],"picked":"Deadly Poison","floor":1.0},{"not_picked":["Bane","Escape Plan"],"picked":"Blur","floor":2.0},{"not_picked":["Poisoned Stab","Underhanded Strike","Choke"],"picked":"SKIP","floor":3.0},{"not_picked":["Poisoned Stab","Choke"],"picked":"Dash","floor":4.0},{"not_picked":["Acrobatics","PiercingWail"],"picked":"Calculated Gamble","floor":5.0},{"not_picked":["Sucker Punch","Riddle With Holes"],"picked":"Well Laid Plans","floor":10.0},{"not_picked":["Terror","PiercingWail"],"picked":"Reflex","floor":13.0},{"not_picked":["Blur","Expertise"],"picked":"Wraith Form v2","floor":14.0},{"not_picked":["Tools of the Trade","Night Terror"],"picked":"Adrenaline","floor":16.0},{"not_picked":["Deadly Poison","Bane"],"picked":"Tactician","floor":18.0},{"not_picked":["Blur","Deadly Poison","Poisoned Stab"],"picked":"SKIP","floor":20.0},{"not_picked":["Eviscerate","Predator+1","Deadly Poison"],"picked":"SKIP","floor":24.0},{"not_picked":["Tactician+1","Blade Dance","Deflect"],"picked":"SKIP","floor":25.0},{"not_picked":["Bane","Endless Agony+1","Die Die Die"],"picked":"SKIP","floor":28.0},{"not_picked":["Bane","Masterful Stab"],"picked":"Crippling Poison","floor":29.0},{"not_picked":["Flying Knee","Underhanded Strike","Poisoned Stab"],"picked":"SKIP","floor":31.0},{"not_picked":["Night Terror","Die Die Die"],"picked":"Grand Finale","floor":33.0},{"not_picked":["Deflect","Predator","Well Laid Plans+1"],"picked":"SKIP","floor":35.0},{"not_picked":["PanicButton","Bandage Up"],"picked":"Panache","floor":36.0},{"not_picked":["Flying Knee+1","Riddle With Holes+1","Blade Dance+1"],"picked":"SKIP","floor":37.0},{"not_picked":["Concentrate","Deflect"],"picked":"Backflip","floor":39.0},{"not_picked":["Flying Knee+1","Bane","Dodge and Roll"],"picked":"SKIP","floor":40.0},{"not_picked":["Dodge and Roll","Dash","Masterful Stab"],"picked":"SKIP","floor":41.0},{"not_picked":["Tactician","Leg Sweep"],"picked":"Acrobatics","floor":42.0},{"not_picked":["Accuracy","Dodge and Roll","PiercingWail"],"picked":"SKIP","floor":44.0},{"not_picked":["Endless Agony","Distraction+1"],"picked":"Tactician","floor":46.0},{"not_picked":["Slice","Skewer+1","Quick Slash"],"picked":"SKIP","floor":48.0},{"not_picked":["Blade Dance+1","Slice","Flying Knee"],"picked":"SKIP","floor":55}],"player_experience":1620115,"relics_obtained":[{"floor":9.0,"key":"InkBottle"},{"floor":10.0,"key":"Mercury Hourglass"},{"floor":24.0,"key":"Letter Opener"},{"floor":26.0,"key":"Tingsha"},{"floor":29.0,"key":"Potion Belt"},{"floor":40.0,"key":"Thread and Needle"},{"floor":42.0,"key":"StrikeDummy"},{"floor":45.0,"key":"Girya"},{"floor":55,"key":"Paper Crane"}],"event_choices":[{"damage_healed":0.0,"max_hp_gain":0.0,"max_hp_loss":0.0,"gold_gain":0.0,"event_name":"Shining Light","player_choice":"Ignored","floor":7.0,"gold_loss":0.0,"damage_taken":0.0},{"damage_healed":0.0,"max_hp_gain":0.0,"max_hp_loss":0.0,"gold_gain":0.0,"event_name":"Liars Game","player_choice":"Ignored","floor":12.0,"gold_loss":0.0,"damage_taken":0.0},{"damage_healed":0.0,"max_hp_gain":0.0,"max_hp_loss":0.0,"gold_gain":0.0,"cards_transformed":["Strike_G"],"event_name":"Transmorgrifier","player_choice":"Transformed","floor":19.0,"gold_loss":0.0,"damage_taken":0.0,"cards_obtained":["Accuracy"]},{"damage_healed":0.0,"max_hp_gain":0.0,"max_hp_loss":0.0,"gold_gain":50.0,"event_name":"Nest","player_choice":"Stole From Cult","floor":21.0,"gold_loss":0.0,"damage_taken":0.0},{"damage_healed":0.0,"max_hp_gain":0.0,"max_hp_loss":0.0,"gold_gain":0.0,"event_name":"SensoryStone","player_choice":"Memory 3","floor":36.0,"gold_loss":0.0,"damage_taken":10.0},{"damage_healed":0.0,"max_hp_gain":0.0,"max_hp_loss":0.0,"gold_gain":0.0,"event_name":"MindBloom","player_choice":"Fight","floor":45.0,"gold_loss":0.0,"damage_taken":0.0}],"is_beta":false,"boss_relics":[{"not_picked":["Astrolabe","Snecko Eye"],"picked":"Cursed Key"},{"not_picked":["SacredBark","SlaversCollar"],"picked":"Runic Pyramid"}],"items_purged_floors":[22,38,47],"is_endless":false,"potions_floor_spawned":[1,2,5,14,24,25,28,31,33,35,42,44,45,48],"killed_by":"The Heart","ascension_level":20}}