{"host":"bq4pt811tk9yrmjl","time":1613701312,"event":{"mods":["AchievementEnabler","BaseMod","Colored Map","Colored Powertips","Defuse TimeMaze Blight","Minty Spire (QoL Compilation)","Smile Girya","StSLib","SuperFastMode"],"gold_per_floor":[114,34,45,45,45,45,79,79,79,95,95,106,120,195,195,293,293,308,327,327,327,327],"floor_reached":21,"language":"ENG","playtime":375,"items_purged":[],"score":214,"play_id":"8d671fd5-c43f-4ccd-abaf-7335bd770853","local_time":"20210219002152","is_ascension_mode":true,"campfire_choices":[{"data":"Neutralize","floor":6,"key":"SMITH"},{"data":"Skewer","floor":8,"key":"SMITH"},{"data":"Envenom","floor":11,"key":"SMITH"},{"floor":15,"key":"REST"}],"circlet_count":0,"master_deck":["Strike_G","Strike_G","Strike_G","Strike_G","Strike_G","Defend_G","Defend_G+1","Defend_G+1","Defend_G","Defend_G","Survivor","Neutralize+1","Dodge and Roll","Skewer+1","Envenom+1","Escape Plan","After Image","Dagger Spray+1","Blade Dance"],"relics":["Ring of the Snake","NeowsBlessing","Potion Belt","SacredBark"],"acts_visited":["Exordium","TheCity"],"potions_floor_usage":[16,16],"damage_taken":[{"damage":0,"enemies":"2 Louse","floor":1,"turns":1},{"damage":0,"enemies":"Small Slimes","floor":3,"turns":1},{"damage":0,"enemies":"Gremlin Nob","floor":7,"turns":1},{"damage":0,"enemies":"Cultist","floor":10,"turns":3},{"damage":4,"enemies":"Large Slime","floor":12,"turns":4},{"damage":5,"enemies":"Blue Slaver","floor":13,"turns":3},{"damage":8,"enemies":"Hexaghost","floor":16,"turns":13},{"damage":21,"enemies":"Spheric Guardian","floor":18,"turns":11},{"damage":8,"enemies":"Chosen","floor":19,"turns":7},{"damage":0,"enemies":"Shelled Parasite and Fungi","floor":21,"turns":1}],"seed_played":"-5196389060436660274","potions_obtained":[{"floor":3,"key":"Weak Potion"},{"floor":12,"key":"Poison Potion"},{"floor":13,"key":"Dexterity Potion"}],"is_trial":false,"path_per_floor":["M","$","M","$","?","R","E","R","T","M","R","M","M","?","R","B",null,"M","M","?","M"],"character_chosen":"THE_SILENT","items_purchased":["Skewer"],"campfire_rested":1,"item_purchase_floors":[2],"current_hp_per_floor":[70,70,70,70,56,56,56,56,56,56,56,52,47,36,57,49,70,49,41,41,41,41],"gold":327,"neow_bonus":"THREE_ENEMY_KILL","is_daily":false,"chose_seed":false,"campfire_upgraded":3,"win_rate":0.0,"timestamp":1613701312,"path_taken":["M","$","M","$","?","R","E","R","T","M","R","M","M","?","R","BOSS","M","M","?","M"],"items_purchased_type":["Card"],"build_version":"2020-12-22","purchased_purges":0,"victory":false,"max_hp_per_floor":[70,70,70,70,70,70,70,70,70,70,70,70,70,70,70,70,70,70,70,70,70,70],"card_choices":[{"not_picked":["Tactician","Sucker Punch"],"picked":"Dodge and Roll","floor":1},{"not_picked":["Masterful Stab","Crippling Poison","Skewer"],"picked":"SKIP","floor":3},{"not_picked":["Expertise","Poisoned Stab","Outmaneuver"],"picked":"SKIP","floor":7},{"not_picked":["Poisoned Stab","Dagger Throw"],"picked":"Envenom","floor":10},{"not_picked":["PiercingWail","Deadly Poison","Poisoned Stab"],"picked":"SKIP","floor":12},{"not_picked":["Prepared","Expertise"],"picked":"Escape Plan","floor":13},{"not_picked":["Doppelganger","Tools of the Trade"],"picked":"After Image","floor":16},{"not_picked":["Deadly Poison","Calculated Gamble"],"picked":"Dagger Spray+1","floor":18},{"not_picked":["Quick Slash","PiercingWail"],"picked":"Blade Dance","floor":19}],"player_experience":278571,"relics_obtained":[{"floor":7,"key":"Potion Belt"}],"event_choices":[{"damage_healed":0,"gold_gain":0,"player_choice":"Entered Light","damage_taken":14,"max_hp_gain":0,"max_hp_loss":0,"event_name":"Shining Light","floor":5,"gold_loss":0,"cards_upgraded":["Defend_G","Defend_G"]},{"damage_healed":0,"gold_gain":75,"player_choice":"Gather Gold","damage_taken":11,"max_hp_gain":0,"max_hp_loss":0,"event_name":"World of Goop","floor":14,"gold_loss":0},{"damage_healed":0,"gold_gain":0,"player_choice":"Ignored","damage_taken":0,"max_hp_gain":0,"max_hp_loss":0,"event_name":"Beggar","floor":20,"gold_loss":0}],"is_beta":false,"boss_relics":[{"not_picked":["HoveringKite","Pandora\u0027s Box"],"picked":"SacredBark"}],"items_purged_floors":[],"is_endless":false,"potions_floor_spawned":[3,12,13],"killed_by":"Shelled Parasite and Fungi","ascension_level":1}}