{"host":"w11d5xug8ost5klq","time":1613767302,"event":{"mods":["100% Spire Juice","2.2 Compatiblity","BaseMod","Better Third Choice","Emptier Cage","Highlight Path","KinomotoSakuraMod(????)","Minty Spire (QoL Compilation)","Quick Restart","Reliquary","Shapeshifter Mod","Spicy Shops","StSLib","The Alterego","WarShipGirlsR/????R mod"],"gold_per_floor":[113,113,113,137,137,171,171,185,185,39,39,39,39,55,55,55,55],"floor_reached":16,"language":"ENG","playtime":408,"items_purged":[],"score":123,"play_id":"0568cd5e-30e3-469f-82b9-f086de95a3e9","local_time":"20210219144142","is_ascension_mode":false,"campfire_choices":[{"floor":11,"key":"REST"},{"data":"ClowCardTheSong","floor":13,"key":"SMITH"},{"data":"SpellCardSeal","floor":15,"key":"SMITH"}],"circlet_count":0,"master_deck":["ClowCardTheSword","ClowCardTheSword+1","ClowCardTheSword+1","ClowCardTheSword","ClowCardTheShield","ClowCardTheShield","ClowCardTheShield","ClowCardTheShield","SpellCardSeal+1","SpellCardRelease","ClowCardTheSong+1","ClowCardTheStorm","ClowCardTheSand","ClowCardTheDark"],"relics":["KSMOD_SealedBook","KSMOD_SealedWand","NeowsBlessing","Golden Idol","Letter Opener","reliquary:NewFriend","Chemical X"],"acts_visited":["Exordium"],"potions_floor_usage":[],"damage_taken":[{"damage":0,"enemies":"Small Slimes","floor":1,"turns":1},{"damage":0,"enemies":"Jaw Worm","floor":4,"turns":1},{"damage":0,"enemies":"Lagavulin","floor":6,"turns":1},{"damage":0,"enemies":"2 Louse","floor":8,"turns":2},{"damage":0,"enemies":"Large Slime","floor":14,"turns":3},{"damage":71,"enemies":"The Guardian","floor":16,"turns":7}],"seed_played":"-106137426926125564","potions_obtained":[{"floor":1,"key":"Swift Potion"}],"is_trial":false,"path_per_floor":["M","?","?","M","?","E","?","M","T","$","R","?","R","M","R","B"],"character_chosen":"KINOMOTOSAKURA","items_purchased":["Chemical X"],"campfire_rested":1,"item_purchase_floors":[10],"current_hp_per_floor":[70,53,58,58,58,58,43,43,43,43,65,65,65,65,65,0,0],"gold":55,"neow_bonus":"THREE_ENEMY_KILL","is_daily":false,"chose_seed":false,"campfire_upgraded":2,"win_rate":0.0,"timestamp":1613767302,"path_taken":["M","?","?","M","?","E","?","M","T","?","R","?","R","?","R","BOSS"],"items_purchased_type":["Relic"],"build_version":"2020-12-22","purchased_purges":0,"victory":false,"max_hp_per_floor":[70,70,75,75,75,75,75,75,75,75,75,75,75,75,75,75,75],"card_choices":[{"not_picked":["ClowCardTheSweet","ClowCardTheMist"],"picked":"ClowCardTheSong","floor":1},{"not_picked":["ClowCardTheMirror","ClowCardTheSilent"],"picked":"ClowCardTheStorm","floor":4},{"not_picked":["ClowCardTheChange","ClowCardTheShadow"],"picked":"ClowCardTheSand","floor":6},{"not_picked":["ClowCardTheChange","ClowCardThePower"],"picked":"ClowCardTheDark","floor":8},{"not_picked":["ClowCardTheMaze","ClowCardTheMirror","ClowCardTheLoop"],"picked":"SKIP","floor":14}],"player_experience":118462,"relics_obtained":[{"floor":6,"key":"Letter Opener"},{"floor":9,"key":"reliquary:NewFriend"}],"event_choices":[{"damage_healed":0,"gold_gain":0,"player_choice":"Take Damage","damage_taken":17,"relics_obtained":["Golden Idol"],"max_hp_gain":0,"max_hp_loss":0,"event_name":"Golden Idol","floor":2,"gold_loss":0},{"damage_healed":0,"gold_gain":0,"player_choice":"Donut","damage_taken":0,"max_hp_gain":5,"max_hp_loss":0,"event_name":"Big Fish","floor":3,"gold_loss":0},{"damage_healed":58,"gold_gain":0,"player_choice":"Upgrade","damage_taken":15,"max_hp_gain":0,"max_hp_loss":75,"event_name":"betterThird:BetterShining","floor":7,"gold_loss":0,"cards_upgraded":["ClowCardTheSword","ClowCardTheSword"]}],"is_beta":false,"boss_relics":[],"items_purged_floors":[],"is_endless":false,"potions_floor_spawned":[1],"killed_by":"The Guardian","ascension_level":0}}