{"host":"tj5b4ndtwgv8r84u","time":1613718343,"event":{"mods":["2.2 Compatiblity","AchievementEnabler","Act Like it!","Aspiration","BaseMod","Better Note","Colored Map","Conspire","Downfall","GifTheSpireLib","Hallownest","Hermit","Infinite Spire","Minty Spire (QoL Compilation)","Rare Cards Sparkle","Relic Stats","Replay The Spire","Shop Mod","StSLib","The Bug Knight","The Cursed","The Hierophant","The Marked","The Servant 0.9.4"],"gold_per_floor":[119,119,119,24,36,55,90,90,90,90,90,90,101,135,135,236,236,250,250,31,31,31,31,63,79,79,79,79,97,97,97,97,205,205,228,233,233],"floor_reached":36,"language":"ENG","playtime":2531,"items_purged":[],"score":386,"play_id":"4c0fc1c2-f9ad-471d-b4c2-afa5c4965645","local_time":"20210219020543","is_ascension_mode":false,"campfire_choices":[{"floor":8,"key":"REST"},{"floor":12,"key":"REST"},{"data":"infinitespire:FutureSight","floor":15,"key":"SMITH"},{"data":"hermit:FullyLoaded","floor":23,"key":"SMITH"},{"floor":27,"key":"REST"},{"floor":30,"key":"REST"},{"data":"hermit:CursedWeapon","floor":32,"key":"SMITH"}],"circlet_count":0,"master_deck":["hermit:Strike_Hermit","hermit:Strike_Hermit","hermit:Strike_Hermit","hermit:Strike_Hermit","hermit:Defend_Hermit","hermit:Defend_Hermit","hermit:Defend_Hermit","hermit:Defend_Hermit","hermit:Snapshot","hermit:Covet","hermit:LowProfile","infinitespire:FutureSight+1","hermit:Snipe","hermit:Headshot","hermit:Ricochet","hermit:FullyLoaded+1","hermit:Shortfuse","hermit:Scavenge","hermit:Shortfuse","A Thousand Cuts","hermit:ItchyTrigger","hermit:Combo","hermit:CursedWeapon+1","hermit:Glare","hermit:Dissolve"],"relics":["aspiration:Nostalgia","m_SlimeRing","infinitespire:ShieldingShard","ReplayTheSpireMod:Ninjato","Centennial Puzzle","Darkstone Periapt","conspire:RoyalGoblet","Nloth\u0027s Gift","ReplayTheSpireMod:TigerMarble","Replay:Rubber Ducky","aspiration:HummingbirdHeart","HornCleat","Pet Ghost","Replay:Bronze Core"],"acts_visited":["Exordium","TheCity","TheBeyond"],"potions_floor_usage":[16,24,24,24,33],"damage_taken":[{"damage":1,"enemies":"Cultist","floor":1,"turns":3},{"damage":0,"enemies":"Small Slimes","floor":5,"turns":2},{"damage":0,"enemies":"2 Louse","floor":6,"turns":1},{"damage":24,"enemies":"Lagavulin","floor":7,"turns":5},{"damage":0,"enemies":"2 Fungi Beasts","floor":13,"turns":3},{"damage":3,"enemies":"3 Sentries","floor":14,"turns":5},{"damage":28,"enemies":"Slime Boss","floor":16,"turns":12},{"damage":0,"enemies":"3 Byrds","floor":18,"turns":4},{"damage":67,"enemies":"Book of Stabbing","floor":24,"turns":8},{"damage":0,"enemies":"Shell Parasite","floor":25,"turns":4},{"damage":0,"enemies":"Snake Plant","floor":29,"turns":2},{"damage":6,"enemies":"Champ","floor":33,"turns":7},{"damage":0,"enemies":"3 Darklings","floor":35,"turns":4},{"damage":12,"enemies":"infinitespire:Three Voidlings","floor":36,"turns":4},{"damage":75,"enemies":"Nightmare_Alpha","floor":36,"turns":6}],"seed_played":"3695850720098955480","potions_obtained":[{"floor":1,"key":"sneckomod:MuddlingPotion"},{"floor":5,"key":"Guardian:BlockOnCardUsePotion"},{"floor":6,"key":"SpeedPotion"},{"floor":13,"key":"Energy Potion"},{"floor":18,"key":"Explosive Potion"},{"floor":25,"key":"hexamod:SoulburnPotion"}],"is_trial":false,"path_per_floor":["M","?","?","$","M","M","E","R","T","$","?","R","M","E","R","B",null,"M","?","$","?","?","R","E","M","T","R","T","M","R","T","R","B",null,"M","?"],"character_chosen":"HERMIT","items_purchased":["hermit:Snipe","hermit:Headshot","ReplayTheSpireMod:TigerMarble","hermit:Combo"],"campfire_rested":4,"item_purchase_floors":[4,4,20,20],"current_hp_per_floor":[74,56,56,56,56,56,32,54,54,54,54,75,75,72,72,44,75,75,75,75,75,75,75,8,8,8,30,30,30,52,52,52,46,75,75,0,0],"gold":233,"neow_bonus":"NOSTALGIA","is_daily":false,"chose_seed":false,"campfire_upgraded":3,"win_rate":0.0,"timestamp":1613718343,"path_taken":["M","?","?","$","M","?","E","R","T","$","?","R","M","E","R","BOSS","M","?","$","?","?","R","E","?","T","R","?","?","R","?","R","BOSS","M","?"],"items_purchased_type":["Card","Card","Relic","Card"],"build_version":"2020-12-22","purchased_purges":0,"victory":false,"max_hp_per_floor":[75,75,75,75,75,75,75,75,75,75,75,75,75,75,75,75,75,75,75,75,75,75,75,75,75,75,75,75,75,75,75,75,75,75,75,75,75],"relic_stats":{"Darkstone Periapt":0,"Centennial Puzzle":[18],"counters":[15,70],"Nloth\u0027s Gift":0,"obtain_stats":[{"Darkstone Periapt":14,"ReplayTheSpireMod:Ninjato":9,"conspire:RoyalGoblet":17,"aspiration:Nostalgia":0,"aspiration:HummingbirdHeart":26,"Pet Ghost":31,"Replay:Rubber Ducky":24,"m_SlimeRing":0,"Centennial Puzzle":11,"infinitespire:ShieldingShard":7,"HornCleat":28,"Replay:Bronze Core":34,"Nloth\u0027s Gift":19,"ReplayTheSpireMod:TigerMarble":20,"hermit:Momento":0},{"Darkstone Periapt":6,"ReplayTheSpireMod:Ninjato":4,"conspire:RoyalGoblet":7,"aspiration:Nostalgia":0,"aspiration:HummingbirdHeart":10,"Pet Ghost":11,"Replay:Rubber Ducky":9,"m_SlimeRing":0,"Centennial Puzzle":4,"infinitespire:ShieldingShard":4,"HornCleat":10,"Replay:Bronze Core":12,"Nloth\u0027s Gift":8,"ReplayTheSpireMod:TigerMarble":8,"hermit:Momento":0},{"Darkstone Periapt":19,"ReplayTheSpireMod:Ninjato":11,"conspire:RoyalGoblet":31,"aspiration:Nostalgia":0,"aspiration:HummingbirdHeart":47,"Pet Ghost":49,"Replay:Rubber Ducky":43,"m_SlimeRing":0,"Centennial Puzzle":11,"infinitespire:ShieldingShard":11,"HornCleat":47,"Replay:Bronze Core":56,"Nloth\u0027s Gift":35,"ReplayTheSpireMod:TigerMarble":35,"hermit:Momento":0}]},"card_choices":[{"not_picked":["hermit:Dive","hermit:Glare"],"picked":"hermit:LowProfile","floor":1},{"not_picked":["infinitespire:Oblivion","infinitespire:TheBestDefense"],"picked":"infinitespire:FutureSight","floor":2},{"not_picked":["hermit:TrackingShot","hermit:Gestalt"],"picked":"hermit:Ricochet","floor":5},{"not_picked":["hermit:Grudge","hermit:WideOpen"],"picked":"hermit:FullyLoaded","floor":6},{"not_picked":["hermit:SprayPray","hermit:Scavenge"],"picked":"hermit:Shortfuse","floor":7},{"not_picked":["Slimebound:Prepare","Cloak And Dagger"],"picked":"hermit:Scavenge","floor":13},{"not_picked":["hermit:FullyLoaded","Slimebound:Prepare"],"picked":"hermit:Shortfuse","floor":14},{"not_picked":["Slimebound:WasteNot","hermit:DeadOrAlive"],"picked":"A Thousand Cuts","floor":16},{"not_picked":["hermit:PistolWhip","hermit:FlashPowder"],"picked":"hermit:ItchyTrigger","floor":18},{"not_picked":["hermit:Gambit","hermit:Deadeye"],"picked":"hermit:CursedWeapon","floor":24},{"not_picked":["hermit:HoleUp","hermit:Maintenance+1"],"picked":"hermit:Glare","floor":25},{"not_picked":["hermit:Feint","hermit:Coalescence","hermit:Headshot"],"picked":"SKIP","floor":29},{"not_picked":["hermit:DeadOrAlive","hermit:BlackWind"],"picked":"hermit:Dissolve","floor":33},{"not_picked":["hermit:LowProfile","hermit:SprayPray","hermit:Gestalt+1"],"picked":"SKIP","floor":35}],"player_experience":42961,"relics_obtained":[{"floor":7,"key":"infinitespire:ShieldingShard"},{"floor":9,"key":"ReplayTheSpireMod:Ninjato"},{"floor":11,"key":"Centennial Puzzle"},{"floor":14,"key":"Darkstone Periapt"},{"floor":24,"key":"Replay:Rubber Ducky"},{"floor":26,"key":"aspiration:HummingbirdHeart"},{"floor":28,"key":"HornCleat"},{"floor":31,"key":"Pet Ghost"}],"event_choices":[{"damage_healed":0,"gold_gain":0,"player_choice":"Bought 0 Potions","damage_taken":0,"max_hp_gain":0,"max_hp_loss":0,"event_name":"The Woman in Blue","floor":3,"gold_loss":0},{"damage_healed":0,"gold_gain":0,"player_choice":"Traded Relic","damage_taken":0,"relics_obtained":["Nloth\u0027s Gift"],"max_hp_gain":0,"max_hp_loss":0,"event_name":"N\u0027loth","floor":19,"relics_lost":["hermit:Momento"],"gold_loss":0},{"cards_removed":["hermit:Shortfuse"],"damage_healed":0,"gold_gain":0,"player_choice":"Give","damage_taken":0,"max_hp_gain":0,"max_hp_loss":0,"event_name":"betterNote:BetterNote","floor":21,"gold_loss":0,"cards_obtained":["theMarked:SoldierOfQuellstein"]}],"is_beta":false,"boss_relics":[{"not_picked":["SacredBark","Ectoplasm"],"picked":"conspire:RoyalGoblet"},{"not_picked":["Astrolabe","aspiration:IroncladSkillbook"],"picked":"Replay:Bronze Core"}],"items_purged_floors":[],"is_endless":false,"potions_floor_spawned":[1,5,6,13,18,25,36],"killed_by":"Nightmare_Alpha","ascension_level":0}}