{"host":"qljq6nt1bltq73k9","time":1613737264,"event":{"mods":["BaseMod","Colored Map","Colored Powertips","Downfall","Minty Spire (QoL Compilation)","Quick Restart","Replay The Spire","StSLib","[IsaacMod]ÒÔÈö¼âËþ"],"gold_per_floor":[116,116,98649,98649,98599,98599,98633,98633,98633,98666,98684,98694,97725,97743,97743,97843,97843,97856,97856,97856,97868,97880,97908,97927,97927,97953,97971,96769,96769,94887,94913,94933,94950,94251,94251,94251,94279,94279,94298,94347,94347,94381,93098,93126,93137,93137,93242,93242,93265,93265,93265],"floor_reached":36,"language":"ZHS","playtime":4874,"items_purged":["Strike_B","Defend_B","Strike_B","Strike_B","Zap","Defend_B"],"score":610,"play_id":"9fc18ae0-c0f4-469a-a5b6-422561ee3404","local_time":"20210219202104","is_ascension_mode":false,"campfire_choices":[{"floor":6.0,"key":"RECALL"},{"data":"ReplayTheSpireMod:Brewmster","floor":8.0,"key":"SMITH"},{"data":"Double Energy","floor":25.0,"key":"SMITH"},{"floor":24.0,"key":"REST"},{"floor":32.0,"key":"DIG"}],"circlet_count":0,"master_deck":["Defend_B","Ball Lightning","ReplayTheSpireMod:Brewmster+1","Compile Driver","Doom and Gloom","Coolheaded","Meteor Strike","Double Energy+1","Defragment","Heatsinks","Core Surge","Consume","Loop","Creative AI+1","Crystallizer","Cold Snap","Blizzard+1","White Noise","Crystallizer+1","Defragment","Beam Cell+1","Thunder Strike","Crystallizer","Self Repair+1","DoctorFetus","Barrage","Loop","Core Surge","FIFO Queue","All For One","Defragment","Master of Strategy+1","Melter","Double Energy+1","Electrodynamics","Rip and Tear+1"],"relics":["Cracked Core","HushsDoor","Chaos","Bird Faced Urn","Calipers","Gremlin Food","Replay:Wax Seal","Leech","Runic Pyramid","BookofShadows","Art of War","Guardian:BottledAnomaly","GuppysPaw","GuppysCollar","Toolbox","Lee\u0027s Waffle","Question Card","MyShadow","Fusion Hammer","Replay:WaspNest","ReplayTheSpireMod:Shallot","Ring of the Snake","Replay:Antivirus Software","Replay:Baseball","RottenBaby","SharpPlug","Damocles","Snake Skull","Tingsha","CeramicFish","Toxic Egg 2","Mirror","Chameleon Ring","Dead Branch","Ooze Armor","Strange Spoon","Coffee Dripper"],"acts_visited":["Exordium","TheCity","TheBeyond"],"potions_floor_usage":[],"damage_taken":[{"damage":0.0,"enemies":"Cultist","floor":1.0,"turns":2.0},{"damage":18.0,"enemies":"3 Sentries","floor":7.0,"turns":4.0},{"damage":17.0,"enemies":"Lagavulin","floor":10.0,"turns":5.0},{"damage":11.0,"enemies":"Jaw Worm","floor":11.0,"turns":2.0},{"damage":4.0,"enemies":"Small Slimes","floor":12.0,"turns":3.0},{"damage":6.0,"enemies":"2 Fungi Beasts","floor":14.0,"turns":2.0},{"damage":0.0,"enemies":"The Guardian","floor":16.0,"turns":7.0},{"damage":30.0,"enemies":"2 Thieves","floor":18.0,"turns":3.0},{"damage":9.0,"enemies":"3 Byrds","floor":21.0,"turns":4.0},{"damage":25.0,"enemies":"3 Cultists","floor":22.0,"turns":5.0},{"damage":34.0,"enemies":"Book of Stabbing","floor":23.0,"turns":7.0},{"damage":5.0,"enemies":"Snecko","floor":24.0,"turns":3.0},{"damage":32.0,"enemies":"Snake Plant","floor":27.0,"turns":3.0},{"damage":0.0,"enemies":"Slavers","floor":31.0,"turns":4.0},{"damage":17.0,"enemies":"2 Thieves","floor":18.0,"turns":2.0},{"damage":4.0,"enemies":"Spheric Guardian","floor":19.0,"turns":4.0},{"damage":25.0,"enemies":"Slavers","floor":23.0,"turns":3.0},{"damage":6.0,"enemies":"Centurion and Healer","floor":25.0,"turns":3.0},{"damage":10.0,"enemies":"Gremlin Leader","floor":28.0,"turns":3.0},{"damage":0.0,"enemies":"Snecko","floor":30.0,"turns":3.0},{"damage":7.0,"enemies":"Cultist and Chosen","floor":31.0,"turns":3.0},{"damage":16,"enemies":"Automaton","floor":33,"turns":4},{"damage":11,"enemies":"3 Shapes","floor":35,"turns":2},{"damage":45,"enemies":"2 Orb Walkers","floor":36,"turns":1}],"seed_played":"3043432651688747883","potions_obtained":[{"floor":18.0,"key":"Flashbang"}],"is_trial":false,"path_per_floor":["M","T","$","?","?","R","E","R","T","E","M","M","$","M","R_BF","B",null,"M","?","?","M","M","E","M","R","T","M","$","?","$","E","M","M","$","?","?","E","R","M","T","?","E","$","M","M","R_BF","B",null,"M","?"],"character_chosen":"DEFECT","items_purchased":["Bird Faced Urn","Calipers","Gremlin Food","ReplayTheSpireMod:Brewmster","EssenceOfSteel","Fire Potion","Adrenaline Potion","Compile Driver","Doom and Gloom","Coolheaded","BookofShadows","Art of War","Heatsinks","Core Surge","Guardian:BottledAnomaly","Consume","GuppysCollar","Crystallizer","ForgetMeNow","Question Card","MyShadow","Defragment","Beam Cell+1","Fusion Hammer","Replay:WaspNest","ReplayTheSpireMod:Shallot","Thunder Strike","Crystallizer","Replay:Antivirus Software","DoctorFetus","Barrage","Replay:Baseball","CeramicFish","Toxic Egg 2","Mirror","Defragment","Bomb","Master of Strategy+1","Melter","AttackPotion"],"campfire_rested":1,"item_purchase_floors":[3,3,3,3,3,3,3,3,3,3,13,13,13,13,13,13,17,17,28,28,28,28,28,30,30,30,30,30,20,20,20,20,29,29,29,29,29,29,29,29],"current_hp_per_floor":[82,82,82,87,87,87,69,69,69,61,51,51,51,47,47,61,71,49,71,71,71,48,30,35,35,78,51,51,51,51,78,66,78,78,78,78,69,78,78,78,78,78,78,78,78,78,78,78,76,0,0],"gold":93265,"neow_bonus":"TEN_PERCENT_HP_BONUS","is_daily":false,"chose_seed":false,"campfire_upgraded":2,"win_rate":0.0,"timestamp":1613737264,"path_taken":["M","?","$","?","?","R","E","R","T","E","M","?","$","M","R_BF","BOSS","M","?","?","M","M","E","M","R","T","M","$","?","$","E","M","M","$","?","?","E","R","M","T","?","E","$","M","M","R_BF","BOSS","M","?"],"items_purchased_type":["Relic","Relic","Relic","Card","Potion","Potion","Potion","Card","Card","Card","Relic","Relic","Card","Card","Relic","Card","Relic","Card","Relic","Relic","Relic","Card","Card","Relic","Relic","Relic","Card","Card","Relic","Card","Card","Relic","Relic","Relic","Relic","Card","Card","Card","Card","Potion"],"build_version":"2020-12-22","purchased_purges":6,"victory":false,"max_hp_per_floor":[82,82,82,87,87,87,87,87,87,87,87,87,87,87,87,87,71,71,71,71,71,71,71,71,71,78,78,78,78,78,78,78,78,78,78,78,78,78,78,78,78,78,78,78,78,78,78,78,78,78,78],"card_choices":[{"not_picked":[],"picked":"ChaosCard","floor":0.0},{"not_picked":[],"picked":"ChaosCard","floor":0.0},{"not_picked":["Redo","Hologram"],"picked":"Ball Lightning","floor":1.0},{"not_picked":["Chaos","ReplayTheSpireMod:Calculation Training"],"picked":"Meteor Strike","floor":7.0},{"not_picked":["Beam Cell","Fusion"],"picked":"Double Energy","floor":10.0},{"not_picked":["Aggregate","Conserve Battery","ReplayTheSpireMod:Reroute Power"],"picked":"SKIP","floor":11.0},{"not_picked":["Steam","Streamline"],"picked":"Defragment","floor":12.0},{"not_picked":["Chaos","Leap"],"picked":"Loop","floor":14.0},{"not_picked":["Fission","Amplify"],"picked":"Creative AI","floor":16.0},{"not_picked":["Conserve Battery","Hologram+1"],"picked":"Cold Snap","floor":18.0},{"not_picked":["Lockon+1","Streamline+1"],"picked":"Blizzard+1","floor":21.0},{"not_picked":["Panic Button+1","BootSequence","Coolheaded"],"picked":"SKIP","floor":22.0},{"not_picked":["Compile Driver+1","Rebound","Skim"],"picked":"SKIP","floor":23.0},{"not_picked":["BootSequence","Panic Button+1"],"picked":"White Noise","floor":24.0},{"not_picked":["Fission","Turbo"],"picked":"Crystallizer+1","floor":27.0},{"not_picked":["ReplayTheSpireMod:Repulse","Compile Driver","Leap","Crystallizer+1"],"picked":"SKIP","floor":31.0},{"not_picked":["Beam Cell","Stack","Barrage"],"picked":"Self Repair+1","floor":18.0},{"not_picked":["Beam Cell","ReplayTheSpireMod:System Scan","Ball Lightning","Compile Driver"],"picked":"SKIP","floor":19.0},{"not_picked":["Barrage","ReplaySolidLightProjector","Blizzard"],"picked":"Loop","floor":23.0},{"not_picked":["Hologram","ReplayGash","Undo"],"picked":"Core Surge","floor":25.0},{"not_picked":["Stack","Gash","Barrage+1"],"picked":"All For One","floor":28.0},{"not_picked":["Hologram+1","Compile Driver","ReplayRNGCard+1"],"picked":"Double Energy+1","floor":30.0},{"not_picked":["Melter","Steam Power+1","Steam+1","Hologram+1"],"picked":"SKIP","floor":31.0},{"not_picked":["Hyperbeam","Seek+1","ReplayRNGCard+1"],"picked":"Electrodynamics","floor":33},{"not_picked":["Panic Button+1","Fusion+1","Conserve Battery+1"],"picked":"Rip and Tear+1","floor":35}],"player_experience":512227,"relics_obtained":[{"floor":7.0,"key":"Replay:Wax Seal"},{"floor":9.0,"key":"Leech"},{"floor":10.0,"key":"Runic Pyramid"},{"floor":23.0,"key":"Toolbox"},{"floor":26.0,"key":"Lee\u0027s Waffle"},{"floor":31.0,"key":"Ring of the Snake"},{"floor":23.0,"key":"SharpPlug"},{"floor":26.0,"key":"Damocles"},{"floor":28.0,"key":"Snake Skull"},{"floor":28.0,"key":"Tingsha"},{"floor":30.0,"key":"Chameleon Ring"},{"floor":31.0,"key":"Dead Branch"},{"floor":32.0,"key":"Ooze Armor"},{"floor":35,"key":"Coffee Dripper"}],"event_choices":[{"damage_healed":0.0,"max_hp_gain":5.0,"max_hp_loss":0.0,"gold_gain":0.0,"event_name":"Big Fish","player_choice":"Donut","floor":4.0,"gold_loss":0.0,"damage_taken":0.0},{"cards_removed":["Strike_B"],"damage_healed":0.0,"max_hp_gain":0.0,"max_hp_loss":0.0,"gold_gain":0.0,"event_name":"The Cleric","player_choice":"Card Removal","floor":5.0,"gold_loss":50.0,"damage_taken":0.0},{"damage_healed":22.0,"max_hp_gain":0.0,"max_hp_loss":0.0,"gold_gain":0.0,"event_name":"Wheel of Change","player_choice":"Full Heal","floor":19.0,"gold_loss":0.0,"damage_taken":0.0},{"damage_healed":0.0,"max_hp_gain":0.0,"max_hp_loss":0.0,"gold_gain":0.0,"event_name":"Ghosts","player_choice":"Ignored","floor":20.0,"gold_loss":0.0,"damage_taken":0.0},{"damage_healed":0.0,"max_hp_gain":0.0,"max_hp_loss":0.0,"gold_gain":0.0,"event_name":"Lab","player_choice":"Got Potions","floor":29.0,"gold_loss":0.0,"damage_taken":0.0},{"cards_removed":["Dualcast"],"damage_healed":0.0,"max_hp_gain":0.0,"max_hp_loss":0.0,"gold_gain":0.0,"event_name":"Back to Basics","player_choice":"Elegance","floor":21.0,"gold_loss":0.0,"damage_taken":0.0},{"damage_healed":0.0,"max_hp_gain":0.0,"max_hp_loss":0.0,"gold_gain":0.0,"event_name":"The Mausoleum","player_choice":"Opened","floor":22.0,"gold_loss":0.0,"damage_taken":0.0,"relics_obtained":["RottenBaby"]},{"damage_healed":0.0,"max_hp_gain":0.0,"max_hp_loss":0.0,"gold_gain":0.0,"event_name":"The Library","player_choice":"Read","floor":27.0,"gold_loss":0.0,"damage_taken":0.0,"cards_obtained":["FIFO Queue"]},{"damage_healed":0,"gold_gain":0,"player_choice":"Fight","damage_taken":0,"max_hp_gain":0,"max_hp_loss":0,"event_name":"Mysterious Sphere","floor":36,"gold_loss":0}],"is_beta":false,"boss_relics":[{"not_picked":["AnarchistCookbook","ChewingGum"],"picked":"GuppysPaw"},{"not_picked":[]},{"not_picked":["Letter Opener","Kintsugi"],"picked":"Strange Spoon"},{"not_picked":[]}],"items_purged_floors":[3,13,28,30,20,29],"is_endless":false,"potions_floor_spawned":[10,12,21,24,27,31,18,23,30],"killed_by":"2 Orb Walkers","ascension_level":0}}