{"host":"xsuxkwaivmtd234a","time":1613777752,"event":{"mods":["BaseMod","Bestiary","Colored Map","Filter the Spire","Minty Spire (QoL Compilation)","Relic Stats","StSLib"],"gold_per_floor":[112,62,13,24,39,39,68,143,170,186,186,225,32,68,68,198,198,219,219,255,268,283,283,324,324,351,351,385,409,90,104,104,225,225,244,577,590,610,237,237,271,271,326,352,574,60,60,80,80,80,80,80,4,36,36],"floor_reached":56,"language":"ENG","playtime":3383,"items_purged":["Writhe","Writhe"],"score":1676,"play_id":"df373a91-c87c-4984-a550-aa684f7d4b3c","local_time":"20210219183552","is_ascension_mode":true,"campfire_choices":[{"data":"Carnage","floor":6,"key":"SMITH"},{"floor":15,"key":"REST"},{"data":"Barricade","floor":23,"key":"SMITH"},{"data":"Uppercut","floor":27,"key":"SMITH"},{"floor":32,"key":"REST"},{"data":"Spot Weakness","floor":40,"key":"SMITH"},{"floor":42,"key":"REST"},{"floor":49,"key":"RECALL"},{"data":"Seeing Red","floor":52,"key":"SMITH"}],"circlet_count":0,"master_deck":["Strike_R+1","Strike_R+1","Strike_R","Defend_R","Defend_R","Defend_R","Defend_R","Bash","Carnage+1","Twin Strike","Shockwave+1","Feel No Pain","Disarm","Dropkick","Feed","Uppercut+1","Offering+1","Barricade+1","Ghostly Armor+1","Anger","Disarm","Shrug It Off+1","Havoc","Havoc","Reaper","Evolve","Sever Soul","Inflame","Spot Weakness+1","Impervious","Clothesline+1","Dropkick+1","Corruption","True Grit+1","Impervious","Shrug It Off","Feel No Pain","Seeing Red+1","True Grit","Entrench","Body Slam+1"],"relics":["Burning Blood","MealTicket","Anchor","Whetstone","Ginger","Cursed Key","Enchiridion","Red Mask","Du-Vu Doll","Boot","Thread and Needle","Pantograph","Mark of Pain","War Paint","Orrery","Prayer Wheel","Bag of Preparation","Mercury Hourglass","Medical Kit","Bag of Marbles","Nunchaku"],"acts_visited":["Exordium","TheCity","TheBeyond","TheEnding"],"potions_floor_usage":[12,12,12,16,28,28,33,33,54,55,55],"damage_taken":[{"damage":10,"enemies":"Jaw Worm","floor":1,"turns":5},{"damage":0,"enemies":"Small Slimes","floor":4,"turns":2},{"damage":7,"enemies":"2 Louse","floor":5,"turns":2},{"damage":22,"enemies":"3 Sentries","floor":7,"turns":8},{"damage":21,"enemies":"Large Slime","floor":10,"turns":5},{"damage":24,"enemies":"Lagavulin","floor":12,"turns":5},{"damage":24,"enemies":"Gremlin Nob","floor":14,"turns":4},{"damage":19,"enemies":"Slime Boss","floor":16,"turns":7},{"damage":6,"enemies":"Chosen","floor":18,"turns":3},{"damage":6,"enemies":"Masked Bandits","floor":20,"turns":3},{"damage":0,"enemies":"3 Byrds","floor":21,"turns":7},{"damage":16,"enemies":"Shelled Parasite and Fungi","floor":22,"turns":4},{"damage":9,"enemies":"Book of Stabbing","floor":24,"turns":6},{"damage":36,"enemies":"Gremlin Leader","floor":28,"turns":8},{"damage":4,"enemies":"Snake Plant","floor":29,"turns":3},{"damage":6,"enemies":"Centurion and Healer","floor":31,"turns":7},{"damage":6,"enemies":"Champ","floor":33,"turns":8},{"damage":6,"enemies":"3 Darklings","floor":35,"turns":11},{"damage":6,"enemies":"Orb Walker","floor":37,"turns":2},{"damage":36,"enemies":"Spire Growth","floor":38,"turns":5},{"damage":58,"enemies":"Reptomancer","floor":41,"turns":7},{"damage":6,"enemies":"Giant Head","floor":44,"turns":7},{"damage":7,"enemies":"3 Darklings","floor":48,"turns":5},{"damage":6,"enemies":"Donu and Deca","floor":50,"turns":10},{"damage":42,"enemies":"Shield and Spear","floor":54,"turns":10},{"damage":69,"enemies":"The Heart","floor":55,"turns":15}],"seed_played":"4826421977255592375","potions_obtained":[{"floor":1,"key":"LiquidMemories"},{"floor":5,"key":"Swift Potion"},{"floor":10,"key":"EssenceOfSteel"},{"floor":14,"key":"SneckoOil"},{"floor":16,"key":"PowerPotion"},{"floor":22,"key":"Ancient Potion"},{"floor":24,"key":"DistilledChaos"},{"floor":28,"key":"Swift Potion"},{"floor":29,"key":"CultistPotion"},{"floor":48,"key":"EssenceOfSteel"}],"is_trial":false,"path_per_floor":["M","?","$","M","M","R","E","?","T","M","?","E","$","E","R","B",null,"M","?","?","M","M","R","E","?","T","R","E","M","$","M","R","B",null,"M","?","M","M","$","R","E","R","T","E","?","$","?","M","R","B",null,"R","$","E","B",null],"character_chosen":"IRONCLAD","items_purchased":["Twin Strike","Uppercut","Offering","Pantograph","Spot Weakness","War Paint","Orrery","Medical Kit","Feel No Pain","Bag of Marbles","PowerPotion","Entrench"],"campfire_rested":3,"item_purchase_floors":[3,13,13,30,39,39,39,46,46,46,46,53],"current_hp_per_floor":[76,76,80,80,79,79,63,52,52,37,37,19,34,16,38,25,62,62,46,49,58,51,51,51,51,51,51,21,23,38,41,67,89,89,92,92,95,71,86,86,43,71,71,84,84,95,95,95,95,98,98,98,98,75,44],"gold":36,"neow_bonus":"RANDOM_COMMON_RELIC","is_daily":false,"chose_seed":false,"campfire_upgraded":5,"win_rate":0.0,"timestamp":1613777752,"path_taken":["M","?","$","M","M","R","E","?","T","?","?","E","$","E","R","BOSS","M","?","?","M","M","R","E","?","T","R","E","M","$","M","R","BOSS","M","?","M","M","$","R","E","R","T","E","?","$","?","?","R","BOSS","R","$","E","BOSS"],"items_purchased_type":["Card","Card","Card","Relic","Card","Relic","Relic","Relic","Card","Relic","Potion","Card"],"build_version":"2020-12-22","purchased_purges":2,"victory":true,"max_hp_per_floor":[80,80,80,80,80,80,80,80,80,80,74,74,74,74,74,74,74,74,74,77,80,83,83,86,86,86,86,86,86,86,89,89,89,89,92,92,95,95,95,95,95,95,95,95,95,95,95,95,95,98,98,98,98,98,98],"relic_stats":{"counters":[26,159],"Bag of Preparation":[10],"Whetstone":["Strike_R","Strike_R"],"Ginger":[15],"War Paint":["Shockwave","Offering"],"Cursed Key":2,"Boot":[6],"Medical Kit":[25],"Burning Blood":132,"Mercury Hourglass":[138],"Nunchaku":[4],"Pantograph":45,"MealTicket":60,"Prayer Wheel":1,"obtain_stats":[{"Golden Idol":11,"Enchiridion":19,"Thread and Needle":28,"Bag of Preparation":43,"Whetstone":12,"Ginger":14,"War Paint":39,"Cursed Key":17,"Boot":26,"Medical Kit":46,"Burning Blood":0,"Mercury Hourglass":44,"Du-Vu Doll":24,"Anchor":7,"Nunchaku":54,"Pantograph":30,"Orrery":39,"MealTicket":0,"Prayer Wheel":41,"Mark of Pain":34,"Red Mask":20,"Bag of Marbles":46},{"Golden Idol":5,"Enchiridion":9,"Thread and Needle":14,"Bag of Preparation":21,"Whetstone":6,"Ginger":7,"War Paint":20,"Cursed Key":8,"Boot":13,"Medical Kit":22,"Burning Blood":0,"Mercury Hourglass":22,"Du-Vu Doll":13,"Anchor":4,"Nunchaku":25,"Pantograph":15,"Orrery":20,"MealTicket":0,"Prayer Wheel":21,"Mark of Pain":17,"Red Mask":10,"Bag of Marbles":22},{"Golden Idol":22,"Enchiridion":41,"Thread and Needle":69,"Bag of Preparation":112,"Whetstone":27,"Ginger":31,"War Paint":105,"Cursed Key":38,"Boot":61,"Medical Kit":119,"Burning Blood":0,"Mercury Hourglass":119,"Du-Vu Doll":61,"Anchor":17,"Nunchaku":144,"Pantograph":72,"Orrery":105,"MealTicket":0,"Prayer Wheel":112,"Mark of Pain":87,"Red Mask":44,"Bag of Marbles":119}]},"card_choices":[{"not_picked":["Pummel","Bloodletting"],"picked":"Carnage","floor":1},{"not_picked":["Clothesline","True Grit"],"picked":"Shockwave","floor":4},{"not_picked":["Fire Breathing","Metallicize"],"picked":"Feel No Pain","floor":5},{"not_picked":["Cleave","Sword Boomerang"],"picked":"Disarm","floor":7},{"not_picked":["Warcry","Perfected Strike"],"picked":"Dropkick","floor":10},{"not_picked":["Sword Boomerang","True Grit"],"picked":"Feed","floor":12},{"not_picked":["Pommel Strike","Warcry","Iron Wave"],"picked":"SKIP","floor":14},{"not_picked":["Berserk","Immolate"],"picked":"Barricade","floor":16},{"not_picked":["Armaments+1","Clash"],"picked":"Ghostly Armor+1","floor":18},{"not_picked":["Clothesline","Bludgeon"],"picked":"Anger","floor":21},{"not_picked":["Warcry","Reckless Charge"],"picked":"Disarm","floor":22},{"not_picked":["Anger","Wild Strike"],"picked":"Shrug It Off+1","floor":24},{"not_picked":["Barricade","True Grit"],"picked":"Havoc","floor":28},{"not_picked":["Searing Blow","Sentinel","Thunderclap"],"picked":"SKIP","floor":29},{"not_picked":["Cleave","Anger+1"],"picked":"Havoc","floor":31},{"not_picked":["Double Tap","Brutality"],"picked":"Reaper","floor":33},{"not_picked":["Clash","Wild Strike"],"picked":"Evolve","floor":35},{"not_picked":["Perfected Strike","Armaments"],"picked":"Sever Soul","floor":37},{"not_picked":["Twin Strike","Reckless Charge+1"],"picked":"Inflame","floor":38},{"not_picked":["Second Wind","Sword Boomerang"],"picked":"Impervious","floor":39},{"not_picked":["Perfected Strike+1","Clash"],"picked":"Clothesline+1","floor":39},{"not_picked":["Sword Boomerang+1","Wild Strike+1"],"picked":"Dropkick+1","floor":39},{"not_picked":["Iron Wave","Havoc"],"picked":"Corruption","floor":39},{"not_picked":["Sentinel+1","Hemokinesis+1"],"picked":"True Grit+1","floor":39},{"not_picked":["Dropkick","Searing Blow+1"],"picked":"Impervious","floor":41},{"not_picked":["Bludgeon","Rampage"],"picked":"Shrug It Off","floor":44},{"not_picked":["Iron Wave","Flex+1"],"picked":"Seeing Red","floor":48},{"not_picked":["Warcry","Hemokinesis+1"],"picked":"True Grit","floor":48},{"not_picked":["Evolve","Intimidate"],"picked":"Body Slam+1","floor":54}],"player_experience":1309075,"relics_obtained":[{"floor":7,"key":"Anchor"},{"floor":12,"key":"Whetstone"},{"floor":14,"key":"Ginger"},{"floor":19,"key":"Enchiridion"},{"floor":20,"key":"Red Mask"},{"floor":24,"key":"Du-Vu Doll"},{"floor":26,"key":"Boot"},{"floor":28,"key":"Thread and Needle"},{"floor":41,"key":"Prayer Wheel"},{"floor":43,"key":"Bag of Preparation"},{"floor":44,"key":"Mercury Hourglass"},{"floor":54,"key":"Nunchaku"}],"event_choices":[{"cards_removed":["Strike_R"],"damage_healed":0,"gold_gain":0,"player_choice":"Card Removal","damage_taken":0,"max_hp_gain":0,"max_hp_loss":0,"event_name":"The Cleric","floor":2,"gold_loss":50},{"damage_healed":0,"gold_gain":75,"player_choice":"Gather Gold","damage_taken":11,"max_hp_gain":0,"max_hp_loss":0,"event_name":"World of Goop","floor":8,"gold_loss":0},{"damage_healed":0,"gold_gain":0,"player_choice":"Lose Max HP","damage_taken":0,"relics_obtained":["Golden Idol"],"max_hp_gain":0,"max_hp_loss":6,"event_name":"Golden Idol","floor":11,"gold_loss":0},{"damage_healed":0,"gold_gain":0,"player_choice":"Obtained Book","damage_taken":16,"max_hp_gain":0,"max_hp_loss":0,"event_name":"Cursed Tome","floor":19,"gold_loss":0},{"damage_healed":0,"gold_gain":0,"player_choice":"Fought Bandits","damage_taken":0,"max_hp_gain":0,"max_hp_loss":0,"event_name":"Masked Bandits","floor":20,"gold_loss":0},{"damage_healed":0,"gold_gain":0,"player_choice":"Bought 0 Potions","damage_taken":0,"max_hp_gain":0,"max_hp_loss":0,"event_name":"The Woman in Blue","floor":25,"gold_loss":0},{"damage_healed":0,"gold_gain":333,"player_choice":"Gave Idol","damage_taken":0,"max_hp_gain":0,"max_hp_loss":0,"event_name":"The Moai Head","floor":36,"relics_lost":["Golden Idol"],"gold_loss":0},{"damage_healed":0,"gold_gain":222,"player_choice":"Wore Mask","damage_taken":0,"max_hp_gain":0,"max_hp_loss":0,"event_name":"Tomb of Lord Red Mask","floor":45,"gold_loss":0},{"cards_removed":["Strike_R"],"damage_healed":0,"gold_gain":0,"player_choice":"Offered Basic","damage_taken":0,"max_hp_gain":0,"max_hp_loss":0,"event_name":"Bonfire Elementals","floor":47,"gold_loss":0}],"is_beta":false,"boss_relics":[{"not_picked":["Coffee Dripper","Philosopher\u0027s Stone"],"picked":"Cursed Key"},{"not_picked":["Sozu","Runic Pyramid"],"picked":"Mark of Pain"}],"items_purged_floors":[30,46],"is_endless":false,"potions_floor_spawned":[1,5,10,14,16,22,24,28,29,48],"ascension_level":5}}