{"host":"md5cvv9kqfkr27d4","time":1613713809,"event":{"mods":["Act Like it!","BaseMod","Colored Map","Colored Powertips","Hallownest","Minty Spire (QoL Compilation)","StSLib","The Bug Knight"],"gold_per_floor":[114,22,22,36,52,82,82,98,121,121,147,159,159,175,175,275,275,289,289,289,299,313,345,345,345,345,358,358,358,358,358],"floor_reached":30,"language":"ZHS","playtime":2662,"items_purged":[],"score":285,"play_id":"8d1ede75-e777-41ac-a14a-6b50a156451b","local_time":"20210219135009","is_ascension_mode":false,"campfire_choices":[{"data":"HollowMod:AbyssShriek","floor":7.0,"key":"SMITH"},{"data":"HollowMod:WraithStrike","floor":15.0,"key":"SMITH"},{"data":"HollowMod:SlysStrikes","floor":25.0,"key":"SMITH"}],"circlet_count":0,"master_deck":["HollowMod:NailStrikeStart","HollowMod:NailStrikeStart+1","HollowMod:QuickDashStart","HollowMod:QuickDashStart","HollowMod:FocusHealStart","HollowMod:PogoStrike","HollowMod:DoubleDash","HollowMod:AbyssShriek+1","HollowMod:ShadowDash","HollowMod:FallenFury","HollowMod:LifebloodCocoon","HollowMod:HornetsHelp+1","HollowMod:ShadowDash","HollowMod:DashSlash","HollowMod:VengefulVoid","HollowMod:WraithStrike+1","HollowMod:VoidDash","HollowMod:WraithStrike","Hallownest:attackMasterCycloneSlash+1","HollowMod:CycloneSlash+1","HollowMod:SlysStrikes+1"],"relics":["HollowMod:VesselMask","NeowsBlessing","Hallownest:DreamNailRelic","Orichalcum","Vajra","Blood Vial","Coffee Dripper","Gambling Chip","Hallownest:WatcherSealRelic"],"acts_visited":["Exordium","Hallownest:Greenpath"],"potions_floor_usage":[],"damage_taken":[{"damage":0.0,"enemies":"Hallownest:2_Tiktiks_and_1_Crawlid","floor":1.0,"turns":1.0},{"damage":0.0,"enemies":"Hallownest:monsterHuskGuard","floor":4.0,"turns":1.0},{"damage":0.0,"enemies":"Hallownest:2_Baldur","floor":5.0,"turns":1.0},{"damage":51.0,"enemies":"Hallownest:eliteMossKnight","floor":6.0,"turns":11.0},{"damage":5.0,"enemies":"Hallownest:MossCreep_and_Mosskin","floor":8.0,"turns":4.0},{"damage":0.0,"enemies":"Hallownest:eliteVengeflyKing","floor":11.0,"turns":4.0},{"damage":0.0,"enemies":"Hallownest:monsterFoolEater","floor":12.0,"turns":3.0},{"damage":0.0,"enemies":"Hallownest:monsterMarmu","floor":13.0,"turns":8.0},{"damage":0.0,"enemies":"Hallownest:monsterAspidMother","floor":14.0,"turns":3.0},{"damage":28.0,"enemies":"Hallownest:BossBrokenVessel","floor":16.0,"turns":9.0},{"damage":5.0,"enemies":"Hallownest:Guard_and_Sentry","floor":18.0,"turns":4.0},{"damage":4.0,"enemies":"Hallownest:Flukemon_and_Top","floor":21.0,"turns":4.0},{"damage":32.0,"enemies":"Hallownest:3_Mistakes","floor":22.0,"turns":5.0},{"damage":32.0,"enemies":"Hallownest:eliteSoulWarrior","floor":23.0,"turns":6.0},{"damage":4.0,"enemies":"Hallownest:Master_and_Novice","floor":27.0,"turns":3.0},{"damage":0,"enemies":"Hallownest:eliteWatcherKnight","floor":30,"turns":1}],"seed_played":"5368267363023320848","potions_obtained":[{"floor":5.0,"key":"Swift Potion"},{"floor":6.0,"key":"Weak Potion"},{"floor":11.0,"key":"SteroidPotion"},{"floor":16.0,"key":"Regen Potion"},{"floor":23.0,"key":"Dexterity Potion"}],"is_trial":false,"path_per_floor":["M","$","?","M","M","E","R","M","T","?","E","M","?","M","R","B",null,"M","?","?","M","M","E","?","R","T","M","?","?","E"],"character_chosen":"THE_BUGKNIGHT","items_purchased":["HollowMod:AbyssShriek","HollowMod:ShadowDash"],"campfire_rested":0,"item_purchase_floors":[2,2],"current_hp_per_floor":[75,75,75,75,75,24,24,19,19,19,19,27,29,31,31,5,75,70,70,70,68,38,23,19,19,19,17,17,17,19,19],"gold":358,"neow_bonus":"THREE_ENEMY_KILL","is_daily":false,"chose_seed":false,"campfire_upgraded":3,"win_rate":0.0,"timestamp":1613713809,"path_taken":["M","$","?","?","M","E","R","M","T","?","E","?","?","M","R","BOSS","M","?","?","?","M","E","?","R","T","M","?","?","E"],"items_purchased_type":["Card","Card"],"build_version":"2020-12-22","purchased_purges":0,"victory":false,"max_hp_per_floor":[75,75,75,75,75,75,75,75,75,75,75,75,75,75,75,75,75,75,75,75,75,75,75,75,75,75,75,75,75,75,75],"card_choices":[{"not_picked":["HollowMod:InfectedAttack","HollowMod:NewGlowingWomb"],"picked":"HollowMod:DoubleDash","floor":1.0},{"not_picked":["HollowMod:SharpenedNail","HollowMod:InfectionAssault"],"picked":"HollowMod:FallenFury","floor":4.0},{"not_picked":["HollowMod:RecoilStrike","HollowMod:InfectedAttack"],"picked":"HollowMod:LifebloodCocoon","floor":5.0},{"not_picked":["HollowMod:TaintedHusks","HollowMod:SiblingsSouls"],"picked":"HollowMod:HornetsHelp","floor":6.0},{"not_picked":["HollowMod:CornifersMapStart","HollowMod:InfectedAttack"],"picked":"HollowMod:ShadowDash","floor":8.0},{"not_picked":["HollowMod:InfectionAssault","HollowMod:CycloneSlash"],"picked":"HollowMod:DashSlash","floor":11.0},{"not_picked":["HollowMod:CoiledNail","HollowMod:NewJinnsSoul"],"picked":"HollowMod:VengefulVoid","floor":12.0},{"not_picked":["HollowMod:GoodIntentions","HollowMod:SoulSplash"],"picked":"HollowMod:WraithStrike","floor":14.0},{"not_picked":["HollowMod:ZotesMagnificence","HollowMod:Weaversong"],"picked":"HollowMod:VoidDash","floor":16.0},{"not_picked":["HollowMod:InfectedAttack","HollowMod:SoulEater"],"picked":"HollowMod:WraithStrike","floor":18.0},{"not_picked":["HollowMod:SharpenedNail","HollowMod:Grubsong+1"],"picked":"HollowMod:CycloneSlash+1","floor":21.0},{"not_picked":["HollowMod:DashSlash","HollowMod:SiblingsSouls","HollowMod:CycloneSlash"],"picked":"SKIP","floor":22.0},{"not_picked":["HollowMod:SharpenedNail","HollowMod:SoulStrike+1"],"picked":"HollowMod:SlysStrikes","floor":23.0},{"not_picked":["HollowMod:BaldurShell","HollowMod:SiblingsSouls","HollowMod:FallenFury"],"picked":"SKIP","floor":27.0}],"player_experience":230125,"relics_obtained":[{"floor":6.0,"key":"Orichalcum"},{"floor":9.0,"key":"Vajra"},{"floor":11.0,"key":"Blood Vial"},{"floor":23.0,"key":"Gambling Chip"}],"event_choices":[],"is_beta":false,"boss_relics":[{"not_picked":["Calling Bell","Velvet Choker"],"picked":"Coffee Dripper"}],"items_purged_floors":[],"is_endless":false,"potions_floor_spawned":[5,6,11,16,23],"killed_by":"Hallownest:eliteWatcherKnight","ascension_level":0}}