{"host":"qxeepl7ydvsgmfdb","time":1613747155,"event":{"mods":["AchievementEnabler","BaseMod","Colored Powertips","Minty Spire (QoL Compilation)","Quick Restart","slay the spire mod where everything is the same but ironclad has a cowboy hat"],"gold_per_floor":[118,393,73,93,243,275,275,275,275,288,341,367,367,384,384,460,460,479,479,479,121,134,167,167,194,218,236,265,280,292,272,272,272,272],"floor_reached":33,"language":"ENG","playtime":1337,"items_purged":[],"score":671,"play_id":"25f36fd9-7461-4935-aa0d-d35713c4d678","local_time":"20210219100555","is_ascension_mode":true,"campfire_choices":[{"data":"Die Die Die","floor":7.0,"key":"SMITH"},{"data":"Terror","floor":13.0,"key":"SMITH"},{"floor":15.0,"key":"REST"},{"floor":24.0,"key":"REST"},{"floor":32,"key":"REST"}],"circlet_count":0,"master_deck":["AscendersBane","Strike_G","Strike_G","Strike_G","Strike_G","Strike_G","Defend_G","Defend_G","Defend_G","Defend_G","Defend_G","Survivor","Neutralize","All Out Attack","Die Die Die+1","PiercingWail","Terror+1","CurseOfTheBell","Slice+1","Blade Dance","Backstab","Cloak And Dagger","Deadly Poison","Deflect","Footwork"],"relics":["Ring of the Snake","NeowsBlessing","TungstenRod","Toy Ornithopter","Vajra","Lantern","Ninja Scroll","Calling Bell","Strawberry","Blue Candle","The Specimen","Spirit Poop","Anchor","Pen Nib","Unceasing Top","Bronze Scales","White Beast Statue"],"acts_visited":["Exordium","TheCity"],"potions_floor_usage":[29,33,33],"damage_taken":[{"damage":0.0,"enemies":"Jaw Worm","floor":1.0,"turns":1.0},{"damage":0.0,"enemies":"Cultist","floor":4.0,"turns":1.0},{"damage":0.0,"enemies":"3 Sentries","floor":6.0,"turns":1.0},{"damage":0.0,"enemies":"Small Slimes","floor":10.0,"turns":2.0},{"damage":36.0,"enemies":"Lagavulin","floor":12.0,"turns":6.0},{"damage":8.0,"enemies":"Exordium Thugs","floor":14.0,"turns":6.0},{"damage":33.0,"enemies":"Slime Boss","floor":16.0,"turns":10.0},{"damage":6.0,"enemies":"3 Byrds","floor":18.0,"turns":5.0},{"damage":5.0,"enemies":"Spheric Guardian","floor":22.0,"turns":3.0},{"damage":18.0,"enemies":"Slavers","floor":23.0,"turns":5.0},{"damage":18.0,"enemies":"Book of Stabbing","floor":25.0,"turns":5.0},{"damage":0,"enemies":"Shelled Parasite and Fungi","floor":27,"turns":1},{"damage":0,"enemies":"Slavers","floor":28,"turns":2},{"damage":0,"enemies":"Centurion and Healer","floor":29,"turns":2},{"damage":16,"enemies":"Snake Plant","floor":30,"turns":4},{"damage":60,"enemies":"Automaton","floor":33,"turns":8}],"seed_played":"502429938090700105","potions_obtained":[{"floor":4.0,"key":"GamblersBrew"},{"floor":6.0,"key":"SkillPotion"},{"floor":14.0,"key":"SpeedPotion"},{"floor":16.0,"key":"PowerPotion"},{"floor":25.0,"key":"LiquidMemories"},{"floor":29,"key":"CunningPotion"},{"floor":30,"key":"Block Potion"}],"is_trial":false,"path_per_floor":["M","?","$","M","?","E","R","?","T","M","T","E","R","M","R","B",null,"M","?","?","$","M","E","R","E","T","M","E","M","M","?","R","B"],"character_chosen":"THE_SILENT","items_purchased":["TungstenRod","Anchor","PowerPotion","Blade Dance","Backstab"],"campfire_rested":3,"item_purchase_floors":[3,21,21,21,21],"current_hp_per_floor":[59,59,59,59,59,59,59,59,59,59,59,33,33,25,44,11,59,58,58,58,58,53,40,61,43,43,43,43,48,32,32,53,3,3],"gold":272,"neow_bonus":"THREE_ENEMY_KILL","is_daily":false,"chose_seed":false,"campfire_upgraded":2,"win_rate":0.0,"timestamp":1613747155,"path_taken":["M","?","?","M","?","E","R","?","T","M","?","E","R","M","R","BOSS","M","?","?","$","M","E","R","E","T","?","E","M","M","?","R","BOSS"],"items_purchased_type":["Relic","Relic","Potion","Card","Card"],"build_version":"2020-12-22","purchased_purges":0,"victory":false,"max_hp_per_floor":[66,66,66,66,66,66,66,66,66,66,66,66,66,66,66,66,73,73,73,73,73,73,73,73,73,73,73,73,73,73,73,73,73,73],"card_choices":[{"not_picked":["Sucker Punch","Bane","Flying Knee"],"picked":"SKIP","floor":1.0},{"not_picked":["PiercingWail","Sucker Punch"],"picked":"All Out Attack","floor":4.0},{"not_picked":["Blur","Dagger Spray"],"picked":"Die Die Die","floor":6.0},{"not_picked":["Choke","Backflip"],"picked":"PiercingWail","floor":10.0},{"not_picked":["PiercingWail","Heel Hook"],"picked":"Terror","floor":12.0},{"not_picked":["Backflip","Heel Hook","Concentrate"],"picked":"SKIP","floor":14.0},{"not_picked":["Acrobatics","Bane"],"picked":"Slice+1","floor":18.0},{"not_picked":["Skewer","Acrobatics","Escape Plan+1"],"picked":"SKIP","floor":22.0},{"not_picked":["Outmaneuver","Deflect"],"picked":"Cloak And Dagger","floor":23.0},{"not_picked":["Burst","Blur"],"picked":"Deadly Poison","floor":25.0},{"not_picked":["All Out Attack","Dagger Spray"],"picked":"Deflect","floor":27},{"not_picked":["Cloak And Dagger","Flechettes"],"picked":"Footwork","floor":28},{"not_picked":["Outmaneuver","Dagger Throw","Poisoned Stab"],"picked":"SKIP","floor":29},{"not_picked":["Heel Hook","Dash","Bouncing Flask"],"picked":"SKIP","floor":30}],"player_experience":176679,"relics_obtained":[{"floor":6.0,"key":"Toy Ornithopter"},{"floor":9.0,"key":"Vajra"},{"floor":11.0,"key":"Lantern"},{"floor":12.0,"key":"Ninja Scroll"},{"floor":17.0,"key":"Strawberry"},{"floor":17.0,"key":"Blue Candle"},{"floor":17.0,"key":"The Specimen"},{"floor":23.0,"key":"Pen Nib"},{"floor":25.0,"key":"Unceasing Top"},{"floor":26.0,"key":"Bronze Scales"},{"floor":28,"key":"White Beast Statue"}],"event_choices":[{"damage_healed":0.0,"max_hp_gain":0.0,"max_hp_loss":0.0,"gold_gain":275.0,"event_name":"Golden Shrine","player_choice":"Desecrate","floor":2.0,"gold_loss":0.0,"damage_taken":0.0,"cards_obtained":["Regret"]},{"damage_healed":0.0,"max_hp_gain":0.0,"max_hp_loss":0.0,"gold_gain":150.0,"event_name":"Liars Game","player_choice":"AGREE","floor":5.0,"gold_loss":0.0,"damage_taken":0.0,"cards_obtained":["Doubt"]},{"cards_removed":["Regret"],"damage_healed":0.0,"max_hp_gain":0.0,"max_hp_loss":0.0,"gold_gain":0.0,"event_name":"Living Wall","player_choice":"Forget","floor":8.0,"gold_loss":0.0,"damage_taken":0.0},{"damage_healed":0.0,"max_hp_gain":0.0,"max_hp_loss":0.0,"gold_gain":0.0,"event_name":"Vampires","player_choice":"Ignored","floor":19.0,"gold_loss":0.0,"damage_taken":0.0},{"cards_removed":["Doubt"],"damage_healed":0.0,"max_hp_gain":0.0,"max_hp_loss":0.0,"gold_gain":0.0,"event_name":"Bonfire Elementals","player_choice":"Offered Curse","floor":20.0,"gold_loss":0.0,"damage_taken":0.0,"relics_obtained":["Spirit Poop"]},{"damage_healed":0,"gold_gain":0,"player_choice":"Bought 1 Potion","damage_taken":0,"max_hp_gain":0,"max_hp_loss":0,"event_name":"The Woman in Blue","floor":31,"gold_loss":0}],"is_beta":false,"boss_relics":[{"not_picked":["Pandora\u0027s Box","Astrolabe"],"picked":"Calling Bell"}],"items_purged_floors":[],"is_endless":false,"potions_floor_spawned":[4,6,14,16,25,28,29,30],"killed_by":"Automaton","ascension_level":17}}