{"host":"p7cjtxxrilhp4dw7","time":1613696756,"event":{"mods":["BaseMod","Block Reminder","Colored Map","Curses Come First","Downfall","Highlight Path","Minty Spire (QoL Compilation)","StSLib"],"gold_per_floor":[99,115,115,133,118,118,145,45,45,30,30,30,48,73,89,192,192,192,209,209,221,237,271,319,304,304,304,318,318,328,345,365,365,365,365],"floor_reached":33,"language":"ENG","playtime":2797,"items_purged":["sneckomod:Strike"],"score":265,"play_id":"be6e989d-b2a5-47f1-a15f-1315bf691830","local_time":"20210218180556","is_ascension_mode":false,"campfire_choices":[{"data":"sneckomod:TailWhip","floor":1,"key":"SMITH"},{"floor":6,"key":"RECALL"},{"floor":12,"key":"REST"},{"floor":27,"key":"REST"},{"floor":29,"key":"REST"}],"circlet_count":0,"master_deck":["sneckomod:Strike","sneckomod:Defend","sneckomod:Defend","sneckomod:TailWhip+1","sneckomod:SnekBite","sneckomod:Unknown","sneckomod:IronFang","sneckomod:WideSting+1","Flying Knee","sneckomod:SoulExchange","sneckomod:UnknownCommonAttack","sneckomod:UnknownCommonSkill","sneckomod:MorePower","sneckomod:UnknownExhaust+1","sneckomod:CheapStock+1","Leg Sweep+1","sneckomod:UnknownBlock+1","sneckomod:RainOfDice+1","sneckomod:Cheat","sneckomod:UnknownUncommonSkill+1","sneckomod:UnknownVulnerable+1","sneckomod:SnekBeam+1","sneckomod:ImprovisedAttack","sneckomod:DiceCrush","sneckomod:UnknownUncommonPower+1","sneckomod:ImprovisedGuard"],"relics":["sneckomod:SneckoSoul","Bag of Marbles","downfall:HeartBlessingRed","downfall:ShatteredFragment","StoneCalendar","Astrolabe","WingedGreaves","Du-Vu Doll","Lantern","Membership Card","PreservedInsect","Juzu Bracelet"],"acts_visited":["Exordium","TheCity"],"potions_floor_usage":[3,14,22,33,33],"damage_taken":[{"damage":0,"enemies":"2 Louse","floor":2,"turns":2},{"damage":0,"enemies":"Cultist","floor":4,"turns":3},{"damage":0,"enemies":"downfall:FleeingMerchant","floor":5,"turns":4},{"damage":5,"enemies":"downfall:FleeingMerchant","floor":10,"turns":4},{"damage":0,"enemies":"Small Slimes","floor":13,"turns":1},{"damage":8,"enemies":"Lagavulin","floor":14,"turns":3},{"damage":0,"enemies":"3 Louse","floor":15,"turns":1},{"damage":38,"enemies":"IC_STATUS_ARCHETYPE","floor":16,"turns":6},{"damage":7,"enemies":"3 Byrds","floor":19,"turns":6},{"damage":0,"enemies":"Shell Parasite","floor":21,"turns":3},{"damage":18,"enemies":"Snecko","floor":22,"turns":4},{"damage":37,"enemies":"Book of Stabbing","floor":23,"turns":7},{"damage":11,"enemies":"downfall:FleeingMerchant","floor":25,"turns":4},{"damage":12,"enemies":"Sentry and Sphere","floor":28,"turns":5},{"damage":25,"enemies":"downfall:FleeingMerchant","floor":30,"turns":4},{"damage":0,"enemies":"3 Cultists","floor":31,"turns":3},{"damage":0,"enemies":"Snake Plant","floor":32,"turns":1},{"damage":54,"enemies":"DF_ARCHETYPE_CLAW","floor":33,"turns":7}],"seed_played":"-1257396647130497807","potions_obtained":[{"floor":3,"key":"FairyPotion"},{"floor":3,"key":"Fruit Juice"},{"floor":3,"key":"Weak Potion"},{"floor":4,"key":"sneckomod:CheatPotion"},{"floor":14,"key":"DuplicationPotion"},{"floor":28,"key":"Weak Potion"}],"is_trial":false,"path_per_floor":["R","M","?","M","$","R","T","R","?","$","?","R","M","E","M","B",null,"R","M","?","M","M","E","T","$","?","R","M","R","$","M","M","B"],"character_chosen":"THE_SNECKO","items_purchased":["Membership Card","PreservedInsect","Juzu Bracelet"],"campfire_rested":3,"item_purchase_floors":[30,30,30],"current_hp_per_floor":[99,99,104,104,104,104,104,104,83,78,78,104,104,96,96,58,104,104,97,97,97,79,42,42,31,31,62,50,81,56,56,56,2,2,2],"gold":365,"neow_bonus":"TEN_PERCENT_HP_BONUS","is_daily":false,"chose_seed":false,"campfire_upgraded":1,"win_rate":0.0,"timestamp":1613696756,"path_taken":["R","M","?","?","?","R","T","R","?","$","?","R","?","E","M","BOSS","R","M","?","?","M","E","T","$","?","R","M","R","$","M","M","BOSS"],"items_purchased_type":["Relic","Relic","Relic"],"build_version":"2020-12-22","purchased_purges":1,"victory":false,"max_hp_per_floor":[99,99,104,104,104,104,104,104,104,104,104,104,104,104,104,104,104,104,104,104,104,104,104,104,104,104,104,104,104,104,104,104,104,104,104],"card_choices":[{"not_picked":["sneckomod:UnknownDraw","sneckomod:QuickBite"],"picked":"sneckomod:Unknown1Cost","floor":2},{"not_picked":["sneckomod:TrashToTreasure","sneckomod:DiceCrush"],"picked":"sneckomod:IronFang","floor":4},{"not_picked":["sneckomod:Nope","sneckomod:UnendingSupply"],"picked":"sneckomod:WideSting","floor":5},{"not_picked":["sneckomod:IronFang","sneckomod:UnknownExhaust"],"picked":"sneckomod:SoulExchange","floor":10},{"not_picked":["sneckomod:CheapStock","sneckomod:Unknown1Cost"],"picked":"sneckomod:UnknownCommonAttack","floor":13},{"not_picked":["sneckomod:SnekBeam","sneckomod:Unknown1Cost","sneckomod:UnknownUncommonAttack"],"picked":"SKIP","floor":14},{"not_picked":["sneckomod:UnknownDraw","sneckomod:SlitherStrike"],"picked":"sneckomod:UnknownCommonSkill","floor":15},{"not_picked":["sneckomod:SerpentMind","sneckomod:Restock"],"picked":"sneckomod:MorePower","floor":16},{"not_picked":["sneckomod:UnknownClassGREEN+1","sneckomod:UnknownDraw+1"],"picked":"sneckomod:UnknownBlock+1","floor":19},{"not_picked":["sneckomod:IronFang","sneckomod:UnknownUncommonPower"],"picked":"sneckomod:RainOfDice+1","floor":19},{"not_picked":["sneckomod:WideSting+1","sneckomod:UnknownUncommonAttack"],"picked":"sneckomod:Cheat","floor":21},{"not_picked":["sneckomod:UnknownWeak+1","sneckomod:UnknownClassGUARDIAN+1"],"picked":"sneckomod:UnknownUncommonSkill+1","floor":22},{"not_picked":["sneckomod:UnknownClassGREEN","sneckomod:Unknown0Cost","sneckomod:UnknownStrike"],"picked":"SKIP","floor":22},{"not_picked":["sneckomod:Unknown1Cost+1","sneckomod:Unknown0Cost+1"],"picked":"sneckomod:UnknownVulnerable+1","floor":23},{"not_picked":["sneckomod:DiceCrush","sneckomod:Unknown0Cost"],"picked":"sneckomod:SnekBeam+1","floor":23},{"not_picked":["sneckomod:UnknownUncommonAttack","sneckomod:SnakeSap"],"picked":"sneckomod:ImprovisedAttack","floor":25},{"not_picked":["sneckomod:RainOfDice","sneckomod:Nope"],"picked":"sneckomod:DiceCrush","floor":28},{"not_picked":["sneckomod:UnknownClassGREEN+1","sneckomod:Unknown2Cost+1"],"picked":"sneckomod:UnknownUncommonPower+1","floor":30},{"not_picked":["sneckomod:UnendingSupply","sneckomod:MasterEye","sneckomod:UnknownCommonSkill"],"picked":"SKIP","floor":30},{"not_picked":["sneckomod:UnknownX","sneckomod:SoulRoll+1","sneckomod:UnknownClassBLUE"],"picked":"SKIP","floor":31},{"not_picked":["sneckomod:UnknownBlock","sneckomod:UnknownClassGREEN+1"],"picked":"sneckomod:ImprovisedGuard","floor":32}],"player_experience":829363,"relics_obtained":[{"floor":7,"key":"Bag of Marbles"},{"floor":14,"key":"StoneCalendar"},{"floor":20,"key":"WingedGreaves"},{"floor":23,"key":"Du-Vu Doll"},{"floor":24,"key":"Lantern"}],"event_choices":[{"damage_healed":0,"gold_gain":0,"player_choice":"Got Potions","damage_taken":0,"max_hp_gain":0,"max_hp_loss":0,"event_name":"Lab","floor":3,"gold_loss":0},{"damage_healed":0,"gold_gain":0,"player_choice":"Grow","damage_taken":0,"max_hp_gain":0,"max_hp_loss":0,"event_name":"Living Wall","floor":11,"gold_loss":0,"cards_upgraded":["sneckomod:WideSting"]},{"damage_healed":0,"gold_gain":0,"player_choice":"Relic","damage_taken":0,"max_hp_gain":0,"max_hp_loss":0,"event_name":"Wheel of Change","floor":20,"gold_loss":0}],"is_beta":false,"boss_relics":[{"not_picked":["Empty Cage","sneckomod:SneckoBoss"],"picked":"Astrolabe"}],"items_purged_floors":[30],"is_endless":false,"potions_floor_spawned":[4,14,28,31,32],"killed_by":"DF_ARCHETYPE_CLAW","ascension_level":0}}