{"host":"x52zk6e1f2bye2h7","time":1613736843,"event":{"mods":["AchievementEnabler","BaseMod","Highlight Path","Minty Spire (QoL Compilation)","everything is the same but u backflip on backflip"],"gold_per_floor":[116,6,23,23,23,42,58,87,87,144,44,59,59,59,59,162,162,179,278,12,12,37,71,71,104,104,123,139,158,67,0,0,100,100,112,132,147,25,25,25,56,56,56,83,96,111,138,138,138,138,138],"floor_reached":50,"language":"ENG","playtime":2312,"items_purged":["Strike_B","Strike_B","Dualcast"],"score":625,"play_id":"cbaed30d-9ec7-4a9c-8890-163c68dab8c7","local_time":"20210219121403","is_ascension_mode":true,"campfire_choices":[{"floor":13,"key":"REST"},{"floor":15,"key":"RECALL"},{"floor":24,"key":"REST"},{"floor":32,"key":"REST"},{"floor":40,"key":"REST"},{"floor":42,"key":"REST"},{"floor":49,"key":"REST"}],"circlet_count":0,"master_deck":["Defend_B","Defend_B","Defend_B","Zap","Loop","FTL","Streamline","Gash+1","Scrape","Static Discharge","Flash of Steel+1","Impatience","BootSequence+1","Beam Cell+1","Jack Of All Trades","Hologram+1","Gash","Streamline+1"],"relics":["Fusion Hammer","Emotion Chip","Eternal Feather","Empty Cage","HornCleat","Akabeko","Bottled Flame","Nuclear Battery","Bottled Lightning","Frozen Egg 2","Pen Nib","Whetstone"],"acts_visited":["Exordium","TheCity","TheBeyond"],"potions_floor_usage":[8,8,16,23,33,33,37,37,44,44,46,46,47,47,50,50],"damage_taken":[{"damage":4,"enemies":"Small Slimes","floor":1,"turns":3},{"damage":0,"enemies":"Cultist","floor":3,"turns":3},{"damage":2,"enemies":"Jaw Worm","floor":6,"turns":2},{"damage":16,"enemies":"Blue Slaver","floor":7,"turns":4},{"damage":21,"enemies":"3 Sentries","floor":8,"turns":5},{"damage":2,"enemies":"Looter","floor":12,"turns":3},{"damage":38,"enemies":"Slime Boss","floor":16,"turns":7},{"damage":7,"enemies":"Chosen","floor":18,"turns":4},{"damage":36,"enemies":"Slavers","floor":23,"turns":4},{"damage":22,"enemies":"Gremlin Leader","floor":25,"turns":6},{"damage":4,"enemies":"Shell Parasite","floor":27,"turns":3},{"damage":9,"enemies":"Cultist and Chosen","floor":28,"turns":4},{"damage":18,"enemies":"Snecko","floor":29,"turns":4},{"damage":20,"enemies":"Automaton","floor":33,"turns":5},{"damage":6,"enemies":"3 Shapes","floor":35,"turns":4},{"damage":29,"enemies":"Orb Walker","floor":36,"turns":3},{"damage":8,"enemies":"Spire Growth","floor":37,"turns":4},{"damage":10,"enemies":"Giant Head","floor":41,"turns":6},{"damage":15,"enemies":"Nemesis","floor":44,"turns":8},{"damage":13,"enemies":"3 Darklings","floor":45,"turns":4},{"damage":30,"enemies":"Sphere and 2 Shapes","floor":46,"turns":5},{"damage":8,"enemies":"Giant Head","floor":47,"turns":5},{"damage":57,"enemies":"Donu and Deca","floor":50,"turns":5}],"seed_played":"240357283935483165","potions_obtained":[{"floor":1,"key":"LiquidBronze"},{"floor":4,"key":"DuplicationPotion"},{"floor":4,"key":"PowerPotion"},{"floor":23,"key":"Energy Potion"},{"floor":28,"key":"AttackPotion"},{"floor":33,"key":"SkillPotion"},{"floor":35,"key":"Block Potion"},{"floor":41,"key":"DistilledChaos"},{"floor":45,"key":"EntropicBrew"},{"floor":47,"key":"FocusPotion"}],"is_trial":false,"path_per_floor":["M","$","M","?","$","M","M","E","T","?","$","M","R","$","R","B",null,"M","?","$","?","T","E","R","E","T","M","M","M","$","?","R","B",null,"M","M","M","$","?","R","E","R","T","E","M","M","E","?","R","B"],"character_chosen":"DEFECT","items_purchased":["FTL","Flash of Steel","BlessingOfTheForge","Impatience","Block Potion","Regen Potion"],"campfire_rested":6,"item_purchase_floors":[2,20,20,30,38,38],"current_hp_per_floor":[71,71,71,71,71,69,53,32,32,32,32,30,58,58,64,26,75,68,68,68,68,68,32,60,38,38,34,25,7,7,7,35,15,75,69,40,32,32,32,63,53,75,75,60,47,31,23,23,54,0,0],"gold":138,"neow_bonus":"BOSS_RELIC","is_daily":false,"chose_seed":false,"campfire_upgraded":0,"win_rate":0.0,"timestamp":1613736843,"path_taken":["M","$","M","?","?","M","M","E","T","?","?","M","R","$","R","BOSS","M","?","$","?","?","E","R","E","T","M","M","M","$","?","R","BOSS","M","M","M","$","?","R","E","R","T","E","M","M","E","?","R","BOSS"],"items_purchased_type":["Card","Card","Potion","Card","Potion","Potion"],"build_version":"2020-12-22","purchased_purges":3,"victory":false,"max_hp_per_floor":[75,75,75,75,75,75,75,75,75,75,75,75,75,75,75,75,75,75,75,75,75,75,75,75,75,75,75,75,75,75,75,75,75,75,75,75,75,75,75,75,75,75,75,75,75,75,75,75,75,75,75],"card_choices":[{"not_picked":["Barrage","Turbo"],"picked":"Loop","floor":1},{"not_picked":["Aggregate","Stack"],"picked":"Streamline","floor":3},{"not_picked":["White Noise","Rainbow"],"picked":"Gash","floor":6},{"not_picked":["Loop","Double Energy"],"picked":"Scrape","floor":7},{"not_picked":["Redo","Aggregate","Hello World"],"picked":"SKIP","floor":8},{"not_picked":["Compile Driver","Cold Snap","Redo"],"picked":"SKIP","floor":12},{"not_picked":["Rebound","Ball Lightning+1"],"picked":"Static Discharge","floor":18},{"not_picked":["Redo","Consume+1","Aggregate+1"],"picked":"SKIP","floor":23},{"not_picked":["Melter","Hologram","Steam Power"],"picked":"SKIP","floor":25},{"not_picked":["Cold Snap+1","Lockon","Redo"],"picked":"SKIP","floor":27},{"not_picked":["Turbo","Hologram","Blizzard+1"],"picked":"SKIP","floor":28},{"not_picked":["Melter","Recycle","Fusion"],"picked":"SKIP","floor":29},{"not_picked":["Conserve Battery+1","Turbo+1","Rip and Tear+1"],"picked":"SKIP","floor":35},{"not_picked":["Beam Cell","Chill"],"picked":"BootSequence+1","floor":36},{"not_picked":["Redo+1","Echo Form"],"picked":"Beam Cell+1","floor":37},{"not_picked":["HandOfGreed","Deep Breath"],"picked":"Jack Of All Trades","floor":39},{"not_picked":["Fusion","Hologram","Reboot"],"picked":"SKIP","floor":41},{"not_picked":["White Noise","Echo Form+1"],"picked":"Hologram+1","floor":44},{"not_picked":["Sunder","Heatsinks+1"],"picked":"Gash","floor":45},{"not_picked":["Hologram","Sweeping Beam+1"],"picked":"Streamline+1","floor":46},{"not_picked":["Meteor Strike","Rip and Tear+1","Streamline"],"picked":"SKIP","floor":47}],"player_experience":146641,"relics_obtained":[{"floor":8,"key":"Emotion Chip"},{"floor":9,"key":"Eternal Feather"},{"floor":23,"key":"HornCleat"},{"floor":25,"key":"Akabeko"},{"floor":26,"key":"Bottled Flame"},{"floor":41,"key":"Bottled Lightning"},{"floor":43,"key":"Frozen Egg 2"},{"floor":44,"key":"Pen Nib"},{"floor":47,"key":"Whetstone"}],"event_choices":[{"damage_healed":0,"gold_gain":0,"player_choice":"Got Potions","damage_taken":0,"max_hp_gain":0,"max_hp_loss":0,"event_name":"Lab","floor":4,"gold_loss":0},{"damage_healed":0,"gold_gain":57,"player_choice":"Gained Gold","damage_taken":0,"max_hp_gain":0,"max_hp_loss":0,"event_name":"Golden Wing","floor":10,"gold_loss":0},{"damage_healed":0,"gold_gain":99,"player_choice":"Stole From Cult","damage_taken":0,"max_hp_gain":0,"max_hp_loss":0,"event_name":"Nest","floor":19,"gold_loss":0},{"cards_removed":["Defend_B"],"damage_healed":0,"gold_gain":0,"player_choice":"Elegance","damage_taken":0,"max_hp_gain":0,"max_hp_loss":0,"event_name":"Back to Basics","floor":21,"gold_loss":0},{"damage_healed":0,"gold_gain":0,"player_choice":"Paid Fearfully","damage_taken":0,"max_hp_gain":0,"max_hp_loss":0,"event_name":"Masked Bandits","floor":31,"gold_loss":67},{"damage_healed":0,"gold_gain":0,"player_choice":"Memory 1","damage_taken":0,"max_hp_gain":0,"max_hp_loss":0,"event_name":"SensoryStone","floor":39,"gold_loss":0},{"damage_healed":0,"gold_gain":0,"player_choice":"Ignored","damage_taken":0,"max_hp_gain":0,"max_hp_loss":0,"event_name":"Mysterious Sphere","floor":48,"gold_loss":0}],"is_beta":false,"boss_relics":[{"not_picked":["SacredBark","Black Star"],"picked":"Empty Cage"},{"not_picked":["Astrolabe","Philosopher\u0027s Stone"],"picked":"Nuclear Battery"}],"items_purged_floors":[2,11,20],"is_endless":false,"potions_floor_spawned":[1,6,23,28,33,35,41,45,47],"killed_by":"Donu and Deca","ascension_level":2}}