{"host":"tm8iu37e08ep7d0e","time":1613758418,"event":{"mods":["2.2 Compatiblity","AchievementEnabler","Aspiration","BaseMod","Best Route Mod","Better Match","Better Third Choice","BetterRewards","CCEM2","ChefMod","Colored Map","Gold Saver","Googly Eyes","Hermit","Ironclad Rager","Minty Spire (QoL Compilation)","Permanent Neow","Quick Restart","Shop Mod","StSLib","The Druid","The Hierophant","The Marked","The Necromancer","The Servant 0.9.4","TheWitcher"],"gold_per_floor":[626,334,346,364,383,409,409,39,39,39,39,39,39,39,39,116,116,126,126,137,137,149,149,182,182,208,242,242,42,42,62,62,139,139,158,158,171,196,206,206,240,73,73,101,101,118,137,156,156,156,156,156],"floor_reached":51,"language":"ENG","playtime":2327,"items_purged":["Strike_R","Strike_R","Strike_R","Strike_R","Strike_R","Bash"],"score":1886,"play_id":"3dcc2801-cfd2-4346-a2f4-87a478b3177c","local_time":"20210219111338","is_ascension_mode":true,"campfire_choices":[{"floor":7,"key":"REST"},{"data":"Armaments","floor":11,"key":"SMITH"},{"data":"Inflame","floor":13,"key":"SMITH"},{"floor":15,"key":"REST"},{"data":"Juggernaut","floor":23,"key":"SMITH"},{"data":"True Grit","floor":28,"key":"SMITH"},{"data":"Dark Embrace","floor":30,"key":"SMITH"},{"floor":32,"key":"REST"},{"data":"Disarm","floor":40,"key":"SMITH"},{"data":"Anger","floor":45,"key":"SMITH"},{"data":"Power Through","floor":49,"key":"SMITH"}],"circlet_count":0,"master_deck":["AscendersBane","Defend_R+1","Defend_R","Defend_R+1","Defend_R","Shrug It Off","Rage+1","Disarm","Power Through+1","Inflame+1","Twin Strike","Anger","Anger+1","Flex","Dark Embrace+1","Armaments+1","Juggernaut+1","True Grit+1","Disarm+1","Shrug It Off","Spot Weakness+1"],"relics":["Burning Blood","Unceasing Top","CCEMRelics:SoftDrink","Oddly Smooth Stone","Regal Pillow","CCEMRelics:GrindingGear","Toy Ornithopter","CCEMRelics:JestersCrown","CCEMRelics:LagavulinClaw","Busted Crown","CCEMRelics:LatexGloves","Nunchaku","CCEMRelics:FakeTeeth","aspiration:PoetsPen_weak","StoneCalendar","Dream Catcher","Strawberry","Mummified Hand","CCEMRelics:CarbonFilter"],"acts_visited":["Exordium","TheCity","TheBeyond"],"potions_floor_usage":[24,24,50],"damage_taken":[{"damage":0,"enemies":"Small Slimes","floor":1,"turns":6},{"damage":3,"enemies":"2 Louse","floor":3,"turns":3},{"damage":0,"enemies":"Cultist","floor":4,"turns":3},{"damage":3,"enemies":"2 Fungi Beasts","floor":5,"turns":4},{"damage":22,"enemies":"3 Sentries","floor":6,"turns":11},{"damage":61,"enemies":"Slime Boss","floor":16,"turns":11},{"damage":0,"enemies":"Spheric Guardian","floor":18,"turns":4},{"damage":0,"enemies":"Chosen","floor":20,"turns":6},{"damage":0,"enemies":"Snecko","floor":22,"turns":6},{"damage":10,"enemies":"Book of Stabbing","floor":24,"turns":6},{"damage":17,"enemies":"Gremlin Leader","floor":27,"turns":6},{"damage":0,"enemies":"Snake Plant","floor":31,"turns":3},{"damage":0,"enemies":"Collector","floor":33,"turns":6},{"damage":0,"enemies":"3 Shapes","floor":35,"turns":3},{"damage":0,"enemies":"Orb Walker","floor":37,"turns":3},{"damage":0,"enemies":"Mind Bloom Boss Battle","floor":38,"turns":6},{"damage":0,"enemies":"Jaw Worm Horde","floor":39,"turns":4},{"damage":31,"enemies":"Reptomancer","floor":41,"turns":6},{"damage":9,"enemies":"Giant Head","floor":44,"turns":6},{"damage":0,"enemies":"Sphere and 2 Shapes","floor":46,"turns":5},{"damage":0,"enemies":"Spire Growth","floor":47,"turns":4},{"damage":4,"enemies":"3 Darklings","floor":48,"turns":6},{"damage":35,"enemies":"Donu and Deca","floor":50,"turns":9},{"damage":49,"enemies":"Awakened One","floor":51,"turns":8}],"seed_played":"-7335704479876250316","potions_obtained":[{"floor":4,"key":"Block Potion"},{"floor":5,"key":"Weak Potion"},{"floor":24,"key":"Dexterity Potion"},{"floor":33,"key":"ElixirPotion"}],"is_trial":false,"path_per_floor":["M","$","M","M","M","E","R","$","T","$","R","?","R","?","R","B",null,"M","?","M","?","M","R","E","?","T","E","R","$","R","M","R","B",null,"M","$","M","?","M","R","E","$","T","E","R","M","M","M","R","B","B"],"character_chosen":"IRONCLAD","items_purchased":["CCEMRelics:SoftDrink","Oddly Smooth Stone","Shrug It Off","Regal Pillow","Rage","Disarm","Inflame","Twin Strike","Armaments","CCEMRelics:JestersCrown","Strawberry"],"campfire_rested":3,"item_purchase_floors":[0,0,0,0,0,0,2,2,8,8,42],"current_hp_per_floor":[19,19,22,28,31,15,52,52,52,52,52,52,52,29,66,11,59,65,69,75,54,60,60,66,66,66,55,55,55,55,61,80,80,80,80,80,80,80,80,80,55,62,62,59,59,65,71,73,73,49,0,0],"gold":156,"neow_bonus":"","is_daily":false,"chose_seed":false,"campfire_upgraded":8,"win_rate":0.0,"timestamp":1613758418,"path_taken":["M","$","M","M","M","E","R","$","T","$","R","?","R","?","R","BOSS","M","?","?","?","M","R","E","?","T","E","R","$","R","M","R","BOSS","M","$","M","?","M","R","E","$","T","E","R","M","M","M","R","BOSS","BOSS"],"items_purchased_type":["Relic","Relic","Card","Relic","Card","Card","Card","Card","Card","Relic","Relic"],"build_version":"2020-12-22","purchased_purges":6,"victory":false,"max_hp_per_floor":[75,75,75,75,75,75,75,75,75,75,75,75,75,75,75,75,75,75,75,75,80,80,80,80,80,80,80,80,80,80,80,80,80,80,80,80,80,80,80,80,80,87,87,87,87,87,87,87,87,87,87,87],"card_choices":[{"not_picked":["Second Wind","Havoc"],"picked":"Power Through","floor":1},{"not_picked":["Uppercut","Sword Boomerang"],"picked":"Anger","floor":3},{"not_picked":["Feel No Pain","Heavy Blade"],"picked":"Anger","floor":4},{"not_picked":["Perfected Strike","Feel No Pain"],"picked":"Flex","floor":5},{"not_picked":["Sever Soul","Perfected Strike"],"picked":"Dark Embrace","floor":6},{"not_picked":["Limit Break","Brutality"],"picked":"Juggernaut","floor":16},{"not_picked":["Combust"],"picked":"SKIP","floor":18},{"not_picked":["Twin Strike"],"picked":"SKIP","floor":20},{"not_picked":["Clash"],"picked":"SKIP","floor":22},{"not_picked":["Hemokinesis"],"picked":"SKIP","floor":24},{"not_picked":["Thunderclap"],"picked":"SKIP","floor":27},{"not_picked":["Twin Strike"],"picked":"SKIP","floor":31},{"not_picked":["Wild Strike+1"],"picked":"SKIP","floor":35},{"not_picked":[],"picked":"Disarm","floor":37},{"not_picked":[],"picked":"Shrug It Off","floor":38},{"not_picked":["True Grit"],"picked":"SKIP","floor":39},{"not_picked":[],"picked":"Spot Weakness+1","floor":41},{"not_picked":["Sword Boomerang"],"picked":"SKIP","floor":44},{"not_picked":["Disarm"],"picked":"SKIP","floor":46},{"not_picked":["Warcry"],"picked":"SKIP","floor":47},{"not_picked":["Clash+1"],"picked":"SKIP","floor":48}],"player_experience":1278536,"relics_obtained":[{"floor":6,"key":"Toy Ornithopter"},{"floor":9,"key":"CCEMRelics:LagavulinClaw"},{"floor":24,"key":"CCEMRelics:LatexGloves"},{"floor":26,"key":"Nunchaku"},{"floor":27,"key":"CCEMRelics:FakeTeeth"},{"floor":38,"key":"StoneCalendar"},{"floor":41,"key":"Dream Catcher"},{"floor":43,"key":"Mummified Hand"},{"floor":44,"key":"CCEMRelics:CarbonFilter"}],"event_choices":[{"damage_healed":0,"gold_gain":0,"player_choice":"Grow","damage_taken":0,"max_hp_gain":0,"max_hp_loss":0,"event_name":"Living Wall","floor":12,"gold_loss":0,"cards_upgraded":["Rage"]},{"damage_healed":52,"gold_gain":0,"player_choice":"Upgrade","damage_taken":23,"max_hp_gain":0,"max_hp_loss":75,"event_name":"betterThird:BetterShining","floor":14,"gold_loss":0,"cards_upgraded":["Defend_R","Defend_R"]},{"damage_healed":0,"gold_gain":0,"player_choice":"Shed Blood","damage_taken":26,"max_hp_gain":5,"max_hp_loss":0,"event_name":"Forgotten Altar","floor":21,"gold_loss":0},{"damage_healed":0,"gold_gain":0,"player_choice":"Read","damage_taken":0,"max_hp_gain":0,"max_hp_loss":0,"event_name":"The Library","floor":25,"gold_loss":0,"cards_obtained":["True Grit"]},{"damage_healed":0,"gold_gain":0,"player_choice":"Fight","damage_taken":0,"max_hp_gain":0,"max_hp_loss":0,"event_name":"MindBloom","floor":38,"gold_loss":0}],"is_beta":false,"boss_relics":[{"not_picked":["Sozu","Ectoplasm"],"picked":"Busted Crown"},{"not_picked":["aspiration:SecretTechniqueScroll","CCEMRelics:GreenEgg"],"picked":"aspiration:PoetsPen_weak"}],"items_purged_floors":[0,0,0,2,8,29],"is_endless":false,"potions_floor_spawned":[4,5,6,20,24,33,37,41,44,46],"killed_by":"Awakened One","ascension_level":20}}