{"host":"9rqxlbwknj581inl","time":1613771811,"event":{"mods":["AchievementEnabler","BaseMod","Colored Map","Colored Powertips","Dark Map","Highlight Path","Minty Spire (QoL Compilation)","Quick Restart","Random Character Button","Random Character Mod"],"gold_per_floor":[117,130,147,222,222,222,256,256,256,6,19,40,63,84,84,214,277,293,316,336,336,352,352,352,352],"floor_reached":24,"language":"ENG","playtime":5183,"items_purged":["Injury"],"score":202,"play_id":"680bed09-66c2-4b41-849d-15d4a605cf09","local_time":"20210219145651","is_ascension_mode":false,"campfire_choices":[{"data":"Vigilance","floor":6,"key":"SMITH"},{"data":"Eruption","floor":8,"key":"SMITH"},{"floor":15,"key":"REST"},{"data":"Establishment","floor":23,"key":"SMITH"}],"circlet_count":0,"master_deck":["Strike_P","Strike_P","Strike_P","Strike_P","Defend_P","Defend_P","Defend_P","Defend_P+1","Eruption+1","Vigilance+1","Swivel","CutThroughFate","CrushJoints","TalkToTheHand","PathToVictory","Wish","BattleHymn","ReachHeaven","Evaluate","Establishment+1","Study","Consecrate","SignatureMove","BowlingBash+1","Writhe","EmptyFist+1"],"relics":["PureWater","Golden Idol","Gambling Chip","StoneCalendar","Happy Flower","Tiny House","Question Card"],"acts_visited":["Exordium","TheCity"],"potions_floor_usage":[7,16,16,18,20],"damage_taken":[{"damage":1,"enemies":"2 Louse","floor":1,"turns":2},{"damage":0,"enemies":"Jaw Worm","floor":2,"turns":4},{"damage":2,"enemies":"Small Slimes","floor":3,"turns":3},{"damage":22,"enemies":"3 Sentries","floor":7,"turns":12},{"damage":21,"enemies":"Exordium Thugs","floor":11,"turns":5},{"damage":1,"enemies":"Red Slaver","floor":12,"turns":4},{"damage":2,"enemies":"2 Fungi Beasts","floor":13,"turns":3},{"damage":0,"enemies":"Looter","floor":14,"turns":2},{"damage":14,"enemies":"Hexaghost","floor":16,"turns":9},{"damage":28,"enemies":"Spheric Guardian","floor":18,"turns":6},{"damage":16,"enemies":"Shell Parasite","floor":19,"turns":5},{"damage":52,"enemies":"3 Cultists","floor":20,"turns":7},{"damage":20,"enemies":"Centurion and Healer","floor":22,"turns":4},{"damage":5,"enemies":"Gremlin Leader","floor":24,"turns":1}],"seed_played":"-6754343440182962750","potions_obtained":[{"floor":1,"key":"Fire Potion"},{"floor":12,"key":"Strength Potion"},{"floor":13,"key":"ColorlessPotion"},{"floor":16,"key":"Block Potion"},{"floor":17,"key":"FairyPotion"},{"floor":18,"key":"PowerPotion"}],"is_trial":false,"path_per_floor":["M","M","M","?","?","R","E","R","T","$","M","M","M","M","R","B",null,"M","M","M","?","M","R","E"],"character_chosen":"WATCHER","items_purchased":["Happy Flower","PathToVictory"],"campfire_rested":1,"item_purchase_floors":[10,10],"current_hp_per_floor":[78,78,76,65,65,65,43,43,43,43,22,21,19,19,42,28,84,56,40,25,25,5,5,0,0],"gold":352,"neow_bonus":"TEN_PERCENT_HP_BONUS","is_daily":false,"chose_seed":false,"campfire_upgraded":3,"win_rate":0.0,"timestamp":1613771811,"path_taken":["M","M","M","?","?","R","E","R","T","$","M","M","M","M","R","BOSS","M","M","M","?","M","R","E"],"items_purchased_type":["Relic","Card"],"build_version":"2020-12-22","purchased_purges":1,"victory":false,"max_hp_per_floor":[79,79,79,79,79,79,79,79,79,79,79,79,79,79,79,79,84,84,84,84,84,84,84,84,84],"card_choices":[{"not_picked":["FlyingSleeves","SashWhip"],"picked":"Swivel","floor":1},{"not_picked":["Worship","CrushJoints"],"picked":"CutThroughFate","floor":2},{"not_picked":["Halt","LikeWater"],"picked":"CrushJoints","floor":3},{"not_picked":["Wireheading","Study"],"picked":"TalkToTheHand","floor":7},{"not_picked":["ClearTheMind","ThirdEye"],"picked":"Wish","floor":11},{"not_picked":["Adaptation","Halt"],"picked":"BattleHymn","floor":12},{"not_picked":["BowlingBash","Wallop"],"picked":"ReachHeaven","floor":13},{"not_picked":["EmptyMind","FlyingSleeves"],"picked":"Evaluate","floor":14},{"not_picked":["DevaForm","ConjureBlade"],"picked":"Establishment","floor":16},{"not_picked":["Prostrate","FearNoEvil"],"picked":"Study","floor":17},{"not_picked":["PathToVictory+1","EmptyBody"],"picked":"Consecrate","floor":18},{"not_picked":["FlurryOfBlows+1","CrushJoints"],"picked":"SignatureMove","floor":19},{"not_picked":["ClearTheMind","WreathOfFlame"],"picked":"BowlingBash+1","floor":20},{"not_picked":["Study","Consecrate","JustLucky"],"picked":"EmptyFist+1","floor":22}],"player_experience":164541,"relics_obtained":[{"floor":7,"key":"Gambling Chip"},{"floor":9,"key":"StoneCalendar"}],"event_choices":[{"damage_healed":0,"gold_gain":75,"player_choice":"Gather Gold","damage_taken":11,"max_hp_gain":0,"max_hp_loss":0,"event_name":"World of Goop","floor":4,"gold_loss":0},{"damage_healed":0,"gold_gain":0,"player_choice":"Take Wound","damage_taken":0,"relics_obtained":["Golden Idol"],"max_hp_gain":0,"max_hp_loss":0,"event_name":"Golden Idol","floor":5,"gold_loss":0,"cards_obtained":["Injury"]},{"damage_healed":0,"gold_gain":0,"player_choice":"Opened","damage_taken":0,"relics_obtained":["Question Card"],"max_hp_gain":0,"max_hp_loss":0,"event_name":"The Mausoleum","floor":21,"gold_loss":0,"cards_obtained":["Writhe"]}],"is_beta":false,"boss_relics":[{"not_picked":["Sozu","Velvet Choker"],"picked":"Tiny House"}],"items_purged_floors":[10],"is_endless":false,"potions_floor_spawned":[1,12,13,16,18],"killed_by":"Gremlin Leader","ascension_level":0}}