{"host":"cbu6enf2xtq4r7r3","time":1613768498,"event":{"mods":["2.2 Compatiblity","AlwaysNeverKeys","BaseMod","Better Match","Better Note","Better Sensory Stone","Better Skull","Better Third Choice","Colored Map","Colored Powertips","Defuse TimeMaze Blight","Emptier Cage","Minty Spire (QoL Compilation)","Permanent Neow","Quick Restart","Random Character Button","Relic Sorter","Reorder Act Four","Shop Mod","StSLib"],"gold_per_floor":[212,287,304,184,201,201,226,226,226,256,275,285,316,16,16,121,121,131,131,147,164,178,178,203,203,226,258,277,308,326,96,96,196,196,216,216,216,216,228,260,272,19,19,39,70,120,149,164,164,164],"floor_reached":51,"language":"ENG","playtime":2981,"items_purged":["Strike_G","Strike_G","Sucker Punch"],"score":1037,"play_id":"a90b903f-f1dd-4516-93d6-a9da5cbabb9a","local_time":"20210219220138","is_ascension_mode":true,"campfire_choices":[{"data":"Noxious Fumes","floor":6,"key":"SMITH"},{"data":"Neutralize","floor":8,"key":"SMITH"},{"data":"Blur","floor":15,"key":"SMITH"},{"data":"Leg Sweep","floor":23,"key":"SMITH"},{"data":"Cloak And Dagger","floor":25,"key":"SMITH"},{"data":"Dodge and Roll","floor":32,"key":"SMITH"},{"floor":49,"key":"DIG"}],"circlet_count":0,"master_deck":["Defend_G","Defend_G","Defend_G+1","Defend_G+1","Defend_G","Survivor","Neutralize+1","Noxious Fumes+1","Quick Slash","Slice","All Out Attack","Glass Knife","Cloak And Dagger+1","Blur+1","PiercingWail","After Image+1","Noxious Fumes+1","Leg Sweep+1","Dodge and Roll+1","Setup+1","Heel Hook+1","Bullet Time+1","Blur+1","Deflect+1","Backflip","Dodge and Roll","Backflip","Blade Dance+1","Blur+1"],"relics":["Ring of the Snake","Busted Crown","Frozen Egg 2","Pantograph","Vajra","Membership Card","Singing Bowl","MealTicket","Ornamental Fan","Thread and Needle","Question Card","OrangePellets","MerchantsRug","White Beast Statue","Bottled Flame","Snake Skull","Shovel","Molten Egg 2","Shuriken"],"acts_visited":["Exordium","TheCity","TheBeyond"],"potions_floor_usage":[3,7,10,16,24,28,35,40,41,41,41,46,47,50,50,50],"damage_taken":[{"damage":3,"enemies":"Small Slimes","floor":1,"turns":6},{"damage":7,"enemies":"Cultist","floor":3,"turns":6},{"damage":0,"enemies":"Jaw Worm","floor":5,"turns":4},{"damage":17,"enemies":"Gremlin Nob","floor":7,"turns":5},{"damage":8,"enemies":"Lagavulin","floor":10,"turns":7},{"damage":13,"enemies":"Exordium Wildlife","floor":11,"turns":4},{"damage":1,"enemies":"Lots of Slimes","floor":12,"turns":4},{"damage":10,"enemies":"3 Sentries","floor":13,"turns":6},{"damage":10,"enemies":"Hexaghost","floor":16,"turns":10},{"damage":0,"enemies":"Spheric Guardian","floor":18,"turns":3},{"damage":0,"enemies":"Shell Parasite","floor":20,"turns":5},{"damage":4,"enemies":"Snake Plant","floor":21,"turns":4},{"damage":0,"enemies":"Chosen and Byrds","floor":22,"turns":5},{"damage":24,"enemies":"Slavers","floor":24,"turns":5},{"damage":2,"enemies":"Gremlin Leader","floor":27,"turns":8},{"damage":2,"enemies":"3 Cultists","floor":28,"turns":5},{"damage":10,"enemies":"Slavers","floor":29,"turns":5},{"damage":2,"enemies":"Sentry and Sphere","floor":30,"turns":6},{"damage":0,"enemies":"Automaton","floor":33,"turns":10},{"damage":0,"enemies":"3 Shapes","floor":35,"turns":4},{"damage":5,"enemies":"Orb Walker","floor":39,"turns":6},{"damage":21,"enemies":"Reptomancer","floor":40,"turns":8},{"damage":0,"enemies":"Jaw Worm Horde","floor":41,"turns":5},{"damage":0,"enemies":"4 Shapes","floor":44,"turns":9},{"damage":0,"enemies":"Giant Head","floor":45,"turns":2},{"damage":0,"enemies":"Mind Bloom Boss Battle","floor":46,"turns":9},{"damage":0,"enemies":"Reptomancer","floor":47,"turns":8},{"damage":0,"enemies":"Sphere and 2 Shapes","floor":48,"turns":7},{"damage":19,"enemies":"Awakened One","floor":50,"turns":15}],"seed_played":"-6522148578211720880","potions_obtained":[{"floor":1,"key":"ColorlessPotion"},{"floor":5,"key":"SkillPotion"},{"floor":7,"key":"Strength Potion"},{"floor":13,"key":"DistilledChaos"},{"floor":18,"key":"LiquidBronze"},{"floor":22,"key":"Weak Potion"},{"floor":27,"key":"LiquidMemories"},{"floor":29,"key":"DistilledChaos"},{"floor":39,"key":"Weak Potion"},{"floor":40,"key":"EntropicBrew"},{"floor":44,"key":"CultistPotion"},{"floor":46,"key":"LiquidBronze"},{"floor":47,"key":"GamblersBrew"},{"floor":48,"key":"BlessingOfTheForge"}],"is_trial":false,"path_per_floor":["M","?","M","$","M","R","E","R","T","E","M","M","E","$","R","B",null,"M","?","M","M","M","R","E","R","T","E","M","E","M","$","R","B",null,"M","?","?","?","M","E","M","$","T","M","E","?","E","M","R","B",null],"character_chosen":"THE_SILENT","items_purchased":["Quick Slash","Membership Card","Singing Bowl","PiercingWail","Thread and Needle","Dodge and Roll","OrangePellets","Backflip","MerchantsRug","White Beast Statue","Dodge and Roll"],"campfire_rested":0,"item_purchase_floors":[4,14,14,14,31,31,42,42,42,42,42],"current_hp_per_floor":[67,60,53,53,53,53,36,36,43,35,22,21,11,11,11,26,77,79,79,81,79,79,79,57,57,57,57,57,49,49,64,64,91,95,97,97,92,92,89,70,70,85,85,87,87,100,100,100,100,81],"gold":164,"neow_bonus":"HUNDRED_GOLD","is_daily":false,"chose_seed":false,"campfire_upgraded":6,"win_rate":0.0,"timestamp":1613768498,"path_taken":["M","?","M","$","?","R","E","R","T","E","M","M","E","$","R","BOSS","M","?","?","M","M","R","E","R","T","E","M","E","M","$","R","BOSS","M","?","?","?","M","E","?","$","T","M","E","?","E","M","R","BOSS"],"items_purchased_type":["Card","Relic","Relic","Card","Relic","Card","Relic","Card","Relic","Relic","Card"],"build_version":"2020-12-22","purchased_purges":3,"victory":true,"max_hp_per_floor":[70,70,70,70,70,70,70,70,77,77,77,77,77,77,77,77,77,79,79,81,83,83,83,85,85,85,87,89,91,93,93,93,95,95,97,97,92,92,94,96,96,96,96,98,98,100,100,100,100,100],"card_choices":[{"not_picked":["Dash","PiercingWail"],"picked":"Noxious Fumes","floor":1},{"not_picked":["Cloak And Dagger","Acrobatics"],"picked":"Sucker Punch","floor":3},{"not_picked":["Flying Knee","Setup"],"picked":"Slice","floor":5},{"not_picked":["Well Laid Plans+1","Masterful Stab"],"picked":"All Out Attack","floor":7},{"not_picked":["Dagger Throw","Endless Agony"],"picked":"Glass Knife","floor":10},{"not_picked":["Blade Dance","Slice"],"picked":"Cloak And Dagger","floor":11},{"not_picked":["Underhanded Strike","Acrobatics"],"picked":"Quick Slash","floor":12},{"not_picked":["Eviscerate","Distraction"],"picked":"Blur","floor":13},{"not_picked":["A Thousand Cuts+1","Doppelganger"],"picked":"After Image+1","floor":16},{"not_picked":["Outmaneuver"],"picked":"Singing Bowl","floor":18},{"not_picked":["Quick Slash"],"picked":"Singing Bowl","floor":20},{"not_picked":["Deadly Poison"],"picked":"Singing Bowl","floor":21},{"not_picked":[],"picked":"Leg Sweep","floor":22},{"not_picked":["Flying Knee"],"picked":"Singing Bowl","floor":24},{"not_picked":["Expertise+1"],"picked":"Singing Bowl","floor":27},{"not_picked":["Sucker Punch+1"],"picked":"Singing Bowl","floor":28},{"not_picked":["Riddle With Holes"],"picked":"Singing Bowl","floor":29},{"not_picked":["Sucker Punch"],"picked":"Singing Bowl","floor":30},{"not_picked":["A Thousand Cuts+1"],"picked":"Singing Bowl","floor":33},{"not_picked":["Quick Slash+1"],"picked":"Singing Bowl","floor":35},{"not_picked":["Quick Slash+1"],"picked":"Singing Bowl","floor":39},{"not_picked":["Deadly Poison"],"picked":"Singing Bowl","floor":40},{"not_picked":["Bouncing Flask"],"picked":"Deflect+1","floor":41},{"not_picked":["Heel Hook+1","Skewer+1"],"picked":"Singing Bowl","floor":44},{"not_picked":["Leg Sweep+1"],"picked":"Backflip","floor":45},{"not_picked":["Prepared","Dagger Spray"],"picked":"Singing Bowl","floor":46},{"not_picked":["Acrobatics+1"],"picked":"Blade Dance+1","floor":47},{"not_picked":["Phantasmal Killer"],"picked":"Blur+1","floor":48}],"player_experience":160795,"relics_obtained":[{"floor":7,"key":"Frozen Egg 2"},{"floor":9,"key":"Strawberry"},{"floor":10,"key":"Pantograph"},{"floor":13,"key":"Vajra"},{"floor":24,"key":"War Paint"},{"floor":26,"key":"MealTicket"},{"floor":27,"key":"Darkstone Periapt"},{"floor":29,"key":"Ornamental Fan"},{"floor":40,"key":"Question Card"},{"floor":43,"key":"Bottled Flame"},{"floor":45,"key":"Snake Skull"},{"floor":46,"key":"Shovel"},{"floor":47,"key":"Molten Egg 2"},{"floor":49,"key":"Shuriken"}],"event_choices":[{"damage_healed":0,"gold_gain":75,"player_choice":"Touch","damage_taken":7,"max_hp_gain":0,"max_hp_loss":0,"event_name":"FaceTrader","floor":2,"gold_loss":0},{"cards_removed":["Glass Knife"],"damage_healed":0,"gold_gain":0,"player_choice":"Take \u0026 Give","damage_taken":0,"max_hp_gain":0,"max_hp_loss":0,"event_name":"betterNote:BetterNote","floor":19,"gold_loss":0,"cards_obtained":["Noxious Fumes"]},{"cards_removed":["Quick Slash"],"damage_healed":0,"gold_gain":0,"player_choice":"Removed Attack","damage_taken":0,"max_hp_gain":0,"max_hp_loss":0,"event_name":"Falling","floor":36,"gold_loss":0},{"damage_healed":0,"gold_gain":0,"player_choice":"Max HP","damage_taken":0,"max_hp_gain":0,"max_hp_loss":5,"event_name":"Winding Halls","floor":37,"gold_loss":0},{"damage_healed":0,"gold_gain":0,"player_choice":"Copied","damage_taken":0,"max_hp_gain":0,"max_hp_loss":0,"event_name":"Duplicator","floor":38,"gold_loss":0,"cards_obtained":["Blur"]},{"damage_healed":0,"gold_gain":0,"player_choice":"Fight","damage_taken":0,"max_hp_gain":0,"max_hp_loss":0,"event_name":"MindBloom","floor":46,"gold_loss":0}],"is_beta":false,"boss_relics":[{"not_picked":["Ectoplasm","SlaversCollar"],"picked":"Busted Crown"},{"not_picked":["Snecko Eye","Cursed Key"],"picked":"Astrolabe"}],"items_purged_floors":[4,31,42],"is_endless":false,"potions_floor_spawned":[1,5,7,13,18,22,27,29,39,40,44,45,46,47,48],"ascension_level":1}}