{"host":"ty9fb48q9oru32qm","time":1613695708,"event":{"mods":["2.2 Compatiblity","AchievementEnabler","Act Like it!","Astrologer","BaseMod","Beaked The Cultist","Better Synergies","Block Reminder","Colored Powertips","Conspire","DeckTracker","Downfall","Ekko","Friendly Minions","GifTheSpireLib","Hermit","Hubris","Infinite Spire","Jorbs\u0027s Wanderer Trilogy","Marisa????????","Minty Spire (QoL Compilation)","Permanent Neow","Quick Restart","Random Character Button","Reliquary","Replay The Spire","Somnambulant","StSLib","Stuff the Spire","The Cursed","The Marked","The Runesmith","TheVacant"],"gold_per_floor":[99,118,128,128,128,148,148,58,158,175,186,220,220,230,249,349,349,349,362,379,397,412,443,523,523,536,587,627,627,627,250,266,374,374,374,391,406,456,558,658,658,192,207,239,257,257,257,257],"floor_reached":46,"language":"ENG","playtime":7057,"items_purged":["Regret","Pain","Spreading Infection"],"score":594,"play_id":"79103367-36e4-4c1d-83a9-f582b55e14c1","local_time":"20210219014828","is_ascension_mode":false,"campfire_choices":[{"data":"Replay:Bootleg Shield Generator","floor":1,"key":"SMITH"},{"data":"Hello World","floor":18,"key":"SMITH"},{"floor":30,"key":"REST"},{"data":"sneckomod:SerpentIdol","floor":35,"key":"SMITH"}],"circlet_count":0,"master_deck":["sneckomod:Strike","sneckomod:Strike","sneckomod:Strike","sneckomod:Defend","sneckomod:Defend","sneckomod:Defend","sneckomod:TailWhip","sneckomod:SnekBite","sneckomod:Unknown","sneckomod:Unknown","Replay:Bootleg Shield Generator+1","sneckomod:WideSting","sneckomod:UnknownBlock","hubris:Despair","sneckomod:SerpentIdol+1","sneckomod:DiceBoulder","sneckomod:SerpentIdol","Distraction","sneckomod:Unknown0Cost","sneckomod:UnknownBlock","sneckomod:UnknownVulnerable","Hello World+1","sneckomod:UnknownBoss","sneckomod:DefensiveFlair","sneckomod:PureSnecko","sneckomod:UnknownCommonSkill","sneckomod:DiceBlock","sneckomod:UnknownRarePower","sneckomod:CheapStock","infinitespire:Collect","sneckomod:UnknownBoss","sneckomod:UnendingSupply"],"relics":["sneckomod:SneckoSoul","m_SnakeBloodCore","StuffTheSpire:RedRose","StuffTheSpire:CocoNut","White Beast Statue","reliquary:IridiumChain","WarpedTongs","reliquary:ThirdArm","Ancient Tea Set","StuffTheSpire:ForceGauntlet","Ring of Misfortune","ReplayTheSpireMod:Ring of Collecting","Ring of Fangs","MealTicket","downfall:RedIOU","infinitespire:EmpoweringShard","hubris:GrandSneckoEye","StoneCalendar","Dream Catcher","hubris:CuriousFeather","Ring of Hypnosis","hubris:TenFootPole","hubris:AstralHammer","StuffTheSpire:PointBlank"],"acts_visited":["Exordium","TheCity","TheBeyond"],"potions_floor_usage":[12,19,21,23,32,33,40,40,43,46,46,46],"damage_taken":[{"damage":0,"enemies":"Small Slimes","floor":2,"turns":3},{"damage":4,"enemies":"conspire:RoseBush","floor":3,"turns":3},{"damage":3,"enemies":"Cultist","floor":6,"turns":4},{"damage":2,"enemies":"downfall:FleeingMerchant","floor":8,"turns":4},{"damage":37,"enemies":"downfall:LadyInBlue","floor":9,"turns":11},{"damage":5,"enemies":"2 Fungi Beasts","floor":10,"turns":3},{"damage":9,"enemies":"Red Slaver","floor":11,"turns":3},{"damage":3,"enemies":"Lagavulin","floor":12,"turns":6},{"damage":16,"enemies":"3 Louse","floor":14,"turns":4},{"damage":1,"enemies":"Exordium Wildlife","floor":15,"turns":2},{"damage":10,"enemies":"SI_SHIV_ARCHETYPE","floor":16,"turns":7},{"damage":23,"enemies":"downfall:LooterAlt2","floor":19,"turns":3},{"damage":11,"enemies":"Spheric Guardian","floor":20,"turns":4},{"damage":13,"enemies":"Centurion and Healer","floor":21,"turns":7},{"damage":31,"enemies":"Shelled Parasite and Fungi","floor":22,"turns":6},{"damage":20,"enemies":"Book of Stabbing","floor":23,"turns":5},{"damage":9,"enemies":"Sentry and Sphere","floor":26,"turns":5},{"damage":0,"enemies":"conspire:SneckoGhost","floor":28,"turns":6},{"damage":0,"enemies":"downfall:FleeingMerchant","floor":31,"turns":4},{"damage":27,"enemies":"3 Cultists","floor":32,"turns":5},{"damage":20,"enemies":"IC_MUSHROOM_ARCHETYPE","floor":33,"turns":10},{"damage":8,"enemies":"Orb Walker","floor":36,"turns":3},{"damage":18,"enemies":"3 Shapes","floor":37,"turns":3},{"damage":1,"enemies":"3 Shapes","floor":38,"turns":5},{"damage":49,"enemies":"infinitespire:Three Voidlings","floor":40,"turns":5},{"damage":29,"enemies":"Nightmare_Alpha","floor":40,"turns":8},{"damage":0,"enemies":"downfall:FleeingMerchant","floor":42,"turns":4},{"damage":36,"enemies":"Spire Growth","floor":43,"turns":4},{"damage":4,"enemies":"R_Hoarder","floor":44,"turns":5},{"damage":8,"enemies":"Jaw Worm Horde","floor":45,"turns":5},{"damage":19,"enemies":"Giant Head","floor":46,"turns":9}],"seed_played":"3897997761949317684","potions_obtained":[{"floor":3,"key":"FearPotion"},{"floor":9,"key":"LiquidBronze"},{"floor":9,"key":"LiquidMemories"},{"floor":9,"key":"Dexterity Potion"},{"floor":11,"key":"LiquidBronze"},{"floor":12,"key":"Fire Potion"},{"floor":14,"key":"champ:CounterPotion"},{"floor":15,"key":"Regen Potion"},{"floor":16,"key":"Elixir"},{"floor":19,"key":"ColorlessPotion"},{"floor":21,"key":"DistilledChaos"},{"floor":23,"key":"SteroidPotion"},{"floor":32,"key":"Adrenaline Potion"},{"floor":33,"key":"infinitespire:BlackPotion"},{"floor":40,"key":"EssenceOfSteel"},{"floor":42,"key":"Languid Potion"},{"floor":43,"key":"Fire Potion"}],"is_trial":false,"path_per_floor":["R","M","M","?","?","M","T","$","?","M","M","E","?","M","M","B",null,"R","M","M","M","M","E","T","?","M","T","E","?","R","$","M","B",null,"R","M","M","?","?","?","T","$","M","E","M","E"],"character_chosen":"THE_SNECKO","items_purchased":["infinitespire:EmpoweringShard","hubris:AstralHammer","sneckomod:UnendingSupply"],"campfire_rested":1,"item_purchase_floors":[31,42,42],"current_hp_per_floor":[90,90,86,86,86,86,93,94,60,58,52,52,52,39,41,34,97,97,77,69,76,48,31,31,31,25,25,28,28,57,75,51,34,99,99,94,79,81,81,37,37,55,22,21,16,0,0,0],"gold":257,"neow_bonus":"RANDOM_COLORLESS","is_daily":false,"chose_seed":false,"campfire_upgraded":3,"win_rate":0.0,"timestamp":1613695708,"path_taken":["R","M","M","?","?","M","T","$","?","M","?","E","?","?","M","BOSS","R","M","M","M","M","E","T","?","M","?","E","?","R","?","M","BOSS","R","M","M","?","?","?","T","$","M","E","M","E"],"items_purchased_type":["Relic","Relic","Card"],"build_version":"2020-12-22","purchased_purges":3,"victory":false,"max_hp_per_floor":[90,90,90,90,90,90,97,97,97,97,97,97,97,97,97,97,97,97,97,97,99,99,99,99,99,99,99,99,99,99,99,99,99,99,99,99,99,99,99,99,99,99,99,99,99,99,99,99],"card_choices":[{"not_picked":["Forethought","Panacea"],"picked":"Replay:Bootleg Shield Generator","floor":0},{"not_picked":["sneckomod:QuickBite","sneckomod:Memorize"],"picked":"sneckomod:WideSting","floor":2},{"not_picked":["sneckomod:RainOfDice","sneckomod:SlitherStrike"],"picked":"sneckomod:UnknownBlock","floor":3},{"not_picked":["sneckomod:DiceCrush","sneckomod:SnekBeam"],"picked":"sneckomod:SerpentIdol","floor":6},{"not_picked":["Havoc","ReplayTheSpireMod:LeadingStrike"],"picked":"sneckomod:DiceBoulder","floor":8},{"not_picked":["sneckomod:UnknownCommonAttack","sneckomod:IronFang"],"picked":"sneckomod:SerpentIdol","floor":9},{"not_picked":["sneckomod:QuickMove","sneckomod:SnakeSap"],"picked":"Distraction","floor":10},{"not_picked":["sneckomod:IronFang","Havoc"],"picked":"sneckomod:Unknown0Cost","floor":11},{"not_picked":["sneckomod:UnknownExhaust","sneckomod:Memorize"],"picked":"sneckomod:UnknownBlock","floor":12},{"not_picked":["sneckomod:QuickMove","sneckomod:Unknown2Cost"],"picked":"sneckomod:UnknownVulnerable","floor":14},{"not_picked":["sneckomod:UnknownUncommonAttack","sneckomod:DiceCrush"],"picked":"Hello World","floor":15},{"not_picked":["sneckomod:MorePower","Burst"],"picked":"sneckomod:UnknownBoss","floor":16},{"not_picked":["sneckomod:UnknownClassDEFAULT_GRAY_COLOR","sneckomod:RainOfDice"],"picked":"sneckomod:DefensiveFlair","floor":19},{"not_picked":["sneckomod:UnknownStrike","sneckomod:UnknownExhaust"],"picked":"sneckomod:PureSnecko","floor":20},{"not_picked":["sneckomod:UnknownClassINFINITE_BLACK","sneckomod:DiceBoulder"],"picked":"sneckomod:UnknownCommonSkill","floor":21},{"not_picked":["sneckomod:UnknownCommonAttack","sneckomod:IronFang"],"picked":"sneckomod:DiceBlock","floor":22},{"not_picked":["sneckomod:QuickBite","sneckomod:MorePower","sneckomod:UnknownUncommonAttack+1"],"picked":"SKIP","floor":23},{"not_picked":["sneckomod:QuickMove","sneckomod:SerpentIdol","sneckomod:DiceBoulder"],"picked":"SKIP","floor":26},{"not_picked":["sneckomod:UnknownClassWANDERER_GRAY_COLOR","sneckomod:Nope","sneckomod:ImprovisedGuard"],"picked":"SKIP","floor":28},{"not_picked":["sneckomod:SnakeSap","sneckomod:UnknownClassWANDERER_GRAY_COLOR"],"picked":"sneckomod:UnknownRarePower","floor":31},{"not_picked":["sneckomod:UnknownClassDEFAULT_GRAY_COLOR","sneckomod:MasterEye","sneckomod:UnknownCommonSkill"],"picked":"SKIP","floor":32},{"not_picked":["sneckomod:UnknownVulnerable","sneckomod:DefensiveFlair","sneckomod:Unknown2Cost+1"],"picked":"SKIP","floor":36},{"not_picked":["sneckomod:UnknownBlock+1","sneckomod:Rotation+1","sneckomod:QuickMove"],"picked":"SKIP","floor":37},{"not_picked":["sneckomod:UnknownBlock","sneckomod:SoulRoll"],"picked":"sneckomod:CheapStock","floor":38},{"not_picked":["infinitespire:FutureSight","infinitespire:Oblivion"],"picked":"infinitespire:Collect","floor":40},{"not_picked":["sneckomod:QuickBite+1","sneckomod:IronFang+1"],"picked":"sneckomod:UnknownBoss","floor":40},{"not_picked":["sneckomod:UnknownUncommonSkill+1","sneckomod:UnknownWeak","sneckomod:ImprovisedGuard"],"picked":"SKIP","floor":42},{"not_picked":["sneckomod:UnknownUncommonAttack+1","sneckomod:ImprovisedGuard+1","sneckomod:UnknownCommonAttack+1"],"picked":"SKIP","floor":43},{"not_picked":["sneckomod:Unknown1Cost","sneckomod:UnknownStrike","sneckomod:UnknownClassDEFAULT_GRAY_COLOR+1"],"picked":"SKIP","floor":44},{"not_picked":["sneckomod:UnendingSupply","sneckomod:IronFang","sneckomod:SerpentMind"],"picked":"SKIP","floor":45}],"player_experience":316891,"relics_obtained":[{"floor":7,"key":"StuffTheSpire:CocoNut"},{"floor":9,"key":"White Beast Statue"},{"floor":12,"key":"reliquary:IridiumChain"},{"floor":23,"key":"Ancient Tea Set"},{"floor":24,"key":"StuffTheSpire:ForceGauntlet"},{"floor":25,"key":"Ring of Misfortune"},{"floor":25,"key":"ReplayTheSpireMod:Ring of Collecting"},{"floor":27,"key":"Ring of Fangs"},{"floor":27,"key":"Lantern"},{"floor":28,"key":"MealTicket"},{"floor":38,"key":"StoneCalendar"},{"floor":39,"key":"Dream Catcher"},{"floor":40,"key":"hubris:CuriousFeather"},{"floor":41,"key":"Ring of Hypnosis"},{"floor":41,"key":"hubris:TenFootPole"},{"floor":44,"key":"StuffTheSpire:PointBlank"}],"event_choices":[{"damage_healed":0,"gold_gain":0,"player_choice":"Rummage","damage_taken":0,"relics_obtained":["WarpedTongs"],"max_hp_gain":0,"max_hp_loss":0,"event_name":"Accursed Blacksmith","floor":13,"gold_loss":0,"cards_obtained":["Pain"]}],"is_beta":false,"boss_relics":[{"not_picked":["SlaversCollar","Coffee Dripper"],"picked":"reliquary:ThirdArm"},{"not_picked":["Snecko Eye","conspire:RoyalGoblet"],"picked":"hubris:GrandSneckoEye"}],"items_purged_floors":[8,31,42],"is_endless":false,"potions_floor_spawned":[3,9,10,11,12,14,15,16,19,20,21,22,23,26,28,31,32,33,36,37,38,40,40,42,43,44,45],"killed_by":"Giant Head","ascension_level":0}}