{"host":"ibtxpp7hbhk6t4eo","time":1613700335,"event":{"mods":["Act Like it!","BaseMod","Gensokyo","Minty Spire (QoL Compilation)","MostiFishMod","Reimu£®≤©¿ˆ¡È√Œ£©","Relic Filter Mod","StSLib","The Cursed"],"gold_per_floor":[116,134,150,160,160,194,189,189,213,288,306,317,334,25,25,123,123,138,138,63,63,78,104,119,119,146,146,166,266,281,69,69,167,167,181,181,199,217,269,294,294,294,294,140,176,176,186,204,204,206],"floor_reached":51,"language":"ZHS","playtime":2658,"items_purged":["Pain","TheCursedMod:Defend_TheCursed"],"score":1056,"play_id":"0b5fb53e-9c36-4e59-b41d-cd3b9f5b0756","local_time":"20210219100535","is_ascension_mode":false,"campfire_choices":[{"data":"TheCursedMod:HellfireBreathing","floor":15.0,"key":"SMITH"},{"data":"TheCursedMod:CollectTribute","floor":25.0,"key":"SMITH"},{"data":"TheCursedMod:StingEye","floor":27.0,"key":"SMITH"},{"data":"TheCursedMod:CursedRelics","floor":32.0,"key":"SMITH"},{"data":"Enlightenment","floor":41.0,"key":"SMITH"},{"data":"TheCursedMod:SpreadPlague","floor":49,"key":"SMITH"}],"circlet_count":0,"master_deck":["TheCursedMod:Strike_TheCursed","TheCursedMod:Strike_TheCursed","TheCursedMod:Strike_TheCursed","TheCursedMod:Strike_TheCursed","TheCursedMod:Defend_TheCursed","TheCursedMod:Defend_TheCursed","TheCursedMod:Defend_TheCursed","TheCursedMod:CursedWand","TheCursedMod:CleanUpWorkshop","TheCursedMod:Dregs","TheCursedMod:SpitefulStrike","TheCursedMod:Torture+1","TheCursedMod:CircleOfCorruption","TheCursedMod:RapidMovement","TheCursedMod:Obscuration","TheCursedMod:HellfireBreathing+1","TheCursedMod:StingEye+1","TheCursedMod:CursedStaff","TheCursedMod:CollectTribute+1","TheCursedMod:Obscuration","TheCursedMod:TacticalStrike","TheCursedMod:CursedSpellbook","TheCursedMod:RapidMovement","TheCursedMod:CursedRelics+1","TheCursedMod:RapidMovement+1","TheCursedMod:Torture","TheCursedMod:SaltUponWound","TheCursedMod:NeowsMight+1","TheCursedMod:WearCloak+1","Enlightenment+1","TheCursedMod:CircleOfWindfury+1","TheCursedMod:SpreadPlague+1","MostiFishMod:KingOfFree+1","TheCursedMod:LuckyCharm+1","TheCursedMod:NeowsMight+1","TheCursedMod:Grudge+1","TheCursedMod:Hemoplague+1"],"relics":["TheCursedMod:BlackMagic101","DaveBox","NeowsBlessing","SynthV:TestCard","ImprovedEquipment","PreservedInsect","Potion Belt","SynthV","Anchor","FeatherPendant","WarpedTongs","SynthV:C4","Vajra","SentryEyes","Gremlin Horn","BrkXgEgg","Black Star","Gambling Chip","Regal Pillow","Bag of Marbles","Bottled Lightning","DiscerningMonocle","Oddly Smooth Stone","StoneCalendar","Lantern","Nunchaku"],"acts_visited":["Exordium","TheCity","TheBeyond"],"potions_floor_usage":[],"damage_taken":[{"damage":0.0,"enemies":"Cultist","floor":1.0,"turns":1.0},{"damage":0.0,"enemies":"Jaw Worm","floor":2.0,"turns":1.0},{"damage":0.0,"enemies":"2 Louse","floor":3.0,"turns":1.0},{"damage":9.0,"enemies":"Blue Slaver","floor":4.0,"turns":4.0},{"damage":15.0,"enemies":"3 Sentries","floor":6.0,"turns":9.0},{"damage":0.0,"enemies":"Looter","floor":7.0,"turns":4.0},{"damage":9.0,"enemies":"Exordium Thugs","floor":11.0,"turns":6.0},{"damage":0.0,"enemies":"Blue Slaver","floor":12.0,"turns":4.0},{"damage":0.0,"enemies":"Gremlin Gang","floor":13.0,"turns":4.0},{"damage":3.0,"enemies":"The Guardian","floor":16.0,"turns":7.0},{"damage":0.0,"enemies":"Spheric Guardian","floor":18.0,"turns":1.0},{"damage":0.0,"enemies":"2 Thieves","floor":22.0,"turns":3.0},{"damage":0.0,"enemies":"Gremlin Leader","floor":23.0,"turns":3.0},{"damage":0.0,"enemies":"Chosen and Byrds","floor":24.0,"turns":3.0},{"damage":4.0,"enemies":"3 Cultists","floor":28.0,"turns":2.0},{"damage":0.0,"enemies":"Colosseum Slavers","floor":29.0,"turns":2.0},{"damage":0.0,"enemies":"Colosseum Nobs","floor":29.0,"turns":2.0},{"damage":0.0,"enemies":"Snecko","floor":30.0,"turns":1.0},{"damage":0.0,"enemies":"Automaton","floor":33.0,"turns":3.0},{"damage":0.0,"enemies":"3 Darklings","floor":35.0,"turns":2.0},{"damage":0.0,"enemies":"Orb Walker","floor":37.0,"turns":2.0},{"damage":0.0,"enemies":"Sphere and 2 Shapes","floor":38.0,"turns":1.0},{"damage":0.0,"enemies":"2 Orb Walkers","floor":39.0,"turns":1.0},{"damage":0.0,"enemies":"Nemesis","floor":40.0,"turns":1.0},{"damage":0,"enemies":"Reptomancer","floor":45,"turns":2},{"damage":0,"enemies":"Jaw Worm Horde","floor":47,"turns":1},{"damage":6,"enemies":"4 Shapes","floor":48,"turns":2},{"damage":0,"enemies":"Donu and Deca","floor":50,"turns":1}],"seed_played":"582466646769354494","potions_obtained":[{"floor":2.0,"key":"Block Potion"},{"floor":4.0,"key":"Swift Potion"},{"floor":6.0,"key":"Strength Potion"},{"floor":11.0,"key":"CultistPotion"},{"floor":12.0,"key":"ColorlessPotion"},{"floor":13.0,"key":"Dexterity Potion"},{"floor":22.0,"key":"MagicPotion:ReiMu"},{"floor":33.0,"key":"Explosive Potion"},{"floor":38.0,"key":"LiquidMemories"}],"is_trial":false,"path_per_floor":["M","M","M","M","?","E","M","?","T","?","M","M","M","$","R","B",null,"M","?","$","?","M","E","M","R","T","R","M","?","M","$","R","B",null,"M","?","M","M","?","E","R","?","T","$","E","?","M","M","R","B",null],"character_chosen":"THE_CURSED","items_purchased":["SynthV","Anchor","BrkXgEgg","TheCursedMod:SaltUponWound","DiscerningMonocle","Oddly Smooth Stone","StoneCalendar","MostiFishMod:KingOfFree+1"],"campfire_rested":0,"item_purchase_floors":[14,14,31,31,44,44,44,44],"current_hp_per_floor":[75,75,75,66,66,51,51,56,56,45,36,36,36,36,36,33,80,80,80,80,80,80,80,80,80,80,80,76,76,76,76,76,76,80,80,80,80,80,80,80,80,80,80,80,80,80,80,74,74,76],"gold":206,"neow_bonus":"THREE_ENEMY_KILL","is_daily":false,"chose_seed":false,"campfire_upgraded":6,"win_rate":0.0,"timestamp":1613700335,"path_taken":["M","M","M","M","?","E","M","?","T","?","M","M","M","?","R","BOSS","M","?","?","?","M","E","?","R","T","R","M","?","M","$","R","BOSS","M","?","M","M","?","E","R","?","T","$","E","?","M","?","R","BOSS"],"items_purchased_type":["Relic","Relic","Relic","Card","Relic","Relic","Relic","Card"],"build_version":"2020-12-22","purchased_purges":2,"victory":true,"max_hp_per_floor":[75,75,75,75,75,75,75,80,80,80,80,80,80,80,80,80,80,80,80,80,80,80,80,80,80,80,80,80,80,80,80,80,80,80,80,80,80,80,80,80,80,80,80,80,80,80,80,80,80,80],"card_choices":[{"not_picked":["TheCursedMod:VitalStrike","TheCursedMod:CircleOfFocus"],"picked":"TheCursedMod:SpitefulStrike","floor":1.0},{"not_picked":["TheCursedMod:SpitefulStrike","TheCursedMod:FleshFromBone","TheCursedMod:SoulReap","TheCursedMod:CircleOfAmplification"],"picked":"TheCursedMod:Torture","floor":2.0},{"not_picked":["TheCursedMod:ReleasedStrength","TheCursedMod:SpitefulStrike","TheCursedMod:Torture","TheCursedMod:CircleOfFocus"],"picked":"TheCursedMod:CircleOfCorruption","floor":3.0},{"not_picked":["TheCursedMod:CursedArmor","TheCursedMod:ManaBullet","TheCursedMod:CircleOfFlame","TheCursedMod:SpitefulStrike"],"picked":"TheCursedMod:RapidMovement","floor":4.0},{"not_picked":["TheCursedMod:BloodBarrier","TheCursedMod:WearCloak","TheCursedMod:ReleasedStrength","TheCursedMod:FuryStrike"],"picked":"TheCursedMod:CursedArmor","floor":6.0},{"not_picked":["TheCursedMod:Stigma","TheCursedMod:SurpriseAttack","TheCursedMod:TacticalStrike","TheCursedMod:AbyssShockwave"],"picked":"TheCursedMod:Obscuration","floor":7.0},{"not_picked":["TheCursedMod:SpitefulStrike","TheCursedMod:CursedBoomerang","TheCursedMod:FleshFromBone","TheCursedMod:BlessingInDisguise"],"picked":"TheCursedMod:HellfireBreathing","floor":11.0},{"not_picked":["TheCursedMod:AshesToAshes","TheCursedMod:CircleOfFocus","TheCursedMod:CursedAmulet","TheCursedMod:Wield"],"picked":"TheCursedMod:StingEye","floor":12.0},{"not_picked":["TheCursedMod:Neurasthenia","TheCursedMod:CircleOfAmplification","TheCursedMod:PrepareRite","TheCursedMod:RapidMovement"],"picked":"TheCursedMod:CursedStaff","floor":13.0},{"not_picked":["TheCursedMod:CircleOfAbyss","TheCursedMod:Neurasthenia","TheCursedMod:DemonicPact","TheCursedMod:StunningStrike"],"picked":"TheCursedMod:CollectTribute","floor":16.0},{"not_picked":["TheCursedMod:CursedBlade+1","TheCursedMod:RapidMovement","TheCursedMod:EmpowerCircles","TheCursedMod:CircleOfCorruption+1"],"picked":"TheCursedMod:Obscuration","floor":18.0},{"not_picked":["TheCursedMod:FleshFromBone","TheCursedMod:Stretching+1","TheCursedMod:ReleasedKnowledge","TheCursedMod:CircleOfAmplification"],"picked":"TheCursedMod:TacticalStrike","floor":22.0},{"not_picked":["TheCursedMod:CircleOfFlame","TheCursedMod:SpitefulStrike","TheCursedMod:Obscuration","TheCursedMod:TacticalStrike"],"picked":"TheCursedMod:CursedSpellbook","floor":23.0},{"not_picked":["TheCursedMod:TacticalStrike","TheCursedMod:CursedBoomerang","TheCursedMod:Wield","TheCursedMod:AshesToAshes"],"picked":"TheCursedMod:RapidMovement","floor":24.0},{"not_picked":["TheCursedMod:Obscuration+1","TheCursedMod:AshesToAshes","TheCursedMod:SurpriseAttack","TheCursedMod:FleshFromBone"],"picked":"TheCursedMod:CursedRelics","floor":28.0},{"not_picked":["TheCursedMod:Stretching","TheCursedMod:Torture","TheCursedMod:HellsGateOpen","TheCursedMod:RavingStaff+1"],"picked":"TheCursedMod:RapidMovement+1","floor":29.0},{"not_picked":["TheCursedMod:SmokeScreen","TheCursedMod:DoubleShield","TheCursedMod:ManaBullet+1","TheCursedMod:Stigma"],"picked":"TheCursedMod:Torture","floor":30.0},{"not_picked":["TheCursedMod:StunningStrike+1","TheCursedMod:ShockAndAwe+1","TheCursedMod:UltimatePain+1","TheCursedMod:DemonicPact+1"],"picked":"TheCursedMod:NeowsMight+1","floor":33.0},{"not_picked":["TheCursedMod:SoulCrush","TheCursedMod:CursedAmulet+1","TheCursedMod:CircleOfCorruption","TheCursedMod:AbyssShockwave+1"],"picked":"TheCursedMod:WearCloak+1","floor":35.0},{"not_picked":["PanicButton","Mind Blast","Transmutation+1","Panacea"],"picked":"Enlightenment","floor":36.0},{"not_picked":["TheCursedMod:FleshFromBone","TheCursedMod:CursedMace+1","TheCursedMod:WearCloak","TheCursedMod:SurpriseAttack+1","TheCursedMod:SoulCrush+1"],"picked":"SKIP","floor":37.0},{"not_picked":["TheCursedMod:CursedShiv","TheCursedMod:HellsGateOpen","TheCursedMod:RavingStaff","TheCursedMod:SpitefulStrike"],"picked":"TheCursedMod:CircleOfWindfury+1","floor":38.0},{"not_picked":["TheCursedMod:CursedShiv+1","TheCursedMod:RavingStaff","TheCursedMod:Obscuration","TheCursedMod:HellsGateOpen+1"],"picked":"TheCursedMod:SpreadPlague","floor":39.0},{"not_picked":["TheCursedMod:Obscuration+1","TheCursedMod:Neurasthenia+1","TheCursedMod:ReleasedStrength","TheCursedMod:AshesToAshes+1"],"picked":"TheCursedMod:Wield+1","floor":40.0},{"not_picked":["TheCursedMod:TacticalStrike+1","TheCursedMod:Obscuration","TheCursedMod:AshesToAshes+1","TheCursedMod:CircleOfCorruption+1"],"picked":"TheCursedMod:LuckyCharm+1","floor":45},{"not_picked":["TheCursedMod:BlessingInDisguise","TheCursedMod:CursedShiv","TheCursedMod:CursedMace+1","TheCursedMod:SmokeScreen"],"picked":"TheCursedMod:Grudge+1","floor":47},{"not_picked":["TheCursedMod:WearCloak+1","TheCursedMod:CursedStaff+1","TheCursedMod:CursedAmulet+1","TheCursedMod:RapidMovement+1"],"picked":"TheCursedMod:Hemoplague+1","floor":48}],"player_experience":39410,"relics_obtained":[{"floor":1.0,"key":"SynthV:TestCard"},{"floor":6.0,"key":"PreservedInsect"},{"floor":9.0,"key":"Potion Belt"},{"floor":23.0,"key":"SynthV:C4"},{"floor":26.0,"key":"Vajra"},{"floor":29.0,"key":"SentryEyes"},{"floor":29.0,"key":"Gremlin Horn"},{"floor":39.0,"key":"Gambling Chip"},{"floor":40.0,"key":"Regal Pillow"},{"floor":40.0,"key":"Bag of Marbles"},{"floor":43,"key":"Bottled Lightning"},{"floor":45,"key":"Lantern"},{"floor":45,"key":"Nunchaku"}],"event_choices":[{"damage_healed":0.0,"max_hp_gain":0.0,"max_hp_loss":0.0,"gold_gain":0.0,"event_name":"Living Wall","player_choice":"Grow","floor":5.0,"gold_loss":0.0,"damage_taken":0.0,"cards_upgraded":["TheCursedMod:Torture"]},{"damage_healed":0.0,"max_hp_gain":5.0,"max_hp_loss":0.0,"gold_gain":0.0,"event_name":"Big Fish","player_choice":"Donut","floor":8.0,"gold_loss":0.0,"damage_taken":0.0},{"damage_healed":0.0,"max_hp_gain":0.0,"max_hp_loss":0.0,"gold_gain":75.0,"event_name":"World of Goop","player_choice":"Gather Gold","floor":10.0,"gold_loss":0.0,"damage_taken":11.0},{"damage_healed":0.0,"max_hp_gain":0.0,"max_hp_loss":0.0,"gold_gain":0.0,"event_name":"Accursed Blacksmith","player_choice":"Rummage","floor":19.0,"gold_loss":0.0,"damage_taken":0.0,"relics_obtained":["WarpedTongs"],"cards_obtained":["Pain"]},{"cards_removed":["TheCursedMod:CursedArmor"],"damage_healed":0.0,"max_hp_gain":0.0,"max_hp_loss":0.0,"gold_gain":0.0,"event_name":"Bonfire Elementals","player_choice":"Offered Uncommon","floor":21.0,"gold_loss":0.0,"damage_taken":0.0},{"damage_healed":0.0,"max_hp_gain":0.0,"max_hp_loss":0.0,"gold_gain":0.0,"event_name":"Colosseum","player_choice":"Fight","floor":29.0,"gold_loss":0.0,"damage_taken":0.0},{"damage_healed":0.0,"max_hp_gain":0.0,"max_hp_loss":0.0,"gold_gain":0.0,"event_name":"Colosseum","player_choice":"Fought Nobs","floor":29.0,"gold_loss":0.0,"damage_taken":0.0},{"damage_healed":0.0,"max_hp_gain":0.0,"max_hp_loss":0.0,"gold_gain":0.0,"event_name":"SensoryStone","player_choice":"Memory 1","floor":36.0,"gold_loss":0.0,"damage_taken":0.0},{"damage_healed":0.0,"max_hp_gain":0.0,"max_hp_loss":0.0,"gold_gain":0.0,"event_name":"Mysterious Sphere","player_choice":"Fight","floor":39.0,"gold_loss":0.0,"damage_taken":0.0},{"cards_removed":["TheCursedMod:Wield"],"damage_healed":0.0,"max_hp_gain":0.0,"max_hp_loss":0.0,"gold_gain":0.0,"event_name":"Falling","player_choice":"Removed Attack","floor":42.0,"gold_loss":0.0,"damage_taken":0.0},{"damage_healed":0,"gold_gain":0,"player_choice":"Copied","damage_taken":0,"max_hp_gain":0,"max_hp_loss":0,"event_name":"Duplicator","floor":46,"gold_loss":0,"cards_obtained":["TheCursedMod:NeowsMight"]}],"is_beta":false,"boss_relics":[{"not_picked":["TheCursedMod:FourLeafCloverCharm","Cursed Key"],"picked":"FeatherPendant"},{"not_picked":["TimeKeys","HereWithMe"],"picked":"Black Star"}],"items_purged_floors":[20,44],"is_endless":false,"potions_floor_spawned":[2,4,6,11,12,13,22,29,33,38,39,40,48],"ascension_level":0}}