{"host":"pm6tps78s2qrawcb","time":1613777817,"event":{"mods":["BaseMod","BetterRewards","Colored Map","Downfall","Hubris","Infinite Spire","Mimic Mod","Minty Spire (QoL Compilation)","Reliquary","Replay The Spire","Shop Mod","StSLib"],"gold_per_floor":[363,69,69,87,118,118,118,146,185,211,231,231,231,265,17,35,35,134,134,144,155,173,190,53,80,80,96,122,122,155,155,155,168,168,265,265,278,26,0,0,16,49,68,68,68,68,101,1,1,1,1,1,1],"floor_reached":52,"language":"ENG","playtime":12057,"items_purged":["Amnesia","Recycle"],"score":671,"play_id":"1fba47e5-5a16-431b-b2a9-016e914b3233","local_time":"20210219233657","is_ascension_mode":true,"campfire_choices":[{"data":"Pot Of Greed","floor":6.0,"key":"SMITH"},{"floor":17.0,"key":"REST"},{"data":"Pot Of Greed","floor":26.0,"key":"SMITH"},{"data":"Seek","floor":29.0,"key":"SMITH"},{"data":"ReplayTheSpireMod:Omega Cannon","floor":34.0,"key":"SMITH"},{"data":"Crystallizer","floor":46.0,"key":"SMITH"},{"floor":49,"key":"REST"},{"floor":51,"key":"REST"}],"circlet_count":0,"master_deck":["Strike_B+1","Strike_B","Defend_B","Defend_B","Defend_B+1","Defend_B","Zap","Dualcast","Defragment","Crystallizer+1","Tempest","Barrage","Pot Of Greed+1","Pot Of Greed","Leap","Heatsinks","Static Discharge","Core Surge","Ball Lightning","Defragment","ReplayTheSpireMod:Brewmster","Panic Button+1","Leap","Sweeping Beam+1","Seek+1","Pot Of Greed+1","Biased Cognition","Conserve Battery","Double Energy","J.A.X.","ReplayTheSpireMod:Omega Cannon+1","Biased Cognition","Capacitor+1","ReplayTheSpireMod:Brewmster","Self Repair","Consume+1","Recycle+1","Biased Cognition","Double Energy","Double Energy+1","Stack"],"relics":["Cracked Core","Replay:Rubber Ducky","Letter Opener","ReplayTheSpireMod:Lightbulb","Emotion Chip","MerchantsRug","Philosopher\u0027s Stone","Potion Belt","Geode","Centennial Puzzle","Prayer Wheel","reliquary:WritOfMandamus","Runic Capacitor","Red Mask","Peace Pipe","hubris:Towel","reliquary:HotPoker","reliquary:FerryPass"],"acts_visited":["Exordium","TheCity","TheBeyond"],"potions_floor_usage":[47,47,47,52,52,52,52,52],"damage_taken":[{"damage":6.0,"enemies":"Jaw Worm","floor":1.0,"turns":3.0},{"damage":3.0,"enemies":"Cultist","floor":4.0,"turns":3.0},{"damage":1.0,"enemies":"Small Slimes","floor":5.0,"turns":5.0},{"damage":14.0,"enemies":"3 Sentries","floor":8.0,"turns":6.0},{"damage":0.0,"enemies":"Small Slimes","floor":9.0,"turns":4.0},{"damage":11.0,"enemies":"Gremlin Nob","floor":10.0,"turns":4.0},{"damage":4.0,"enemies":"Small Slimes","floor":11.0,"turns":2.0},{"damage":4.0,"enemies":"Lagavulin","floor":14.0,"turns":4.0},{"damage":4.0,"enemies":"Blue Slaver","floor":16.0,"turns":3.0},{"damage":8.0,"enemies":"The Guardian","floor":18.0,"turns":8.0},{"damage":5.0,"enemies":"Shell Parasite","floor":20.0,"turns":4.0},{"damage":15.0,"enemies":"2 Thieves","floor":21.0,"turns":4.0},{"damage":13.0,"enemies":"3 Cultists","floor":22.0,"turns":5.0},{"damage":0.0,"enemies":"Chosen and Byrds","floor":23.0,"turns":5.0},{"damage":16.0,"enemies":"Book of Stabbing","floor":25.0,"turns":6.0},{"damage":0.0,"enemies":"Shelled Parasite and Fungi","floor":27.0,"turns":6.0},{"damage":0.0,"enemies":"Nightmare","floor":30.0,"turns":6.0},{"damage":4.0,"enemies":"Snake Plant","floor":33.0,"turns":3.0},{"damage":10.0,"enemies":"Collector","floor":35.0,"turns":6.0},{"damage":4.0,"enemies":"3 Shapes","floor":37.0,"turns":5.0},{"damage":30.0,"enemies":"3 Darklings","floor":41.0,"turns":3.0},{"damage":26.0,"enemies":"Giant Head","floor":42.0,"turns":6.0},{"damage":31.0,"enemies":"Jaw Worm Horde","floor":43.0,"turns":3.0},{"damage":22,"enemies":"Nemesis","floor":47,"turns":4},{"damage":60,"enemies":"Time Eater","floor":52,"turns":5}],"seed_played":"-1482494300804941304","potions_obtained":[{"floor":1.0,"key":"Fruit Juice"},{"floor":10.0,"key":"Flashbang"},{"floor":14.0,"key":"Weak Potion"},{"floor":16.0,"key":"SteroidPotion"},{"floor":21.0,"key":"Dexterity Potion"},{"floor":22.0,"key":"LifebloodPotion"},{"floor":25.0,"key":"hexamod:SoulburnPotion"},{"floor":33.0,"key":"EntropicBrew"},{"floor":40.0,"key":"Milkshake"},{"floor":40.0,"key":"SpeedPotion"},{"floor":40.0,"key":"Ancient Potion"},{"floor":42.0,"key":"DuplicationPotion"},{"floor":43.0,"key":"Fire Potion"},{"floor":47,"key":"PotionOfCapacity"}],"is_trial":false,"path_per_floor":["M","$","?","M","MIM","R","?","E","MIM","E","M","PTL","PTL","E","$","M","R","B",null,"M","M","M","M","$","E","R","M","T","R","NM","?","?","M","R","B",null,"M","$","?","?","M","E","M","?","T","R","E","$","R","?","R","B"],"character_chosen":"DEFECT","items_purchased":["Replay:Rubber Ducky","Crystallizer","MerchantsRug","ReplayTheSpireMod:Brewmster","Seek","ReplayTheSpireMod:Brewmster","Self Repair","Runic Capacitor"],"campfire_rested":3,"item_purchase_floors":[2,2,15,15,24,38,38,38],"current_hp_per_floor":[74,74,74,71,70,70,45,31,31,20,16,16,16,12,12,8,32,24,80,75,60,47,47,47,31,31,61,61,61,61,61,61,57,57,62,80,76,76,76,76,53,34,26,26,26,26,4,4,28,28,52,0,0],"gold":1,"neow_bonus":"TWO_FIFTY_GOLD","is_daily":false,"chose_seed":false,"campfire_upgraded":5,"win_rate":0.0,"timestamp":1613777817,"path_taken":["M","$","?","?","?","R","?","E","MIM","E","M","PTL","PTL","E","$","M","R","BOSS","M","M","M","M","$","E","R","M","T","R","NM","?","?","M","R","BOSS","M","$","?","?","M","E","?","?","T","R","E","$","R","?","R","BOSS"],"items_purchased_type":["Relic","Card","Relic","Card","Card","Card","Card","Relic"],"build_version":"2020-12-22","purchased_purges":2,"victory":false,"max_hp_per_floor":[80,80,80,80,80,80,80,80,80,80,80,80,80,80,80,80,80,80,80,80,80,80,80,80,80,80,80,80,80,80,80,80,80,80,80,80,80,80,80,80,80,80,80,80,80,80,80,80,80,80,80,80,80],"card_choices":[{"not_picked":["Hologram","Turbo"],"picked":"Defragment","floor":1.0},{"not_picked":["BasicCrystalCard","hubris:PowerSurge"],"picked":"Barrage","floor":4.0},{"not_picked":["Rebound","Steam Power"],"picked":"Leap","floor":5.0},{"not_picked":["Coolheaded","Hologram"],"picked":"Heatsinks","floor":8.0},{"not_picked":["Crystallizer","Leap"],"picked":"Static Discharge","floor":9.0},{"not_picked":["Turbo","BootSequence"],"picked":"Core Surge","floor":10.0},{"not_picked":["Barrage","BasicCrystalCard"],"picked":"Ball Lightning","floor":11.0},{"not_picked":["Redo","Reboot"],"picked":"Defragment","floor":14.0},{"not_picked":["Heatsinks","Reprogram","Sunder"],"picked":"SKIP","floor":16.0},{"not_picked":["Steam","Turbo+1","Barrage"],"picked":"SKIP","floor":20.0},{"not_picked":["Gash","Beam Cell+1"],"picked":"Panic Button+1","floor":21.0},{"not_picked":["Gash+1","Steam"],"picked":"Leap","floor":22.0},{"not_picked":["Stack","Ball Lightning"],"picked":"Sweeping Beam+1","floor":23.0},{"not_picked":["Rebound","Aggregate"],"picked":"Biased Cognition","floor":25.0},{"not_picked":["Steam+1","Panic Button"],"picked":"Conserve Battery","floor":27.0},{"not_picked":["Doom and Gloom+1","Rebound+1"],"picked":"Double Energy","floor":30.0},{"not_picked":["Cold Snap","Steam"],"picked":"ReplayTheSpireMod:Omega Cannon","floor":33.0},{"not_picked":["Fission","Reboot"],"picked":"Biased Cognition","floor":35.0},{"not_picked":["Compile Driver","Beam Cell"],"picked":"Capacitor+1","floor":37.0},{"not_picked":["Barrage","Leap"],"picked":"Recycle","floor":37.0},{"not_picked":["Rebound+1","Barrage+1"],"picked":"Consume+1","floor":41.0},{"not_picked":["Melter+1","Conserve Battery+1"],"picked":"Recycle+1","floor":41.0},{"not_picked":["Go for the Eyes","Streamline"],"picked":"Biased Cognition","floor":42.0},{"not_picked":["Coolheaded","Doom and Gloom"],"picked":"Double Energy","floor":43.0},{"not_picked":["Redo+1","Steam+1"],"picked":"Double Energy+1","floor":43.0},{"not_picked":["Sweeping Beam","Doom and Gloom+1"],"picked":"Stack","floor":47}],"player_experience":315652,"relics_obtained":[{"floor":5.0,"key":"Grinning Jar"},{"floor":8.0,"key":"Simple Rune"},{"floor":9.0,"key":"ReplayTheSpireMod:Lightbulb"},{"floor":10.0,"key":"Emotion Chip"},{"floor":14.0,"key":"hubris:AstralHammer"},{"floor":25.0,"key":"Potion Belt"},{"floor":28.0,"key":"Geode"},{"floor":30.0,"key":"Centennial Puzzle"},{"floor":42.0,"key":"Peace Pipe"},{"floor":45.0,"key":"reliquary:HotPoker"},{"floor":47,"key":"reliquary:FerryPass"}],"event_choices":[{"damage_healed":0.0,"max_hp_gain":0.0,"max_hp_loss":0.0,"gold_gain":0.0,"cards_transformed":["Strike_B"],"event_name":"Transmorgrifier","player_choice":"Transformed","floor":3.0,"gold_loss":0.0,"damage_taken":0.0,"cards_obtained":["Tempest"]},{"damage_healed":0.0,"max_hp_gain":0.0,"max_hp_loss":0.0,"gold_gain":0.0,"event_name":"Scrap Ooze","player_choice":"Success","floor":7.0,"gold_loss":0.0,"damage_taken":25.0,"relics_obtained":["Letter Opener"]},{"damage_healed":0.0,"max_hp_gain":0.0,"max_hp_loss":0.0,"gold_gain":0.0,"event_name":"Vampires","player_choice":"Ignored","floor":31.0,"gold_loss":0.0,"damage_taken":0.0},{"damage_healed":0.0,"max_hp_gain":0.0,"max_hp_loss":0.0,"gold_gain":0.0,"event_name":"Drug Dealer","player_choice":"Obtain J.A.X.","floor":32.0,"gold_loss":0.0,"damage_taken":0.0,"cards_obtained":["J.A.X."]},{"damage_healed":0.0,"max_hp_gain":0.0,"max_hp_loss":0.0,"gold_gain":0.0,"event_name":"Tomb of Lord Red Mask","player_choice":"Paid","floor":39.0,"gold_loss":26.0,"damage_taken":0.0,"relics_obtained":["Red Mask"]},{"damage_healed":0.0,"max_hp_gain":0.0,"max_hp_loss":0.0,"gold_gain":0.0,"event_name":"Lab","player_choice":"Got Potions","floor":40.0,"gold_loss":0.0,"damage_taken":0.0},{"cards_removed":["Strike_B"],"damage_healed":0,"gold_gain":0,"player_choice":"Removed Attack","damage_taken":0,"max_hp_gain":0,"max_hp_loss":0,"event_name":"Falling","floor":50,"gold_loss":0}],"is_beta":false,"boss_relics":[{"not_picked":["Tiny House","Ectoplasm"],"picked":"Philosopher\u0027s Stone"},{"not_picked":["Astrolabe","Replay:Ancient Bell"],"picked":"reliquary:WritOfMandamus"}],"items_purged_floors":[2,48],"is_endless":true,"potions_floor_spawned":[1,10,14,16,21,22,25,33,42,43,47],"killed_by":"Time Eater","ascension_level":1}}