{"host":"w4ub8crw9ou4a5am","time":1613759894,"event":{"mods":["2.2 Compatiblity","BaseMod","Challenge The Spire","Colored Powertips","Hermit","Hubris","Jorbs\u0027s Wanderer Trilogy","KinomotoSakuraMod(????)","Koishi","Marisa????????","Minty Spire (QoL Compilation)","Quick Restart","Rare Cards Sparkle","Remilia??????","StSLib","The Administrix","The Animator","The Bug Knight","The Cursed","The Disciple","The Hierophant","The Jungle","The Marked","The Necromancer","The Senshi","The Servant 0.9.4","WarShipGirlsR/????R mod"],"gold_per_floor":[99,144,189,189,12,102,102,147,172,172,217,262,262,307,307,607,607,652,697,697,697,751,751,805,805,805],"floor_reached":25,"language":"ENG","playtime":8408,"items_purged":[],"score":357,"play_id":"98b26386-7bbc-4577-9eeb-821b2a441c99","local_time":"20210219133814","daily_mods":["Insanity","Uncertain Future","Midas"],"is_ascension_mode":false,"campfire_choices":[{"floor":7,"key":"REST"},{"floor":13,"key":"REST"},{"floor":15,"key":"REST"},{"floor":23,"key":"REST"}],"circlet_count":0,"master_deck":["DualDimension","TimeWarp","Manipulate","Ricochet","Collapse","Starlight","Potential","Defy","RealityMarble","Potential","Revamp","BottledTime","Unruled","DoubleEdge","Alleviate","Potential","FastForward","Hightail","ReturningBlade","BottledTime","SilverBlades","Potential","Deadline","DoubleEdge","Advance","FastForward","DoubleEdge","FanOfKnives","Unruled","DoubleEdge","TimeWarp","Orbit","SpecialFormula","ShiftingGears","Moonlight","Starlight","Contraction","Unruled","Starlight","Starlight","BestPractice","BottledTime","Alleviate","Rearm","FastForward","Alleviate","SurpressingFire","Collapse","Starlight","InstantArmor","Moondial","Spin","Barrier+1","SilverBlades","Revamp+1","Advance+1","Spin","SoulSculpture","Revamp+1","Gouge","Pain","Defy+1","Alleviate+1"],"relics":["Uniform","Toxic Egg 2","Membership Card","hubris:BottledRain","Tiny Chest","MysterySword","WarpedTongs","CeramicFish"],"acts_visited":["Exordium","TheCity"],"potions_floor_usage":[16,22,24,25],"damage_taken":[{"damage":0,"enemies":"Small Slimes","floor":1,"turns":3},{"damage":0,"enemies":"2 Louse","floor":2,"turns":2},{"damage":0,"enemies":"Cultist","floor":3,"turns":2},{"damage":15,"enemies":"Lagavulin","floor":6,"turns":5},{"damage":0,"enemies":"2 Fungi Beasts","floor":8,"turns":3},{"damage":3,"enemies":"Exordium Thugs","floor":11,"turns":5},{"damage":0,"enemies":"3 Louse","floor":12,"turns":2},{"damage":0,"enemies":"Lots of Slimes","floor":14,"turns":2},{"damage":16,"enemies":"Slime Boss","floor":16,"turns":7},{"damage":33,"enemies":"2 Thieves","floor":18,"turns":3},{"damage":0,"enemies":"Chosen","floor":19,"turns":5},{"damage":6,"enemies":"Shelled Parasite and Fungi","floor":22,"turns":2},{"damage":38,"enemies":"Snake Plant","floor":24,"turns":3},{"damage":19,"enemies":"Centurion and Healer","floor":25,"turns":3}],"seed_played":"778547550210687013","potions_obtained":[{"floor":11,"key":"SpeedPotion"},{"floor":12,"key":"AttackPotion"},{"floor":16,"key":"FearPotion"},{"floor":22,"key":"Swift Potion"},{"floor":24,"key":"SteroidPotion"}],"is_trial":false,"path_per_floor":["M","M","M","?","$","E","R","M","T","?","M","M","R","M","R","B",null,"M","M","?","T","M","R","M","M"],"character_chosen":"THE_SERVANT","items_purchased":["Membership Card","Spin"],"campfire_rested":4,"item_purchase_floors":[5,5],"current_hp_per_floor":[65,65,65,53,53,38,57,57,57,65,62,62,65,65,65,49,65,32,37,37,37,31,50,12,0,0],"gold":805,"neow_bonus":"","is_daily":true,"chose_seed":false,"campfire_upgraded":0,"win_rate":0.0,"timestamp":1613759894,"path_taken":["M","M","M","?","$","E","R","M","T","?","?","M","R","M","R","BOSS","M","M","?","?","M","R","M","M"],"items_purchased_type":["Relic","Card"],"build_version":"2020-12-22","purchased_purges":0,"victory":false,"max_hp_per_floor":[65,65,65,65,65,65,65,65,65,65,65,65,65,65,65,65,65,65,65,65,65,65,65,65,65,65],"card_choices":[{"not_picked":["MoonPhase","ReturningBlade","Ricochet"],"picked":"SKIP","floor":1},{"not_picked":["Spin","Misdirection"],"picked":"InstantArmor","floor":2},{"not_picked":["Desolation","Advance"],"picked":"Moondial","floor":3},{"not_picked":["Rewind+1","Rearm+1"],"picked":"Barrier+1","floor":6},{"not_picked":["FanOfKnives","Replace+1"],"picked":"SilverBlades","floor":8},{"not_picked":["Alleviate+1","SilverBlades"],"picked":"Revamp+1","floor":11},{"not_picked":["Alleviate+1","MoonPhase"],"picked":"Advance+1","floor":12},{"not_picked":["DoubleEdge","StarChef"],"picked":"Spin","floor":14},{"not_picked":["Solidify+1","MurderousAura"],"picked":"SoulSculpture","floor":16},{"not_picked":["ShatteredReality","Spin+1"],"picked":"Revamp+1","floor":18},{"not_picked":["FastForward+1","DoubleEdge"],"picked":"Gouge","floor":19},{"not_picked":["Replace+1","Revamp+1"],"picked":"Defy+1","floor":22},{"not_picked":["Starlight","Spin"],"picked":"Alleviate+1","floor":24}],"player_experience":1748728,"relics_obtained":[{"floor":6,"key":"hubris:BottledRain"},{"floor":9,"key":"Tiny Chest"},{"floor":21,"key":"CeramicFish"}],"event_choices":[{"damage_healed":0,"gold_gain":0,"player_choice":"Success","damage_taken":12,"relics_obtained":["Toxic Egg 2"],"max_hp_gain":0,"max_hp_loss":0,"event_name":"Scrap Ooze","floor":4,"gold_loss":0},{"cards_removed":["Manipulate"],"damage_healed":8,"gold_gain":0,"player_choice":"Offered Uncommon","damage_taken":0,"max_hp_gain":0,"max_hp_loss":0,"event_name":"Bonfire Elementals","floor":10,"gold_loss":0},{"damage_healed":0,"gold_gain":0,"player_choice":"Rummage","damage_taken":0,"relics_obtained":["WarpedTongs"],"max_hp_gain":0,"max_hp_loss":0,"event_name":"Accursed Blacksmith","floor":20,"gold_loss":0,"cards_obtained":["Pain"]}],"is_beta":false,"boss_relics":[{"not_picked":["theSenshi:MoonKaleidoScopeRelic","hubris:VirtuousBlindfold"],"picked":"MysterySword"}],"items_purged_floors":[],"is_endless":false,"potions_floor_spawned":[1,11,12,16,22,24],"killed_by":"Centurion and Healer","ascension_level":0}}