{"host":"zxkjcgzis4pm3za5","time":1613761481,"event":{"mods":["2.2 Compatiblity","AchievementEnabler","BaseMod","Colored Map","Colored Powertips","Minty Spire (QoL Compilation)","Quick Restart","Random Character Button","Relic Filter Mod","Relic Sorter","Relic Stats","StSLib"],"gold_per_floor":[118,118,118,28,43,78,78,91,91,91,91,101,115,141,141,218,218,233,61,61,111,111,111],"floor_reached":22,"language":"ENG","playtime":567,"items_purged":[],"score":434,"play_id":"f7051f29-5bdc-4c2d-926b-d1808dbbda3a","local_time":"20210220003441","is_ascension_mode":true,"campfire_choices":[{"data":"Perfected Strike","floor":7,"key":"SMITH"},{"data":"Perfected Strike","floor":10,"key":"SMITH"},{"data":"Dual Wield","floor":15,"key":"SMITH"}],"circlet_count":0,"master_deck":["AscendersBane","Strike_R","Strike_R","Strike_R","Strike_R+1","Strike_R","Defend_R","Defend_R+1","Bash","Perfected Strike+1","Anger","Metallicize","Perfected Strike+1","Dual Wield+1","Shockwave","Dual Wield","Berserk","Perfected Strike","Shame"],"relics":["Burning Blood","NeowsBlessing","Blue Candle","Anchor","Bird Faced Urn","Black Star","Lee\u0027s Waffle","Smiling Mask"],"acts_visited":["Exordium","TheCity"],"potions_floor_usage":[16,22],"damage_taken":[{"damage":0,"enemies":"Jaw Worm","floor":1,"turns":1},{"damage":0,"enemies":"Small Slimes","floor":5,"turns":1},{"damage":0,"enemies":"Lagavulin","floor":6,"turns":1},{"damage":0,"enemies":"Cultist","floor":8,"turns":2},{"damage":14,"enemies":"Exordium Wildlife","floor":12,"turns":4},{"damage":0,"enemies":"2 Fungi Beasts","floor":13,"turns":2},{"damage":21,"enemies":"Gremlin Nob","floor":14,"turns":4},{"damage":45,"enemies":"Hexaghost","floor":16,"turns":9},{"damage":38,"enemies":"Spheric Guardian","floor":18,"turns":5},{"damage":83,"enemies":"3 Byrds","floor":22,"turns":8}],"seed_played":"4771914381999381989","potions_obtained":[{"floor":1,"key":"PowerPotion"},{"floor":8,"key":"ColorlessPotion"},{"floor":13,"key":"FearPotion"},{"floor":18,"key":"DuplicationPotion"}],"is_trial":false,"path_per_floor":["M","?","?","$","M","E","R","M","T","R","?","M","M","E","R","B",null,"M","$","?","?","M"],"character_chosen":"IRONCLAD","items_purchased":["Metallicize","Lee\u0027s Waffle"],"campfire_rested":0,"item_purchase_floors":[4,19],"current_hp_per_floor":[74,51,51,51,57,63,63,69,69,69,62,54,60,45,45,8,58,26,82,82,82,0,0],"gold":111,"neow_bonus":"THREE_ENEMY_KILL","is_daily":false,"chose_seed":false,"campfire_upgraded":3,"win_rate":0.0,"timestamp":1613761481,"path_taken":["M","?","?","$","?","E","R","M","T","R","?","M","M","E","R","BOSS","M","$","?","?","M"],"items_purchased_type":["Card","Relic"],"build_version":"2020-12-22","purchased_purges":0,"victory":false,"max_hp_per_floor":[75,75,75,75,75,75,75,75,75,75,75,75,75,75,75,75,75,75,82,82,82,82,82],"relic_stats":{"Lee\u0027s Waffle":56,"counters":[10,37],"Blue Candle":[1],"Bird Faced Urn":[3],"Black Star":0,"Smiling Mask":0,"obtain_stats":[{"Anchor":9,"Lee\u0027s Waffle":19,"NeowsBlessing":0,"Blue Candle":6,"Bird Faced Urn":14,"Black Star":17,"Smiling Mask":20,"Burning Blood":0},{"Anchor":4,"Lee\u0027s Waffle":9,"NeowsBlessing":0,"Blue Candle":3,"Bird Faced Urn":7,"Black Star":8,"Smiling Mask":9,"Burning Blood":0},{"Anchor":5,"Lee\u0027s Waffle":29,"NeowsBlessing":0,"Blue Candle":3,"Bird Faced Urn":15,"Black Star":24,"Smiling Mask":29,"Burning Blood":0}],"Burning Blood":54},"card_choices":[{"not_picked":["Dark Embrace","Fire Breathing"],"picked":"Perfected Strike","floor":1},{"not_picked":["Uppercut","Anger"],"picked":"Perfected Strike","floor":5},{"not_picked":["True Grit","Bloodletting"],"picked":"Dual Wield","floor":6},{"not_picked":["Body Slam","Iron Wave"],"picked":"Shockwave","floor":8},{"not_picked":["Pummel","Sword Boomerang","Havoc"],"picked":"SKIP","floor":12},{"not_picked":["Uppercut","Intimidate","Feel No Pain"],"picked":"SKIP","floor":13},{"not_picked":["Warcry","Headbutt"],"picked":"Dual Wield","floor":14},{"not_picked":["Corruption","Feed"],"picked":"Berserk","floor":16},{"not_picked":["Flex","Iron Wave"],"picked":"Perfected Strike","floor":18}],"player_experience":401722,"relics_obtained":[{"floor":6,"key":"Blue Candle"},{"floor":9,"key":"Anchor"},{"floor":14,"key":"Bird Faced Urn"}],"event_choices":[{"damage_healed":0,"gold_gain":0,"player_choice":"Entered Light","damage_taken":23,"max_hp_gain":0,"max_hp_loss":0,"event_name":"Shining Light","floor":2,"gold_loss":0,"cards_upgraded":["Defend_R","Strike_R"]},{"damage_healed":0,"gold_gain":0,"cards_transformed":["Defend_R"],"player_choice":"Transformed","damage_taken":0,"max_hp_gain":0,"max_hp_loss":0,"event_name":"Transmorgrifier","floor":3,"gold_loss":0,"cards_obtained":["Anger"]},{"cards_removed":["Defend_R"],"damage_healed":0,"gold_gain":0,"player_choice":"Card Removal","damage_taken":7,"max_hp_gain":0,"max_hp_loss":0,"event_name":"Golden Wing","floor":11,"gold_loss":0},{"damage_healed":0,"gold_gain":0,"player_choice":"Stole Relic","damage_taken":0,"relics_obtained":["Smiling Mask"],"max_hp_gain":0,"max_hp_loss":0,"event_name":"Addict","floor":20,"gold_loss":0,"cards_obtained":["Shame"]},{"damage_healed":0,"gold_gain":50,"player_choice":"Stole From Cult","damage_taken":0,"max_hp_gain":0,"max_hp_loss":0,"event_name":"Nest","floor":21,"gold_loss":0}],"is_beta":false,"boss_relics":[{"not_picked":["Mark of Pain","Pandora\u0027s Box"],"picked":"Black Star"}],"items_purged_floors":[],"is_endless":false,"potions_floor_spawned":[1,8,12,13,18],"killed_by":"3 Byrds","ascension_level":20}}