{"host":"5zhjtp2pgwgfdund","time":1613712514,"event":{"mods":["2.2 Compatiblity","AchievementEnabler","Act Like it!","BaseMod","Colored Map","Colored Powertips","Downfall","Gensokyo","Infinite Spire","Minty Spire (QoL Compilation)","Replay The Spire","Shop Mod","StSLib","The Bug Knight","The Jungle"],"gold_per_floor":[99,113,124,124,143,143,143,15,34,59,59,59,72,72,89,192,192,92,109,109,127,140,140,164,179,79,79,90,106,125,135,146,245,245,245,260,279,129,149,162,162,194,194,194,194,194],"floor_reached":44,"language":"ENG","playtime":3711,"items_purged":[],"score":548,"play_id":"a0f30b4c-e61e-4d2d-855f-9aa84c15518e","local_time":"20210219002834","is_ascension_mode":false,"campfire_choices":[{"floor":1,"key":"RECALL"},{"floor":12,"key":"REST"},{"floor":26,"key":"REST"},{"data":"bronze:RecursiveStrike","floor":35,"key":"SMITH"},{"data":"ReplayTheSpireMod:Book of Names","floor":43,"key":"SMITH"}],"circlet_count":0,"master_deck":["bronze:Strike","bronze:Strike","bronze:Strike","bronze:Strike","bronze:Defend","bronze:Defend","bronze:Defend","bronze:Defend","bronze:Replicate","bronze:InfiniteBeams","bronze:OilSpill","bronze:Branch","bronze:Iterate","bronze:Terminator","bronze:ForceShield+1","bronze:Optimize","bronze:DigitalCarnage","bronze:Frontload","bronze:RecursiveStrike+1","bronze:Turbo","bronze:BugBarrage","bronze:Format","downfall:Bewildered","bronze:Separator","bronze:Flail","bronze:Branch+1","bronze:Overheat+1","ReplayTheSpireMod:Book of Names+1","bronze:CleanCode","bronze:DigitalCarnage","bronze:Separator+1","bronze:Constructor","bronze:ForceShield","bronze:SpaghettiCode","bronze:Iterate+1","bronze:Shield+1","bronze:WhirlingStrike+1","bronze:Frontload","bronze:Separator+1"],"relics":["bronze:BronzeCore","infinitespire:BottledMercury","ReplayFunnel","Velvet Choker","downfall:HeartBlessingBlue","sneckomod:BabySnecko","Gremlin Food","downfall:HeartBlessingRed","infinitespire:Bottled Soul","SlaversCollar","Snack Pack","Akabeko"],"acts_visited":["Exordium","TheCity","TheBeyond"],"potions_floor_usage":[16,16,42,42,44],"damage_taken":[{"damage":7,"enemies":"2 Louse","floor":2,"turns":3},{"damage":1,"enemies":"Cultist","floor":3,"turns":3},{"damage":0,"enemies":"Jaw Worm","floor":5,"turns":3},{"damage":0,"enemies":"downfall:FleeingMerchant","floor":8,"turns":4},{"damage":0,"enemies":"Large Slime","floor":9,"turns":3},{"damage":18,"enemies":"Lagavulin","floor":10,"turns":4},{"damage":7,"enemies":"Blue Slaver","floor":13,"turns":2},{"damage":8,"enemies":"Red Slaver","floor":15,"turns":2},{"damage":31,"enemies":"DF_ARCHETYPE_STREAMLINE","floor":16,"turns":8},{"damage":0,"enemies":"Shell Parasite","floor":19,"turns":3},{"damage":8,"enemies":"downfall:LooterAlt2","floor":21,"turns":3},{"damage":16,"enemies":"Cultist and Chosen","floor":22,"turns":5},{"damage":0,"enemies":"Centurion and Healer","floor":25,"turns":4},{"damage":3,"enemies":"Snake Plant","floor":28,"turns":2},{"damage":0,"enemies":"Snecko","floor":29,"turns":2},{"damage":10,"enemies":"Cultist and Chosen","floor":30,"turns":3},{"damage":0,"enemies":"3 Cultists","floor":31,"turns":2},{"damage":4,"enemies":"Centurion and Healer","floor":32,"turns":4},{"damage":0,"enemies":"WA_ARCHETYPE_CALM","floor":33,"turns":5},{"damage":4,"enemies":"Orb Walker","floor":36,"turns":3},{"damage":25,"enemies":"3 Shapes","floor":37,"turns":2},{"damage":1,"enemies":"Jaw Worm Horde","floor":39,"turns":3},{"damage":6,"enemies":"Sphere and 2 Shapes","floor":40,"turns":3},{"damage":30,"enemies":"Reptomancer","floor":42,"turns":6},{"damage":34,"enemies":"infinitespire:Three Voidlings","floor":44,"turns":4},{"damage":46,"enemies":"Nightmare_Alpha","floor":44,"turns":7}],"seed_played":"8515308721971662254","potions_obtained":[{"floor":2,"key":"LifebloodPotion"},{"floor":3,"key":"Adrenaline Potion"},{"floor":15,"key":"sneckomod:MuddlingPotion"},{"floor":16,"key":"infinitespire:BlackPotion"},{"floor":19,"key":"Milkshake"},{"floor":28,"key":"Adrenaline Potion"},{"floor":32,"key":"Block Potion"},{"floor":36,"key":"champ:CounterPotion"}],"is_trial":false,"path_per_floor":["R","M","M","?","M","T","T","$","M","E","?","R","M","?","M","B",null,"R_BF","M","?","M","M","?","T","M","R","AVR","M","M","M","M","M","B",null,"R","M","M","?","M","M","T","E","R","?"],"character_chosen":"THE_AUTOMATON","items_purchased":["bronze:ForceShield","bronze:Optimize"],"campfire_rested":2,"item_purchase_floors":[8,8],"current_hp_per_floor":[70,63,62,62,62,62,62,62,62,44,44,65,58,58,50,19,70,80,80,80,72,56,56,56,56,80,80,77,77,67,67,63,63,80,80,76,51,90,89,83,83,59,59,0,0,0],"gold":194,"neow_bonus":"THREE_CARDS","is_daily":false,"chose_seed":false,"campfire_upgraded":2,"win_rate":0.0,"timestamp":1613712514,"path_taken":["R","M","M","?","?","?","T","?","M","E","?","R","M","?","M","BOSS","R_BF","M","?","M","M","?","T","M","R","AVR","M","M","M","M","M","BOSS","R","M","M","?","M","?","T","E","R","?"],"items_purchased_type":["Card","Card"],"build_version":"2020-12-22","purchased_purges":0,"victory":false,"max_hp_per_floor":[70,70,70,70,70,70,70,70,70,70,70,70,70,70,70,70,70,80,80,80,80,80,80,80,80,80,80,80,80,80,80,80,80,80,80,80,80,90,90,90,90,90,90,90,90,90],"card_choices":[{"not_picked":["bronze:Turbo","bronze:BugBarrage"],"picked":"bronze:InfiniteBeams","floor":0},{"not_picked":["bronze:CutThrough","bronze:Repair"],"picked":"bronze:OilSpill","floor":2},{"not_picked":["bronze:BitShift","bronze:Frontload"],"picked":"bronze:Branch","floor":3},{"not_picked":["bronze:FineTuning","bronze:Shield"],"picked":"bronze:Iterate","floor":5},{"not_picked":["bronze:DelayedGuard","bronze:FindAndReplace"],"picked":"bronze:Terminator","floor":8},{"not_picked":["bronze:Overheat","bronze:Flail"],"picked":"bronze:DigitalCarnage","floor":9},{"not_picked":["bronze:BitShift","bronze:Separator"],"picked":"bronze:Frontload","floor":10},{"not_picked":["bronze:NullPointer","bronze:BitShift"],"picked":"bronze:Turbo","floor":13},{"not_picked":["bronze:WildBeam","bronze:CloningBeam"],"picked":"bronze:BugBarrage","floor":15},{"not_picked":["bronze:Mutator","bronze:Assembly"],"picked":"bronze:Format","floor":16},{"not_picked":["bronze:WhirlingStrike","bronze:DelayedSlice"],"picked":"bronze:Separator","floor":19},{"not_picked":["bronze:OilSpill","bronze:DelayedGuard"],"picked":"bronze:Flail","floor":21},{"not_picked":["bronze:Fortify","bronze:ClassDefault"],"picked":"bronze:Branch+1","floor":22},{"not_picked":["bronze:BitShift","bronze:Flail"],"picked":"bronze:Overheat+1","floor":25},{"not_picked":["bronze:ForceShield","bronze:Allocate"],"picked":"bronze:CleanCode","floor":28},{"not_picked":["bronze:BronzeArmor","bronze:ClassDefault"],"picked":"bronze:DigitalCarnage","floor":29},{"not_picked":["bronze:Iterate","bronze:BitShift"],"picked":"bronze:Separator+1","floor":30},{"not_picked":["bronze:CutThrough","bronze:Separator"],"picked":"bronze:Constructor","floor":31},{"not_picked":["bronze:Backtrace","bronze:InfiniteBeams"],"picked":"bronze:ForceShield","floor":32},{"not_picked":["bronze:CleanCode","bronze:Hardcode"],"picked":"bronze:SpaghettiCode","floor":33},{"not_picked":["bronze:Repulsor","bronze:FineTuning"],"picked":"bronze:Iterate+1","floor":36},{"not_picked":["bronze:DelayedGuard+1","bronze:Overheat+1"],"picked":"bronze:Shield+1","floor":37},{"not_picked":["bronze:BuggyMess","bronze:OilSpill"],"picked":"bronze:WhirlingStrike+1","floor":39},{"not_picked":["bronze:Safeguard+1","bronze:Overheat+1"],"picked":"bronze:Frontload","floor":40},{"not_picked":["bronze:WildBeam","bronze:Hardcode"],"picked":"bronze:Separator+1","floor":42}],"player_experience":164591,"relics_obtained":[{"floor":7,"key":"infinitespire:BottledMercury"},{"floor":10,"key":"ReplayFunnel"},{"floor":24,"key":"Gremlin Food"},{"floor":41,"key":"Snack Pack"},{"floor":42,"key":"Akabeko"}],"event_choices":[],"is_beta":false,"boss_relics":[{"not_picked":["Calling Bell","Fusion Hammer"],"picked":"Velvet Choker"},{"not_picked":["Coffee Dripper","Pandora\u0027s Box","Kintsugi"]}],"items_purged_floors":[],"is_endless":false,"potions_floor_spawned":[2,3,15,16,19,28,29,31,32,33,36,37,39,44],"killed_by":"Nightmare_Alpha","ascension_level":0}}