{"host":"l7l2v2zs4hqku4vk","time":1613700271,"event":{"mods":["Act Like it!","BaseMod","Colored Powertips","Downfall","Highlight Path","Minty Spire (QoL Compilation)","Replay The Spire","StSLib","TestMod","The Servant 0.9.4","óô»ðÖ¸ÄÏ"],"gold_per_floor":[117,117,117,192,78,78,78,78],"floor_reached":7,"language":"ZHS","playtime":153,"items_purged":["Strike_R"],"score":74,"play_id":"fe0020dd-122a-43cb-800d-97129dbf4428","local_time":"20210219100431","is_ascension_mode":true,"campfire_choices":[{"floor":6,"key":"REST"}],"circlet_count":0,"master_deck":["AscendersBane","Strike_R","Strike_R","Strike_R","Strike_R","Defend_R","Defend_R","Defend_R","Defend_R","Bash","Good Instincts","Carnage","Metallicize"],"relics":["Burning Blood","testmod-TestBox","testmod-CasingShield","Golden Idol","Oddly Smooth Stone"],"acts_visited":["Exordium"],"potions_floor_usage":[],"damage_taken":[{"damage":2,"enemies":"Small Slimes","floor":1,"turns":3},{"damage":46,"enemies":"Gremlin Nob","floor":7,"turns":4}],"seed_played":"-1910697361887649788","potions_obtained":[{"floor":1,"key":"SteroidPotion"}],"is_trial":false,"path_per_floor":["M","?","?","?","$","R","E"],"character_chosen":"IRONCLAD","items_purchased":["Metallicize"],"campfire_rested":1,"item_purchase_floors":[5],"current_hp_per_floor":[72,46,28,17,17,39,0,0],"gold":78,"neow_bonus":"RANDOM_COLORLESS","is_daily":false,"chose_seed":false,"campfire_upgraded":0,"win_rate":0.0,"timestamp":1613700271,"path_taken":["M","?","?","?","$","R","E"],"items_purchased_type":["Card"],"build_version":"2020-12-22","purchased_purges":1,"victory":false,"max_hp_per_floor":[75,75,75,75,75,75,75,75],"card_choices":[{"not_picked":["Panacea","testmod-Collector"],"picked":"Good Instincts","floor":0},{"not_picked":["ReplayTheSpireMod:LeadingStrike","Feel No Pain"],"picked":"Carnage","floor":1}],"player_experience":1820080,"relics_obtained":[],"event_choices":[{"damage_healed":0,"gold_gain":0,"player_choice":"Take Damage","damage_taken":26,"relics_obtained":["Golden Idol"],"max_hp_gain":0,"max_hp_loss":0,"event_name":"Golden Idol","floor":2,"gold_loss":0},{"damage_healed":0,"gold_gain":0,"player_choice":"Success","damage_taken":18,"relics_obtained":["Oddly Smooth Stone"],"max_hp_gain":0,"max_hp_loss":0,"event_name":"Scrap Ooze","floor":3,"gold_loss":0},{"damage_healed":0,"gold_gain":75,"player_choice":"Gather Gold","damage_taken":11,"max_hp_gain":0,"max_hp_loss":0,"event_name":"World of Goop","floor":4,"gold_loss":0}],"is_beta":false,"boss_relics":[],"items_purged_floors":[5],"is_endless":false,"potions_floor_spawned":[1],"killed_by":"Gremlin Nob","ascension_level":20}}