{"host":"7cp3z5w0tcrrm8ys","time":1613715673,"event":{"mods":["AchievementEnabler","BaseMod","DeckTracker","Minty Spire (QoL Compilation)","StSLib","SuperFastMode"],"gold_per_floor":[117,128,147,197,212,212,230,249,249,249,249,265,285,320,320,320,320],"floor_reached":16,"language":"KOR","playtime":385,"items_purged":[],"score":212,"play_id":"f29876f4-a0db-4d56-b1a5-dafedca6e93c","local_time":"20210219152113","is_ascension_mode":true,"campfire_choices":[{"data":"Wild Strike","floor":6,"key":"SMITH"},{"floor":10,"key":"REST"},{"data":"Barricade","floor":15,"key":"SMITH"}],"circlet_count":0,"master_deck":["AscendersBane","Strike_R","Strike_R","Strike_R","Strike_R","Strike_R","Defend_R","Defend_R","Defend_R","Defend_R","Bash","Master of Strategy","Wild Strike+1","Fire Breathing","Shrug It Off","Reckless Charge","Dual Wield","Parasite","Battle Trance","True Grit","Barricade+1"],"relics":["Burning Blood","Torii","Nunchaku"],"acts_visited":["Exordium"],"potions_floor_usage":[14,14,16],"damage_taken":[{"damage":8,"enemies":"2 Louse","floor":1,"turns":3},{"damage":1,"enemies":"Cultist","floor":2,"turns":3},{"damage":9,"enemies":"Jaw Worm","floor":3,"turns":5},{"damage":3,"enemies":"Blue Slaver","floor":5,"turns":5},{"damage":26,"enemies":"Exordium Thugs","floor":7,"turns":6},{"damage":16,"enemies":"3 Louse","floor":8,"turns":3},{"damage":12,"enemies":"Looter","floor":12,"turns":3},{"damage":20,"enemies":"Exordium Thugs","floor":13,"turns":3},{"damage":11,"enemies":"Gremlin Nob","floor":14,"turns":3},{"damage":46,"enemies":"The Guardian","floor":16,"turns":4}],"seed_played":"-892236693739193401","potions_obtained":[{"floor":5,"key":"Swift Potion"},{"floor":13,"key":"FearPotion"},{"floor":14,"key":"Block Potion"}],"is_trial":false,"path_per_floor":["M","M","M","?","M","R","M","M","T","R","?","M","M","E","R","B"],"character_chosen":"IRONCLAD","items_purchased":[],"campfire_rested":1,"item_purchase_floors":[],"current_hp_per_floor":[66,68,65,59,62,62,42,32,32,52,68,62,48,43,43,0,0],"gold":320,"neow_bonus":"RANDOM_COLORLESS_2","is_daily":false,"chose_seed":false,"campfire_upgraded":2,"win_rate":0.0,"timestamp":1613715673,"path_taken":["M","M","M","?","M","R","?","M","T","R","?","M","M","E","R","BOSS"],"items_purchased_type":[],"build_version":"2020-12-22","purchased_purges":0,"victory":false,"max_hp_per_floor":[68,68,68,68,68,68,68,68,68,68,68,68,68,68,68,68,68],"card_choices":[{"not_picked":["Chrysalis","Sadistic Nature"],"picked":"Master of Strategy","floor":0},{"not_picked":["Inflame","Rampage"],"picked":"Wild Strike","floor":1},{"not_picked":["Bloodletting","Searing Blow"],"picked":"Fire Breathing","floor":2},{"not_picked":["Spot Weakness","Sword Boomerang"],"picked":"Shrug It Off","floor":3},{"not_picked":["Bloodletting","Havoc","Iron Wave"],"picked":"SKIP","floor":5},{"not_picked":["Havoc","Perfected Strike"],"picked":"Reckless Charge","floor":7},{"not_picked":["Shrug It Off","Intimidate"],"picked":"Dual Wield","floor":8},{"not_picked":["Sword Boomerang","Warcry"],"picked":"Battle Trance","floor":12},{"not_picked":["Flex","Perfected Strike"],"picked":"True Grit","floor":13},{"not_picked":["Wild Strike","Fire Breathing"],"picked":"Barricade","floor":14}],"player_experience":824505,"relics_obtained":[{"floor":9,"key":"Torii"},{"floor":14,"key":"Nunchaku"}],"event_choices":[{"damage_healed":0,"gold_gain":50,"player_choice":"Touch","damage_taken":6,"max_hp_gain":0,"max_hp_loss":0,"event_name":"FaceTrader","floor":4,"gold_loss":0},{"damage_healed":17,"gold_gain":0,"player_choice":"Healed and dodged fight","damage_taken":0,"max_hp_gain":0,"max_hp_loss":0,"event_name":"Mushrooms","floor":11,"gold_loss":0,"cards_obtained":["Parasite"]}],"is_beta":false,"boss_relics":[],"items_purged_floors":[],"is_endless":false,"potions_floor_spawned":[5,13,14],"killed_by":"The Guardian","ascension_level":20}}