{"host":"ojme7g6xlqwffsso","time":1613698691,"event":{"mods":["BaseMod","Downfall","Minty Spire (QoL Compilation)","Relic Stats","StSLib"],"gold_per_floor":[117,129,54,54,67,67,98,98,122,150,150,150,162,10,10,10,10],"floor_reached":16,"language":"ENG","playtime":549,"items_purged":["Defend_B"],"score":184,"play_id":"1b7b298f-576b-4aec-b442-be643688b6b4","local_time":"20210219103811","is_ascension_mode":true,"campfire_choices":[{"data":"Loop","floor":6.0,"key":"SMITH"},{"data":"Rip and Tear","floor":8.0,"key":"SMITH"},{"data":"Buffer","floor":15,"key":"SMITH"}],"circlet_count":0,"master_deck":["AscendersBane","Strike_B","Strike_B","Strike_B","Defend_B","Defend_B","Defend_B","Zap","Dualcast","Force Field+1","Recycle","Loop+1","Rip and Tear+1","Buffer+1","Compile Driver","White Noise","Rip and Tear"],"relics":["Snecko Eye","Boot","Toy Ornithopter","Juzu Bracelet"],"acts_visited":["Exordium"],"potions_floor_usage":[],"damage_taken":[{"damage":11.0,"enemies":"Cultist","floor":1.0,"turns":4.0},{"damage":7.0,"enemies":"Small Slimes","floor":2.0,"turns":6.0},{"damage":0.0,"enemies":"2 Louse","floor":5.0,"turns":2.0},{"damage":25.0,"enemies":"3 Sentries","floor":7.0,"turns":8.0},{"damage":5.0,"enemies":"Lagavulin","floor":10.0,"turns":8.0},{"damage":0,"enemies":"Looter","floor":13,"turns":4},{"damage":20,"enemies":"Slime Boss","floor":16,"turns":11}],"seed_played":"2773564630389692449","potions_obtained":[{"floor":2.0,"key":"SkillPotion"},{"floor":5.0,"key":"DistilledChaos"}],"is_trial":false,"path_per_floor":["M","M","$","?","M","R","E","R","T","E","?","?","M","$","R","B"],"character_chosen":"DEFECT","items_purchased":["White Noise","Rip and Tear"],"campfire_rested":0,"item_purchase_floors":[14,14],"current_hp_per_floor":[53,46,46,46,46,46,21,21,21,21,21,14,14,14,14,0,0],"gold":10,"neow_bonus":"BOSS_RELIC","is_daily":false,"chose_seed":false,"campfire_upgraded":3,"win_rate":0.0,"timestamp":1613698691,"path_taken":["M","M","?","?","M","R","E","R","T","E","?","?","M","$","R","BOSS"],"items_purchased_type":["Card","Card"],"build_version":"2020-12-22","purchased_purges":1,"victory":false,"max_hp_per_floor":[71,71,71,71,71,71,71,71,71,71,71,71,71,71,71,71,71],"relic_stats":{"counters":[7,42],"Snecko Eye":[61,61,80,69],"Juzu Bracelet":2,"Boot":[4],"obtain_stats":[{"Snecko Eye":0,"Juzu Bracelet":10,"Cracked Core":0,"Boot":7,"Toy Ornithopter":9},{"Snecko Eye":0,"Juzu Bracelet":5,"Cracked Core":0,"Boot":4,"Toy Ornithopter":4},{"Snecko Eye":0,"Juzu Bracelet":27,"Cracked Core":0,"Boot":20,"Toy Ornithopter":20}],"Toy Ornithopter":5},"card_choices":[{"not_picked":["Hologram","Streamline"],"picked":"Force Field","floor":1.0},{"not_picked":["Force Field","Reinforced Body"],"picked":"Recycle","floor":2.0},{"not_picked":["Gash","Beam Cell"],"picked":"Loop","floor":5.0},{"not_picked":["Rebound","Turbo"],"picked":"Rip and Tear","floor":7.0},{"not_picked":["Leap","Streamline"],"picked":"Buffer","floor":10.0},{"not_picked":["Conserve Battery","Turbo"],"picked":"Compile Driver","floor":13}],"player_experience":1097311,"relics_obtained":[{"floor":7.0,"key":"Boot"},{"floor":9.0,"key":"Toy Ornithopter"},{"floor":10.0,"key":"Juzu Bracelet"}],"event_choices":[{"damage_healed":0.0,"max_hp_gain":0.0,"max_hp_loss":0.0,"gold_gain":0.0,"event_name":"Accursed Blacksmith","player_choice":"Forge","floor":4.0,"gold_loss":0.0,"damage_taken":0.0,"cards_upgraded":["Force Field"]},{"damage_healed":0,"gold_gain":0,"player_choice":"Leave","damage_taken":0,"max_hp_gain":0,"max_hp_loss":0,"event_name":"FaceTrader","floor":11,"gold_loss":0},{"cards_removed":["Strike_B"],"damage_healed":0,"gold_gain":0,"player_choice":"Card Removal","damage_taken":7,"max_hp_gain":0,"max_hp_loss":0,"event_name":"Golden Wing","floor":12,"gold_loss":0}],"is_beta":false,"boss_relics":[],"items_purged_floors":[3],"is_endless":false,"potions_floor_spawned":[2,5],"killed_by":"Slime Boss","ascension_level":14}}