{"host":"pmmuxs046gii331m","time":1613741903,"event":{"mods":["AchievementEnabler","BaseMod","Colored Powertips","Downfall","Gold Saver","Infinite Spire","Minty Spire (QoL Compilation)","Permanent Neow","Quick Restart","StSLib"],"gold_per_floor":[3303,2316,2316,1836,1853,1853,1884,1884,1884,1902,1902,1932,1945,1980,1980,2079,2079,2098,1715,1726,1726,1737,1737,1765,1765,1842,1842,1862,1862,1862,1878,1878,1974,1974,1994,1994,1994,2005,2023,2023,2033,2033,2033,2033,2062,2062,2073,2073,2073,2073,2073,2073,1471,1499,1499],"floor_reached":56,"language":"ENG","playtime":4559,"items_purged":["Strike_R","Strike_R","Strike_R","Apotheosis+1"],"score":1423,"play_id":"53d9f692-fe5e-43ce-9319-d441e68ea68f","local_time":"20210219083823","is_ascension_mode":true,"campfire_choices":[{"data":"Iron Wave","floor":6.0,"key":"SMITH"},{"data":"Inflame","floor":11.0,"key":"SMITH"},{"data":"Fire Breathing","floor":15.0,"key":"SMITH"},{"data":"Bash","floor":23.0,"key":"SMITH"},{"data":"Iron Wave","floor":25.0,"key":"SMITH"},{"floor":29.0,"key":"RECALL"},{"data":"Defend_R","floor":32.0,"key":"SMITH"},{"data":"Defend_R","floor":40.0,"key":"SMITH"},{"floor":42.0,"key":"REST"},{"data":"Defend_R","floor":44.0,"key":"SMITH"},{"floor":46.0,"key":"REST"},{"floor":49.0,"key":"REST"},{"floor":52.0,"key":"REST"}],"circlet_count":0,"master_deck":["Defend_R+1","Defend_R+1","Defend_R+1","Bash+1","Iron Wave+1","Iron Wave+1","Bandage Up+1","infinitespire:TheBestDefense+1","Fire Breathing+1","Inflame+1","Pummel+1","Pommel Strike+1","Impervious+1","Seeing Red+1","Wild Strike+1","Body Slam+1","Rampage+1","Sword Boomerang+1","Double Tap+1","True Grit+1","Power Through+1","Body Slam+1"],"relics":["Burning Blood","Dead Branch","Toxic Egg 2","Meat on the Bone","Bag of Preparation","Molten Egg 2","Bird Faced Urn","Pen Nib","infinitespire:Burning Sword","HandDrill","Smiling Mask","Shuriken","Enchiridion","Philosopher\u0027s Stone","infinitespire:Cupcake","Unceasing Top","infinitespire:Lucky Rock","infinitespire:Satchel","Bottled Flame"],"acts_visited":["Exordium","TheCity","TheBeyond","TheEnding"],"potions_floor_usage":[55,55],"damage_taken":[{"damage":6.0,"enemies":"2 Louse","floor":1.0,"turns":3.0},{"damage":0.0,"enemies":"Jaw Worm","floor":5.0,"turns":5.0},{"damage":4.0,"enemies":"Lagavulin","floor":7.0,"turns":4.0},{"damage":0.0,"enemies":"Cultist","floor":10.0,"turns":2.0},{"damage":12.0,"enemies":"3 Sentries","floor":12.0,"turns":6.0},{"damage":0.0,"enemies":"3 Louse","floor":13.0,"turns":5.0},{"damage":12.0,"enemies":"Lagavulin","floor":14.0,"turns":3.0},{"damage":30.0,"enemies":"The Guardian","floor":16.0,"turns":8.0},{"damage":18.0,"enemies":"3 Byrds","floor":18.0,"turns":5.0},{"damage":19.0,"enemies":"Spheric Guardian","floor":20.0,"turns":4.0},{"damage":16.0,"enemies":"Centurion and Healer","floor":22.0,"turns":4.0},{"damage":5.0,"enemies":"Gremlin Leader","floor":24.0,"turns":3.0},{"damage":0.0,"enemies":"Sentry and Sphere","floor":28.0,"turns":3.0},{"damage":1.0,"enemies":"Snake Plant","floor":31.0,"turns":2.0},{"damage":2.0,"enemies":"Champ","floor":33.0,"turns":2.0},{"damage":7.0,"enemies":"3 Shapes","floor":35.0,"turns":3.0},{"damage":5.0,"enemies":"3 Darklings","floor":38.0,"turns":2.0},{"damage":0.0,"enemies":"Jaw Worm Horde","floor":39.0,"turns":2.0},{"damage":28.0,"enemies":"Sphere and 2 Shapes","floor":41.0,"turns":2.0},{"damage":0.0,"enemies":"Nemesis","floor":45.0,"turns":1.0},{"damage":0.0,"enemies":"Spire Growth","floor":47.0,"turns":1.0},{"damage":44.0,"enemies":"infinitespire:MassOfShapes","floor":50.0,"turns":6.0},{"damage":8.0,"enemies":"Shield and Spear","floor":54.0,"turns":3.0},{"damage":58,"enemies":"The Heart","floor":55,"turns":5}],"seed_played":"-4903229498583568367","potions_obtained":[{"floor":5.0,"key":"PowerPotion"},{"floor":12.0,"key":"SneckoOil"},{"floor":13.0,"key":"Strength Potion"},{"floor":16.0,"key":"EssenceOfSteel"},{"floor":24.0,"key":"LiquidMemories"},{"floor":31.0,"key":"Ancient Potion"},{"floor":33.0,"key":"Fire Potion"},{"floor":35.0,"key":"BlessingOfTheForge"},{"floor":38.0,"key":"LiquidBronze"},{"floor":41.0,"key":"HeartOfIron"}],"is_trial":false,"path_per_floor":["M","$","?","?","M","R","E","?","T","M","R","E","M","E","R","B",null,"M","$","M","?","M","R","E","R","T","?","M","R","?","M","R","B",null,"M","?","AVR","M","M","R","M","R","T","R","E","R","M","?","R","B",null,"R","$","E","B",null],"character_chosen":"IRONCLAD","items_purchased":["Toxic Egg 2","Meat on the Bone","Block Potion","Dexterity Potion","Iron Wave","Bandage Up+1","Apotheosis+1","HandDrill","Regen Potion","PowerPotion","infinitespire:Lucky Rock","infinitespire:Satchel","CultistPotion","FearPotion","SneckoOil"],"campfire_rested":4,"item_purchase_floors":[2,2,2,2,2,2,2,19,19,19,53,53,53,53,53],"current_hp_per_floor":[56,56,49,49,61,61,69,61,61,73,73,73,80,76,76,62,76,70,70,65,65,67,67,80,80,80,64,80,80,80,80,80,80,80,80,80,80,80,80,80,58,80,80,80,80,80,80,80,80,52,73,80,80,80,52],"gold":1499,"neow_bonus":"ONE_RARE_RELIC","is_daily":false,"chose_seed":false,"campfire_upgraded":8,"win_rate":0.0,"timestamp":1613741903,"path_taken":["M","$","?","?","M","R","E","?","T","M","R","E","M","E","R","BOSS","M","$","?","?","M","R","E","R","T","?","M","R","?","M","R","BOSS","M","?","AVR","M","M","R","?","R","T","R","E","R","M","?","R","BOSS","R","$","E","BOSS"],"items_purchased_type":["Relic","Relic","Potion","Potion","Card","Card","Card","Relic","Potion","Potion","Relic","Relic","Potion","Potion","Potion"],"build_version":"2020-12-22","purchased_purges":4,"victory":true,"max_hp_per_floor":[80,80,80,80,80,80,80,80,80,80,80,80,80,80,80,80,80,80,80,80,80,80,80,80,80,80,80,80,80,80,80,80,80,80,80,80,80,80,80,80,80,80,80,80,80,80,80,80,80,80,80,80,80,80,80],"card_choices":[{"not_picked":["Reckless Charge","Heavy Blade"],"picked":"Iron Wave","floor":1.0},{"not_picked":["infinitespire:NeuralNetwork","infinitespire:UltimateForm"],"picked":"infinitespire:TheBestDefense","floor":4.0},{"not_picked":["Pommel Strike","Rupture"],"picked":"Fire Breathing","floor":5.0},{"not_picked":["Wild Strike","Burning Pact+1"],"picked":"Inflame","floor":7.0},{"not_picked":["Perfected Strike+1","Sentinel+1","Warcry+1"],"picked":"SKIP","floor":10.0},{"not_picked":["Warcry+1","Flame Barrier+1"],"picked":"Pummel+1","floor":12.0},{"not_picked":["Disarm+1","Fire Breathing"],"picked":"Pummel+1","floor":13.0},{"not_picked":["Perfected Strike+1","Bludgeon+1"],"picked":"Pommel Strike+1","floor":14.0},{"not_picked":["Bludgeon+1","Double Tap+1"],"picked":"Impervious+1","floor":16.0},{"not_picked":["Intimidate+1","Havoc+1"],"picked":"Seeing Red+1","floor":18.0},{"not_picked":["Perfected Strike+1","Sever Soul+1"],"picked":"Wild Strike+1","floor":20.0},{"not_picked":["Uppercut+1","Cleave+1"],"picked":"Body Slam+1","floor":22.0},{"not_picked":["Armaments+1","Cleave+1"],"picked":"Rampage+1","floor":24.0},{"not_picked":["Pummel+1","Corruption"],"picked":"Sword Boomerang+1","floor":28.0},{"not_picked":["Wild Strike+1","Battle Trance+1","Heavy Blade+1"],"picked":"SKIP","floor":31.0},{"not_picked":["Rampage+1","Perfected Strike+1","Searing Blow+1"],"picked":"SKIP","floor":35.0},{"not_picked":["Feed+1","Heavy Blade+1"],"picked":"True Grit+1","floor":38.0},{"not_picked":["Armaments+1","Wild Strike+1","Pummel+1"],"picked":"SKIP","floor":39.0},{"not_picked":["Searing Blow+1","Havoc+1","True Grit+1"],"picked":"SKIP","floor":41.0},{"not_picked":["Cleave+1","Flame Barrier+1","Rage+1"],"picked":"SKIP","floor":45.0},{"not_picked":["Cleave+1","Flame Barrier+1","Rage+1"],"picked":"SKIP","floor":45.0},{"not_picked":["Rage+1","Entrench+1"],"picked":"Power Through+1","floor":47.0},{"not_picked":["Twin Strike+1","Clothesline+1"],"picked":"Body Slam+1","floor":54.0}],"player_experience":563014,"relics_obtained":[{"floor":7.0,"key":"Bag of Preparation"},{"floor":9.0,"key":"Molten Egg 2"},{"floor":12.0,"key":"Bird Faced Urn"},{"floor":14.0,"key":"Pen Nib"},{"floor":24.0,"key":"Smiling Mask"},{"floor":26.0,"key":"Shuriken"},{"floor":27.0,"key":"Enchiridion"},{"floor":45.0,"key":"Unceasing Top"},{"floor":54.0,"key":"Bottled Flame"}],"event_choices":[{"cards_removed":["Strike_R"],"damage_healed":0.0,"max_hp_gain":0.0,"max_hp_loss":0.0,"gold_gain":0.0,"event_name":"Golden Wing","player_choice":"Card Removal","floor":3.0,"gold_loss":0.0,"damage_taken":7.0},{"damage_healed":0.0,"max_hp_gain":0.0,"max_hp_loss":0.0,"gold_gain":0.0,"event_name":"Wheel of Change","player_choice":"Damaged","floor":8.0,"gold_loss":0.0,"damage_taken":8.0},{"cards_removed":["Defend_R"],"damage_healed":0.0,"max_hp_gain":0.0,"max_hp_loss":0.0,"gold_gain":0.0,"event_name":"Back to Basics","player_choice":"Elegance","floor":21.0,"gold_loss":0.0,"damage_taken":0.0},{"damage_healed":0.0,"max_hp_gain":0.0,"max_hp_loss":0.0,"gold_gain":0.0,"event_name":"Cursed Tome","player_choice":"Obtained Book","floor":27.0,"gold_loss":0.0,"damage_taken":16.0},{"damage_healed":0.0,"max_hp_gain":0.0,"max_hp_loss":0.0,"gold_gain":0.0,"event_name":"Vampires","player_choice":"Ignored","floor":30.0,"gold_loss":0.0,"damage_taken":0.0},{"damage_healed":0.0,"max_hp_gain":0.0,"max_hp_loss":0.0,"gold_gain":0.0,"cards_transformed":["Strike_R"],"event_name":"Transmorgrifier","player_choice":"Transformed","floor":36.0,"gold_loss":0.0,"damage_taken":0.0,"cards_obtained":["Double Tap"]},{"cards_removed":["Pummel"],"damage_healed":0.0,"max_hp_gain":0.0,"max_hp_loss":0.0,"gold_gain":0.0,"event_name":"Falling","player_choice":"Removed Attack","floor":48.0,"gold_loss":0.0,"damage_taken":0.0}],"is_beta":false,"boss_relics":[{"not_picked":["Coffee Dripper","Runic Dome"],"picked":"infinitespire:Burning Sword"},{"not_picked":["Busted Crown","Snecko Eye"],"picked":"Philosopher\u0027s Stone"}],"items_purged_floors":[2,19,37,53],"is_endless":false,"potions_floor_spawned":[5,12,13,16,24,31,33,35,38,41],"ascension_level":5}}