{"host":"dpbezu80jg8zk7un","time":1613770199,"event":{"mods":["BaseMod","Colored Map","Colored Powertips","Custom Start","DeckTracker","Minty Spire (QoL Compilation)","Quick Restart","StSLib","SuperFastMode"],"gold_per_floor":[110,130,130,130,405,405,240,256,325,369,369,390,413,456,456,547,547,566,566,566],"floor_reached":19,"language":"KOR","playtime":445,"items_purged":["Regret"],"score":354,"play_id":"16e6452b-7963-4028-8be9-33c33ab41a5a","local_time":"20210220062959","is_ascension_mode":true,"campfire_choices":[{"data":"Eruption","floor":6.0,"key":"SMITH"},{"data":"CrushJoints","floor":11.0,"key":"SMITH"},{"floor":15,"key":"REST"}],"circlet_count":0,"master_deck":["AscendersBane","Strike_P","Strike_P","Strike_P","Strike_P","Defend_P","Defend_P","Defend_P","Defend_P","Eruption+1","Vigilance","Conclude+1","WheelKick","CrushJoints+1","EmptyMind","InnerPeace","LessonLearned"],"relics":["PureWater","Dead Branch","Golden Idol","Question Card","Gremlin Horn","Sundial","Black Star"],"acts_visited":["Exordium","TheCity"],"potions_floor_usage":[16],"damage_taken":[{"damage":0.0,"enemies":"Small Slimes","floor":1.0,"turns":1.0},{"damage":0.0,"enemies":"2 Louse","floor":2.0,"turns":1.0},{"damage":0.0,"enemies":"Cultist","floor":8.0,"turns":2.0},{"damage":27.0,"enemies":"3 Sentries","floor":10.0,"turns":4.0},{"damage":9,"enemies":"Gremlin Gang","floor":12,"turns":2},{"damage":0,"enemies":"Lots of Slimes","floor":13,"turns":2},{"damage":16,"enemies":"Gremlin Nob","floor":14,"turns":3},{"damage":9,"enemies":"Hexaghost","floor":16,"turns":9},{"damage":11,"enemies":"Shell Parasite","floor":18,"turns":2},{"damage":35,"enemies":"3 Byrds","floor":19,"turns":4}],"seed_played":"-6314839326367426465","potions_obtained":[{"floor":1.0,"key":"SneckoOil"},{"floor":8.0,"key":"Dexterity Potion"},{"floor":10.0,"key":"SpeedPotion"},{"floor":14,"key":"StancePotion"}],"is_trial":false,"path_per_floor":["M","M","?","?","?","R","$","M","T","E","R","M","M","E","R","B",null,"M","M"],"character_chosen":"WATCHER","items_purchased":["WheelKick"],"campfire_rested":1,"item_purchase_floors":[7],"current_hp_per_floor":[61,61,61,56,56,56,56,56,56,29,29,20,20,4,20,11,45,34,0,0],"gold":566,"neow_bonus":"ONE_RARE_RELIC","is_daily":false,"chose_seed":false,"campfire_upgraded":2,"win_rate":0.0,"timestamp":1613770199,"path_taken":["M","M","?","?","?","R","$","M","T","E","R","?","M","E","R","BOSS","M","M"],"items_purchased_type":["Card"],"build_version":"2020-12-22","purchased_purges":1,"victory":false,"max_hp_per_floor":[62,62,62,56,56,56,56,56,56,56,56,56,56,56,56,56,56,56,56,56],"card_choices":[{"not_picked":["LikeWater","Crescendo","WindmillStrike"],"picked":"SKIP","floor":1.0},{"not_picked":["EmptyFist","Halt"],"picked":"Conclude","floor":2.0},{"not_picked":["WreathOfFlame","Sanctity","Crescendo"],"picked":"SKIP","floor":8.0},{"not_picked":["Halt","Vengeance","FollowUp"],"picked":"CrushJoints","floor":10.0},{"not_picked":["JustLucky","Meditate","FollowUp"],"picked":"EmptyMind","floor":12},{"not_picked":["CrushJoints","Evaluate","FlurryOfBlows"],"picked":"InnerPeace","floor":13},{"not_picked":["Blasphemy","SashWhip","InnerPeace","Perseverance"],"picked":"SKIP","floor":14},{"not_picked":["Judgement","Alpha","Establishment"],"picked":"LessonLearned","floor":16},{"not_picked":["SashWhip","EmptyBody","CutThroughFate","EmptyMind+1"],"picked":"SKIP","floor":18}],"player_experience":2984886,"relics_obtained":[{"floor":9.0,"key":"Question Card"},{"floor":10.0,"key":"Gremlin Horn"},{"floor":14,"key":"Sundial"}],"event_choices":[{"damage_healed":0.0,"max_hp_gain":0.0,"max_hp_loss":0.0,"gold_gain":0.0,"event_name":"Liars Game","player_choice":"Ignored","floor":3.0,"gold_loss":0.0,"damage_taken":0.0},{"damage_healed":0.0,"max_hp_gain":0.0,"max_hp_loss":6.0,"gold_gain":0.0,"event_name":"Golden Idol","player_choice":"Lose Max HP","floor":4.0,"gold_loss":0.0,"damage_taken":0.0,"relics_obtained":["Golden Idol"]},{"damage_healed":0.0,"max_hp_gain":0.0,"max_hp_loss":0.0,"gold_gain":275.0,"event_name":"Golden Shrine","player_choice":"Desecrate","floor":5.0,"gold_loss":0.0,"damage_taken":0.0,"cards_obtained":["Regret"]}],"is_beta":false,"boss_relics":[{"not_picked":["Runic Dome","Busted Crown"],"picked":"Black Star"}],"items_purged_floors":[7],"is_endless":false,"potions_floor_spawned":[1,8,10,14],"killed_by":"3 Byrds","ascension_level":20}}