{"host":"8rqsnaeml9gxb0kp","time":1613695584,"event":{"mods":["AchievementEnabler","BaseMod","Colored Powertips","Dark Map","Minty Spire (QoL Compilation)","Rare Cards Sparkle","Relic Stats","StSLib","slay the spire mod where everything is the same but ironclad has a cowboy hat"],"gold_per_floor":[118,118,134,84,95,95,121,46,72,15,15,90,90,90,90,191,191,210,125,125,125,125,125,125,125,152,77,77,32,32,45,45,144,144,163,163,173,184,36,67,122,151,176,194,209,237,237,237,237,237],"floor_reached":51,"language":"ENG","playtime":2349,"items_purged":["Dualcast","Decay"],"score":938,"play_id":"9eeb828d-d9e0-4c2d-8c55-21afcd05e2da","local_time":"20210218164624","is_ascension_mode":true,"campfire_choices":[{"data":"Reprogram","floor":6.0,"key":"SMITH"},{"data":"Beam Cell","floor":13.0,"key":"SMITH"},{"data":"Defend_B","floor":15.0,"key":"SMITH"},{"data":"Echo Form","floor":23.0,"key":"SMITH"},{"data":"Defend_B","floor":25.0,"key":"SMITH"},{"data":"Gash","floor":30.0,"key":"SMITH"},{"floor":32.0,"key":"REST"},{"floor":47,"key":"REST"},{"data":"Rip and Tear","floor":49,"key":"SMITH"}],"circlet_count":0,"master_deck":["Strike_B+1","Strike_B+1","Strike_B","Defend_B+1","Defend_B","Defend_B","Defend_B+1","Reprogram+1","Gash+1","Beam Cell+1","Echo Form+1","Genetic Algorithm+1","Gash+1","Sweeping Beam+1","Seek+1","Steam","Reinforced Body+1","Sweeping Beam","Hologram+1","Rip and Tear+1","Hologram+1"],"relics":["Sozu","TungstenRod","Vajra","Nunchaku","Juzu Bracelet","SlaversCollar","Bag of Marbles","Art of War","Whetstone","Nuclear Battery","Kunai","Gambling Chip","Potion Belt","Smiling Mask","Lantern"],"acts_visited":["Exordium","TheCity","TheBeyond"],"potions_floor_usage":[],"damage_taken":[{"damage":0.0,"enemies":"Cultist","floor":1.0,"turns":3.0},{"damage":1.0,"enemies":"2 Louse","floor":3.0,"turns":5.0},{"damage":5.0,"enemies":"Jaw Worm","floor":5.0,"turns":4.0},{"damage":22.0,"enemies":"3 Sentries","floor":7.0,"turns":10.0},{"damage":24.0,"enemies":"Hexaghost","floor":16.0,"turns":8.0},{"damage":1.0,"enemies":"Spheric Guardian","floor":18.0,"turns":3.0},{"damage":33.0,"enemies":"2 Thieves","floor":31.0,"turns":4.0},{"damage":40.0,"enemies":"Collector","floor":33.0,"turns":8.0},{"damage":0.0,"enemies":"3 Shapes","floor":35.0,"turns":5.0},{"damage":24.0,"enemies":"3 Darklings","floor":37.0,"turns":8.0},{"damage":2.0,"enemies":"Maw","floor":38.0,"turns":9.0},{"damage":0.0,"enemies":"Giant Head","floor":40.0,"turns":7.0},{"damage":0,"enemies":"2 Orb Walkers","floor":41,"turns":5},{"damage":0,"enemies":"Reptomancer","floor":42,"turns":4},{"damage":0,"enemies":"Writhing Mass","floor":44,"turns":6},{"damage":0,"enemies":"4 Shapes","floor":45,"turns":8},{"damage":0,"enemies":"Giant Head","floor":46,"turns":7},{"damage":25,"enemies":"Donu and Deca","floor":50,"turns":10}],"seed_played":"8752536927866369484","potions_obtained":[],"is_trial":false,"path_per_floor":["M","T","M","?","M","R","E","$","T","?","?","?","R","?","R","B",null,"M","?","?","?","?","R","?","R","T","?","?","$","R","M","R","B",null,"M","?","M","M","$","E","?","E","T","M","M","E","R","?","R","B",null],"character_chosen":"DEFECT","items_purchased":["Gash","Sweeping Beam"],"campfire_rested":2,"item_purchase_floors":[29,39],"current_hp_per_floor":[75,75,74,74,69,69,47,47,47,47,65,55,55,55,55,31,75,74,74,74,61,61,61,61,61,61,61,61,61,61,28,51,11,77,77,77,53,51,51,51,51,51,51,51,51,51,74,74,74,49],"gold":237,"neow_bonus":"BOSS_RELIC","is_daily":false,"chose_seed":false,"campfire_upgraded":7,"win_rate":0.0,"timestamp":1613695584,"path_taken":["M","?","M","?","M","R","E","$","T","?","?","?","R","?","R","BOSS","M","?","?","?","?","R","?","R","T","?","?","$","R","M","R","BOSS","M","?","M","M","?","E","?","E","T","M","M","E","R","?","R","BOSS"],"items_purchased_type":["Card","Card"],"build_version":"2020-12-22","purchased_purges":2,"victory":true,"max_hp_per_floor":[75,75,75,75,75,75,75,75,75,75,75,75,75,75,75,75,75,75,75,75,80,80,80,77,77,77,77,77,77,77,77,77,77,77,77,77,77,77,77,77,77,77,77,77,77,77,77,77,77,77],"relic_stats":{"Sozu":12,"Nunchaku":[21],"counters":[18,114],"Gambling Chip":[9],"Juzu Bracelet":5,"Art of War":[9],"Whetstone":["Strike_B","Strike_B"],"Kunai":[20],"Smiling Mask":0,"obtain_stats":[{"Potion Belt":42,"Lantern":46,"Vajra":7,"Juzu Bracelet":10,"Whetstone":26,"Smiling Mask":43,"Nuclear Battery":34,"Sozu":0,"SlaversCollar":17,"Nunchaku":9,"Gambling Chip":41,"Bag of Marbles":19,"Art of War":20,"Kunai":40,"Cracked Core":0,"TungstenRod":2},{"Potion Belt":14,"Lantern":17,"Vajra":4,"Juzu Bracelet":4,"Whetstone":6,"Smiling Mask":14,"Nuclear Battery":8,"Sozu":0,"SlaversCollar":5,"Nunchaku":4,"Gambling Chip":13,"Bag of Marbles":6,"Art of War":6,"Kunai":12,"Cracked Core":0,"TungstenRod":1},{"Potion Belt":83,"Lantern":104,"Vajra":22,"Juzu Bracelet":22,"Whetstone":33,"Smiling Mask":83,"Nuclear Battery":45,"Sozu":0,"SlaversCollar":30,"Nunchaku":22,"Gambling Chip":79,"Bag of Marbles":33,"Art of War":33,"Kunai":74,"Cracked Core":0,"TungstenRod":3}],"TungstenRod":33},"card_choices":[{"not_picked":["Turbo","Steam"],"picked":"Reprogram","floor":1.0},{"not_picked":["Darkness","Chaos"],"picked":"Gash","floor":3.0},{"not_picked":["Redo","Sunder","Turbo"],"picked":"SKIP","floor":5.0},{"not_picked":["Steam Power","Sweeping Beam"],"picked":"Beam Cell","floor":7.0},{"not_picked":["Creative AI","Thunder Strike"],"picked":"Echo Form","floor":16.0},{"not_picked":["Conserve Battery","Doom and Gloom"],"picked":"Genetic Algorithm+1","floor":18.0},{"not_picked":["Heatsinks","Turbo"],"picked":"Sweeping Beam+1","floor":31.0},{"not_picked":["Rainbow","Amplify"],"picked":"Seek","floor":33.0},{"not_picked":["Barrage+1","Undo+1"],"picked":"Steam","floor":35.0},{"not_picked":["Force Field+1","Skim+1"],"picked":"Reinforced Body+1","floor":37.0},{"not_picked":["Beam Cell","Barrage+1","Stack"],"picked":"SKIP","floor":38.0},{"not_picked":["Compile Driver+1","Coolheaded"],"picked":"Hologram+1","floor":40.0},{"not_picked":["Steam+1","Leap"],"picked":"Rip and Tear","floor":41},{"not_picked":["Chaos","Cold Snap","White Noise"],"picked":"SKIP","floor":42},{"not_picked":["Tempest+1","Cold Snap+1","Core Surge"],"picked":"SKIP","floor":44},{"not_picked":["Leap+1","Aggregate+1","Barrage+1"],"picked":"SKIP","floor":45},{"not_picked":["Rainbow","Compile Driver"],"picked":"Hologram+1","floor":46}],"player_experience":285203,"relics_obtained":[{"floor":2.0,"key":"TungstenRod"},{"floor":7.0,"key":"Vajra"},{"floor":9.0,"key":"Nunchaku"},{"floor":26.0,"key":"Whetstone"},{"floor":40.0,"key":"Kunai"},{"floor":41,"key":"Gambling Chip"},{"floor":42,"key":"Potion Belt"},{"floor":43,"key":"Smiling Mask"},{"floor":46,"key":"Lantern"}],"event_choices":[{"cards_removed":["Zap"],"damage_healed":0.0,"max_hp_gain":0.0,"max_hp_loss":0.0,"gold_gain":0.0,"event_name":"The Cleric","player_choice":"Card Removal","floor":4.0,"gold_loss":50.0,"damage_taken":0.0},{"damage_healed":0.0,"max_hp_gain":0.0,"max_hp_loss":0.0,"gold_gain":0.0,"event_name":"WeMeetAgain","player_choice":"Paid Gold","floor":10.0,"gold_loss":57.0,"damage_taken":0.0,"relics_obtained":["Juzu Bracelet"]},{"damage_healed":18.0,"max_hp_gain":0.0,"max_hp_loss":0.0,"gold_gain":0.0,"event_name":"Mushrooms","player_choice":"Healed and dodged fight","floor":11.0,"gold_loss":0.0,"damage_taken":0.0,"cards_obtained":["Parasite"]},{"damage_healed":0.0,"max_hp_gain":0.0,"max_hp_loss":0.0,"gold_gain":75.0,"event_name":"World of Goop","player_choice":"Gather Gold","floor":12.0,"gold_loss":0.0,"damage_taken":11.0},{"damage_healed":0.0,"max_hp_gain":0.0,"max_hp_loss":0.0,"gold_gain":0.0,"event_name":"Upgrade Shrine","player_choice":"Upgraded","floor":14.0,"gold_loss":0.0,"damage_taken":0.0,"cards_upgraded":["Gash"]},{"damage_healed":0.0,"max_hp_gain":0.0,"max_hp_loss":0.0,"gold_gain":0.0,"event_name":"Addict","player_choice":"Obtained Relic","floor":19.0,"gold_loss":85.0,"damage_taken":0.0,"relics_obtained":["Bag of Marbles"]},{"damage_healed":0.0,"max_hp_gain":0.0,"max_hp_loss":0.0,"gold_gain":0.0,"event_name":"The Mausoleum","player_choice":"Opened","floor":20.0,"gold_loss":0.0,"damage_taken":0.0,"relics_obtained":["Art of War"],"cards_obtained":["Writhe"]},{"damage_healed":0.0,"max_hp_gain":5.0,"max_hp_loss":0.0,"gold_gain":0.0,"event_name":"Forgotten Altar","player_choice":"Shed Blood","floor":21.0,"gold_loss":0.0,"damage_taken":19.0},{"damage_healed":0.0,"max_hp_gain":0.0,"max_hp_loss":0.0,"gold_gain":0.0,"event_name":"Lab","player_choice":"Got Potions","floor":22.0,"gold_loss":0.0,"damage_taken":0.0},{"cards_removed":["Writhe","Parasite"],"damage_healed":0.0,"max_hp_gain":0.0,"max_hp_loss":0.0,"gold_gain":0.0,"event_name":"Fountain of Cleansing","player_choice":"Removed Curses","floor":24.0,"gold_loss":0.0,"damage_taken":0.0},{"cards_removed":["Strike_B"],"damage_healed":0.0,"max_hp_gain":0.0,"max_hp_loss":0.0,"gold_gain":0.0,"event_name":"Beggar","player_choice":"Gave Gold","floor":27.0,"gold_loss":75.0,"damage_taken":0.0},{"damage_healed":0.0,"max_hp_gain":0.0,"max_hp_loss":0.0,"gold_gain":0.0,"event_name":"Wheel of Change","player_choice":"Cursed","floor":28.0,"gold_loss":0.0,"damage_taken":0.0,"cards_obtained":["Decay"]},{"damage_healed":0.0,"max_hp_gain":0.0,"max_hp_loss":0.0,"gold_gain":0.0,"event_name":"Upgrade Shrine","player_choice":"Upgraded","floor":36.0,"gold_loss":0.0,"damage_taken":0.0,"cards_upgraded":["Seek"]},{"damage_healed":0,"gold_gain":0,"player_choice":"Fight","damage_taken":0,"max_hp_gain":0,"max_hp_loss":0,"event_name":"Mysterious Sphere","floor":41,"gold_loss":0},{"damage_healed":0,"gold_gain":0,"player_choice":"Bought 0 Potions","damage_taken":0,"max_hp_gain":0,"max_hp_loss":0,"event_name":"The Woman in Blue","floor":48,"gold_loss":0}],"is_beta":false,"boss_relics":[{"not_picked":["Busted Crown","Inserter"],"picked":"SlaversCollar"},{"not_picked":["Fusion Hammer","SacredBark"],"picked":"Nuclear Battery"}],"items_purged_floors":[8,39],"is_endless":false,"potions_floor_spawned":[1,3,5,7,35,41,42,44,45],"ascension_level":3}}