{"host":"rantoq7h0pygex6x","time":1613760587,"event":{"mods":["AchievementEnabler","BaseMod","BetterRewards","Minty Spire (QoL Compilation)","SuperFastMode"],"gold_per_floor":[114,164,64,77,77,77,107,107,157,157,182,192,220,220,220,293,293,272,15,15,26,46,46,46,78,105,121,141,156,156,190,190,190,190],"floor_reached":33,"language":"ENG","playtime":1302,"items_purged":["Strike_R","Strike_R","Strike_R"],"score":786,"play_id":"a1fbae4d-45da-4aa9-90b4-cd3c51064416","local_time":"20210220024947","is_ascension_mode":true,"campfire_choices":[{"data":"Warcry","floor":6.0,"key":"SMITH"},{"data":"Rage","floor":8.0,"key":"SMITH"},{"floor":10.0,"key":"REST"},{"floor":15.0,"key":"REST"},{"data":"Armaments","floor":23.0,"key":"SMITH"},{"floor":30.0,"key":"REST"},{"data":"Inflame","floor":32.0,"key":"SMITH"}],"circlet_count":0,"master_deck":["AscendersBane","Strike_R","Strike_R+1","Defend_R","Defend_R","Defend_R","Defend_R","Bash+1","Warcry+1","Headbutt+1","Rage+1","Armaments","Iron Wave","Impervious","Dropkick","Inflame+1","Thunderclap","Flame Barrier+1","Armaments+1","Shockwave","Thunderclap","Inflame+1","Exhume"],"relics":["Burning Blood","Bronze Scales","Vajra","Odd Mushroom","Whetstone","Regal Pillow","Champion Belt","Bottled Flame","Mark of Pain","Ginger","Red Skull","Boot"],"acts_visited":["Exordium","TheCity"],"potions_floor_usage":[33,33],"damage_taken":[{"damage":1.0,"enemies":"Cultist","floor":1.0,"turns":3.0},{"damage":13.0,"enemies":"Small Slimes","floor":4.0,"turns":4.0},{"damage":31.0,"enemies":"The Mushroom Lair","floor":7.0,"turns":4.0},{"damage":15.0,"enemies":"Lagavulin","floor":11.0,"turns":7.0},{"damage":2.0,"enemies":"Jaw Worm","floor":12.0,"turns":4.0},{"damage":10.0,"enemies":"Gremlin Nob","floor":13.0,"turns":4.0},{"damage":6.0,"enemies":"Hexaghost","floor":16.0,"turns":9.0},{"damage":19.0,"enemies":"2 Thieves","floor":18.0,"turns":4.0},{"damage":26.0,"enemies":"Chosen","floor":21.0,"turns":6.0},{"damage":0.0,"enemies":"Snecko","floor":22.0,"turns":5.0},{"damage":35.0,"enemies":"Slavers","floor":25.0,"turns":9.0},{"damage":7.0,"enemies":"3 Cultists","floor":27.0,"turns":6.0},{"damage":7.0,"enemies":"Sentry and Sphere","floor":28.0,"turns":5.0},{"damage":0.0,"enemies":"Chosen and Byrds","floor":29.0,"turns":5.0},{"damage":20.0,"enemies":"Book of Stabbing","floor":31.0,"turns":6.0},{"damage":57,"enemies":"Automaton","floor":33,"turns":6}],"seed_played":"5298627914657537033","potions_obtained":[{"floor":7.0,"key":"SkillPotion"},{"floor":12.0,"key":"Block Potion"},{"floor":21.0,"key":"PowerPotion"},{"floor":28.0,"key":"SteroidPotion"},{"floor":29.0,"key":"FearPotion"},{"floor":31.0,"key":"PowerPotion"}],"is_trial":false,"path_per_floor":["M","?","$","M","?","R","?","R","T","R","E","M","E","T","R","B",null,"M","$","?","M","M","R","$","E","T","M","M","M","R","E","R","B"],"character_chosen":"IRONCLAD","items_purchased":["Bronze Scales","Vajra","Warcry","Inflame","Thunderclap"],"campfire_rested":3,"item_purchase_floors":[0,0,0,19,19],"current_hp_per_floor":[52,45,45,38,38,38,13,13,13,35,26,30,26,26,63,63,72,59,59,59,39,45,45,45,16,16,15,14,20,57,43,43,0,0],"gold":190,"neow_bonus":"","is_daily":false,"chose_seed":false,"campfire_upgraded":4,"win_rate":0.0,"timestamp":1613760587,"path_taken":["M","?","$","?","?","R","?","R","T","R","E","M","E","?","R","BOSS","M","$","?","?","M","R","?","E","T","M","?","M","R","E","R","BOSS"],"items_purchased_type":["Relic","Relic","Card","Card","Card"],"build_version":"2020-12-22","purchased_purges":3,"victory":false,"max_hp_per_floor":[75,75,75,75,75,75,75,75,75,75,75,75,75,75,75,75,75,75,75,75,75,75,75,75,75,75,75,75,75,75,75,75,75,75],"card_choices":[{"not_picked":["Blood for Blood","Feel No Pain"],"picked":"Headbutt","floor":1.0},{"not_picked":["Sentinel","Clash"],"picked":"Rage","floor":4.0},{"not_picked":["Searing Blow","Dark Embrace"],"picked":"Armaments","floor":11.0},{"not_picked":["Clothesline","Intimidate","Rampage"],"picked":"SKIP","floor":12.0},{"not_picked":["Rampage","Reaper"],"picked":"Iron Wave","floor":13.0},{"not_picked":["Corruption","Fiend Fire"],"picked":"Impervious","floor":16.0},{"not_picked":["Intimidate","Perfected Strike"],"picked":"Dropkick","floor":18.0},{"not_picked":["Pommel Strike","Metallicize"],"picked":"Flame Barrier+1","floor":21.0},{"not_picked":["Combust","True Grit"],"picked":"Armaments","floor":22.0},{"not_picked":["Heavy Blade","Whirlwind"],"picked":"Shockwave","floor":25.0},{"not_picked":["Twin Strike","Blood for Blood"],"picked":"Thunderclap","floor":27.0},{"not_picked":["Combust","Warcry","Perfected Strike"],"picked":"SKIP","floor":28.0},{"not_picked":["Anger","Body Slam"],"picked":"Inflame+1","floor":29.0},{"not_picked":["Perfected Strike","Heavy Blade"],"picked":"Exhume","floor":31.0}],"player_experience":1003263,"relics_obtained":[{"floor":7.0,"key":"Odd Mushroom"},{"floor":9.0,"key":"Whetstone"},{"floor":11.0,"key":"Regal Pillow"},{"floor":13.0,"key":"Champion Belt"},{"floor":14.0,"key":"Bottled Flame"},{"floor":25.0,"key":"Ginger"},{"floor":26.0,"key":"Red Skull"},{"floor":31.0,"key":"Boot"}],"event_choices":[{"damage_healed":0.0,"max_hp_gain":0.0,"max_hp_loss":0.0,"gold_gain":50.0,"event_name":"FaceTrader","player_choice":"Touch","floor":2.0,"gold_loss":0.0,"damage_taken":7.0},{"damage_healed":0.0,"max_hp_gain":0.0,"max_hp_loss":0.0,"gold_gain":0.0,"event_name":"Living Wall","player_choice":"Grow","floor":5.0,"gold_loss":0.0,"damage_taken":0.0,"cards_upgraded":["Headbutt"]},{"damage_healed":0.0,"max_hp_gain":0.0,"max_hp_loss":0.0,"gold_gain":0.0,"event_name":"Mushrooms","player_choice":"Fought Mushrooms","floor":7.0,"gold_loss":0.0,"damage_taken":0.0},{"damage_healed":0.0,"max_hp_gain":0.0,"max_hp_loss":0.0,"gold_gain":0.0,"event_name":"Match and Keep!","player_choice":"0 cards matched","floor":20.0,"gold_loss":0.0,"damage_taken":0.0,"cards_obtained":[]}],"is_beta":false,"boss_relics":[{"not_picked":["Astrolabe","Coffee Dripper"],"picked":"Mark of Pain"}],"items_purged_floors":[0,3,19],"is_endless":false,"potions_floor_spawned":[7,12,21,28,29,31],"killed_by":"Automaton","ascension_level":20}}