{"host":"qp7xs8nuzfsyommi","time":1613746096,"event":{"mods":["2.2 Compatiblity","BaseMod","Colored Powertips","DeckTracker","Highlight Path","Minty Spire (QoL Compilation)","Permanent Neow","Quick Restart","StSLib"],"gold_per_floor":[114,129,142,142,196,196,196],"floor_reached":6,"language":"ENG","playtime":189,"items_purged":[],"score":72,"play_id":"738f1b6f-a16e-49fa-babe-f75645e35b58","local_time":"20210219094816","is_ascension_mode":true,"campfire_choices":[],"circlet_count":0,"master_deck":["AscendersBane","Strike_B","Strike_B","Strike_B","Strike_B","Defend_B","Defend_B+1","Defend_B","Defend_B+1","Zap","Dualcast","Decay","Self Repair","Force Field","Glacier","Melter"],"relics":["Cracked Core","Prayer Wheel"],"acts_visited":["Exordium"],"potions_floor_usage":[],"damage_taken":[{"damage":1,"enemies":"2 Louse","floor":1,"turns":3},{"damage":11,"enemies":"Jaw Worm","floor":2,"turns":4},{"damage":1,"enemies":"Cultist","floor":3,"turns":4},{"damage":45,"enemies":"Gremlin Nob","floor":6,"turns":4}],"seed_played":"-5076770437829806443","potions_obtained":[],"is_trial":false,"path_per_floor":["M","M","M","?","?","E"],"character_chosen":"DEFECT","items_purchased":[],"campfire_rested":0,"item_purchase_floors":[],"current_hp_per_floor":[63,59,65,44,44,0,0],"gold":196,"neow_bonus":"ONE_RARE_RELIC","is_daily":false,"chose_seed":false,"campfire_upgraded":0,"win_rate":0.0,"timestamp":1613746096,"path_taken":["M","M","M","?","?","E"],"items_purchased_type":[],"build_version":"2020-12-22","purchased_purges":0,"victory":false,"max_hp_per_floor":[71,71,71,71,71,71,71],"card_choices":[{"not_picked":["Gash","Sweeping Beam"],"picked":"Self Repair","floor":1},{"not_picked":["Cold Snap","Barrage"],"picked":"Force Field","floor":1},{"not_picked":["Streamline","Turbo"],"picked":"Glacier","floor":2},{"not_picked":["Steam","Scrape","Rebound"],"picked":"SKIP","floor":2},{"not_picked":["Stack","Turbo"],"picked":"Melter","floor":3},{"not_picked":["Sweeping Beam","Ball Lightning","Steam"],"picked":"SKIP","floor":3}],"player_experience":1459624,"relics_obtained":[],"event_choices":[{"damage_healed":0,"gold_gain":0,"player_choice":"Entered Light","damage_taken":21,"max_hp_gain":0,"max_hp_loss":0,"event_name":"Shining Light","floor":4,"gold_loss":0,"cards_upgraded":["Defend_B","Defend_B"]},{"damage_healed":0,"gold_gain":54,"player_choice":"Gained Gold","damage_taken":0,"max_hp_gain":0,"max_hp_loss":0,"event_name":"Golden Wing","floor":5,"gold_loss":0}],"is_beta":false,"boss_relics":[],"items_purged_floors":[],"is_endless":false,"potions_floor_spawned":[],"killed_by":"Gremlin Nob","ascension_level":20}}