{"host":"rjmu5g8hpiele53d","time":1613759843,"event":{"mods":["2.2 Compatiblity","BaseMod","Downfall","GifTheSpireLib","Minty Spire (QoL Compilation)","StSLib"],"gold_per_floor":[99,118,133,133,153,173,227,227,241,154,168,195,211,211,225,325,325,325,344,362,372,372,357,357,357],"floor_reached":23,"language":"ENG","playtime":1836,"items_purged":[],"score":207,"play_id":"4ee4abbe-892c-4db2-ab34-74723bb77835","local_time":"20210219183723","is_ascension_mode":true,"campfire_choices":[{"data":"hexamod:Sear","floor":1.0,"key":"SMITH"},{"data":"hexamod:RainOfEmbers","floor":18.0,"key":"SMITH"}],"circlet_count":0,"master_deck":["hexamod:Strike+1","hexamod:Strike","hexamod:Strike","hexamod:Strike","hexamod:Defend","hexamod:Defend","hexamod:Defend","hexamod:Defend","hexamod:Sear+1","hexamod:Float+1","Doubt","hexamod:ExtraCrispy","hexamod:Incineration","hexamod:Incineration+1","hexamod:RainOfEmbers+1","hexamod:Hexaguard","hexamod:SpectersWail","hexamod:RadiantFlame","hexamod:FastForward","hexamod:SixthSeal","hexamod:ParanormalForm","hexamod:FastForward+1","hexamod:HexaLevel"],"relics":["hexamod:SpiritBrand","Thread and Needle","Bag of Marbles","Anchor","Black Star"],"acts_visited":["Exordium","TheCity"],"potions_floor_usage":[],"damage_taken":[{"damage":0.0,"enemies":"Small Slimes","floor":2.0,"turns":3.0},{"damage":0.0,"enemies":"Cultist","floor":3.0,"turns":4.0},{"damage":0.0,"enemies":"2 Louse","floor":5.0,"turns":3.0},{"damage":9.0,"enemies":"Exordium Thugs","floor":6.0,"turns":4.0},{"damage":3.0,"enemies":"3 Louse","floor":9.0,"turns":3.0},{"damage":0.0,"enemies":"downfall:FleeingMerchant","floor":10.0,"turns":4.0},{"damage":0.0,"enemies":"Lots of Slimes","floor":11.0,"turns":3.0},{"damage":15.0,"enemies":"3 Sentries","floor":12.0,"turns":5.0},{"damage":0.0,"enemies":"2 Fungi Beasts","floor":13.0,"turns":3.0},{"damage":6.0,"enemies":"Large Slime","floor":15.0,"turns":4.0},{"damage":28.0,"enemies":"downfall:Silent","floor":16.0,"turns":9.0},{"damage":0.0,"enemies":"Spheric Guardian","floor":19.0,"turns":3.0},{"damage":0.0,"enemies":"3 Byrds","floor":20.0,"turns":5.0},{"damage":15.0,"enemies":"Shelled Parasite and Fungi","floor":21.0,"turns":6.0},{"damage":0.0,"enemies":"downfall:FleeingMerchant","floor":23.0,"turns":4.0}],"seed_played":"7809272833713570461","potions_obtained":[{"floor":3.0,"key":"Weak Potion"},{"floor":4.0,"key":"downfall:CursedFountainPotion"},{"floor":6.0,"key":"GamblersBrew"},{"floor":11.0,"key":"AttackPotion"},{"floor":12.0,"key":"ColorlessPotion"},{"floor":14.0,"key":"PowerPotion"},{"floor":14.0,"key":"FearPotion"},{"floor":16.0,"key":"Swift Potion"},{"floor":19.0,"key":"Explosive Potion"}],"is_trial":false,"path_per_floor":["R","M","M","?","M","M","T","?","M","$","M","E","M","?","M","B",null,"R","M","M","M","?","$"],"character_chosen":"THE_SPIRIT","items_purchased":["hexamod:RadiantFlame"],"campfire_rested":0,"item_purchase_floors":[10],"current_hp_per_floor":[70,70,70,70,70,61,61,61,58,58,58,43,43,43,37,9,70,70,70,70,55,55,55,55,55],"gold":357,"neow_bonus":"ONE_RARE_RELIC","is_daily":false,"chose_seed":false,"campfire_upgraded":2,"win_rate":0.0,"timestamp":1613759843,"path_taken":["R","M","M","?","?","M","T","?","M","?","M","E","M","?","M","BOSS","R","M","M","M","?","$"],"items_purchased_type":["Card"],"build_version":"2020-12-22","purchased_purges":0,"victory":false,"max_hp_per_floor":[70,70,70,70,70,70,70,70,70,70,70,70,70,70,70,70,70,70,70,70,70,70,70,70,70],"card_choices":[{"not_picked":["hexamod:HeatCrush","hexamod:Incineration"],"picked":"hexamod:ExtraCrispy","floor":2.0},{"not_picked":["hexamod:SuperheatedStrike","hexamod:SwordOfDarkness"],"picked":"hexamod:Incineration","floor":3.0},{"not_picked":["hexamod:NightmareStrike","hexamod:SpectersWail"],"picked":"hexamod:Incineration","floor":5.0},{"not_picked":["hexamod:SuperheatedStrike","hexamod:SwordOfDarkness"],"picked":"hexamod:RainOfEmbers","floor":6.0},{"not_picked":["hexamod:ShieldOfDarkness","hexamod:ThermalTransfer"],"picked":"hexamod:Hexaguard","floor":9.0},{"not_picked":["hexamod:HauntingEcho","hexamod:SecondSeal"],"picked":"hexamod:SpectersWail","floor":10.0},{"not_picked":["hexamod:ThermalTransfer","hexamod:GhostOfSpirePast"],"picked":"hexamod:FastForward","floor":11.0},{"not_picked":["hexamod:NightmareStrike","hexamod:SpectralAdrenaline"],"picked":"hexamod:SixthSeal","floor":12.0},{"not_picked":["hexamod:FourthSeal","hexamod:GhostOfSpirePast","hexamod:Firestarter"],"picked":"SKIP","floor":13.0},{"not_picked":["hexamod:SwordOfDarkness","hexamod:ChargedBarrage","hexamod:BurningTouch"],"picked":"SKIP","floor":15.0},{"not_picked":["hexamod:CrushingStance","hexamod:ApocalypticArmor"],"picked":"hexamod:ParanormalForm","floor":16.0},{"not_picked":["hexamod:GhostShield","hexamod:PhantomCloak","hexamod:AdvancingGuard"],"picked":"SKIP","floor":19.0},{"not_picked":["hexamod:SwordOfDarkness","hexamod:PhantomCloak+1"],"picked":"hexamod:FastForward+1","floor":20.0},{"not_picked":["hexamod:ExtraCrispy+1","hexamod:HauntingEcho"],"picked":"hexamod:HexaLevel","floor":21.0}],"player_experience":1650450,"relics_obtained":[{"floor":7.0,"key":"Bag of Marbles"},{"floor":12.0,"key":"Anchor"}],"event_choices":[{"damage_healed":0.0,"max_hp_gain":0.0,"max_hp_loss":0.0,"gold_gain":0.0,"event_name":"Upgrade Shrine","player_choice":"Upgraded","floor":8.0,"gold_loss":0.0,"damage_taken":0.0,"cards_upgraded":["hexamod:Float"]},{"damage_healed":0.0,"max_hp_gain":0.0,"max_hp_loss":0.0,"gold_gain":0.0,"event_name":"Lab","player_choice":"Got Potions","floor":14.0,"gold_loss":0.0,"damage_taken":0.0}],"is_beta":false,"boss_relics":[{"not_picked":["SlaversCollar","Empty Cage"],"picked":"Black Star"}],"items_purged_floors":[],"is_endless":false,"potions_floor_spawned":[3,6,11,12,16,19],"killed_by":"downfall:FleeingMerchant","ascension_level":1}}