{"host":"72n3jwtrlpjobydj","time":1613725535,"event":{"mods":["AchievementEnabler","BaseMod","CapriCore","DeckTracker","Hermit","Koishi","KomeijiMod","Lobotomy","Marisa£¨Ùöéë¡¡Øª×âÞÞ£©","Minty Spire (QoL Compilation)","Permanent Neow","StSLib","SuperFastMode","The Cursed","The Hierophant","The Immortal"],"gold_per_floor":[111,111,123,137,58,91,91,125,151,226,246,246,171,171,171,273,273,291,41,55,55,55,86,101,63,87,110,141,169,33,102,102,207,207,218,231,106,123,282,317,342,342,342,357,357,128,140,159,159,159],"floor_reached":51,"language":"KOR","playtime":1183,"items_purged":["Strike_P","Strike_P","Defend_P"],"score":807,"play_id":"439e66b3-be74-44c0-927d-825fef1fbb5d","local_time":"20210219180535","is_ascension_mode":false,"campfire_choices":[{"data":"Adaptation","floor":7,"key":"SMITH"},{"floor":12,"key":"REST"},{"floor":15,"key":"REST"},{"data":"MentalFortress","floor":32,"key":"SMITH"},{"floor":42,"key":"REST"},{"floor":45,"key":"REST"},{"floor":49,"key":"REST"}],"circlet_count":0,"master_deck":["Strike_P","Strike_P","Defend_P","Defend_P","Eruption","Vigilance","Tantrum+1","Adaptation+1","TalkToTheHand","FearNoEvil","Tantrum+1","MentalFortress+1","FearNoEvil","MentalFortress+1"],"relics":["PureWater","Boot","Vajra","Bag of Preparation","Sozu","Oddly Smooth Stone","Tiny Chest","Lee\u0027s Waffle","Blue Candle","Fusion Hammer","WingedGreaves","Orichalcum","Frozen Egg 2","Orrery"],"acts_visited":["Exordium","TheCity","TheBeyond"],"potions_floor_usage":[8,20,23,23],"damage_taken":[{"damage":2,"enemies":"Small Slimes","floor":1,"turns":2},{"damage":0,"enemies":"Cultist","floor":3,"turns":2},{"damage":1,"enemies":"Jaw Worm","floor":4,"turns":2},{"damage":0,"enemies":"Gremlin Nob","floor":6,"turns":3},{"damage":26,"enemies":"3 Sentries","floor":8,"turns":3},{"damage":0,"enemies":"3 Louse","floor":11,"turns":2},{"damage":13,"enemies":"The Guardian","floor":16,"turns":5},{"damage":0,"enemies":"Spheric Guardian","floor":18,"turns":2},{"damage":9,"enemies":"2 Thieves","floor":20,"turns":2},{"damage":29,"enemies":"Gremlin Leader","floor":23,"turns":4},{"damage":0,"enemies":"Snecko","floor":24,"turns":3},{"damage":12,"enemies":"Snake Plant","floor":27,"turns":2},{"damage":0,"enemies":"Sentry and Sphere","floor":28,"turns":2},{"damage":0,"enemies":"Snecko","floor":29,"turns":2},{"damage":44,"enemies":"Collector","floor":33,"turns":7},{"damage":9,"enemies":"3 Shapes","floor":35,"turns":2},{"damage":0,"enemies":"Orb Walker","floor":36,"turns":2},{"damage":0,"enemies":"Jaw Worm Horde","floor":38,"turns":2},{"damage":6,"enemies":"Giant Head","floor":40,"turns":6},{"damage":39,"enemies":"4 Shapes","floor":44,"turns":3},{"damage":0,"enemies":"Maw","floor":47,"turns":5},{"damage":0,"enemies":"Jaw Worm Horde","floor":48,"turns":2},{"damage":5,"enemies":"Awakened One","floor":50,"turns":8}],"seed_played":"-6794919481774212930","potions_obtained":[{"floor":4,"key":"SkillPotion"},{"floor":6,"key":"Explosive Potion"},{"floor":11,"key":"Block Potion"},{"floor":16,"key":"GamblersBrew"}],"is_trial":false,"path_per_floor":["M","?","M","M","$","E","R","E","T","?","M","R","$","?","R","B",null,"M","$","M","?","$","E","M","$","T","M","M","M","$","T","R","B",null,"M","M","$","M","?","E","T","R","T","M","R","$","M","M","R","B",null],"character_chosen":"WATCHER","items_purchased":["FearNoEvil","Oddly Smooth Stone","MentalFortress","Lee\u0027s Waffle","FearNoEvil","Orrery"],"campfire_rested":5,"item_purchase_floors":[5,19,25,30,46,46],"current_hp_per_floor":[70,70,70,69,69,69,69,43,43,32,32,53,53,53,72,59,72,72,72,63,63,63,34,34,34,34,22,22,22,79,79,79,35,79,70,70,70,70,70,64,64,79,79,40,63,63,63,63,79,74],"gold":159,"neow_bonus":"THREE_CARDS","is_daily":false,"chose_seed":false,"campfire_upgraded":2,"win_rate":0.0,"timestamp":1613725535,"path_taken":["M","?","M","?","$","E","R","E","T","?","M","R","$","?","R","BOSS","M","$","M","?","$","E","M","$","T","M","M","M","?","?","R","BOSS","M","M","$","M","?","E","?","R","T","?","R","$","?","M","R","BOSS"],"items_purchased_type":["Card","Relic","Card","Relic","Card","Relic"],"build_version":"2020-12-22","purchased_purges":3,"victory":true,"max_hp_per_floor":[72,72,72,72,72,72,72,72,72,72,72,72,72,72,72,72,72,72,72,72,72,72,72,72,72,72,72,72,72,79,79,79,79,79,79,79,79,79,79,79,79,79,79,79,79,79,79,79,79,79],"card_choices":[{"not_picked":["Swivel","FollowUp"],"picked":"Tantrum","floor":0},{"not_picked":["CutThroughFate","WindmillStrike","SandsOfTime"],"picked":"SKIP","floor":1},{"not_picked":["ClearTheMind","CutThroughFate"],"picked":"Adaptation","floor":3},{"not_picked":["Vengeance","Study"],"picked":"TalkToTheHand","floor":4},{"not_picked":["Halt","DeceiveReality","ThirdEye"],"picked":"SKIP","floor":6},{"not_picked":["EmptyFist","Crescendo","Pray"],"picked":"SKIP","floor":8},{"not_picked":["Protect","BowlingBash","Vengeance"],"picked":"SKIP","floor":11},{"not_picked":["SashWhip","Protect","JustLucky"],"picked":"SKIP","floor":18},{"not_picked":["Pray","FlyingSleeves+1","TalkToTheHand"],"picked":"SKIP","floor":20},{"not_picked":["EmptyMind","Consecrate","Worship"],"picked":"SKIP","floor":23},{"not_picked":["BowlingBash","EmptyBody","Indignation+1"],"picked":"SKIP","floor":24},{"not_picked":["Crescendo","EmptyFist","EmptyBody+1"],"picked":"SKIP","floor":27},{"not_picked":["FlyingSleeves","Evaluate+1","ThirdEye"],"picked":"SKIP","floor":28},{"not_picked":["Meditate+1","WheelKick","BowlingBash"],"picked":"SKIP","floor":29},{"not_picked":["FlurryOfBlows+1","InnerPeace+1","Collect+1"],"picked":"SKIP","floor":35},{"not_picked":["MentalFortress+1","Protect","Evaluate"],"picked":"SKIP","floor":36},{"not_picked":["FollowUp+1","Evaluate","CrushJoints+1"],"picked":"SKIP","floor":38},{"not_picked":["ConjureBlade","PathToVictory+1","MasterReality"],"picked":"SKIP","floor":40},{"not_picked":["Halt","FollowUp+1","ThirdEye"],"picked":"SKIP","floor":44},{"not_picked":["EmptyBody+1","CutThroughFate+1"],"picked":"MentalFortress+1","floor":46},{"not_picked":["PathToVictory","Pray+1","FlyingSleeves"],"picked":"SKIP","floor":47},{"not_picked":["ForeignInfluence","Swivel","Halt+1"],"picked":"SKIP","floor":48}],"player_experience":87673,"relics_obtained":[{"floor":6,"key":"Boot"},{"floor":8,"key":"Vajra"},{"floor":9,"key":"Bag of Preparation"},{"floor":23,"key":"Tiny Chest"},{"floor":26,"key":"MawBank"},{"floor":31,"key":"Blue Candle"},{"floor":40,"key":"WingedGreaves"},{"floor":41,"key":"Orichalcum"},{"floor":43,"key":"Frozen Egg 2"}],"event_choices":[{"damage_healed":0,"gold_gain":0,"player_choice":"Upgraded","damage_taken":0,"max_hp_gain":0,"max_hp_loss":0,"event_name":"Upgrade Shrine","floor":2,"gold_loss":0,"cards_upgraded":["Tantrum"]},{"damage_healed":0,"gold_gain":75,"player_choice":"Gather Gold","damage_taken":11,"max_hp_gain":0,"max_hp_loss":0,"event_name":"World of Goop","floor":10,"gold_loss":0},{"cards_removed":["Defend_P"],"damage_healed":0,"gold_gain":0,"player_choice":"Forget","damage_taken":0,"max_hp_gain":0,"max_hp_loss":0,"event_name":"Living Wall","floor":14,"gold_loss":0},{"damage_healed":0,"gold_gain":0,"player_choice":"Copied","damage_taken":0,"max_hp_gain":0,"max_hp_loss":0,"event_name":"Duplicator","floor":21,"gold_loss":0,"cards_obtained":["Tantrum"]}],"is_beta":false,"boss_relics":[{"not_picked":["Astrolabe","Velvet Choker"],"picked":"Sozu"},{"not_picked":["Coffee Dripper","Snecko Eye"],"picked":"Fusion Hammer"}],"items_purged_floors":[13,19,37],"is_endless":false,"potions_floor_spawned":[4,6,11,16,20,23,29,35,38,44],"ascension_level":0}}