{"host":"8m7is3yylgn0pnts","time":1613748489,"event":{"mods":["ATMod(阿瑾Mod)","Act Like it!","Arknights","BaseMod","Downfall","Gensokyo","Hallownest","KinomotoSakuraMod(木之本樱)","Koishi","Lobotomy","Minty Spire (QoL Compilation)","Remilia_Scarlet Moed（蕾米莉亚・斯卡雷特）3.3.5","Remilia（蕾米莉亚）","StSLib","Waifu the Spire","WarShipGirlsR/战舰少女R mod","Yakumo Yukari mod"],"gold_per_floor":[120,135,198,198,213,113,138,38,68,68,98,324,324,339,354,454,454,454,469,469,469,569,146,146,161,161,161,161,176,176,176,191,291,291,291,306,0,0,0],"floor_reached":38,"language":"ZHS","playtime":1976,"items_purged":[],"score":403,"play_id":"f800b73f-9c9d-49ae-b3b5-1b3b0199d8f7","local_time":"20210219232809","daily_mods":["SealedDeck","Flight","Lethality"],"is_ascension_mode":false,"campfire_choices":[{"floor":1,"key":"RECALL"},{"data":"Bait_HighSpeedFlying_purple","floor":6,"key":"SMITH"},{"data":"Yakumo_Ran_purple","floor":8,"key":"SMITH"},{"data":"rmod:windflower","floor":18,"key":"SMITH"},{"data":"expansioncontent:QuickStudy","floor":26,"key":"SMITH"},{"data":"rmod:wasp","floor":30,"key":"SMITH"},{"data":"SharpContractionReality_purple","floor":35,"key":"SMITH"}],"circlet_count":0,"master_deck":["rmod:supportaircraftcarrier","MonsterNeedle_purple+1","Yakumo_Ran_purple+1","SharpContractionReality_purple+1","rmod:wasp+1","WorldDissolvedintheRealm_purple","DarkRealmRedLine_purple","Fantasy_PerpetualMotionMachine_purple","MonsterNeedle_purple","Bait_HighSpeedFlying_purple+1","AT_FamilyPortrait+1","Bait_HighSpeedFlying_purple","Human_Monster_Realm_purple","Bait_Toxicbait_purple","Boundary_LifeAndDeath_purple","ExternalForce_HighSpeedFlying_purple","CommonSense_AntiCommonSense_purple","rmod:windflower+1","rmod:intelligenceanalysis+1","expansioncontent:QuickStudy+1","Fantasy_PerpetualMotionMachine_purple","Mirror_FormAndEmptin_purple","Writhe","Umbrella_purple","Computing_the_future_purpleEX","CurseOfTheBell","WangLiang_OokamiKakushi_purple"],"relics":["Boundary_crack","Memoryfragments_purpleEX","AT_ATBox","downfall:HeartBlessingRed","downfall:HeartBlessingBlue","Question Card","War Paint","Busted Crown","TheEssenceOfRealm","Slimebound:StickyStick","Centennial Puzzle","Guardian:PocketSentry","MutagenicStrength","Calling Bell","Dream Catcher","Eternal Feather","Parasol_purpleEX","AT_BellDemon"],"acts_visited":["Exordium","TheCity","TheBeyond"],"potions_floor_usage":[12,12,16,33,33,33],"damage_taken":[{"damage":0,"enemies":"Small Slimes","floor":2,"turns":2},{"damage":8,"enemies":"2 Louse","floor":5,"turns":2},{"damage":30,"enemies":"Lagavulin","floor":9,"turns":4},{"damage":15,"enemies":"3 Sentries","floor":11,"turns":2},{"damage":0,"enemies":"downfall:FleeingMerchant","floor":12,"turns":4},{"damage":0,"enemies":"ats:Genji","floor":14,"turns":1},{"damage":13,"enemies":"2 Fungi Beasts","floor":15,"turns":2},{"damage":17,"enemies":"SI_SHIV_ARCHETYPE","floor":16,"turns":4},{"damage":0,"enemies":"Shell Parasite","floor":19,"turns":2},{"damage":12,"enemies":"Chosen","floor":25,"turns":2},{"damage":11,"enemies":"Snake Plant","floor":29,"turns":2},{"damage":11,"enemies":"Centurion and Healer","floor":32,"turns":2},{"damage":5,"enemies":"WA_ARCHETYPE_CALM","floor":33,"turns":5},{"damage":11,"enemies":"3 Shapes","floor":36,"turns":2},{"damage":82,"enemies":"3 Shapes","floor":38,"turns":2}],"seed_played":"778547550210687013","potions_obtained":[{"floor":2,"key":"BlessingOfTheForge"},{"floor":5,"key":"Fire Potion"},{"floor":11,"key":"Regen Potion"},{"floor":16,"key":"Dexterity Potion"},{"floor":19,"key":"Regen Potion"},{"floor":21,"key":"CultistPotion"}],"is_trial":false,"path_per_floor":["R","M","?","?","M","R","T","R","E","?","E","$","?","M","M","B",null,"R","M","?","?","?","$","T","M","R","?","T","M","R","?","M","B",null,"R","M","$","?"],"character_chosen":"Youkari","items_purchased":["ExternalForce_HighSpeedFlying_purple","expansioncontent:QuickStudy","TheEssenceOfRealm","Fantasy_PerpetualMotionMachine_purple","AT_BellDemon","WangLiang_OokamiKakushi_purple"],"campfire_rested":0,"item_purchase_floors":[12,23,23,23,37,37],"current_hp_per_floor":[70,70,70,70,63,63,63,73,44,44,30,45,45,45,33,18,80,80,80,80,80,80,80,80,71,71,71,71,60,60,60,57,69,80,80,73,73,0,0],"gold":0,"neow_bonus":"","is_daily":true,"chose_seed":false,"campfire_upgraded":6,"win_rate":0.0,"timestamp":1613748489,"path_taken":["R","M","?","?","?","R","T","R","E","?","E","?","?","?","M","BOSS","R","M","?","?","?","$","T","?","R","?","?","M","R","?","M","BOSS","R","M","$","?"],"items_purchased_type":["Card","Card","Relic","Card","Relic","Card"],"build_version":"2020-12-22","purchased_purges":0,"victory":false,"max_hp_per_floor":[70,70,70,70,70,70,70,80,80,80,80,80,80,80,80,80,80,80,80,80,80,80,80,80,80,80,80,80,80,80,80,80,80,80,80,80,80,80,80],"card_choices":[{"not_picked":["rmod:overbreakdown","rmod:shuttlebombing"],"picked":"RealityDreamConfluencek_purple","floor":2},{"not_picked":["WatchEChange_purple","Boundary_DynamicStaticEquilibrium_purple","rmod:generalist"],"picked":"SKIP","floor":5},{"not_picked":["rmod:garrisonisland","rmod:fletcherpendant"],"picked":"Human_Monster_Realm_purple","floor":9},{"not_picked":["rmod:fletcherpendant","MeetDecomposer_purple","rmod:concentratefire"],"picked":"Bait_Toxicbait_purple","floor":11},{"not_picked":["rmod:sl","ExistenceContinue_purple","DimensionStaggered_purple"],"picked":"Boundary_LifeAndDeath_purple","floor":12},{"not_picked":["Mirror_Drifter_purple","rmod:chargemoney","rmod:fuelsupply","rmod:maintain"],"picked":"SKIP","floor":14},{"not_picked":["Realm_recovery_purpleEX","rmod:goodfighter","rmod:supportescort"],"picked":"CommonSense_AntiCommonSense_purple","floor":15},{"not_picked":["rmod:seals","WangLiang_LineAndCurveDreams_purple","MagicEyes_LaplaceDemon_purple"],"picked":"rmod:windflower","floor":16},{"not_picked":["rmod:aluminumsupply"],"picked":"rmod:intelligenceanalysis+1","floor":19},{"not_picked":["StateDuplicate_purple"],"picked":"Mirror_FormAndEmptin_purple","floor":25},{"not_picked":["rmod:aluminumsupply","rmod:combined"],"picked":"SKIP","floor":29},{"not_picked":["rmod:aluminumsupply"],"picked":"Umbrella_purple","floor":32},{"not_picked":["rmod:stealaluminum"],"picked":"Computing_the_future_purpleEX","floor":33},{"not_picked":["rmod:combined","rmod:lonelyqueen"],"picked":"SKIP","floor":36}],"player_experience":71002,"relics_obtained":[{"floor":9,"key":"Question Card"},{"floor":11,"key":"War Paint"},{"floor":24,"key":"Slimebound:StickyStick"},{"floor":28,"key":"Guardian:PocketSentry"},{"floor":34,"key":"Dream Catcher"},{"floor":34,"key":"Eternal Feather"},{"floor":34,"key":"Parasol_purpleEX"}],"event_choices":[{"damage_healed":0,"gold_gain":63,"player_choice":"Gained Gold","damage_taken":0,"max_hp_gain":0,"max_hp_loss":0,"event_name":"Golden Wing","floor":3,"gold_loss":0},{"damage_healed":0,"gold_gain":0,"cards_transformed":["RealityDreamConfluencek_purple"],"player_choice":"Transformed","damage_taken":0,"max_hp_gain":0,"max_hp_loss":0,"event_name":"Transmorgrifier","floor":10,"gold_loss":0,"cards_obtained":["Extrememeaning_purpleEX"]},{"damage_healed":0,"gold_gain":0,"player_choice":"Ignored","damage_taken":0,"max_hp_gain":0,"max_hp_loss":0,"event_name":"Purifier","floor":13,"gold_loss":0},{"cards_removed":["Extrememeaning_purpleEX"],"damage_healed":0,"gold_gain":0,"player_choice":"Elegance","damage_taken":0,"max_hp_gain":0,"max_hp_loss":0,"event_name":"Back to Basics","floor":20,"gold_loss":0},{"damage_healed":0,"gold_gain":0,"player_choice":"Inject Mutagens","damage_taken":0,"relics_obtained":["MutagenicStrength"],"max_hp_gain":0,"max_hp_loss":0,"event_name":"Drug Dealer","floor":31,"gold_loss":0}],"is_beta":false,"boss_relics":[{"not_picked":["SlaversCollar","Empty Cage"],"picked":"Busted Crown"},{"not_picked":["Runic Dome","SacredBark"],"picked":"Calling Bell"}],"items_purged_floors":[],"is_endless":false,"potions_floor_spawned":[2,5,11,16,19,29,32],"killed_by":"3 Shapes","ascension_level":0}}