{"host":"vyiqbz5w606ur92t","time":1613770330,"event":{"mods":["BaseMod","Downfall","Minty Spire (QoL Compilation)","Relic Stats","StSLib"],"gold_per_floor":[99,143,27,27,27,102,102,37,62,100,169,226,226,326,366,490,490,490,533,569,419,459,511,535,535,116,144,180,237,237,268,305,404,404,304,316,334,334,365,410,422,234,278,34,44,79,125,125,141,141,141,174,27,27,27,27],"floor_reached":57,"language":"ENG","playtime":17853,"items_purged":["bronze:Strike","bronze:Defend","bronze:Defend"],"score":1704,"play_id":"d51d914d-cf07-471e-b153-13f651e42012","local_time":"20210219213210","is_ascension_mode":true,"campfire_choices":[{"data":"HandOfGreed","floor":1,"key":"SMITH"},{"floor":13,"key":"REST"},{"data":"bronze:Goto","floor":18,"key":"SMITH"},{"data":"bronze:BugBarrage","floor":25,"key":"SMITH"},{"data":"bronze:FineTuning","floor":30,"key":"SMITH"},{"floor":35,"key":"RECALL"},{"data":"bronze:BuggyMess","floor":42,"key":"SMITH"},{"data":"bronze:HardenedForm","floor":54,"key":"SMITH"}],"circlet_count":0,"master_deck":["bronze:Defend+1","bronze:Replicate","bronze:Goto+1","HandOfGreed+1","bronze:Return","bronze:ItsAFeature","bronze:BuggyMess+1","bronze:BronzeOrb","bronze:Mutator+1","bronze:DazingPulse","bronze:Iterate","bronze:FineTuning+1","bronze:Shield+1","bronze:Break","bronze:Constructor","bronze:BugBarrage+1","bronze:OilSpill","bronze:MaxOutput","bronze:Flail","bronze:BugBarrage+1","bronze:BurnOut","bronze:BuggyMess+1","bronze:HardenedForm+1","bronze:ItsAFeature+1","bronze:Safeguard","expansioncontent:PrepareCrush","bronze:ClassDefault+1","bronze:BronzeArmor"],"relics":["bronze:BronzeCore","Slimebound:StickyStick","Eternal Feather","Bronze Scales","Empty Cage","Nunchaku","Art of War","Gambling Chip","Guardian:PocketSentry","Pen Nib","Centennial Puzzle","bronze:MakeshiftBattery","downfall:HeartBlessingGreen","MawBank","Ginger","downfall:HeartBlessingRed","downfall:HeartBlessingBlue","Regal Pillow","Bottled Lightning","bronze:DonusWashers","Orichalcum","bronze:Mallet","Bag of Preparation","War Paint"],"acts_visited":["Exordium","TheCity","TheBeyond","TheEnding"],"potions_floor_usage":[14,14,15,23,27,31,33,33,43,52,56],"damage_taken":[{"damage":1,"enemies":"Cultist","floor":2,"turns":4},{"damage":0,"enemies":"downfall:FleeingMerchant","floor":3,"turns":4},{"damage":23,"enemies":"3 Sentries","floor":6,"turns":8},{"damage":5,"enemies":"downfall:FleeingMerchant","floor":8,"turns":4},{"damage":0,"enemies":"downfall:FleeingMerchant","floor":9,"turns":2},{"damage":0,"enemies":"2 Louse","floor":10,"turns":3},{"damage":0,"enemies":"Small Slimes","floor":11,"turns":5},{"damage":7,"enemies":"Lagavulin","floor":12,"turns":5},{"damage":14,"enemies":"downfall:Heads","floor":14,"turns":4},{"damage":0,"enemies":"downfall:LooterAlt","floor":15,"turns":2},{"damage":4,"enemies":"SI_SHIV_ARCHETYPE","floor":16,"turns":5},{"damage":0,"enemies":"3 Byrds","floor":19,"turns":3},{"damage":0,"enemies":"Spheric Guardian","floor":20,"turns":3},{"damage":19,"enemies":"Snake Plant","floor":22,"turns":6},{"damage":18,"enemies":"Gremlin Leader","floor":23,"turns":5},{"damage":0,"enemies":"downfall:FleeingMerchant","floor":26,"turns":4},{"damage":14,"enemies":"Slavers","floor":27,"turns":3},{"damage":0,"enemies":"Centurion and Healer","floor":28,"turns":6},{"damage":3,"enemies":"Gremlin Leader","floor":29,"turns":4},{"damage":29,"enemies":"Slavers","floor":31,"turns":4},{"damage":2,"enemies":"Snecko","floor":32,"turns":3},{"damage":6,"enemies":"DF_ARCHETYPE_CLAW","floor":33,"turns":4},{"damage":0,"enemies":"Orb Walker","floor":36,"turns":2},{"damage":12,"enemies":"3 Darklings","floor":37,"turns":3},{"damage":0,"enemies":"Spire Growth","floor":39,"turns":4},{"damage":6,"enemies":"Giant Head","floor":40,"turns":4},{"damage":17,"enemies":"Reptomancer","floor":43,"turns":4},{"damage":0,"enemies":"downfall:FleeingMerchant","floor":44,"turns":2},{"damage":9,"enemies":"Writhing Mass","floor":45,"turns":3},{"damage":21,"enemies":"Nemesis","floor":46,"turns":5},{"damage":6,"enemies":"2 Orb Walkers","floor":47,"turns":3},{"damage":0,"enemies":"Maw","floor":49,"turns":4},{"damage":12,"enemies":"IC_BLOCK_ARCHETYPE","floor":50,"turns":4},{"damage":5,"enemies":"downfall:CharBossMerchant","floor":52,"turns":3},{"damage":0,"enemies":"downfall:NeowBoss","floor":55,"turns":7},{"damage":43,"enemies":"downfall:NeowBossFinal","floor":56,"turns":4}],"seed_played":"2184729635697663249","potions_obtained":[{"floor":2,"key":"hexamod:SoulburnPotion"},{"floor":6,"key":"AttackPotion"},{"floor":10,"key":"Fire Potion"},{"floor":15,"key":"Energy Potion"},{"floor":22,"key":"bronze:CleanCodePotion"},{"floor":23,"key":"SpeedPotion"},{"floor":28,"key":"Weak Potion"},{"floor":29,"key":"ColorlessPotion"},{"floor":32,"key":"BlessingOfTheForge"},{"floor":39,"key":"Slimebound:ThreeZeroPotion"},{"floor":43,"key":"Swift Potion"},{"floor":46,"key":"GamblersBrew"}],"is_trial":false,"path_per_floor":["R","M","$","?","?","E","T","$","?","M","M","E","R","?","M","B",null,"R","M","M","?","M","E","T","R","$","E","M","E","R","E","M","B",null,"R","M","M","?","M","E","T","R","E","$","M","E","?","?","M","B",null,"E","$","R","B","B",null],"character_chosen":"THE_AUTOMATON","items_purchased":["bronze:BuggyMess","Fire Potion","Gambling Chip","Bottled Lightning","bronze:DonusWashers","bronze:Safeguard","War Paint"],"campfire_rested":1,"item_purchase_floors":[3,8,26,44,44,44,53],"current_hp_per_floor":[45,44,44,49,49,26,26,21,21,21,21,14,45,31,31,27,63,72,72,72,85,66,48,48,57,57,43,43,40,52,23,21,15,68,80,80,68,68,68,62,62,84,67,67,58,37,31,31,31,19,76,71,71,86,86,43],"gold":27,"neow_bonus":"RANDOM_COLORLESS_2","is_daily":false,"chose_seed":false,"campfire_upgraded":6,"win_rate":0.0,"timestamp":1613770330,"path_taken":["R","M","?","?","?","E","T","$","?","?","M","E","R","?","M","BOSS","R","M","M","?","M","E","T","R","?","E","?","E","R","E","M","BOSS","R","M","M","?","M","E","T","R","E","$","?","E","?","?","M","BOSS","E","$","R","BOSS","BOSS"],"items_purchased_type":["Card","Potion","Relic","Relic","Relic","Card","Relic"],"build_version":"2020-12-22","purchased_purges":3,"victory":true,"max_hp_per_floor":[70,70,70,75,75,75,75,75,75,75,75,75,75,75,75,75,75,75,75,75,85,85,85,85,85,85,85,85,85,85,85,85,85,85,85,85,85,85,85,85,85,95,95,95,95,95,95,95,95,95,95,95,95,95,95,95],"relic_stats":{"Regal Pillow":0,"counters":[36,142],"Eternal Feather":78,"Pen Nib":[15],"Bag of Preparation":[4],"Ginger":[23],"Orichalcum":[18],"War Paint":["bronze:Defend","bronze:Shield"],"MawBank":72,"Nunchaku":[19],"Centennial Puzzle":[31],"Bronze Scales":[274],"Gambling Chip":[42],"Art of War":[10],"obtain_stats":[{"Regal Pillow":43,"bronze:DonusWashers":44,"bronze:BronzeCore":0,"downfall:HeartBlessingRed":42,"Eternal Feather":7,"downfall:HeartBlessingGreen":35,"Pen Nib":29,"Guardian:PocketSentry":27,"Bag of Preparation":52,"Ginger":40,"bronze:Mallet":47,"Orichalcum":46,"War Paint":53,"Empty Cage":17,"MawBank":38,"Nunchaku":23,"Centennial Puzzle":31,"Slimebound:StickyStick":6,"downfall:HeartBlessingBlue":42,"Bronze Scales":12,"Gambling Chip":26,"Art of War":24,"Bottled Lightning":44,"bronze:MakeshiftBattery":34},{"Regal Pillow":27,"bronze:DonusWashers":28,"bronze:BronzeCore":0,"downfall:HeartBlessingRed":26,"Eternal Feather":3,"downfall:HeartBlessingGreen":22,"Pen Nib":19,"Guardian:PocketSentry":17,"Bag of Preparation":34,"Ginger":26,"bronze:Mallet":31,"Orichalcum":30,"War Paint":34,"Empty Cage":11,"MawBank":24,"Nunchaku":15,"Centennial Puzzle":20,"Slimebound:StickyStick":3,"downfall:HeartBlessingBlue":26,"Bronze Scales":8,"Gambling Chip":16,"Art of War":15,"Bottled Lightning":28,"bronze:MakeshiftBattery":22},{"Regal Pillow":107,"bronze:DonusWashers":109,"bronze:BronzeCore":0,"downfall:HeartBlessingRed":103,"Eternal Feather":16,"downfall:HeartBlessingGreen":91,"Pen Nib":80,"Guardian:PocketSentry":70,"Bag of Preparation":131,"Ginger":103,"bronze:Mallet":120,"Orichalcum":117,"War Paint":131,"Empty Cage":46,"MawBank":95,"Nunchaku":63,"Centennial Puzzle":84,"Slimebound:StickyStick":16,"downfall:HeartBlessingBlue":103,"Bronze Scales":35,"Gambling Chip":67,"Art of War":63,"Bottled Lightning":109,"bronze:MakeshiftBattery":91}]},"card_choices":[{"not_picked":["Magnetism","The Bomb"],"picked":"HandOfGreed","floor":0},{"not_picked":["bronze:CutThrough","bronze:Repulsor"],"picked":"bronze:Return","floor":2},{"not_picked":["bronze:Refactor","bronze:WhirlingStrike"],"picked":"bronze:ItsAFeature","floor":3},{"not_picked":["bronze:Shell","bronze:ForceShield"],"picked":"bronze:BronzeOrb","floor":6},{"not_picked":["bronze:Constructor","bronze:Turbo"],"picked":"bronze:Mutator","floor":8},{"not_picked":[],"picked":"bronze:DazingPulse","floor":9},{"not_picked":["bronze:FineTuning","bronze:WildBeam","bronze:Repair"],"picked":"SKIP","floor":10},{"not_picked":["bronze:Branch","bronze:DelayedGuard"],"picked":"bronze:Iterate","floor":11},{"not_picked":["bronze:ItsAFeature","bronze:Deprecate","bronze:BitShift"],"picked":"SKIP","floor":12},{"not_picked":["bronze:Repulsor","bronze:Shell"],"picked":"bronze:Shield","floor":14},{"not_picked":["bronze:WhirlingStrike","bronze:Overheat","bronze:ForLoop"],"picked":"SKIP","floor":15},{"not_picked":["bronze:Mutator","bronze:Hardcode"],"picked":"bronze:Break","floor":16},{"not_picked":["bronze:Shell","bronze:NullPointer"],"picked":"bronze:Constructor","floor":19},{"not_picked":["bronze:NullPointer","bronze:ForLoop","bronze:Separator"],"picked":"SKIP","floor":20},{"not_picked":["bronze:Turbo","bronze:WildBeam+1"],"picked":"bronze:BugBarrage","floor":22},{"not_picked":["bronze:Overheat+1","bronze:Branch"],"picked":"bronze:OilSpill","floor":23},{"not_picked":["bronze:AlphaBuild","bronze:Constructor","bronze:ChildClass"],"picked":"SKIP","floor":26},{"not_picked":["bronze:Overheat","bronze:DelayedSlice"],"picked":"bronze:MaxOutput","floor":27},{"not_picked":["bronze:Return","bronze:CutThrough"],"picked":"bronze:Flail","floor":28},{"not_picked":["bronze:ForceShield","bronze:Branch","bronze:OilSpill"],"picked":"SKIP","floor":29},{"not_picked":["bronze:Invalidate+1","bronze:BitShift"],"picked":"bronze:BugBarrage+1","floor":31},{"not_picked":["bronze:OilSpill","bronze:BugBarrage","bronze:Library"],"picked":"SKIP","floor":32},{"not_picked":["bronze:HyperBeam","bronze:SpaghettiCode"],"picked":"bronze:BurnOut","floor":33},{"not_picked":["bronze:WildBeam+1","bronze:FineTuning"],"picked":"bronze:BuggyMess+1","floor":36},{"not_picked":["bronze:Branch+1","bronze:Deprecate+1","bronze:BuggyMess"],"picked":"SKIP","floor":37},{"not_picked":["bronze:Boost+1","bronze:Turbo+1","bronze:Shell"],"picked":"SKIP","floor":39},{"not_picked":["bronze:BuggyMess+1","bronze:CutThrough","bronze:Constructor"],"picked":"SKIP","floor":40},{"not_picked":["bronze:Terminator","bronze:Optimize"],"picked":"bronze:HardenedForm","floor":43},{"not_picked":["bronze:BitShift","bronze:DelayedGuard"],"picked":"bronze:ItsAFeature+1","floor":44},{"not_picked":["bronze:DelayedGuard+1","bronze:CutThrough+1","bronze:ChosenStrike"],"picked":"SKIP","floor":45},{"not_picked":["bronze:DelayedGuard","bronze:Turbo","bronze:RecursiveStrike"],"picked":"SKIP","floor":46},{"not_picked":["expansioncontent:InvincibleStrength","expansioncontent:AwakenDeath"],"picked":"expansioncontent:PrepareCrush","floor":48},{"not_picked":["bronze:WildBeam+1","bronze:WhirlingStrike+1"],"picked":"bronze:ClassDefault+1","floor":49},{"not_picked":["bronze:BuggyMess+1","bronze:WhirlingStrike"],"picked":"bronze:BronzeArmor","floor":52}],"player_experience":1852598,"relics_obtained":[{"floor":6,"key":"Slimebound:StickyStick"},{"floor":7,"key":"Eternal Feather"},{"floor":12,"key":"Bronze Scales"},{"floor":23,"key":"Nunchaku"},{"floor":24,"key":"Art of War"},{"floor":27,"key":"Guardian:PocketSentry"},{"floor":29,"key":"Pen Nib"},{"floor":31,"key":"Centennial Puzzle"},{"floor":38,"key":"MawBank"},{"floor":40,"key":"Ginger"},{"floor":43,"key":"Regal Pillow"},{"floor":46,"key":"Orichalcum"},{"floor":47,"key":"bronze:Mallet"},{"floor":52,"key":"Bag of Preparation"}],"event_choices":[{"damage_healed":0,"gold_gain":0,"player_choice":"Donut","damage_taken":0,"max_hp_gain":5,"max_hp_loss":0,"event_name":"Big Fish","floor":4,"gold_loss":0},{"damage_healed":0,"gold_gain":0,"player_choice":"Relic","damage_taken":0,"max_hp_gain":0,"max_hp_loss":0,"event_name":"Wheel of Change","floor":38,"gold_loss":0},{"damage_healed":0,"gold_gain":0,"player_choice":"Fight","damage_taken":0,"max_hp_gain":0,"max_hp_loss":0,"event_name":"Mysterious Sphere","floor":47,"gold_loss":0}],"is_beta":false,"boss_relics":[{"not_picked":["SlaversCollar","sneckomod:SneckoTalon"],"picked":"Empty Cage"},{"not_picked":["Calling Bell","Runic Dome"],"picked":"bronze:MakeshiftBattery"}],"items_purged_floors":[3,26,44],"is_endless":false,"potions_floor_spawned":[2,6,10,12,15,22,23,28,29,32,39,43,46,47,49],"ascension_level":8}}