{"host":"lxihx0b6awoz2w1j","time":1613749751,"event":{"mods":["BaseMod","Better Third Choice","BetterRewards","CapriCore","Colored Powertips","Conspire","Downfall","Fox Events","Hubris","Infinite Spire","Melee Mod","Minty Spire (QoL Compilation)","Permanent Neow","Quick Restart","Relic Stats","Reliquary","Replay The Spire","Spicy Shops","StSLib","The Alterego","The Blue Laboratory","The Death Knight","The Forsaken","The Jungle","Waifu the Spire"],"gold_per_floor":[112,112,131,141,158,158,54,54,54,81,81,156,156,173,173,271,271,287,304,304,321,333,358,375,387,414,441,458,491,491,508,508,609,609,628,640,640,651,671,671,706,706,706,706,706],"floor_reached":44,"language":"ENG","playtime":1864,"items_purged":["Normality"],"score":607,"play_id":"cc791818-e4c1-4478-b43e-b291418d971c","local_time":"20210219164911","is_ascension_mode":true,"campfire_choices":[{"floor":6.0,"key":"REST"},{"data":"DeathKnight:DeathStrike","floor":8.0,"key":"SMITH"},{"data":"DeathKnight:BludPresence","floor":11.0,"key":"SMITH"},{"data":"DeathKnight:RuneTap","floor":13.0,"key":"SMITH"},{"data":"DeathKnight:BloodStrike","floor":15.0,"key":"SMITH"},{"data":"DeathKnight:SindragosasBreath","floor":30,"key":"SMITH"},{"data":"DeathKnight:BladedArmor","floor":32,"key":"SMITH"},{"floor":40,"key":"REST"},{"data":"DeathKnight:DancingRuneblade","floor":42,"key":"SMITH"}],"circlet_count":0,"master_deck":["DeathKnight:Strike_DeathKnight","DeathKnight:Strike_DeathKnight","DeathKnight:Strike_DeathKnight","DeathKnight:Strike_DeathKnight","DeathKnight:Strike_DeathKnight","DeathKnight:Defend_DeathKnight+1","DeathKnight:Defend_DeathKnight+1","DeathKnight:Defend_DeathKnight+1","DeathKnight:Defend_DeathKnight+1","DeathKnight:Defend_DeathKnight+1","DeathKnight:RuneTap+1","DeathKnight:RuneStrike+1","DeathKnight:BloodStrike+1","DeathKnight:BludPresence+1","DeathKnight:DeathCoil","DeathKnight:BloodStrike+1","DeathKnight:DeathStrike+1","DeathKnight:IceboundArmor","DeathKnight:MarkOfBlood+1","DeathKnight:IceboundArmor","DeathKnight:MarkOfBlood+1","DeathKnight:BladedArmor+1","DeathKnight:BludPresence+1","DeathKnight:HartStrike+1","DeathKnight:BladedArmor","DeathKnight:Hysteria+1","DeathKnight:BloodPact+1","DeathKnight:Obliterate+1","DeathKnight:SindragosasBreath+1","DeathKnight:HartStrike+1","DeathKnight:Razorice","DeathKnight:DancingRuneblade+1","DeathKnight:FrosPresence","DeathKnight:BludPresence+1","DeathKnight:BloodEchoes+1"],"relics":["DeathKnight:BrokenRuneblade","infinitespire:ShieldingShard","Oddly Smooth Stone","reliquary:Buckler","Bottled Lightning","DeathKnight:TomeOfBloodSpecialization","Replay:Grab Bag","hubris:VirtuousBlindfold","infinitespire:Cupcake","SlaversCollar","conspire:TreasureMap","Painkiller Herb","HornCleat","reliquary:TuningFork","Replay:Bottled Eggs","Shuriken","reliquary:ThirdArm","Replay:Multitool"],"acts_visited":["Exordium","TheCity","TheBeyond"],"potions_floor_usage":[],"damage_taken":[{"damage":8.0,"enemies":"Small Slimes","floor":1.0,"turns":6.0},{"damage":0.0,"enemies":"Cultist","floor":3.0,"turns":4.0},{"damage":2.0,"enemies":"2 Louse","floor":4.0,"turns":2.0},{"damage":7.0,"enemies":"Looter","floor":5.0,"turns":2.0},{"damage":15.0,"enemies":"Lagavulin","floor":10.0,"turns":6.0},{"damage":16.0,"enemies":"Exordium Thugs","floor":14.0,"turns":6.0},{"damage":25.0,"enemies":"Hexaghost","floor":16.0,"turns":6.0},{"damage":0.0,"enemies":"Shell Parasite","floor":18.0,"turns":4.0},{"damage":14.0,"enemies":"2 Thieves","floor":19.0,"turns":5.0},{"damage":2.0,"enemies":"conspire:HollyBat","floor":21.0,"turns":8.0},{"damage":0.0,"enemies":"Snecko","floor":22.0,"turns":3.0},{"damage":0.0,"enemies":"Book of Stabbing","floor":23.0,"turns":4.0},{"damage":0.0,"enemies":"Centurion and Healer","floor":24.0,"turns":4.0},{"damage":9.0,"enemies":"Shelled Parasite and Fungi","floor":25.0,"turns":5.0},{"damage":15.0,"enemies":"Slavers","floor":27.0,"turns":6.0},{"damage":4.0,"enemies":"Sentry and Sphere","floor":28.0,"turns":6.0},{"damage":0,"enemies":"Gremlin Leader","floor":29,"turns":6},{"damage":21,"enemies":"Chosen and Byrds","floor":31,"turns":6},{"damage":35,"enemies":"conspire:MysteriousRune","floor":33,"turns":7},{"damage":6,"enemies":"Orb Walker","floor":35,"turns":3},{"damage":19,"enemies":"3 Darklings","floor":36,"turns":4},{"damage":1,"enemies":"Transient","floor":38,"turns":5},{"damage":38,"enemies":"Jaw Worm Horde","floor":39,"turns":5},{"damage":33,"enemies":"Nemesis","floor":41,"turns":5},{"damage":75,"enemies":"Nightmare","floor":44,"turns":6}],"seed_played":"-5448385713816328258","potions_obtained":[{"floor":1.0,"key":"SpeedPotion"},{"floor":5.0,"key":"blueLaboratory:PyrophylliteBrew"},{"floor":10.0,"key":"Milkshake"},{"floor":19.0,"key":"DistilledChaos"},{"floor":24.0,"key":"champ:CounterPotion"},{"floor":29,"key":"blueLaboratory:ImpenetrablePotion"},{"floor":33,"key":"BlessingOfTheForge"}],"is_trial":false,"path_per_floor":["M","?","M","M","M","R","$","R","T","E","R","?","R","M","R","B",null,"M","M","AVR","?","?","E","?","?","T","E","?","E","T","?","T","B",null,"?","?","?","?","?","T","E","T","T","NM"],"character_chosen":"DEATH_KNIGHT","items_purchased":["DeathKnight:BloodStrike","infinitespire:ShieldingShard","Oddly Smooth Stone","reliquary:Buckler","DeathKnight:IceboundArmor"],"campfire_rested":2,"item_purchase_floors":[0,0,0,0,7],"current_hp_per_floor":[51,51,51,49,42,64,64,64,64,60,60,53,53,48,48,34,75,75,65,65,75,75,75,75,66,72,71,71,75,75,54,60,42,75,69,56,62,67,46,74,53,59,65,0,0],"gold":706,"neow_bonus":"","is_daily":false,"chose_seed":false,"campfire_upgraded":7,"win_rate":0.0,"timestamp":1613749751,"path_taken":["M","?","?","M","M","R","?","R","T","E","R","?","R","M","R","BOSS","M","M","AVR","?","?","E","?","?","T","E","?","E","T","?","T","BOSS","?","?","?","?","?","T","E","T","T","NM"],"items_purchased_type":["Card","Relic","Relic","Relic","Card"],"build_version":"2020-12-22","purchased_purges":1,"victory":false,"max_hp_per_floor":[75,75,75,75,75,75,75,75,75,75,75,75,75,75,75,75,75,75,75,75,75,75,75,75,75,75,75,75,75,75,75,75,75,75,75,75,75,75,75,75,75,75,75,75,75],"relic_stats":{"counters":[46,228],"Shuriken":[10],"obtain_stats":[{"hubris:VirtuousBlindfold":34,"Painkiller Herb":20,"hubris:SlimyHat":24,"Replay:Multitool":41,"reliquary:ThirdArm":34,"DeathKnight:AbominationHead":0,"Blood Vial":9,"Dream Catcher":29,"Lizard Tail":39,"hubris:Icosahedron":27,"infinitespire:ShieldingShard":0,"HornCleat":23,"Prayer Wheel":0,"reliquary:Buckler":0,"downfall:ExtraCursedKey":4,"Red Mask":19,"Replay:Bottled Eggs":27,"DeathKnight:BrokenRuneblade":0,"Girya":12,"conspire:TreasureMap":20,"Replay:Grab Bag":17,"Oddly Smooth Stone":32,"DeathKnight:CorpseWagon":26,"Omamori":40,"Replay:Arrowhead":43,"SlaversCollar":17,"DeathKnight:TomeOfBloodSpecialization":10,"Shuriken":29,"reliquary:TuningFork":26,"Membership Card":0,"Bottled Lightning":9,"infinitespire:Cupcake":17},{"hubris:VirtuousBlindfold":13,"Painkiller Herb":30,"hubris:SlimyHat":11,"Replay:Multitool":45,"reliquary:ThirdArm":40,"DeathKnight:AbominationHead":0,"Blood Vial":4,"Dream Catcher":11,"Lizard Tail":16,"hubris:Icosahedron":11,"infinitespire:ShieldingShard":21,"HornCleat":33,"Prayer Wheel":0,"reliquary:Buckler":21,"downfall:ExtraCursedKey":3,"Red Mask":9,"Replay:Bottled Eggs":36,"DeathKnight:BrokenRuneblade":0,"Girya":5,"conspire:TreasureMap":30,"Replay:Grab Bag":28,"Oddly Smooth Stone":12,"DeathKnight:CorpseWagon":11,"Omamori":16,"Replay:Arrowhead":18,"SlaversCollar":7,"DeathKnight:TomeOfBloodSpecialization":26,"Shuriken":38,"reliquary:TuningFork":35,"Membership Card":0,"Bottled Lightning":25,"infinitespire:Cupcake":28},{"hubris:VirtuousBlindfold":58,"Painkiller Herb":145,"hubris:SlimyHat":45,"Replay:Multitool":222,"reliquary:ThirdArm":200,"DeathKnight:AbominationHead":0,"Blood Vial":11,"Dream Catcher":45,"Lizard Tail":72,"hubris:Icosahedron":45,"infinitespire:ShieldingShard":104,"HornCleat":160,"Prayer Wheel":0,"reliquary:Buckler":104,"downfall:ExtraCursedKey":8,"Red Mask":35,"Replay:Bottled Eggs":175,"DeathKnight:BrokenRuneblade":0,"Girya":14,"conspire:TreasureMap":145,"Replay:Grab Bag":136,"Oddly Smooth Stone":49,"DeathKnight:CorpseWagon":45,"Omamori":72,"Replay:Arrowhead":83,"SlaversCollar":25,"DeathKnight:TomeOfBloodSpecialization":124,"Shuriken":187,"reliquary:TuningFork":169,"Membership Card":0,"Bottled Lightning":118,"infinitespire:Cupcake":136}]},"card_choices":[{"not_picked":["DeathKnight:ChainsOfIce","DeathKnight:Hemostasis"],"picked":"DeathKnight:BludPresence","floor":1.0},{"not_picked":["DeathKnight:DeathAndDecay","DeathKnight:Hysteria"],"picked":"DeathKnight:DeathCoil","floor":3.0},{"not_picked":["DeathKnight:Hysteria","DeathKnight:BladedArmor"],"picked":"DeathKnight:BloodStrike","floor":4.0},{"not_picked":["DeathKnight:IcyTouch","DeathKnight:BloodTap"],"picked":"DeathKnight:DeathStrike","floor":5.0},{"not_picked":["DeathKnight:HowlingBlast","DeathKnight:PathOfFrost"],"picked":"DeathKnight:MarkOfBlood","floor":10.0},{"not_picked":["DeathKnight:UnholyFrenzy","DeathKnight:Contagion"],"picked":"DeathKnight:IceboundArmor","floor":14.0},{"not_picked":["DeathKnight:BoneStorm","DeathKnight:Simulacrum"],"picked":"DeathKnight:MarkOfBlood+1","floor":16.0},{"not_picked":["DeathKnight:DeathsAdvance","DeathKnight:Contagion","DeathKnight:BoneShield"],"picked":"SKIP","floor":18.0},{"not_picked":["DeathKnight:RunicCorruption+1","DeathKnight:DeathAndDecay"],"picked":"DeathKnight:BladedArmor","floor":19.0},{"not_picked":["DeathKnight:BladedArmor+1","DeathKnight:WraithWalk"],"picked":"DeathKnight:BludPresence+1","floor":21.0},{"not_picked":["DeathKnight:Runeguard","DeathKnight:DeathGrip"],"picked":"DeathKnight:HartStrike+1","floor":22.0},{"not_picked":["DeathKnight:BoneStorm","DeathKnight:Lichborne"],"picked":"DeathKnight:BladedArmor","floor":23.0},{"not_picked":["DeathKnight:DeathAndDecay","DeathKnight:DarkSuccor"],"picked":"DeathKnight:Hysteria+1","floor":24.0},{"not_picked":["DeathKnight:BladedArmor+1","DeathKnight:RaiseAlly+1"],"picked":"DeathKnight:BloodPact+1","floor":25.0},{"not_picked":["DeathKnight:Runeguard","DeathKnight:PillarOfFrost+1","DeathKnight:DarkSuccor"],"picked":"SKIP","floor":27.0},{"not_picked":["DeathKnight:UnholyFrenzy","DeathKnight:Hysteria"],"picked":"DeathKnight:Obliterate+1","floor":28.0},{"not_picked":["DeathKnight:Ossuary","DeathKnight:UnholyPresence+1"],"picked":"DeathKnight:SindragosasBreath","floor":29},{"not_picked":["DeathKnight:BloodPact+1","DeathKnight:BloodTap+1"],"picked":"DeathKnight:HartStrike+1","floor":31},{"not_picked":["DeathKnight:ArmyOfTheDead","DeathKnight:Outbreak"],"picked":"DeathKnight:Razorice","floor":33},{"not_picked":["DeathKnight:BoneSpear","DeathKnight:RaiseAlly"],"picked":"DeathKnight:DancingRuneblade","floor":35},{"not_picked":["DeathKnight:MutagenicPlague+1","DeathKnight:DreadStrike"],"picked":"DeathKnight:FrosPresence","floor":36},{"not_picked":["DeathKnight:RaiseAlly+1","DeathKnight:BoneSpear"],"picked":"DeathKnight:BludPresence+1","floor":38},{"not_picked":["DeathKnight:MutagenicPlague+1","DeathKnight:BladedArmor+1"],"picked":"DeathKnight:BloodEchoes+1","floor":39},{"not_picked":["DeathKnight:Obliterate","DeathKnight:Hysteria+1","DeathKnight:FesteringStrike+1"],"picked":"SKIP","floor":41}],"player_experience":618319,"relics_obtained":[{"floor":9.0,"key":"Bottled Lightning"},{"floor":10.0,"key":"DeathKnight:TomeOfBloodSpecialization"},{"floor":23.0,"key":"HornCleat"},{"floor":26.0,"key":"reliquary:TuningFork"},{"floor":27.0,"key":"Replay:Bottled Eggs"},{"floor":29,"key":"Shuriken"},{"floor":41,"key":"Replay:Multitool"}],"event_choices":[{"damage_healed":0.0,"max_hp_gain":0.0,"max_hp_loss":0.0,"gold_gain":0.0,"event_name":"Transmorgrifier","player_choice":"Ignored","floor":2.0,"gold_loss":0.0,"damage_taken":0.0},{"damage_healed":0.0,"max_hp_gain":0.0,"max_hp_loss":0.0,"gold_gain":75.0,"event_name":"FaceTrader","player_choice":"Touch","floor":12.0,"gold_loss":0.0,"damage_taken":7.0},{"damage_healed":0,"gold_gain":0,"player_choice":"Memory 1","damage_taken":0,"max_hp_gain":0,"max_hp_loss":0,"event_name":"SensoryStone","floor":37,"gold_loss":0}],"is_beta":false,"boss_relics":[{"not_picked":["Runic Pyramid","theForsaken:PaleLantern"],"picked":"Replay:Grab Bag"},{"not_picked":["Replay:Fungal Core","reliquary:Ember"],"picked":"hubris:VirtuousBlindfold"},{"not_picked":["reliquary:KinkedSpring","Replay:Wanted Poster"],"picked":"infinitespire:Cupcake"},{"not_picked":["Calling Bell","Empty Cage"],"picked":"SlaversCollar"},{"not_picked":["reliquary:RedPaperclip","Fusion Hammer"],"picked":"reliquary:ThirdArm"}],"items_purged_floors":[0],"is_endless":false,"potions_floor_spawned":[1,5,10,19,21,24,25,29,33,35,41],"killed_by":"Nightmare","ascension_level":1}}