{"host":"rolltorest","time":1613768990,"event":{"mods":["BaseMod","Minty Spire (QoL Compilation)","Relic Stats","Slay the Relics Exporter","StSLib"],"gold_per_floor":[119,119,119,138,118,151,162,235,235,235,264,264,276,306,306,381,381,400,400,400,315,315,315,333,333,333,359,135,160,172,201,201,274,274,293,312,360,360,2,34,59,92,92,92,126,145,163,197,197,197,197,197,197,27,62,62,62],"floor_reached":56,"language":"ENG","playtime":2122,"items_purged":["Strike_G+1"],"score":2474,"play_id":"3a8ec168-7796-437c-afa8-d51e8d0d2465","local_time":"20210219130950","is_ascension_mode":true,"campfire_choices":[{"data":"Dagger Spray","floor":10,"key":"SMITH"},{"data":"Dash","floor":15,"key":"SMITH"},{"floor":23,"key":"REST"},{"data":"Neutralize","floor":25,"key":"SMITH"},{"floor":32,"key":"REST"},{"data":"Wraith Form v2","floor":44,"key":"SMITH"},{"floor":49,"key":"RECALL"},{"data":"Backstab","floor":53,"key":"PURGE"}],"circlet_count":0,"master_deck":["AscendersBane","Defend_G+1","Defend_G+1","Defend_G+1","Defend_G+1","Survivor","Neutralize+1","Dagger Spray+1","Infinite Blades","Dash+1","Bullet Time+1","Accuracy+1","Eviscerate","Deadly Poison+1","Corpse Explosion+1","Die Die Die+1","Finisher+1","Flying Knee+1","Well Laid Plans+1","Blade Dance+1","Venomology+1","PiercingWail+1","Footwork","Escape Plan+1","Blade Dance+1","Cloak And Dagger+1","Wraith Form v2+1","Calculated Gamble+1","Prepared+1","Accuracy","Acrobatics+1","Accuracy+1","Prepared+1","Backflip+1","Tactician+1","Terror+1","Leg Sweep+1","Calculated Gamble+1","Malaise+1","Prepared+1","Dodge and Roll+1","Acrobatics+1","Escape Plan+1","Cloak And Dagger+1"],"relics":["Ring of the Snake","NeowsBlessing","Toxic Egg 2","Sundial","Nunchaku","Ninja Scroll","Smiling Mask","Astrolabe","Enchiridion","CaptainsWheel","Pear","The Courier","Question Card","Kunai","SlaversCollar","Bird Faced Urn","Frozen Egg 2","Oddly Smooth Stone","Peace Pipe","Unceasing Top","Shuriken","Centennial Puzzle","Thread and Needle"],"acts_visited":["Exordium","TheCity","TheBeyond","TheEnding"],"potions_floor_usage":[16,16,16,29,30,31,33,36,37,45,45,46,48,50,51,55,56],"damage_taken":[{"damage":0,"enemies":"Cultist","floor":1,"turns":1},{"damage":0,"enemies":"Small Slimes","floor":4,"turns":1},{"damage":0,"enemies":"Lagavulin","floor":6,"turns":1},{"damage":0,"enemies":"2 Louse","floor":7,"turns":4},{"damage":20,"enemies":"3 Sentries","floor":11,"turns":7},{"damage":8,"enemies":"Blue Slaver","floor":13,"turns":2},{"damage":15,"enemies":"Lagavulin","floor":14,"turns":4},{"damage":20,"enemies":"The Guardian","floor":16,"turns":11},{"damage":10,"enemies":"Spheric Guardian","floor":18,"turns":4},{"damage":0,"enemies":"Chosen","floor":24,"turns":4},{"damage":0,"enemies":"Gremlin Leader","floor":27,"turns":4},{"damage":24,"enemies":"Slavers","floor":29,"turns":4},{"damage":0,"enemies":"Snecko","floor":30,"turns":4},{"damage":0,"enemies":"Book of Stabbing","floor":31,"turns":4},{"damage":10,"enemies":"Champ","floor":33,"turns":9},{"damage":0,"enemies":"Orb Walker","floor":35,"turns":3},{"damage":0,"enemies":"3 Shapes","floor":36,"turns":6},{"damage":2,"enemies":"2 Orb Walkers","floor":37,"turns":5},{"damage":0,"enemies":"Giant Head","floor":40,"turns":4},{"damage":0,"enemies":"Mind Bloom Boss Battle","floor":41,"turns":3},{"damage":0,"enemies":"Nemesis","floor":42,"turns":5},{"damage":20,"enemies":"Reptomancer","floor":45,"turns":5},{"damage":8,"enemies":"Writhing Mass","floor":46,"turns":5},{"damage":0,"enemies":"Transient","floor":47,"turns":6},{"damage":5,"enemies":"Nemesis","floor":48,"turns":3},{"damage":0,"enemies":"Donu and Deca","floor":50,"turns":4},{"damage":30,"enemies":"Time Eater","floor":51,"turns":7},{"damage":45,"enemies":"Shield and Spear","floor":55,"turns":3},{"damage":61,"enemies":"The Heart","floor":56,"turns":3}],"seed_played":"8602105460621339935","potions_obtained":[{"floor":1,"key":"SkillPotion"},{"floor":5,"key":"EntropicBrew"},{"floor":18,"key":"GamblersBrew"},{"floor":27,"key":"Fruit Juice"},{"floor":30,"key":"CultistPotion"},{"floor":31,"key":"GhostInAJar"},{"floor":42,"key":"DuplicationPotion"}],"is_trial":false,"path_per_floor":["M","?","$","M","?","E","M","?","T","R","E","T","M","E","R","B",null,"M","?","?","?","?","R","M","R","T","E","$","E","M","E","R","B",null,"M","M","?","?","$","E","?","E","T","R","E","M","M","E","R","B","B",null,"R","$","E","B"],"character_chosen":"THE_SILENT","items_purchased":["PiercingWail+1","Footwork","Escape Plan+1","Acrobatics+1","Frozen Egg 2","Accuracy+1","Prepared+1","Prepared+1","Dodge and Roll+1","Acrobatics+1","Escape Plan+1"],"campfire_rested":2,"item_purchase_floors":[28,28,28,39,39,39,39,54,54,54,54],"current_hp_per_floor":[59,59,59,59,59,59,59,59,59,59,39,39,31,16,16,5,51,41,41,20,20,20,39,39,39,49,49,49,25,30,30,54,44,72,72,72,70,70,70,80,81,81,81,81,63,61,77,76,76,81,55,75,75,75,38,0,0],"gold":62,"neow_bonus":"THREE_ENEMY_KILL","is_daily":false,"chose_seed":false,"campfire_upgraded":4,"win_rate":0.0,"timestamp":1613768990,"path_taken":["M","?","$","?","?","E","?","?","T","R","E","?","M","E","R","BOSS","M","?","?","?","?","R","?","R","T","E","$","E","M","E","R","BOSS","M","?","?","?","$","E","?","E","T","R","E","M","M","E","R","BOSS","BOSS","R","$","E","BOSS"],"items_purchased_type":["Card","Card","Card","Card","Relic","Card","Card","Card","Card","Card","Card"],"build_version":"2020-12-18","purchased_purges":1,"victory":false,"max_hp_per_floor":[66,66,66,66,66,66,66,66,66,66,66,66,66,66,66,66,66,66,66,66,66,66,66,66,66,76,76,76,76,81,81,81,81,81,81,81,81,81,81,81,81,81,81,81,81,81,81,81,81,81,81,81,81,81,81,81,81],"relic_stats":{"counters":[29,126],"Astrolabe":["Die Die Die","Finisher","Flying Knee"],"Smiling Mask":10,"Question Card":14,"Peace Pipe":1,"Nunchaku":[36],"Centennial Puzzle":[9],"Sundial":[8],"Shuriken":[28],"Bird Faced Urn":[60],"Kunai":[61],"obtain_stats":[{"Pear":26,"NeowsBlessing":0,"Astrolabe":17,"Enchiridion":20,"Oddly Smooth Stone":40,"Thread and Needle":55,"The Courier":27,"Frozen Egg 2":39,"Smiling Mask":14,"Question Card":29,"Peace Pipe":41,"SlaversCollar":34,"Nunchaku":11,"CaptainsWheel":21,"Centennial Puzzle":48,"Sundial":9,"Ninja Scroll":12,"Shuriken":45,"Bird Faced Urn":37,"Kunai":31,"Toxic Egg 2":6,"Unceasing Top":42,"Ring of the Snake":0},{"Pear":10,"NeowsBlessing":0,"Astrolabe":8,"Enchiridion":9,"Oddly Smooth Stone":19,"Thread and Needle":28,"The Courier":11,"Frozen Egg 2":18,"Smiling Mask":7,"Question Card":12,"Peace Pipe":20,"SlaversCollar":15,"Nunchaku":5,"CaptainsWheel":9,"Centennial Puzzle":25,"Sundial":4,"Ninja Scroll":5,"Shuriken":22,"Bird Faced Urn":18,"Kunai":14,"Toxic Egg 2":3,"Unceasing Top":21,"Ring of the Snake":0},{"Pear":39,"NeowsBlessing":0,"Astrolabe":31,"Enchiridion":35,"Oddly Smooth Stone":82,"Thread and Needle":123,"The Courier":43,"Frozen Egg 2":78,"Smiling Mask":20,"Question Card":47,"Peace Pipe":85,"SlaversCollar":64,"Nunchaku":14,"CaptainsWheel":35,"Centennial Puzzle":109,"Sundial":7,"Ninja Scroll":14,"Shuriken":95,"Bird Faced Urn":78,"Kunai":55,"Toxic Egg 2":3,"Unceasing Top":90,"Ring of the Snake":0}],"Unceasing Top":[8],"Ring of the Snake":[38]},"card_choices":[{"not_picked":["All Out Attack","Backstab"],"picked":"Dagger Spray","floor":1},{"not_picked":["Endless Agony","Eviscerate"],"picked":"Infinite Blades","floor":4},{"not_picked":["Slice","Deflect+1"],"picked":"Dash","floor":6},{"not_picked":["Deflect+1","Setup+1"],"picked":"Bullet Time+1","floor":7},{"not_picked":["Deflect+1","Cloak And Dagger+1"],"picked":"Accuracy","floor":11},{"not_picked":["Dagger Throw","Dodge and Roll+1"],"picked":"Eviscerate","floor":13},{"not_picked":["Dagger Throw","Dodge and Roll+1"],"picked":"Deadly Poison+1","floor":14},{"not_picked":["Venomology+1","Burst+1"],"picked":"Corpse Explosion+1","floor":16},{"not_picked":["Dagger Spray","Dagger Throw"],"picked":"Well Laid Plans+1","floor":18},{"not_picked":["Deflect+1","Skewer"],"picked":"Blade Dance+1","floor":24},{"not_picked":["Dagger Spray","Poisoned Stab"],"picked":"Venomology+1","floor":27},{"not_picked":["Blur+1","Setup+1"],"picked":"Blade Dance+1","floor":29},{"not_picked":["Masterful Stab","Tactician+1","Infinite Blades+1"],"picked":"Cloak And Dagger+1","floor":30},{"not_picked":["Dash","Bane","Underhanded Strike"],"picked":"Backstab","floor":31},{"not_picked":["Burst+1","Phantasmal Killer+1","After Image"],"picked":"Wraith Form v2","floor":33},{"not_picked":["Quick Slash","Endless Agony+1","Acrobatics+1"],"picked":"Calculated Gamble+1","floor":35},{"not_picked":["Bane","Sucker Punch","Dagger Throw"],"picked":"Prepared+1","floor":36},{"not_picked":["Footwork","Outmaneuver+1","Reflex+1"],"picked":"Accuracy","floor":37},{"not_picked":["Prepared+1","PiercingWail+1","Grand Finale"],"picked":"Backflip+1","floor":40},{"not_picked":["Bane","Dagger Spray+1","Poisoned Stab"],"picked":"Tactician+1","floor":41},{"not_picked":["Quick Slash","Flying Knee","Poisoned Stab"],"picked":"Terror+1","floor":42},{"not_picked":["Flying Knee+1","Sucker Punch+1","Prepared+1"],"picked":"Leg Sweep+1","floor":45},{"not_picked":["PiercingWail+1","Underhanded Strike","Deflect+1"],"picked":"Calculated Gamble+1","floor":46},{"not_picked":["Bouncing Flask+1","Catalyst+1","A Thousand Cuts+1","Dash"],"picked":"SKIP","floor":47},{"not_picked":["Flechettes","Deflect+1","Well Laid Plans+1"],"picked":"Malaise+1","floor":48},{"not_picked":["Slice","Distraction+1","Outmaneuver+1"],"picked":"Cloak And Dagger+1","floor":55}],"player_experience":2003216,"relics_obtained":[{"floor":6,"key":"Toxic Egg 2"},{"floor":9,"key":"Sundial"},{"floor":11,"key":"Nunchaku"},{"floor":12,"key":"Ninja Scroll"},{"floor":14,"key":"Smiling Mask"},{"floor":20,"key":"Enchiridion"},{"floor":26,"key":"Pear"},{"floor":27,"key":"The Courier"},{"floor":29,"key":"Question Card"},{"floor":31,"key":"Kunai"},{"floor":37,"key":"Bird Faced Urn"},{"floor":40,"key":"Oddly Smooth Stone"},{"floor":41,"key":"Peace Pipe"},{"floor":42,"key":"Unceasing Top"},{"floor":45,"key":"Shuriken"},{"floor":48,"key":"Centennial Puzzle"},{"floor":55,"key":"Thread and Needle"}],"event_choices":[{"cards_removed":["Strike_G"],"damage_healed":0,"gold_gain":0,"player_choice":"Offered Basic","damage_taken":0,"max_hp_gain":0,"max_hp_loss":0,"event_name":"Bonfire Elementals","floor":2,"gold_loss":0},{"damage_healed":0,"gold_gain":0,"player_choice":"Bought 1 Potion","damage_taken":0,"max_hp_gain":0,"max_hp_loss":0,"event_name":"The Woman in Blue","floor":5,"gold_loss":0},{"damage_healed":0,"gold_gain":73,"player_choice":"Gained Gold","damage_taken":0,"max_hp_gain":0,"max_hp_loss":0,"event_name":"Golden Wing","floor":8,"gold_loss":0},{"damage_healed":0,"gold_gain":0,"player_choice":"Simplicity","damage_taken":0,"max_hp_gain":0,"max_hp_loss":0,"event_name":"Back to Basics","floor":19,"gold_loss":0,"cards_upgraded":["Strike_G","Defend_G","Defend_G","Defend_G","Defend_G","Defend_G"]},{"damage_healed":0,"gold_gain":0,"player_choice":"Obtained Book","damage_taken":21,"max_hp_gain":0,"max_hp_loss":0,"event_name":"Cursed Tome","floor":20,"gold_loss":0},{"damage_healed":0,"gold_gain":0,"player_choice":"Obtained Relic","damage_taken":0,"relics_obtained":["CaptainsWheel"],"max_hp_gain":0,"max_hp_loss":0,"event_name":"Addict","floor":21,"gold_loss":85},{"damage_healed":0,"gold_gain":0,"player_choice":"Upgraded","damage_taken":0,"max_hp_gain":0,"max_hp_loss":0,"event_name":"Upgrade Shrine","floor":22,"gold_loss":0,"cards_upgraded":["Accuracy"]},{"damage_healed":0,"gold_gain":0,"player_choice":"Fight","damage_taken":0,"max_hp_gain":0,"max_hp_loss":0,"event_name":"Mysterious Sphere","floor":37,"gold_loss":0},{"cards_removed":["Defend_G"],"damage_healed":0,"gold_gain":0,"player_choice":"Removed Skill","damage_taken":0,"max_hp_gain":0,"max_hp_loss":0,"event_name":"Falling","floor":38,"gold_loss":0},{"damage_healed":0,"gold_gain":0,"player_choice":"Fight","damage_taken":0,"max_hp_gain":0,"max_hp_loss":0,"event_name":"MindBloom","floor":41,"gold_loss":0}],"is_beta":true,"boss_relics":[{"not_picked":["Pandora\u0027s Box","Velvet Choker"],"picked":"Astrolabe"},{"not_picked":["Calling Bell","Snecko Eye"],"picked":"SlaversCollar"}],"items_purged_floors":[28],"is_endless":false,"potions_floor_spawned":[1,6,7,13,14,18,27,30,31,35,41,42,47],"killed_by":"The Heart","ascension_level":20}}