{"host":"g2yp6paluzgljz05","time":1613701180,"event":{"mods":["BaseMod","Bestiary","Colored Powertips","DeckTracker","Highlight Path","Minty Spire (QoL Compilation)","Quick Restart"],"gold_per_floor":[119,49,61,161,35,35,70,70,70,81,81,94,112,126,126,226,226,236,236,236,236,255,283,283,308,308,308,308,318,183,133,133,238,238,248,123,135,62,74,74,85,85,111,126,156,156,170,170,170,170],"floor_reached":51,"language":"ENG","playtime":3061,"items_purged":["Strike_G","Strike_G","Strike_G"],"score":864,"play_id":"45083099-ca29-4fe8-850c-7b2fb2516815","local_time":"20210219131940","is_ascension_mode":true,"campfire_choices":[{"data":"Noxious Fumes","floor":6,"key":"SMITH"},{"data":"Neutralize","floor":8,"key":"SMITH"},{"data":"Survivor","floor":11,"key":"SMITH"},{"data":"Deadly Poison","floor":15,"key":"SMITH"},{"floor":24,"key":"REST"},{"floor":28,"key":"REST"},{"floor":32,"key":"REST"},{"data":"Catalyst","floor":40,"key":"SMITH"},{"data":"Burst","floor":42,"key":"SMITH"},{"data":"Calculated Gamble","floor":49,"key":"SMITH"}],"circlet_count":0,"master_deck":["Defend_G","Defend_G","Defend_G","Defend_G","Defend_G","Survivor+1","Neutralize+1","Noxious Fumes+1","Deadly Poison+1","Prepared","Burst+1","Crippling Poison","Catalyst+1","Venomology","Bullet Time","Well Laid Plans","Expertise+1","Calculated Gamble+1","Underhanded Strike+1","Caltrops","Acrobatics+1","Noxious Fumes","Doubt"],"relics":["Busted Crown","Thread and Needle","Bronze Scales","Sozu","Bag of Preparation","Pear","Ornamental Fan","HoveringKite","Whetstone","Question Card"],"acts_visited":["Exordium","TheCity","TheBeyond"],"potions_floor_usage":[50,50],"damage_taken":[{"damage":0,"enemies":"Cultist","floor":1,"turns":4},{"damage":1,"enemies":"Small Slimes","floor":3,"turns":4},{"damage":8,"enemies":"Lagavulin","floor":7,"turns":7},{"damage":0,"enemies":"Jaw Worm","floor":10,"turns":3},{"damage":2,"enemies":"Looter","floor":12,"turns":3},{"damage":0,"enemies":"Exordium Thugs","floor":13,"turns":3},{"damage":0,"enemies":"2 Fungi Beasts","floor":14,"turns":3},{"damage":0,"enemies":"Hexaghost","floor":16,"turns":9},{"damage":0,"enemies":"Shell Parasite","floor":18,"turns":7},{"damage":0,"enemies":"Chosen","floor":22,"turns":4},{"damage":58,"enemies":"Slavers","floor":23,"turns":6},{"damage":9,"enemies":"Book of Stabbing","floor":25,"turns":5},{"damage":22,"enemies":"Colosseum Slavers","floor":27,"turns":4},{"damage":23,"enemies":"3 Cultists","floor":29,"turns":5},{"damage":19,"enemies":"Champ","floor":33,"turns":9},{"damage":8,"enemies":"3 Shapes","floor":35,"turns":5},{"damage":5,"enemies":"Orb Walker","floor":37,"turns":5},{"damage":3,"enemies":"Writhing Mass","floor":39,"turns":6},{"damage":12,"enemies":"3 Darklings","floor":41,"turns":5},{"damage":19,"enemies":"Maw","floor":44,"turns":5},{"damage":28,"enemies":"Nemesis","floor":45,"turns":7},{"damage":0,"enemies":"Spire Growth","floor":47,"turns":2},{"damage":70,"enemies":"Time Eater","floor":50,"turns":7}],"seed_played":"-2411184251133188557","potions_obtained":[{"floor":1,"key":"SkillPotion"},{"floor":7,"key":"BlessingOfTheForge"},{"floor":10,"key":"Poison Potion"}],"is_trial":false,"path_per_floor":["M","$","M","?","$","R","E","R","T","M","R","M","M","M","R","B",null,"M","?","?","?","M","E","R","E","T","?","R","M","$","?","R","B",null,"M","$","M","$","M","R","M","R","T","M","E","?","M","?","R","B",null],"character_chosen":"THE_SILENT","items_purchased":["Noxious Fumes","Deadly Poison","Calculated Gamble","Caltrops"],"campfire_rested":3,"item_purchase_floors":[2,5,30,38],"current_hp_per_floor":[70,70,69,69,69,69,61,61,61,61,61,59,59,59,59,59,70,70,70,70,70,70,12,33,34,34,12,36,13,13,13,37,18,80,72,72,67,67,64,64,52,52,52,33,5,5,5,80,80,10],"gold":170,"neow_bonus":"BOSS_RELIC","is_daily":false,"chose_seed":false,"campfire_upgraded":7,"win_rate":0.0,"timestamp":1613701180,"path_taken":["M","?","?","?","?","R","E","R","T","M","R","M","?","M","R","BOSS","M","?","?","?","?","E","R","E","T","?","R","M","?","?","R","BOSS","M","$","?","$","M","R","M","R","T","M","E","?","M","?","R","BOSS"],"items_purchased_type":["Card","Card","Card","Card"],"build_version":"2020-12-22","purchased_purges":3,"victory":true,"max_hp_per_floor":[70,70,70,70,70,70,70,70,70,70,70,70,70,70,70,70,70,70,70,70,70,70,70,70,80,80,80,80,80,80,80,80,80,80,80,80,80,80,80,80,80,80,80,80,80,80,80,80,80,80],"card_choices":[{"not_picked":["Bouncing Flask"],"picked":"SKIP","floor":1},{"not_picked":["Dash"],"picked":"SKIP","floor":3},{"not_picked":["Dodge and Roll"],"picked":"SKIP","floor":7},{"not_picked":["Dagger Throw"],"picked":"SKIP","floor":10},{"not_picked":["Tactician"],"picked":"SKIP","floor":12},{"not_picked":[],"picked":"Prepared","floor":13},{"not_picked":["Blade Dance"],"picked":"SKIP","floor":14},{"not_picked":[],"picked":"Burst","floor":16},{"not_picked":["Dagger Throw+1"],"picked":"SKIP","floor":18},{"not_picked":["Outmaneuver"],"picked":"SKIP","floor":22},{"not_picked":[],"picked":"Well Laid Plans","floor":23},{"not_picked":["Flying Knee"],"picked":"SKIP","floor":25},{"not_picked":[],"picked":"Expertise+1","floor":29},{"not_picked":["Well Laid Plans"],"picked":"SKIP","floor":35},{"not_picked":[],"picked":"Underhanded Strike+1","floor":37},{"not_picked":[],"picked":"Acrobatics+1","floor":39},{"not_picked":["Dagger Throw+1"],"picked":"SKIP","floor":41},{"not_picked":["Riddle With Holes+1"],"picked":"SKIP","floor":44},{"not_picked":["Blade Dance+1"],"picked":"SKIP","floor":45},{"not_picked":["Poisoned Stab+1"],"picked":"Noxious Fumes","floor":47}],"player_experience":390654,"relics_obtained":[{"floor":7,"key":"Thread and Needle"},{"floor":9,"key":"Bronze Scales"},{"floor":23,"key":"Bag of Preparation"},{"floor":25,"key":"Pear"},{"floor":26,"key":"Ornamental Fan"},{"floor":43,"key":"Whetstone"},{"floor":45,"key":"Question Card"}],"event_choices":[{"damage_healed":0,"gold_gain":100,"player_choice":"Pray","damage_taken":0,"max_hp_gain":0,"max_hp_loss":0,"event_name":"Golden Shrine","floor":4,"gold_loss":0},{"damage_healed":0,"gold_gain":0,"player_choice":"Read","damage_taken":0,"max_hp_gain":0,"max_hp_loss":0,"event_name":"The Library","floor":19,"gold_loss":0,"cards_obtained":["Crippling Poison"]},{"damage_healed":0,"gold_gain":0,"cards_transformed":["Strike_G","Strike_G"],"player_choice":"Became Test Subject","damage_taken":0,"max_hp_gain":0,"max_hp_loss":0,"event_name":"Drug Dealer","floor":20,"gold_loss":0,"cards_obtained":["Catalyst","Venomology"]},{"damage_healed":0,"gold_gain":0,"player_choice":"1 cards matched","damage_taken":0,"max_hp_gain":0,"max_hp_loss":0,"event_name":"Match and Keep!","floor":21,"gold_loss":0,"cards_obtained":["Bullet Time"]},{"damage_healed":0,"gold_gain":0,"player_choice":"Fight","damage_taken":0,"max_hp_gain":0,"max_hp_loss":0,"event_name":"Colosseum","floor":27,"gold_loss":0},{"damage_healed":0,"gold_gain":0,"player_choice":"Fled From Nobs","damage_taken":0,"max_hp_gain":0,"max_hp_loss":0,"event_name":"Colosseum","floor":27,"gold_loss":0},{"damage_healed":0,"gold_gain":0,"player_choice":"Bet on Murderer","damage_taken":0,"max_hp_gain":0,"max_hp_loss":0,"event_name":"The Joust","floor":31,"gold_loss":50},{"damage_healed":0,"gold_gain":0,"player_choice":"Memory 1","damage_taken":0,"max_hp_gain":0,"max_hp_loss":0,"event_name":"SensoryStone","floor":46,"gold_loss":0},{"damage_healed":75,"gold_gain":0,"player_choice":"Heal","damage_taken":0,"max_hp_gain":0,"max_hp_loss":0,"event_name":"MindBloom","floor":48,"gold_loss":0,"cards_obtained":["Doubt"]}],"is_beta":false,"boss_relics":[{"not_picked":["Tiny House","Coffee Dripper"],"picked":"Sozu"},{"not_picked":["Cursed Key","Fusion Hammer"],"picked":"HoveringKite"}],"items_purged_floors":[5,30,36],"is_endless":false,"potions_floor_spawned":[1,7,10,16,18,22,23,29,41,44,45],"ascension_level":2}}