{"host":"id23shmscryl4psl","time":1613701601,"event":{"mods":["BaseMod","Better Altar","Better Match","Better Note","Better Sensory Stone","Better Skull","Better Third Choice","Colored Map","Colored Powertips","Dark Map","Downfall","HololiveMod","Minty Spire (QoL Compilation)","Rare Cards Sparkle","Relic Stats","Robot Space Explorer","StSLib"],"gold_per_floor":[99,110,123,137,237,237,288,302,322,357,257,267,281,102,115,217,217,217,231,13,13,13,30,79,179,196,228,238,238,38,57,72,173,173,173,188,188,188,204,204,229,29,57,57,89,105,121,150,169,169,169,169,169,169],"floor_reached":52,"language":"ENG","playtime":4546,"items_purged":[],"score":993,"play_id":"846df9de-990f-4b22-bbd3-43fd8e5580c0","local_time":"20210218192641","is_ascension_mode":false,"campfire_choices":[{"data":"Guardian:CurlUp","floor":1,"key":"SMITH"},{"data":"Guardian:ShieldSpikes","floor":6,"key":"SMITH"},{"data":"Guardian:BaubleBeam","floor":11,"key":"SMITH"},{"floor":18,"key":"RECALL"},{"data":"Guardian:TwinSlam","floor":30,"key":"SMITH"},{"data":"Guardian:PrimingBeam","floor":35,"key":"SMITH"},{"data":"Guardian:ConstructionForm","floor":40,"key":"SMITH"},{"data":"expansioncontent:DashGenerateEvil","floor":44,"key":"SMITH"}],"circlet_count":0,"master_deck":["Guardian:Strike_Guardian","Guardian:Strike_Guardian","Guardian:Strike_Guardian","Guardian:Strike_Guardian+1","Guardian:Defend_Guardian+1","Guardian:Defend_Guardian+1","Guardian:Defend_Guardian+1","Guardian:Defend_Guardian","Guardian:CurlUp+1","Guardian:TwinSlam+1","Guardian:ShieldSpikes+1","Guardian:Recover","Guardian:TemporalStrike","Guardian:BodySlam","Guardian:BaubleBeam+1","Guardian:BronzeOrb","Guardian:BronzeOrb","Guardian:ConstructionForm+1","Guardian:PrimingBeam+1","Guardian:Reroute+1","Guardian:TimeCapacitor+1","Guardian:PrimingBeam","Guardian:PrismaticBarrier+1","Guardian:ExploitGems+1","AscendersBane","Madness+1","Guardian:Repulse","expansioncontent:DashGenerateEvil+1","Guardian:Reroute+1","Guardian:PiercingHide+1","Guardian:SpikerProtocol","Guardian:EvasiveProtocol","Guardian:AncientConstruct","Guardian:BronzeOrb+1"],"relics":["Guardian:ModeShifterPlus","Happy Flower","White Beast Statue","downfall:HeartBlessingGreen","ClockworkSouvenir","Ginger","Toxic Egg 2","Question Card","Letter Opener","downfall:HeartBlessingRed","downfall:HeartBlessingBlue","Black Star","Centennial Puzzle","Hololive_LightStick","War Paint","Potion Belt","Blood Vial","Boot","Sundial","Meat on the Bone","Gambling Chip"],"acts_visited":["Exordium","TheCity","TheBeyond","TheEnding"],"potions_floor_usage":[14,16,16,16,16,16,20,23,25,26,27,33,33,39,42,43,48,50,50,50],"damage_taken":[{"damage":1,"enemies":"Cultist","floor":2,"turns":4},{"damage":2,"enemies":"Small Slimes","floor":3,"turns":6},{"damage":0,"enemies":"Jaw Worm","floor":4,"turns":7},{"damage":8,"enemies":"3 Louse","floor":8,"turns":5},{"damage":17,"enemies":"Large Slime","floor":9,"turns":12},{"damage":5,"enemies":"Lagavulin","floor":10,"turns":7},{"damage":8,"enemies":"downfall:LooterAlt","floor":12,"turns":4},{"damage":6,"enemies":"Blue Slaver","floor":13,"turns":2},{"damage":0,"enemies":"downfall:FleeingMerchant","floor":14,"turns":4},{"damage":0,"enemies":"Exordium Wildlife","floor":15,"turns":3},{"damage":0,"enemies":"IC_STATUS_ARCHETYPE","floor":16,"turns":5},{"damage":0,"enemies":"Chosen","floor":19,"turns":3},{"damage":0,"enemies":"downfall:FleeingMerchant","floor":20,"turns":4},{"damage":0,"enemies":"Shell Parasite","floor":23,"turns":3},{"damage":0,"enemies":"Colosseum Nobs","floor":25,"turns":4},{"damage":0,"enemies":"Centurion and Healer","floor":26,"turns":6},{"damage":0,"enemies":"Slavers","floor":27,"turns":4},{"damage":0,"enemies":"Snecko","floor":28,"turns":3},{"damage":0,"enemies":"3 Cultists","floor":31,"turns":4},{"damage":0,"enemies":"Snake Plant","floor":32,"turns":3},{"damage":0,"enemies":"SI_MIRROR_ARCHETYPE","floor":33,"turns":5},{"damage":0,"enemies":"3 Shapes","floor":36,"turns":3},{"damage":0,"enemies":"3 Darklings","floor":39,"turns":4},{"damage":0,"enemies":"downfall:FleeingMerchant","floor":42,"turns":4},{"damage":0,"enemies":"Giant Head","floor":43,"turns":7},{"damage":0,"enemies":"Nemesis","floor":45,"turns":9},{"damage":0,"enemies":"Writhing Mass","floor":46,"turns":5},{"damage":0,"enemies":"Transient","floor":47,"turns":5},{"damage":0,"enemies":"Reptomancer","floor":48,"turns":4},{"damage":0,"enemies":"Maw","floor":49,"turns":6},{"damage":24,"enemies":"DF_ARCHETYPE_ORBS","floor":50,"turns":8},{"damage":107,"enemies":"downfall:CharBossMerchant","floor":52,"turns":9}],"seed_played":"-3737030986835513775","potions_obtained":[{"floor":4,"key":"Explosive Potion"},{"floor":10,"key":"PowerPotion"},{"floor":12,"key":"Dexterity Potion"},{"floor":13,"key":"Block Potion"},{"floor":14,"key":"EntropicBrew"},{"floor":15,"key":"LiquidMemories"},{"floor":16,"key":"ColorlessPotion"},{"floor":19,"key":"Dexterity Potion"},{"floor":20,"key":"PowerPotion"},{"floor":22,"key":"CultistPotion"},{"floor":23,"key":"sneckomod:MuddlingPotion"},{"floor":25,"key":"PowerPotion"},{"floor":26,"key":"FearPotion"},{"floor":27,"key":"Slimebound:ThreeZeroPotion"},{"floor":31,"key":"hexamod:SoulburnPotion"},{"floor":33,"key":"Energy Potion"},{"floor":36,"key":"GamblersBrew"},{"floor":39,"key":"Weak Potion"},{"floor":42,"key":"BlessingOfTheForge"},{"floor":43,"key":"hexamod:SoulburnPotion"},{"floor":45,"key":"champ:CounterPotion"},{"floor":46,"key":"AttackPotion"},{"floor":47,"key":"Ancient Potion"},{"floor":48,"key":"CultistPotion"}],"is_trial":false,"path_per_floor":["R","M","M","M","?","R","T","M","M","E","R","M","M","$","M","B",null,"R","M","$","?","?","M","T","?","M","E","M","T","R","M","M","B",null,"R","M","?","?","M","R","T","$","E","R","E","M","M","E","M","B",null,"E"],"character_chosen":"GUARDIAN","items_purchased":["Guardian:Gem_Synthetic","Guardian:Gem_Red","Guardian:Gem_Cyan","ClockworkSouvenir","Hololive_LightStick","War Paint","Guardian:Gem_Cyan","expansioncontent:DashGenerateEvil"],"campfire_rested":0,"item_purchase_floors":[14,14,20,20,42,42,42,42],"current_hp_per_floor":[88,87,85,85,85,85,85,77,60,55,55,47,41,41,41,41,88,88,88,88,88,88,88,88,88,88,88,88,88,98,98,98,98,98,98,98,98,90,90,90,90,90,90,90,92,94,96,98,98,74,98,0,0,0],"gold":169,"neow_bonus":"TEN_PERCENT_HP_BONUS","is_daily":false,"chose_seed":false,"campfire_upgraded":7,"win_rate":0.0,"timestamp":1613701601,"path_taken":["R","M","M","?","?","R","T","M","M","E","R","M","M","$","M","BOSS","R","M","$","?","?","M","T","?","M","E","M","?","R","M","M","BOSS","R","M","?","?","M","R","T","$","E","R","E","?","M","E","M","BOSS","E"],"items_purchased_type":["Card","Card","Card","Relic","Relic","Relic","Card","Card"],"build_version":"2020-12-22","purchased_purges":0,"victory":false,"max_hp_per_floor":[88,88,88,88,88,88,88,88,88,88,88,88,88,88,88,88,88,88,88,88,88,88,88,88,88,88,88,88,88,98,98,98,98,98,98,98,98,98,98,98,98,98,98,98,98,98,98,98,98,98,98,98,98,98],"relic_stats":{"Happy Flower":[48],"counters":[20,93],"Ginger":[24],"Letter Opener":[121],"War Paint":["Guardian:Defend_Guardian","Guardian:Defend_Guardian"],"Question Card":13,"Boot":[33],"Blood Vial":8,"Centennial Puzzle":[6],"Sundial":[2],"Gambling Chip":[3],"Black Star":3,"obtain_stats":[{"Potion Belt":43,"Blood Vial":43,"Centennial Puzzle":41,"Hololive_LightStick":42,"Sundial":45,"Gambling Chip":48,"MealTicket":13,"Slimebound:AbsorbEndCombat":0,"War Paint":42,"Boot":45,"InkBottle":5,"Meat on the Bone":48},{"Potion Belt":13,"Blood Vial":13,"Centennial Puzzle":11,"Hololive_LightStick":12,"Sundial":14,"Gambling Chip":17,"MealTicket":9,"Slimebound:AbsorbEndCombat":0,"War Paint":12,"Boot":14,"InkBottle":3,"Meat on the Bone":17},{"Potion Belt":47,"Blood Vial":47,"Centennial Puzzle":36,"Hololive_LightStick":40,"Sundial":56,"Gambling Chip":70,"MealTicket":30,"Slimebound:AbsorbEndCombat":0,"War Paint":40,"Boot":56,"InkBottle":11,"Meat on the Bone":70}],"Meat on the Bone":0},"card_choices":[{"not_picked":["Guardian:VentSteam","Guardian:Gem_Purple"],"picked":"Guardian:ShieldSpikes","floor":2},{"not_picked":["Guardian:PolyBeam","Guardian:BronzeOrb"],"picked":"Guardian:Recover","floor":3},{"not_picked":["Guardian:MultiBeam","Guardian:Recover"],"picked":"Guardian:TemporalStrike","floor":4},{"not_picked":["Guardian:ShieldCharger","Guardian:PolyBeam"],"picked":"Guardian:Gem_Red","floor":8},{"not_picked":["Guardian:Gem_Red","Guardian:PrismaticBarrier"],"picked":"Guardian:BodySlam","floor":9},{"not_picked":["Guardian:Gem_Green","Guardian:Incinerate"],"picked":"Guardian:BaubleBeam","floor":10},{"not_picked":["Guardian:TimeBomb","Guardian:EvasiveProtocol"],"picked":"Guardian:BronzeOrb","floor":12},{"not_picked":["Guardian:Incinerate","Guardian:TemporalStrike"],"picked":"Guardian:BronzeOrb","floor":13},{"not_picked":["Guardian:Planning","Guardian:WalkerClaw"],"picked":"Guardian:Gem_Lightblue","floor":14},{"not_picked":["Guardian:PrimingBeam","Guardian:Clone"],"picked":"Guardian:Gem_Orange","floor":15},{"not_picked":["Guardian:BaubleBeam","Guardian:FastForward"],"picked":"Guardian:ConstructionForm","floor":16},{"not_picked":["Guardian:Incinerate+1","Guardian:DonusPower"],"picked":"Guardian:Gem_White","floor":19},{"not_picked":["Guardian:WalkerClaw","Guardian:PolyBeam"],"picked":"Guardian:Gem_Lightblue","floor":20},{"not_picked":["Guardian:TemporalStrike","Guardian:ArmoredProtocol"],"picked":"Guardian:PrimingBeam","floor":23},{"not_picked":["Guardian:Gem_Green","Guardian:PolyBeam+1"],"picked":"Guardian:Gem_Crimson","floor":25},{"not_picked":["Guardian:Incinerate","Guardian:TemporalStrike"],"picked":"Guardian:Reroute+1","floor":26},{"not_picked":["Guardian:Repulse+1","Guardian:CrystalBeam"],"picked":"Guardian:Gem_Lightblue","floor":27},{"not_picked":["Guardian:Preprogram+1","Guardian:GuardianWhirl","Guardian:FloatingOrbs"],"picked":"Guardian:TimeCapacitor+1","floor":28},{"not_picked":["Guardian:ConstructionForm","Guardian:TemporalStrike","Guardian:ArmoredProtocol+1"],"picked":"Guardian:PrimingBeam","floor":31},{"not_picked":["Guardian:Gem_Lightblue","Guardian:Gem_Cyan","Guardian:Gem_Red"],"picked":"Guardian:PrismaticBarrier+1","floor":32},{"not_picked":["Guardian:FastForward+1","Guardian:HyperBeam_Guardian","Guardian:StasisStrike"],"picked":"Guardian:ExploitGems+1","floor":33},{"not_picked":["Guardian:Gem_Cyan","Guardian:Clone+1","Guardian:VentSteam+1"],"picked":"Guardian:Gem_Green","floor":36},{"not_picked":["Guardian:Gem_Cyan","Guardian:BodySlam+1","Guardian:PolyBeam"],"picked":"Guardian:Gem_Yellow","floor":39},{"not_picked":["Guardian:ExploitGems+1","Guardian:Recover+1","Guardian:RollAttack"],"picked":"Guardian:Repulse","floor":42},{"not_picked":["Guardian:Repulse","Guardian:Recover+1","Guardian:TemporalShield+1"],"picked":"Guardian:Reroute+1","floor":43},{"not_picked":["Guardian:BaubleBeam","Guardian:PolyBeam+1","Guardian:Planning+1"],"picked":"Guardian:PiercingHide+1","floor":45},{"not_picked":["Guardian:ShieldCharger+1","Guardian:Recover+1","Guardian:TemporalShield+1"],"picked":"Guardian:SpikerProtocol","floor":46},{"not_picked":["Guardian:WalkerClaw+1","Guardian:Planning+1","Guardian:Suspension+1"],"picked":"Guardian:EvasiveProtocol","floor":47},{"not_picked":["Guardian:ChargeCore","Guardian:Clone+1","Guardian:Recover+1"],"picked":"Guardian:AncientConstruct","floor":48},{"not_picked":["Guardian:Gem_Green","Guardian:Gem_Lightblue","Guardian:PrimingBeam"],"picked":"Guardian:BronzeOrb+1","floor":49}],"player_experience":110873,"relics_obtained":[{"floor":7,"key":"Happy Flower"},{"floor":10,"key":"White Beast Statue"},{"floor":25,"key":"Ginger"},{"floor":25,"key":"Toxic Egg 2"},{"floor":27,"key":"Question Card"},{"floor":29,"key":"Letter Opener"},{"floor":41,"key":"Centennial Puzzle"},{"floor":43,"key":"Potion Belt"},{"floor":43,"key":"Blood Vial"},{"floor":45,"key":"Boot"},{"floor":45,"key":"Sundial"},{"floor":48,"key":"Meat on the Bone"},{"floor":48,"key":"Gambling Chip"}],"event_choices":[{"damage_healed":0,"gold_gain":0,"player_choice":"Ignored","damage_taken":0,"max_hp_gain":0,"max_hp_loss":0,"event_name":"betterNote:BetterNote","floor":21,"gold_loss":0,"cards_obtained":["Strike_G"]},{"damage_healed":0,"gold_gain":3,"player_choice":"3","damage_taken":0,"max_hp_gain":0,"max_hp_loss":0,"event_name":"betterStone:BetterStone","floor":37,"gold_loss":0,"cards_obtained":["Madness"]}],"is_beta":false,"boss_relics":[{"not_picked":["Cursed Key","Fusion Hammer"],"picked":"Guardian:ModeShifterPlus"},{"not_picked":["Busted Crown","Snecko Eye"],"picked":"Black Star"}],"items_purged_floors":[],"is_endless":false,"potions_floor_spawned":[4,10,12,13,14,15,16,19,20,23,25,26,27,28,31,32,33,36,39,42,43,45,46,47,48,49],"killed_by":"downfall:CharBossMerchant","ascension_level":0}}