{"host":"goda751pbqw5j0wn","time":1613736442,"event":{"mods":["Act Like it!","Arknights","BaseMod","Highlight Path","Minty Spire (QoL Compilation)","READ ME - Guardian Mod","Shop Mod","StSLib","óô»ðÖ¸ÄÏ"],"gold_per_floor":[111,124,142,155,170,9999,9999,9243,9269,8870,8889,7923,7471,7491,6895,7019,7019,7043,7059,6398,6433,5383,4987,5025,4333,4333,3551,3676,3876,3035,3054,2289,2413,2413,2428,1810,1810,667,692,733,749,35,35,35,76,90,105,119,997,997],"floor_reached":51,"language":"ZHS","playtime":4230,"items_purged":["Injury","ats:Strike V","ats:Defend","ats:Defend","ats:Strike G","ats:Defend","ats:Strike C+1","ats:Strike S+1","ats:Healing Strengthening","ats:Apocalypse","ats:Counter Healing Mode","ats:Hammer On","ats:Demon Strength","ats:Thorns","ats:Emotion Absorption"],"score":827,"play_id":"21ada6ae-28da-45ef-b4b4-23ce9f2bf36e","local_time":"20210219200722","is_ascension_mode":false,"campfire_choices":[{"data":"Thinking Ahead","floor":44,"key":"SMITH"}],"circlet_count":0,"master_deck":["ats:Armor Crushing Shot","ats:Leaping Hammer","ats:Hook Shot","ats:Flexible Camouflage+1","ats:Directed Diagnosis","ats:Revitalization","ats:Shell Defense","ats:Automatic Cover","ats:Charging Defense+1","ats:Closed Bolt Burst Fire","ats:Blood Oath","ats:Calcification","ats:Guard Mode","ats:Shadow Raid","ats:Calcification","ats:Shell Defense","ats:Absolute Focus+1","Thinking Ahead+1","ats:Sunburst","ats:Ignite+1","ats:Powerful Strike+1","ats:Consecutive Shot Auto+1","ats:Composite Medical Shells","ats:Chain Hook+1","Sadistic Nature","ats:Red Shift+1","ats:Shadow Assault+1","ats:Ignite+1","Madness","Deep Breath","Trip","ats:Thermite Blade+1","ats:Flexible Camouflage+1","ats:Song Of Battle+1","ats:Apocalypse+1","Enlightenment+1"],"relics":["ats:Sanity","ats:Originium","ats:Industrial Water Cannon","Golden Idol","Regal Pillow","Eternal Feather","HandDrill","Toy Ornithopter","MealTicket","Toolbox","ClockworkSouvenir","Calipers","Question Card","ats:Berate","Whetstone","ats:Snipe","Empty Cage","Bag of Preparation","Matryoshka","Red Mask","Shuriken","Lee\u0027s Waffle","ats:Bonebreaker","Medical Kit","Omamori","Anchor","ats:Spiritual Recovery","Meat on the Bone","Molten Egg 2","Strange Spoon","Mango","White Beast Statue","War Paint","Torii","SlaversCollar","Gremlin Horn","Singing Bowl","Peace Pipe","ats:Arts","Nunchaku","ats:Emergency Defibrillator","Potion Belt","Akabeko","Toxic Egg 2","Oddly Smooth Stone","ats:Ability Aura","Orrery"],"acts_visited":["Exordium","TheCity","TheBeyond"],"potions_floor_usage":[33,41,41,46,47,50,50,50,50],"damage_taken":[{"damage":12.0,"enemies":"Cultist","floor":1.0,"turns":6.0},{"damage":5.0,"enemies":"Small Slimes","floor":2.0,"turns":4.0},{"damage":6.0,"enemies":"Jaw Worm","floor":3.0,"turns":4.0},{"damage":17.0,"enemies":"Exordium Wildlife","floor":4.0,"turns":7.0},{"damage":6.0,"enemies":"Blue Slaver","floor":5.0,"turns":5.0},{"damage":29.0,"enemies":"3 Sentries","floor":6.0,"turns":10.0},{"damage":14.0,"enemies":"Lots of Slimes","floor":11.0,"turns":6.0},{"damage":0.0,"enemies":"3 Louse","floor":14.0,"turns":2.0},{"damage":38.0,"enemies":"Slime Boss","floor":16.0,"turns":10.0},{"damage":0.0,"enemies":"Chosen","floor":18.0,"turns":5.0},{"damage":23.0,"enemies":"Spheric Guardian","floor":19.0,"turns":5.0},{"damage":17.0,"enemies":"Masked Bandits","floor":21.0,"turns":5.0},{"damage":145.0,"enemies":"Gremlin Leader","floor":24.0,"turns":14.0},{"damage":23.0,"enemies":"Colosseum Slavers","floor":28.0,"turns":6.0},{"damage":36.0,"enemies":"Colosseum Nobs","floor":28.0,"turns":6.0},{"damage":29.0,"enemies":"Shelled Parasite and Fungi","floor":31.0,"turns":7.0},{"damage":28,"enemies":"Collector","floor":33,"turns":8},{"damage":2,"enemies":"3 Shapes","floor":35,"turns":5},{"damage":2,"enemies":"Orb Walker","floor":39,"turns":3},{"damage":9,"enemies":"Nemesis","floor":40,"turns":5},{"damage":1,"enemies":"3 Darklings","floor":41,"turns":2},{"damage":32,"enemies":"Giant Head","floor":45,"turns":6},{"damage":29,"enemies":"Maw","floor":46,"turns":7},{"damage":2,"enemies":"4 Shapes","floor":47,"turns":10},{"damage":9,"enemies":"Transient","floor":48,"turns":5},{"damage":87,"enemies":"Awakened One","floor":50,"turns":10}],"seed_played":"8164021711383985878","potions_obtained":[{"floor":2.0,"key":"GamblersBrew"},{"floor":5.0,"key":"Explosive Potion"},{"floor":14.0,"key":"FearPotion"},{"floor":18.0,"key":"Energy Potion"},{"floor":21.0,"key":"ColorlessPotion"},{"floor":28.0,"key":"ats:Burn Small Potion"},{"floor":31.0,"key":"SpeedPotion"},{"floor":33,"key":"PowerPotion"},{"floor":35,"key":"Swift Potion"},{"floor":39,"key":"SteroidPotion"},{"floor":40,"key":"SteroidPotion"},{"floor":41,"key":"Weak Potion"},{"floor":45,"key":"Strength Potion"},{"floor":46,"key":"CultistPotion"},{"floor":47,"key":"Block Potion"},{"floor":48,"key":"LiquidBronze"}],"is_trial":false,"path_per_floor":["M","M","M","M","M","E","?","$","T","$","M","$","R","M","R","B",null,"M","M","$","?","$","R","E","R","T","R","?","?","R","M","R","B",null,"M","$","?","$","M","E","M","$","T","R","E","M","M","M","R","B",null],"character_chosen":"DOCTOR_CLASS","items_purchased":["ats:Hammer On","Regal Pillow","Eternal Feather","HandDrill","Weak Potion","ats:Revitalization","MealTicket","Toolbox","ClockworkSouvenir","ats:Automatic Cover","Calipers","Question Card","Explosive Potion","ats:Berate","ats:Thorns","ats:Charging Defense","Whetstone","ats:Snipe","ats:Blood Oath","ats:Demon Strength","Bag of Preparation","Matryoshka","ats:Calcification","Shuriken","Lee\u0027s Waffle","ats:Bonebreaker","ats:Shell Defense","ats:Healing Strengthening","ats:Apocalypse","Medical Kit","Anchor","Thinking Ahead","ats:Sunburst","Molten Egg 2","ats:Ignite+1","ats:Powerful Strike+1","Strange Spoon","ats:Composite Medical Shells","War Paint","Torii","Fruit Juice","Fire Potion","Sadistic Nature","ats:Red Shift+1","Gremlin Horn","ats:Thermite Blade+1","Singing Bowl","Peace Pipe","ats:Arts","ats:Emergency Defibrillator","Energy Potion","Oddly Smooth Stone","ats:Ability Aura","Enlightenment+1","Orrery"],"campfire_rested":0,"item_purchase_floors":[8,8,8,8,8,8,10,10,12,12,12,12,12,13,13,13,15,15,15,15,20,20,20,22,22,22,22,22,22,23,25,25,25,27,27,27,27,30,30,30,32,32,32,32,36,38,38,38,38,42,49,49,49,49,49],"current_hp_per_floor":[67,62,56,39,33,9,9,9,9,9,8,23,32,39,48,27,79,79,61,76,68,86,86,15,27,27,42,48,48,63,63,88,89,105,103,105,95,105,107,103,108,109,109,109,78,77,111,105,121,72],"gold":997,"neow_bonus":"TEN_PERCENT_HP_BONUS","is_daily":false,"chose_seed":false,"campfire_upgraded":1,"win_rate":0.0,"timestamp":1613736442,"path_taken":["M","M","M","M","?","E","?","?","T","?","M","$","R","?","R","BOSS","M","?","$","?","$","R","E","R","T","R","?","?","R","M","R","BOSS","M","$","?","$","M","E","M","$","T","R","E","M","M","M","R","BOSS"],"items_purchased_type":["Card","Relic","Relic","Relic","Potion","Card","Relic","Relic","Relic","Card","Relic","Relic","Potion","Relic","Card","Card","Relic","Relic","Card","Card","Relic","Relic","Card","Relic","Relic","Relic","Card","Card","Card","Relic","Relic","Card","Card","Relic","Card","Card","Relic","Card","Relic","Relic","Potion","Potion","Card","Card","Relic","Card","Relic","Relic","Relic","Relic","Potion","Relic","Relic","Card","Relic"],"build_version":"2020-12-22","purchased_purges":15,"victory":true,"max_hp_per_floor":[79,79,79,79,79,79,79,79,79,79,79,79,79,79,79,79,79,79,79,79,79,86,86,86,86,86,86,100,100,100,100,105,105,105,105,105,105,105,107,109,109,109,109,109,109,109,111,113,121,121],"card_choices":[{"not_picked":["ats:Guard Mode","ats:Powerful Strike"],"picked":"ats:Leaping Hammer","floor":1.0},{"not_picked":["ats:Explosion Area Strengthen","ats:LN2 Cannon"],"picked":"ats:Hook Shot","floor":2.0},{"not_picked":["ats:Magnetic Hammer","ats:Poison Spread"],"picked":"ats:Absolute Focus","floor":3.0},{"not_picked":["ats:Absolute Focus","ats:Soul Absorption"],"picked":"ats:Flexible Camouflage","floor":4.0},{"not_picked":["ats:Explosion Area Strengthen","ats:Apocalypse"],"picked":"ats:Directed Diagnosis","floor":5.0},{"not_picked":["ats:Absolute Focus","ats:Ignite","ats:Durian"],"picked":"SKIP","floor":6.0},{"not_picked":["ats:Curse Doll","ats:Poison Spread"],"picked":"ats:Shell Defense","floor":11.0},{"not_picked":["ats:Sashimi Platter","ats:Flame Of Heaven","ats:Hammer On"],"picked":"ats:Closed Bolt Burst Fire","floor":14.0},{"not_picked":["ats:Fractured Body","ats:True Silver Slash","ats:Disruption Kick"],"picked":"ats:Calcification","floor":16.0},{"not_picked":["ats:Cat Scratch","ats:Explosion Area Strengthen","ats:Curse Doll+1"],"picked":"ats:Guard Mode","floor":18.0},{"not_picked":["ats:Ignite","ats:Hook Shot","ats:Curse Doll"],"picked":"ats:Shadow Raid","floor":19.0},{"not_picked":["ats:Hammer On","ats:Guard Mode","ats:Poison Spread+1"],"picked":"ats:Counter Healing Mode","floor":21.0},{"not_picked":["ats:Assault Order","ats:Guard Mode","ats:Literary Storm"],"picked":"ats:Absolute Focus+1","floor":24.0},{"not_picked":["ats:Blood Oath+1","ats:Powerful Strike+1","ats:Dogmatic Field"],"picked":"ats:Consecutive Shot Auto+1","floor":28.0},{"not_picked":["ats:Sunburst+1","ats:Red Shift+1","ats:Support Order"],"picked":"ats:Chain Hook+1","floor":31.0},{"not_picked":["ats:Roar Of Ursus","ats:Calcification","ats:Nebulous Foxfire"],"picked":"ats:Shadow Assault+1","floor":33},{"not_picked":["ats:Apocalypse","ats:Serious Mode+1","ats:Blood Oath+1"],"picked":"ats:Ignite+1","floor":35},{"not_picked":["Panacea","Flash of Steel+1","Discovery"],"picked":"Madness","floor":37},{"not_picked":["Enlightenment","Thinking Ahead","Sadistic Nature"],"picked":"Deep Breath","floor":37},{"not_picked":["Blind","Dramatic Entrance+1","Metamorphosis"],"picked":"Trip","floor":37},{"not_picked":["ats:Closed Bolt Burst Fire+1","ats:Burning Ground","ats:Charging Defense+1","ats:Red Shift+1"],"picked":"Singing Bowl","floor":39},{"not_picked":["ats:Leaping Hammer+1","ats:Thermite Blade+1","ats:Healing Strengthening+1","ats:LN2 Cannon+1"],"picked":"Singing Bowl","floor":40},{"not_picked":["ats:Closed Bolt Burst Fire+1","ats:Consecutive Shot Auto+1","ats:Absolute Focus"],"picked":"ats:Flexible Camouflage+1","floor":41},{"not_picked":["ats:Cat Scratch+1","ats:Flexible Camouflage+1","ats:Explosion Area Strengthen+1"],"picked":"ats:Song Of Battle+1","floor":45},{"not_picked":["ats:Assault Order+1","ats:Revitalization+1","ats:Sashimi Platter+1"],"picked":"ats:Apocalypse+1","floor":46},{"not_picked":["ats:Blood Oath+1","ats:Closed Bolt Burst Fire+1","ats:Literary Storm+1","ats:Chain Hook+1"],"picked":"Singing Bowl","floor":47},{"not_picked":["ats:Hammer On+1","ats:Composite Medical Shells","ats:Song Of Battle","ats:Shell Defense+1"],"picked":"Singing Bowl","floor":48},{"not_picked":["ats:Directed Diagnosis+1","ats:Absolute Focus+1","ats:Shadow Raid+1","ats:Guardian Obelisk+1"],"picked":"Singing Bowl","floor":49},{"not_picked":["ats:Part Time Job+1","ats:Chain Hook+1","ats:Closed Bolt Burst Fire+1","ats:Song Of Battle"],"picked":"Singing Bowl","floor":49},{"not_picked":["ats:Mental Burst+1","ats:Red Shift+1","ats:Soul Rend","ats:Consecutive Shot Auto+1"],"picked":"Singing Bowl","floor":49},{"not_picked":["ats:Sashimi Platter+1","ats:Red Shift+1","ats:Closed Bolt Burst Fire+1","ats:Flexible Camouflage+1"],"picked":"Singing Bowl","floor":49}],"player_experience":542977,"relics_obtained":[{"floor":6.0,"key":"ats:Originium"},{"floor":6.0,"key":"ats:Industrial Water Cannon"},{"floor":9.0,"key":"Toy Ornithopter"},{"floor":21.0,"key":"Red Mask"},{"floor":24.0,"key":"ats:Originium"},{"floor":24.0,"key":"Omamori"},{"floor":26.0,"key":"ats:Spiritual Recovery"},{"floor":26.0,"key":"Meat on the Bone"},{"floor":28.0,"key":"Mango"},{"floor":28.0,"key":"White Beast Statue"},{"floor":40,"key":"ats:Originium"},{"floor":40,"key":"Nunchaku"},{"floor":43,"key":"Potion Belt"},{"floor":43,"key":"Akabeko"},{"floor":45,"key":"ats:Originium"},{"floor":45,"key":"Toxic Egg 2"}],"event_choices":[{"damage_healed":0.0,"max_hp_gain":0.0,"max_hp_loss":0.0,"gold_gain":0.0,"event_name":"Golden Idol","player_choice":"Take Wound","floor":7.0,"gold_loss":0.0,"damage_taken":0.0,"relics_obtained":["Golden Idol"],"cards_obtained":["Injury"]},{"damage_healed":0.0,"max_hp_gain":0.0,"max_hp_loss":0.0,"gold_gain":0.0,"event_name":"Masked Bandits","player_choice":"Fought Bandits","floor":21.0,"gold_loss":0.0,"damage_taken":0.0},{"damage_healed":0.0,"max_hp_gain":0.0,"max_hp_loss":0.0,"gold_gain":0.0,"event_name":"Colosseum","player_choice":"Fight","floor":28.0,"gold_loss":0.0,"damage_taken":0.0},{"damage_healed":0.0,"max_hp_gain":0.0,"max_hp_loss":0.0,"gold_gain":0.0,"event_name":"Colosseum","player_choice":"Fought Nobs","floor":28.0,"gold_loss":0.0,"damage_taken":0.0},{"damage_healed":0.0,"max_hp_gain":0.0,"max_hp_loss":0.0,"gold_gain":250.0,"event_name":"The Joust","player_choice":"Bet on Owner","floor":29.0,"gold_loss":50.0,"damage_taken":0.0},{"damage_healed":0,"gold_gain":0,"player_choice":"Memory 3","damage_taken":10,"max_hp_gain":0,"max_hp_loss":0,"event_name":"SensoryStone","floor":37,"gold_loss":0}],"is_beta":false,"boss_relics":[{"not_picked":["Astrolabe","Philosopher\u0027s Stone"],"picked":"Empty Cage"},{"not_picked":["Cursed Key","SacredBark"],"picked":"SlaversCollar"}],"items_purged_floors":[8,10,12,13,15,20,22,23,25,27,30,32,36,38,42],"is_endless":false,"potions_floor_spawned":[2,5,14,16,18,21,28,28,31,33,35,39,40,41,45,46,47,48],"ascension_level":0}}