{"host":"Slaske","time":1613754296,"event":{"mods":["AchievementEnabler","BaseMod","Colored Map","Colored Powertips","Minty Spire (QoL Compilation)","Random Character Button","Relic Stats","slay the spire mod where everything is the same but ironclad has a cowboy hat"],"gold_per_floor":[113,125,141,197,197,238,238,251,275,304,318,318,318,24,24,148,148,167,167,167,185,15,54,54,54,54,54,97,118,37,56,56,56,56],"floor_reached":33,"language":"ENG","playtime":8570,"items_purged":[],"score":340,"play_id":"50850304-022d-4e69-a44c-06d4f41d6b2f","local_time":"20210219180456","is_ascension_mode":true,"campfire_choices":[{"floor":7,"key":"REST"},{"floor":12,"key":"REST"},{"data":"Eruption","floor":15,"key":"SMITH"},{"floor":24,"key":"REST"},{"data":"TalkToTheHand","floor":32,"key":"SMITH"}],"circlet_count":0,"master_deck":["Strike_P+1","Strike_P+1","Strike_P+1","Strike_P+1","Defend_P+1","Defend_P+1","Defend_P+1","Defend_P+1","Eruption+1","Vigilance","Brilliance","Conclude","Protect","SashWhip","Prostrate","Consecrate","Pray","CrushJoints","TalkToTheHand+1","ConjureBlade","Adaptation+1","Evaluate","Consecrate","FollowUp+1","Wireheading+1","Weave","Omniscience+1","Scrawl+1"],"relics":["HolyWater","Golden Idol","Tiny Chest","Anchor","Odd Mushroom","Pantograph","Frozen Egg 2","Ginger","Omamori","Happy Flower","Toxic Egg 2","SsserpentHead","Lizard Tail"],"acts_visited":["Exordium","TheCity"],"potions_floor_usage":[11,23,28,33,33],"damage_taken":[{"damage":1,"enemies":"Cultist","floor":1,"turns":3},{"damage":2,"enemies":"Small Slimes","floor":2,"turns":2},{"damage":1,"enemies":"2 Louse","floor":3,"turns":2},{"damage":40,"enemies":"Lagavulin","floor":6,"turns":5},{"damage":2,"enemies":"Large Slime","floor":8,"turns":6},{"damage":0,"enemies":"The Mushroom Lair","floor":10,"turns":2},{"damage":0,"enemies":"Looter","floor":11,"turns":3},{"damage":40,"enemies":"Slime Boss","floor":16,"turns":10},{"damage":0,"enemies":"Chosen","floor":18,"turns":3},{"damage":12,"enemies":"2 Thieves","floor":21,"turns":2},{"damage":16,"enemies":"Slavers","floor":23,"turns":7},{"damage":32,"enemies":"Gremlin Leader","floor":28,"turns":5},{"damage":10,"enemies":"Snake Plant","floor":29,"turns":3},{"damage":16,"enemies":"Cultist and Chosen","floor":31,"turns":6},{"damage":167,"enemies":"Automaton","floor":33,"turns":6}],"seed_played":"-1210192838256976041","potions_obtained":[{"floor":1,"key":"SpeedPotion"},{"floor":6,"key":"SkillPotion"},{"floor":16,"key":"LiquidBronze"},{"floor":21,"key":"StancePotion"},{"floor":23,"key":"SteroidPotion"}],"is_trial":false,"path_per_floor":["M","M","M","?","?","E","R","M","T","?","M","R","T","$","R","B",null,"M","T","?","M","$","E","R","$","T","?","E","M","$","M","R","B"],"character_chosen":"WATCHER","items_purchased":["Frozen Egg 2","TalkToTheHand","Omamori","Consecrate","Omniscience+1"],"campfire_rested":3,"item_purchase_floors":[14,14,22,22,30],"current_hp_per_floor":[64,62,61,61,45,5,24,22,22,22,22,41,41,41,41,25,65,65,65,65,53,53,37,56,56,56,56,24,14,14,32,32,0,0],"gold":56,"neow_bonus":"THREE_RARE_CARDS","is_daily":false,"chose_seed":false,"campfire_upgraded":2,"win_rate":0.0,"timestamp":1613754296,"path_taken":["M","M","?","?","?","E","R","M","T","?","M","R","?","?","R","BOSS","M","?","?","M","$","E","R","?","T","?","E","M","$","M","R","BOSS"],"items_purchased_type":["Relic","Card","Relic","Card","Card"],"build_version":"2020-12-18","purchased_purges":0,"victory":false,"max_hp_per_floor":[65,65,65,65,65,65,65,65,65,65,65,65,65,65,65,65,65,65,65,65,65,65,65,65,65,65,65,65,65,65,65,65,65,65],"relic_stats":{"SsserpentHead":0,"Lizard Tail":32,"Happy Flower":[6],"counters":[15,65],"Golden Idol":78,"Pantograph":49,"Tiny Chest":1,"Ginger":[5],"obtain_stats":[{"Happy Flower":23,"Golden Idol":5,"Omamori":22,"Ginger":19,"Odd Mushroom":10,"Frozen Egg 2":14,"SsserpentHead":27,"Anchor":9,"Lizard Tail":28,"Pantograph":13,"HolyWater":17,"Tiny Chest":6,"PureWater":0,"Toxic Egg 2":26},{"Happy Flower":11,"Golden Idol":3,"Omamori":10,"Ginger":9,"Odd Mushroom":6,"Frozen Egg 2":7,"SsserpentHead":11,"Anchor":5,"Lizard Tail":12,"Pantograph":7,"HolyWater":8,"Tiny Chest":4,"PureWater":0,"Toxic Egg 2":11},{"Happy Flower":45,"Golden Idol":7,"Omamori":38,"Ginger":36,"Odd Mushroom":20,"Frozen Egg 2":23,"SsserpentHead":45,"Anchor":18,"Lizard Tail":50,"Pantograph":23,"HolyWater":33,"Tiny Chest":12,"PureWater":0,"Toxic Egg 2":45}]},"card_choices":[{"not_picked":["MasterReality","Blasphemy"],"picked":"Brilliance","floor":0},{"not_picked":["Halt","ThirdEye"],"picked":"Conclude","floor":1},{"not_picked":["Crescendo","JustLucky"],"picked":"Protect","floor":2},{"not_picked":["Crescendo","Nirvana"],"picked":"SashWhip","floor":3},{"not_picked":["FearNoEvil","Halt"],"picked":"Prostrate","floor":6},{"not_picked":["Vengeance","EmptyFist"],"picked":"Consecrate","floor":8},{"not_picked":["ConjureBlade","PathToVictory"],"picked":"Pray","floor":10},{"not_picked":["ThirdEye","PathToVictory"],"picked":"CrushJoints","floor":11},{"not_picked":["DeusExMachina","Alpha"],"picked":"ConjureBlade","floor":16},{"not_picked":["JustLucky","SignatureMove"],"picked":"Adaptation+1","floor":18},{"not_picked":["JustLucky","ThirdEye+1"],"picked":"Evaluate","floor":21},{"not_picked":["FlyingSleeves","Scrawl"],"picked":"FollowUp+1","floor":23},{"not_picked":["PathToVictory+1","JustLucky"],"picked":"Wireheading+1","floor":28},{"not_picked":["JustLucky","Crescendo+1"],"picked":"Weave","floor":29},{"not_picked":["Wallop","EmptyBody+1"],"picked":"Scrawl+1","floor":31}],"player_experience":534133,"relics_obtained":[{"floor":6,"key":"Tiny Chest"},{"floor":9,"key":"Anchor"},{"floor":10,"key":"Odd Mushroom"},{"floor":13,"key":"Pantograph"},{"floor":19,"key":"Ginger"},{"floor":23,"key":"Happy Flower"},{"floor":26,"key":"Toxic Egg 2"},{"floor":28,"key":"Lizard Tail"}],"event_choices":[{"damage_healed":0,"gold_gain":56,"player_choice":"Gained Gold","damage_taken":0,"max_hp_gain":0,"max_hp_loss":0,"event_name":"Golden Wing","floor":4,"gold_loss":0},{"damage_healed":0,"gold_gain":0,"player_choice":"Take Damage","damage_taken":16,"relics_obtained":["Golden Idol"],"max_hp_gain":0,"max_hp_loss":0,"event_name":"Golden Idol","floor":5,"gold_loss":0},{"damage_healed":0,"gold_gain":0,"player_choice":"Fought Mushrooms","damage_taken":0,"max_hp_gain":0,"max_hp_loss":0,"event_name":"Mushrooms","floor":10,"gold_loss":0},{"damage_healed":0,"gold_gain":0,"player_choice":"Simplicity","damage_taken":0,"max_hp_gain":0,"max_hp_loss":0,"event_name":"Back to Basics","floor":20,"gold_loss":0,"cards_upgraded":["Strike_P","Strike_P","Strike_P","Strike_P","Defend_P","Defend_P","Defend_P","Defend_P"]},{"damage_healed":0,"gold_gain":0,"player_choice":"Trade","damage_taken":0,"relics_obtained":["SsserpentHead"],"max_hp_gain":0,"max_hp_loss":0,"event_name":"FaceTrader","floor":27,"gold_loss":0}],"is_beta":true,"boss_relics":[{"not_picked":["Runic Pyramid","VioletLotus"],"picked":"HolyWater"}],"items_purged_floors":[],"is_endless":false,"potions_floor_spawned":[1,6,16,21,23],"killed_by":"Automaton","ascension_level":4}}