{"host":"3d7yvplr5ovcyppx","time":1613719106,"event":{"mods":["AchievementEnabler","BaseMod","Hermit","Jorbs\u0027s Wanderer Trilogy","Minty Spire (QoL Compilation)","Quick Restart","Somnambulant","StSLib","The Cursed","The Disciple","The Servant 0.9.4"],"gold_per_floor":[111,111,111,126,126,155,170,16,16,16,47,60,60,60],"floor_reached":13,"language":"ENG","playtime":594,"items_purged":[],"score":106,"play_id":"efdc6d0c-e1f0-4a25-876c-b32bad9b761b","local_time":"20210219124826","is_ascension_mode":true,"campfire_choices":[{"floor":10,"key":"REST"}],"circlet_count":0,"master_deck":["Strike_B","Strike_B","Strike_B","Strike_B","Defend_B","Defend_B","Defend_B","Defend_B","Zap","Dualcast","Streamline","Loop","Creative AI+1","Self Repair+1","Thunder Strike","Rip and Tear"],"relics":["Cracked Core","Darkstone Periapt","Spirit Poop","Frozen Egg 2","Tiny Chest","Gremlin Horn"],"acts_visited":["Exordium"],"potions_floor_usage":[11,12,13],"damage_taken":[{"damage":4,"enemies":"Jaw Worm","floor":1,"turns":3},{"damage":18,"enemies":"Small Slimes","floor":4,"turns":3},{"damage":30,"enemies":"Lagavulin","floor":6,"turns":5},{"damage":7,"enemies":"Cultist","floor":7,"turns":5},{"damage":45,"enemies":"3 Sentries","floor":11,"turns":7},{"damage":17,"enemies":"Exordium Thugs","floor":12,"turns":5},{"damage":13,"enemies":"Lagavulin","floor":13,"turns":2}],"seed_played":"-3327009572806245801","potions_obtained":[{"floor":7,"key":"LiquidBronze"},{"floor":11,"key":"ColorlessPotion"},{"floor":12,"key":"Dexterity Potion"}],"is_trial":false,"path_per_floor":["M","?","?","M","?","E","M","$","T","R","E","M","E"],"character_chosen":"DEFECT","items_purchased":["Tiny Chest"],"campfire_rested":1,"item_purchase_floors":[8],"current_hp_per_floor":[78,78,84,66,66,36,29,29,29,55,20,13,0,0],"gold":60,"neow_bonus":"TEN_PERCENT_HP_BONUS","is_daily":false,"chose_seed":false,"campfire_upgraded":0,"win_rate":0.0,"timestamp":1613719106,"path_taken":["M","?","?","M","?","E","?","$","T","R","E","M","E"],"items_purchased_type":["Relic"],"build_version":"2020-12-22","purchased_purges":0,"victory":false,"max_hp_per_floor":[82,82,88,88,88,88,88,88,88,88,88,88,88,88],"card_choices":[{"not_picked":["Cold Snap","Compile Driver"],"picked":"Streamline","floor":1},{"not_picked":["Leap","Barrage"],"picked":"Loop","floor":4},{"not_picked":["Ball Lightning","Steam Power"],"picked":"Creative AI+1","floor":6},{"not_picked":["Fusion","Darkness"],"picked":"Self Repair+1","floor":7},{"not_picked":["Chaos","Lockon"],"picked":"Thunder Strike","floor":11},{"not_picked":["Hologram","Conserve Battery"],"picked":"Rip and Tear","floor":12}],"player_experience":78976,"relics_obtained":[{"floor":6,"key":"Frozen Egg 2"},{"floor":11,"key":"Gremlin Horn"}],"event_choices":[{"damage_healed":0,"gold_gain":0,"player_choice":"Leave","damage_taken":0,"max_hp_gain":0,"max_hp_loss":0,"event_name":"The Cleric","floor":2,"gold_loss":0},{"damage_healed":0,"gold_gain":0,"player_choice":"Box","damage_taken":0,"relics_obtained":["Darkstone Periapt"],"max_hp_gain":0,"max_hp_loss":0,"event_name":"Big Fish","floor":3,"gold_loss":0,"cards_obtained":["Regret"]},{"cards_removed":["Regret"],"damage_healed":0,"gold_gain":0,"player_choice":"Offered Curse","damage_taken":0,"relics_obtained":["Spirit Poop"],"max_hp_gain":0,"max_hp_loss":0,"event_name":"Bonfire Elementals","floor":5,"gold_loss":0}],"is_beta":false,"boss_relics":[],"items_purged_floors":[],"is_endless":false,"potions_floor_spawned":[7,11,12],"killed_by":"Lagavulin","ascension_level":3}}