{"host":"1v3mnj67s3trvm6y","time":1613751878,"event":{"mods":["BaseMod","Challenge The Spire","Minty Spire (QoL Compilation)","StSLib","The Cursed"],"gold_per_floor":[115,38,53,66,76,110,126,126,150,161,161,161,174,174,174,270,270,287,24,40,58,58,58,58,58],"floor_reached":24,"language":"ENG","playtime":1336,"items_purged":["TheCursedMod:Strike_TheCursed"],"score":200,"play_id":"0d68c83f-6d3c-486e-849f-bdbaa5940f5d","local_time":"20210220012438","is_ascension_mode":false,"campfire_choices":[{"floor":12,"key":"REST"},{"floor":15,"key":"RECALL"},{"data":"TheCursedMod:VoidForm","floor":23,"key":"SMITH"}],"circlet_count":0,"master_deck":["TheCursedMod:Strike_TheCursed","TheCursedMod:Defend_TheCursed","TheCursedMod:Defend_TheCursed","TheCursedMod:Defend_TheCursed","TheCursedMod:Defend_TheCursed","TheCursedMod:CursedWand","TheCursedMod:CleanUpWorkshop","TheCursedMod:Dregs","TheCursedMod:DemonSword","TheCursedMod:RapidMovement","TheCursedMod:LuckyCharm","TheCursedMod:Evocation","TheCursedMod:CursedArmor","TheCursedMod:DemonSword","TheCursedMod:AshesToAshes","TheCursedMod:CursedBlade","TheCursedMod:SpitefulPray","TheCursedMod:FleshFromBone","TheCursedMod:VoidForm+1","TheCursedMod:CursedAmulet","TheCursedMod:SpitefulPlan","TheCursedMod:AbyssShockwave+1","TheCursedMod:HellsGateOpen"],"relics":["TheCursedMod:BlackMagic101","Tiny Chest","Omamori","InkBottle","Empty Cage","Bag of Preparation"],"acts_visited":["Exordium","TheCity"],"potions_floor_usage":[5,6,20],"damage_taken":[{"damage":0,"enemies":"2 Louse","floor":1,"turns":2},{"damage":0,"enemies":"Cultist","floor":3,"turns":4},{"damage":1,"enemies":"Jaw Worm","floor":4,"turns":4},{"damage":0,"enemies":"Looter","floor":5,"turns":4},{"damage":10,"enemies":"Lagavulin","floor":6,"turns":9},{"damage":0,"enemies":"Large Slime","floor":7,"turns":8},{"damage":1,"enemies":"2 Fungi Beasts","floor":10,"turns":4},{"damage":1,"enemies":"Blue Slaver","floor":13,"turns":4},{"damage":46,"enemies":"Hexaghost","floor":16,"turns":19},{"damage":8,"enemies":"Shell Parasite","floor":18,"turns":11},{"damage":6,"enemies":"Spheric Guardian","floor":20,"turns":5},{"damage":1,"enemies":"3 Cultists","floor":21,"turns":5},{"damage":65,"enemies":"Book of Stabbing","floor":24,"turns":9}],"seed_played":"4731244021373605779","potions_obtained":[{"floor":4,"key":"AttackPotion"},{"floor":5,"key":"PowerPotion"},{"floor":6,"key":"Ancient Potion"},{"floor":7,"key":"SmokeBomb"},{"floor":18,"key":"Swift Potion"}],"is_trial":false,"path_per_floor":["M","$","M","M","M","E","M","?","T","M","?","R","M","T","R","B",null,"M","$","M","M","?","R","E"],"character_chosen":"THE_CURSED","items_purchased":["TheCursedMod:LuckyCharm","Bag of Preparation","TheCursedMod:SpitefulPlan"],"campfire_rested":1,"item_purchase_floors":[2,19,19],"current_hp_per_floor":[75,75,75,74,74,64,64,64,64,63,38,60,59,59,59,13,75,67,67,61,60,60,60,0,0],"gold":58,"neow_bonus":"ONE_RANDOM_RARE_CARD","is_daily":false,"chose_seed":false,"campfire_upgraded":1,"win_rate":0.0,"timestamp":1613751878,"path_taken":["M","$","M","M","M","E","M","?","T","?","?","R","M","?","R","BOSS","M","$","M","M","?","R","E"],"items_purchased_type":["Card","Relic","Card"],"build_version":"2020-12-22","purchased_purges":1,"victory":false,"max_hp_per_floor":[75,75,75,75,75,75,75,75,75,75,75,75,75,75,75,75,75,75,75,75,75,75,75,75,75],"card_choices":[{"not_picked":["TheCursedMod:Wield","TheCursedMod:Stretching"],"picked":"TheCursedMod:RapidMovement","floor":1},{"not_picked":["TheCursedMod:CircleOfCorruption","TheCursedMod:Stretching"],"picked":"TheCursedMod:Evocation","floor":3},{"not_picked":["TheCursedMod:CircleOfFlame","TheCursedMod:Stigma"],"picked":"TheCursedMod:CursedArmor","floor":4},{"not_picked":["TheCursedMod:SmokeScreen","TheCursedMod:Torture"],"picked":"TheCursedMod:DemonSword","floor":5},{"not_picked":["TheCursedMod:SurpriseAttack","TheCursedMod:FuryStrike"],"picked":"TheCursedMod:AshesToAshes","floor":6},{"not_picked":["TheCursedMod:RavingStaff","TheCursedMod:CircleOfAmplification"],"picked":"TheCursedMod:CursedBlade","floor":7},{"not_picked":["TheCursedMod:SpitefulStrike","TheCursedMod:Stigma"],"picked":"TheCursedMod:SpitefulPray","floor":10},{"not_picked":["TheCursedMod:CircleOfWindfury","TheCursedMod:VitalStrike"],"picked":"TheCursedMod:FleshFromBone","floor":13},{"not_picked":["TheCursedMod:DemonSword","TheCursedMod:CircleOfAbyss"],"picked":"TheCursedMod:VoidForm","floor":16},{"not_picked":["TheCursedMod:Obscuration","TheCursedMod:Mangle"],"picked":"TheCursedMod:CursedAmulet","floor":18},{"not_picked":["TheCursedMod:CircleOfBlood","TheCursedMod:CircleOfFlame"],"picked":"TheCursedMod:AbyssShockwave+1","floor":20},{"not_picked":["TheCursedMod:CursedMace","TheCursedMod:Stigma"],"picked":"TheCursedMod:HellsGateOpen","floor":21}],"player_experience":1559060,"relics_obtained":[{"floor":6,"key":"Tiny Chest"},{"floor":14,"key":"InkBottle"}],"event_choices":[{"damage_healed":0,"gold_gain":0,"player_choice":"Ignored","damage_taken":0,"max_hp_gain":0,"max_hp_loss":0,"event_name":"Fountain of Cleansing","floor":8,"gold_loss":0},{"damage_healed":0,"gold_gain":0,"player_choice":"Success","damage_taken":25,"relics_obtained":["Omamori"],"max_hp_gain":0,"max_hp_loss":0,"event_name":"Scrap Ooze","floor":11,"gold_loss":0},{"damage_healed":0,"gold_gain":0,"player_choice":"Ignored","damage_taken":0,"max_hp_gain":0,"max_hp_loss":0,"event_name":"Vampires","floor":22,"gold_loss":0}],"is_beta":false,"boss_relics":[{"not_picked":["Philosopher\u0027s Stone","Velvet Choker"],"picked":"Empty Cage"}],"items_purged_floors":[19],"is_endless":false,"potions_floor_spawned":[4,5,6,7,18],"killed_by":"Book of Stabbing","ascension_level":0}}