{"host":"z609fbm6pkeriks8","time":1613705118,"event":{"mods":["AchievementEnabler","BaseMod","Colored Map","Colored Powertips","Highlight Path","Minty Spire (QoL Compilation)","StSLib"],"gold_per_floor":[111,124,124,142,153,153,170,196,196,196,196,196,44,9,9,9,9],"floor_reached":16,"language":"ZHS","playtime":478,"items_purged":["Injury"],"score":145,"play_id":"919767d0-7746-4b7e-9803-c08f87819ecf","local_time":"20210219112518","is_ascension_mode":true,"campfire_choices":[{"data":"Uppercut","floor":6,"key":"SMITH"},{"floor":10,"key":"REST"},{"floor":15,"key":"REST"}],"circlet_count":0,"master_deck":["Strike_R","Strike_R","Strike_R","Strike_R","Defend_R","Defend_R","Defend_R","Defend_R","Bash","Thunderclap","Shrug It Off","Flame Barrier","Pommel Strike","Uppercut+1","Dark Embrace","Corruption","Carnage"],"relics":["Burning Blood","NeowsBlessing","Happy Flower","PreservedInsect","Potion Belt","Golden Idol"],"acts_visited":["Exordium"],"potions_floor_usage":[5,8,8,16],"damage_taken":[{"damage":0,"enemies":"2 Louse","floor":1,"turns":1},{"damage":0,"enemies":"Small Slimes","floor":2,"turns":1},{"damage":0,"enemies":"Cultist","floor":4,"turns":1},{"damage":21,"enemies":"Exordium Thugs","floor":5,"turns":8},{"damage":4,"enemies":"3 Louse","floor":7,"turns":4},{"damage":59,"enemies":"Lagavulin","floor":8,"turns":11},{"damage":75,"enemies":"Hexaghost","floor":16,"turns":14}],"seed_played":"7933308699493748209","potions_obtained":[{"floor":1,"key":"BlessingOfTheForge"},{"floor":2,"key":"Weak Potion"},{"floor":5,"key":"Dexterity Potion"},{"floor":7,"key":"GamblersBrew"}],"is_trial":false,"path_per_floor":["M","M","?","M","M","R","M","E","T","R","?","?","$","?","R","B"],"character_chosen":"IRONCLAD","items_purchased":["Carnage"],"campfire_rested":2,"item_purchase_floors":[13],"current_hp_per_floor":[78,80,80,80,65,65,67,14,14,38,31,31,31,51,75,0,0],"gold":9,"neow_bonus":"THREE_ENEMY_KILL","is_daily":false,"chose_seed":false,"campfire_upgraded":1,"win_rate":0.0,"timestamp":1613705118,"path_taken":["M","M","?","M","M","R","M","E","T","R","?","?","$","?","R","BOSS"],"items_purchased_type":["Card"],"build_version":"2020-12-22","purchased_purges":1,"victory":false,"max_hp_per_floor":[80,80,80,80,80,80,80,80,80,80,80,80,80,80,80,80,80],"card_choices":[{"not_picked":["Bloodletting","Clash"],"picked":"Thunderclap","floor":1},{"not_picked":["Infernal Blade","Flame Barrier"],"picked":"Shrug It Off","floor":2},{"not_picked":["Metallicize","Anger"],"picked":"Pommel Strike","floor":4},{"not_picked":["Infernal Blade","Second Wind"],"picked":"Uppercut","floor":5},{"not_picked":["Clothesline","Iron Wave"],"picked":"Dark Embrace","floor":7},{"not_picked":["Thunderclap","Clash"],"picked":"Corruption","floor":8}],"player_experience":124253,"relics_obtained":[{"floor":8,"key":"Happy Flower"},{"floor":9,"key":"PreservedInsect"}],"event_choices":[{"damage_healed":0,"gold_gain":0,"cards_transformed":["Strike_R"],"player_choice":"Change","damage_taken":0,"max_hp_gain":0,"max_hp_loss":0,"event_name":"Living Wall","floor":3,"gold_loss":0,"cards_obtained":["Flame Barrier"]},{"damage_healed":0,"gold_gain":0,"player_choice":"Success","damage_taken":7,"relics_obtained":["Potion Belt"],"max_hp_gain":0,"max_hp_loss":0,"event_name":"Scrap Ooze","floor":11,"gold_loss":0},{"damage_healed":0,"gold_gain":0,"player_choice":"Take Wound","damage_taken":0,"relics_obtained":["Golden Idol"],"max_hp_gain":0,"max_hp_loss":0,"event_name":"Golden Idol","floor":12,"gold_loss":0,"cards_obtained":["Injury"]},{"damage_healed":20,"gold_gain":0,"player_choice":"Healed","damage_taken":0,"max_hp_gain":0,"max_hp_loss":0,"event_name":"The Cleric","floor":14,"gold_loss":35}],"is_beta":false,"boss_relics":[],"items_purged_floors":[13],"is_endless":false,"potions_floor_spawned":[1,2,5,7],"killed_by":"Hexaghost","ascension_level":9}}