{"host":"1mxsqhrnflkerv75","time":1613708589,"event":{"mods":["AchievementEnabler","BaseMod","BetterRewards","Curses Come First","Downfall","Hermit","Infinite Spire","Minty Spire (QoL Compilation)","Replay The Spire","Spicy Shops","StSLib","The Cursed","The Saiyan"],"gold_per_floor":[109,109,124,141,63,63,74,88,88,11,27,27,27,27,27,27,27],"floor_reached":16,"language":"ENG","playtime":1310,"items_purged":[],"score":92,"play_id":"0d564d0b-ce1e-436c-87a3-c8a459d76197","local_time":"20210218232309","is_ascension_mode":false,"campfire_choices":[{"floor":6,"key":"REST"},{"data":"hermit:Malice","floor":15,"key":"SMITH"}],"circlet_count":0,"master_deck":["hermit:Strike_Hermit","hermit:Strike_Hermit","hermit:Strike_Hermit","hermit:Strike_Hermit","hermit:Defend_Hermit","hermit:Defend_Hermit","hermit:Defend_Hermit","hermit:Defend_Hermit","hermit:Snapshot","hermit:Covet","hermit:TakeAim","hermit:ItchyTrigger","hermit:TakeAim+1","hermit:PistolWhip","hermit:Malice+1","hermit:Deadeye","hermit:Combo","hermit:Quickdraw","Injury"],"relics":["hermit:Momento","Lantern","hermit:CharredGlove","infinitespire:Satchel","HandDrill","Dream Catcher","Golden Idol","infinitespire:ShieldingShard"],"acts_visited":["Exordium"],"potions_floor_usage":[7,11,16],"damage_taken":[{"damage":7,"enemies":"Jaw Worm","floor":1,"turns":6},{"damage":5,"enemies":"Cultist","floor":3,"turns":4},{"damage":7,"enemies":"2 Louse","floor":4,"turns":2},{"damage":8,"enemies":"Exordium Wildlife","floor":7,"turns":4},{"damage":6,"enemies":"3 Louse","floor":8,"turns":3},{"damage":11,"enemies":"Blue Slaver","floor":11,"turns":4},{"damage":32,"enemies":"Slime Boss","floor":16,"turns":3}],"seed_played":"-6513981862287402394","potions_obtained":[{"floor":4,"key":"GamblersBrew"},{"floor":8,"key":"Weak Potion"},{"floor":11,"key":"Venom Potion"}],"is_trial":false,"path_per_floor":["M","?","M","M","$","R","M","M","T","$","M","?","$","T","R","B"],"character_chosen":"HERMIT","items_purchased":["Lantern","hermit:TakeAim","hermit:ItchyTrigger","infinitespire:Satchel","HandDrill","hermit:Combo"],"campfire_rested":1,"item_purchase_floors":[0,0,0,0,5,10],"current_hp_per_floor":[33,33,28,21,21,43,35,29,29,29,18,18,18,18,18,0,0],"gold":27,"neow_bonus":"","is_daily":false,"chose_seed":false,"campfire_upgraded":1,"win_rate":0.0,"timestamp":1613708589,"path_taken":["M","?","M","M","$","R","?","M","T","$","?","?","?","?","R","BOSS"],"items_purchased_type":["Relic","Card","Card","Relic","Relic","Card"],"build_version":"2020-12-22","purchased_purges":0,"victory":false,"max_hp_per_floor":[75,75,75,75,75,75,75,75,75,75,75,75,75,75,75,75,75],"card_choices":[{"not_picked":["hermit:Misfire","hermit:ShadowCloak","hermit:HighCaliber"],"picked":"SKIP","floor":1},{"not_picked":["hermit:Misfire","hermit:Vantage"],"picked":"hermit:PistolWhip","floor":3},{"not_picked":["hermit:TakeAim","hermit:LoneWolf","hermit:TrackingShot"],"picked":"SKIP","floor":4},{"not_picked":["hermit:Showdown","hermit:WideOpen"],"picked":"hermit:Malice","floor":7},{"not_picked":["hermit:CursedWeapon","hermit:Feint"],"picked":"hermit:Deadeye","floor":8},{"not_picked":["hermit:Coalescence","hermit:Vantage"],"picked":"hermit:Quickdraw","floor":11}],"player_experience":93458,"relics_obtained":[{"floor":9,"key":"Dream Catcher"},{"floor":14,"key":"infinitespire:ShieldingShard"}],"event_choices":[{"damage_healed":0,"gold_gain":0,"player_choice":"Upgraded","damage_taken":0,"max_hp_gain":0,"max_hp_loss":0,"event_name":"Upgrade Shrine","floor":2,"gold_loss":0,"cards_upgraded":["hermit:TakeAim"]},{"damage_healed":0,"gold_gain":0,"player_choice":"Take Wound","damage_taken":0,"relics_obtained":["Golden Idol"],"max_hp_gain":0,"max_hp_loss":0,"event_name":"Golden Idol","floor":12,"gold_loss":0,"cards_obtained":["Injury"]}],"is_beta":false,"boss_relics":[],"items_purged_floors":[],"is_endless":false,"potions_floor_spawned":[4,8,11],"killed_by":"Slime Boss","ascension_level":0}}