{"host":"df48i9djcn92c5sx","time":1613741085,"event":{"mods":["Act Like it!","Arknights","BaseMod","Decade(王小明)","Downfall","Gensokyo","Marisa（F雨　魔理沙）","Minty Spire (QoL Compilation)","READ ME - Guardian Mod","READ ME - Snecko Mod","Reimu（博丽灵梦）","Remilia（蕾米莉亚）","Shop Mod","StSLib","The Jungle","The Servant 0.9.4"],"gold_per_floor":[119,119,119,134,134,134,149,172,172,172,186,207,207,23,23,117,117,131,131,3,3,19,19,54,54,100,113,113,138,138,118,118,211,211,230,230,127,140,61,61,82,82,82],"floor_reached":42,"language":"ZHS","playtime":1347,"items_purged":["Strike_G"],"score":750,"play_id":"d5f9457b-93b0-4b61-b6fd-aebdca33c371","local_time":"20210219212445","is_ascension_mode":true,"campfire_choices":[{"data":"Glass Knife","floor":6.0,"key":"SMITH"},{"data":"Cloak And Dagger","floor":10.0,"key":"SMITH"},{"data":"Finisher","floor":13.0,"key":"SMITH"},{"data":"Blur","floor":15.0,"key":"SMITH"},{"data":"A Thousand Cuts","floor":23.0,"key":"SMITH"},{"floor":25.0,"key":"REST"},{"floor":32.0,"key":"REST"},{"data":"After Image","floor":40.0,"key":"SMITH"}],"circlet_count":0,"master_deck":["AscendersBane","Strike_G","Strike_G","Strike_G","Defend_G","Defend_G","Defend_G","Defend_G","Defend_G","Survivor+1","Neutralize","Glass Knife+1","Terror","Finisher+1","Cloak And Dagger+1","After Image","Blur+1","Backstab","PiercingWail","A Thousand Cuts+1","Dodge and Roll+1","Blade Dance","After Image+1","Choke+1","Bouncing Flask+1","Writhe","Doppelganger","Dagger Spray","Bandage Up","Noxious Fumes+1"],"relics":["Ring of the Snake","Golden Idol","Spirit Poop","Strawberry","bronze:MakeshiftBattery","Ornamental Fan","Juzu Bracelet","Ancient Tea Set","Nloth\u0027s Gift","WristBlade","War Paint"],"acts_visited":["Exordium","TheCity","TheBeyond"],"potions_floor_usage":[],"damage_taken":[{"damage":7.0,"enemies":"Jaw Worm","floor":1.0,"turns":6.0},{"damage":0.0,"enemies":"Cultist","floor":4.0,"turns":3.0},{"damage":0.0,"enemies":"Small Slimes","floor":7.0,"turns":3.0},{"damage":3.0,"enemies":"Red Slaver","floor":8.0,"turns":2.0},{"damage":0.0,"enemies":"2 Fungi Beasts","floor":11.0,"turns":3.0},{"damage":0.0,"enemies":"Large Slime","floor":12.0,"turns":6.0},{"damage":24.0,"enemies":"Hexaghost","floor":16.0,"turns":13.0},{"damage":17.0,"enemies":"Chosen","floor":18.0,"turns":4.0},{"damage":0.0,"enemies":"Spheric Guardian","floor":22.0,"turns":1.0},{"damage":35.0,"enemies":"Book of Stabbing","floor":24.0,"turns":8.0},{"damage":0.0,"enemies":"Centurion and Healer","floor":27.0,"turns":6.0},{"damage":0.0,"enemies":"Snake Plant","floor":29.0,"turns":3.0},{"damage":21.0,"enemies":"Automaton","floor":33.0,"turns":12.0},{"damage":29.0,"enemies":"3 Darklings","floor":35.0,"turns":10.0},{"damage":2.0,"enemies":"Orb Walker","floor":38.0,"turns":2.0},{"damage":20.0,"enemies":"Jaw Worm Horde","floor":41.0,"turns":3.0},{"damage":35,"enemies":"Nemesis","floor":42,"turns":7}],"seed_played":"-4508149415795924329","potions_obtained":[{"floor":1.0,"key":"ZuzhouPotion:ReiMu"},{"floor":4.0,"key":"Strength Potion"},{"floor":7.0,"key":"FearPotion"},{"floor":8.0,"key":"champ:CounterPotion"},{"floor":22.0,"key":"Block Potion"},{"floor":24.0,"key":"Weak Potion"},{"floor":27.0,"key":"Fire Potion"},{"floor":31.0,"key":"DuplicationPotion"},{"floor":38.0,"key":"Dexterity Potion"},{"floor":41.0,"key":"Ancient Potion"}],"is_trial":false,"path_per_floor":["M","?","?","M","?","R","M","M","T","R","M","M","R","$","R","B",null,"M","?","$","?","M","R","E","R","T","M","?","M","?","?","R","B",null,"M","?","$","M","?","R","M","E"],"character_chosen":"THE_SILENT","items_purchased":["Strawberry","PiercingWail","Blade Dance","Bandage Up"],"campfire_rested":2,"item_purchase_floors":[14,14,20,37],"current_hp_per_floor":[52,52,52,52,52,52,52,49,49,49,49,49,49,56,56,32,58,41,41,41,41,41,41,6,26,26,26,26,26,26,26,46,27,57,28,28,28,26,26,26,10,0,0],"gold":82,"neow_bonus":"THREE_RARE_CARDS","is_daily":false,"chose_seed":false,"campfire_upgraded":6,"win_rate":0.0,"timestamp":1613741085,"path_taken":["M","?","?","?","?","R","M","?","T","R","M","M","R","$","R","BOSS","M","?","$","?","?","R","E","R","T","M","?","M","?","?","R","BOSS","M","?","$","M","?","R","M","E"],"items_purchased_type":["Relic","Card","Card","Card"],"build_version":"2020-12-22","purchased_purges":1,"victory":false,"max_hp_per_floor":[66,60,60,60,60,60,60,60,60,60,60,60,60,67,67,67,67,67,67,67,67,67,67,67,67,67,67,67,67,67,67,67,67,67,67,67,67,67,67,67,67,67,67],"card_choices":[{"not_picked":["Malaise","Night Terror"],"picked":"Glass Knife","floor":0.0},{"not_picked":["Tactician","Deflect"],"picked":"Terror","floor":1.0},{"not_picked":["Eviscerate","Deflect"],"picked":"Finisher","floor":4.0},{"not_picked":["Expertise","Sucker Punch"],"picked":"Cloak And Dagger","floor":7.0},{"not_picked":["Flying Knee","Slice"],"picked":"After Image","floor":8.0},{"not_picked":["Dagger Throw","Flying Knee"],"picked":"Blur","floor":11.0},{"not_picked":["Prepared","Accuracy"],"picked":"Backstab","floor":12.0},{"not_picked":["Doppelganger","Malaise"],"picked":"A Thousand Cuts","floor":16.0},{"not_picked":["Terror","Blur+1"],"picked":"Dodge and Roll+1","floor":18.0},{"not_picked":["Poisoned Stab","PiercingWail"],"picked":"Choke+1","floor":22.0},{"not_picked":["Flechettes","Concentrate","Skewer"],"picked":"SKIP","floor":24.0},{"not_picked":["Flechettes","Deflect+1"],"picked":"Bouncing Flask","floor":27.0},{"not_picked":["Choke","Infinite Blades","Deflect"],"picked":"SKIP","floor":29.0},{"not_picked":["Venomology","A Thousand Cuts"],"picked":"Doppelganger","floor":33.0},{"not_picked":["Dagger Throw","Masterful Stab"],"picked":"Dagger Spray","floor":35.0},{"not_picked":["Dodge and Roll+1","Underhanded Strike+1"],"picked":"Noxious Fumes+1","floor":38.0},{"not_picked":["Poisoned Stab","Flying Knee","Dash"],"picked":"SKIP","floor":41.0}],"player_experience":1588373,"relics_obtained":[{"floor":9.0,"key":"Bottled Tornado"},{"floor":24.0,"key":"Ornamental Fan"},{"floor":26.0,"key":"Juzu Bracelet"}],"event_choices":[{"damage_healed":0.0,"max_hp_gain":0.0,"max_hp_loss":6.0,"gold_gain":0.0,"event_name":"Golden Idol","player_choice":"Lose Max HP","floor":2.0,"gold_loss":0.0,"damage_taken":0.0,"relics_obtained":["Golden Idol"]},{"cards_removed":["downfall:Aged"],"damage_healed":0.0,"max_hp_gain":0.0,"max_hp_loss":0.0,"gold_gain":0.0,"event_name":"Bonfire Elementals","player_choice":"Offered Curse","floor":3.0,"gold_loss":0.0,"damage_taken":0.0,"relics_obtained":["Spirit Poop"]},{"cards_removed":["Strike_G"],"damage_healed":0.0,"max_hp_gain":0.0,"max_hp_loss":0.0,"gold_gain":0.0,"event_name":"Purifier","player_choice":"Purged","floor":5.0,"gold_loss":0.0,"damage_taken":0.0},{"damage_healed":0.0,"max_hp_gain":0.0,"max_hp_loss":0.0,"gold_gain":0.0,"event_name":"Duplicator","player_choice":"Copied","floor":21.0,"gold_loss":0.0,"damage_taken":0.0,"cards_obtained":["After Image"]},{"damage_healed":0.0,"max_hp_gain":0.0,"max_hp_loss":0.0,"gold_gain":0.0,"event_name":"The Mausoleum","player_choice":"Opened","floor":28.0,"gold_loss":0.0,"damage_taken":0.0,"relics_obtained":["Ancient Tea Set"],"cards_obtained":["Writhe"]},{"damage_healed":0.0,"max_hp_gain":0.0,"max_hp_loss":0.0,"gold_gain":0.0,"event_name":"N\u0027loth","player_choice":"Traded Relic","floor":30.0,"relics_lost":["Bottled Tornado"],"gold_loss":0.0,"damage_taken":0.0,"relics_obtained":["Nloth\u0027s Gift"]},{"damage_healed":0.0,"max_hp_gain":0.0,"max_hp_loss":0.0,"gold_gain":0.0,"event_name":"The Woman in Blue","player_choice":"Bought 1 Potion","floor":31.0,"gold_loss":0.0,"damage_taken":0.0},{"damage_healed":0.0,"max_hp_gain":0.0,"max_hp_loss":0.0,"gold_gain":0.0,"event_name":"Tomb of Lord Red Mask","player_choice":"Ignored","floor":36.0,"gold_loss":0.0,"damage_taken":0.0},{"damage_healed":0.0,"max_hp_gain":0.0,"max_hp_loss":0.0,"gold_gain":0.0,"event_name":"WeMeetAgain","player_choice":"Paid Gold","floor":39.0,"gold_loss":79.0,"damage_taken":0.0,"relics_obtained":["War Paint"]}],"is_beta":false,"boss_relics":[{"not_picked":["Astrolabe","Black Star"],"picked":"bronze:MakeshiftBattery"},{"not_picked":["RedLine:ReiMu","Philosopher\u0027s Stone"],"picked":"WristBlade"}],"items_purged_floors":[20],"is_endless":false,"potions_floor_spawned":[1,4,7,8,22,24,27,38,41],"killed_by":"Nemesis","ascension_level":17}}