{"host":"ocllwaoi18j60ltd","time":1613713389,"event":{"mods":["BaseMod","DeckTracker","Minty Spire (QoL Compilation)","Permanent Neow","Quick Restart","StSLib","SuperFastMode"],"gold_per_floor":[114,126,138,157,174,174,191,223,273,273,273],"floor_reached":10,"language":"KOR","playtime":249,"items_purged":[],"score":144,"play_id":"a2c69273-ce4d-45f1-b480-d00645e7dcc0","local_time":"20210219144309","is_ascension_mode":true,"campfire_choices":[{"data":"Beam Cell","floor":6.0,"key":"SMITH"}],"circlet_count":0,"master_deck":["AscendersBane","Strike_B","Strike_B","Strike_B","Defend_B","Defend_B","Defend_B","Defend_B","Zap","Dualcast","Beam Cell+1","Streamline","Gash","Go for the Eyes","Doom and Gloom","BootSequence","Gash"],"relics":["Cracked Core","TungstenRod","Pen Nib"],"acts_visited":["Exordium"],"potions_floor_usage":[8,10],"damage_taken":[{"damage":0.0,"enemies":"Cultist","floor":1.0,"turns":4.0},{"damage":9.0,"enemies":"Jaw Worm","floor":2.0,"turns":3.0},{"damage":0.0,"enemies":"Small Slimes","floor":3.0,"turns":2.0},{"damage":11.0,"enemies":"Blue Slaver","floor":4.0,"turns":4.0},{"damage":4.0,"enemies":"Large Slime","floor":5.0,"turns":5.0},{"damage":19.0,"enemies":"Exordium Thugs","floor":7.0,"turns":3.0},{"damage":15,"enemies":"Lagavulin","floor":8,"turns":5},{"damage":0,"enemies":"3 Sentries","floor":10,"turns":2}],"seed_played":"5049850701003232524","potions_obtained":[{"floor":1.0,"key":"Fire Potion"},{"floor":3.0,"key":"AttackPotion"},{"floor":8,"key":"SneckoOil"}],"is_trial":false,"path_per_floor":["M","M","M","M","M","R","M","E","T","E"],"character_chosen":"DEFECT","items_purchased":[],"campfire_rested":0,"item_purchase_floors":[],"current_hp_per_floor":[64,55,55,44,40,40,21,6,6,6,6],"gold":273,"neow_bonus":"REMOVE_CARD","is_daily":false,"chose_seed":false,"campfire_upgraded":1,"win_rate":0.0,"timestamp":1613713389,"path_taken":["M","M","M","M","M","R","M","E","T","E"],"items_purchased_type":[],"build_version":"2020-12-22","purchased_purges":0,"victory":false,"max_hp_per_floor":[71,71,71,71,71,71,71,71,71,71,71],"card_choices":[{"not_picked":["Auto Shields","Steam Power"],"picked":"Beam Cell","floor":1.0},{"not_picked":["Compile Driver","Coolheaded"],"picked":"Streamline","floor":2.0},{"not_picked":["Leap","Cold Snap"],"picked":"Gash","floor":3.0},{"not_picked":["Redo","Streamline"],"picked":"Go for the Eyes","floor":4.0},{"not_picked":["Skim","All For One"],"picked":"Doom and Gloom","floor":5.0},{"not_picked":["Chaos","Turbo"],"picked":"BootSequence","floor":7.0},{"not_picked":["Sweeping Beam","Barrage"],"picked":"Gash","floor":8}],"player_experience":854553,"relics_obtained":[{"floor":8,"key":"TungstenRod"},{"floor":9,"key":"Pen Nib"}],"event_choices":[],"is_beta":false,"boss_relics":[],"items_purged_floors":[],"is_endless":false,"potions_floor_spawned":[1,3,8],"killed_by":"3 Sentries","ascension_level":20}}