{"host":"qy6st0zp32tctd9l","time":1613746417,"event":{"mods":["BaseMod","Colored Map","Downfall","GifTheSpireLib","Hermit","Marisa£®ÏF”Í°°ƒß¿Ì…≥£©","Minty Spire (QoL Compilation)","Remilia£®¿Ÿ√◊¿Ú—«£©","StSLib","The Cursed","The Servant 0.9.4","UnlockEverythingMod"],"gold_per_floor":[109,109,34,34,109,152,152,170,170,170,170],"floor_reached":10,"language":"ZHS","playtime":172,"items_purged":[],"score":169,"play_id":"d1878e8f-9054-4203-bcaf-20ebeb69e6bd","local_time":"20210219225337","is_ascension_mode":true,"campfire_choices":[{"floor":7,"key":"RECALL"}],"circlet_count":0,"master_deck":["AscendersBane","Strike_S","Strike_S","Strike_S","Defend_S","Defend_S","Defend_S","Defend_S","KidneyShot","Exchange","Ricochet","DoubleEdge"],"relics":["Uniform","NeowsBlessing","Golden Idol","Pen Nib","Question Card"],"acts_visited":["Exordium"],"potions_floor_usage":[8],"damage_taken":[{"damage":0.0,"enemies":"Small Slimes","floor":1.0,"turns":1.0},{"damage":0,"enemies":"Gremlin Nob","floor":6,"turns":1},{"damage":0,"enemies":"Jaw Worm","floor":8,"turns":1},{"damage":52,"enemies":"3 Sentries","floor":10,"turns":9}],"seed_played":"-8192079586609249843","potions_obtained":[{"floor":1.0,"key":"Fruit Juice"},{"floor":8,"key":"Fruit Juice"}],"is_trial":false,"path_per_floor":["M","?","?","?","?","E","R","M","T","E"],"character_chosen":"THE_SERVANT","items_purchased":[],"campfire_rested":0,"item_purchase_floors":[],"current_hp_per_floor":[59,64,64,63,52,52,52,57,57,5,5],"gold":170,"neow_bonus":"THREE_ENEMY_KILL","is_daily":false,"chose_seed":false,"campfire_upgraded":0,"win_rate":0.0,"timestamp":1613746417,"path_taken":["M","?","?","?","?","E","R","?","T","E"],"items_purchased_type":[],"build_version":"2020-12-22","purchased_purges":0,"victory":false,"max_hp_per_floor":[65,70,70,63,63,63,63,68,68,68,68],"card_choices":[{"not_picked":["RealityMarble","Collapse","Unruled"],"picked":"SKIP","floor":1.0},{"not_picked":["Replace","ShiftingGears"],"picked":"Ricochet","floor":6},{"not_picked":["FastForward","Revamp"],"picked":"DoubleEdge","floor":8}],"player_experience":229746,"relics_obtained":[{"floor":6,"key":"Pen Nib"},{"floor":9,"key":"Question Card"}],"event_choices":[{"damage_healed":0,"gold_gain":0,"player_choice":"Donut","damage_taken":0,"max_hp_gain":5,"max_hp_loss":0,"event_name":"Big Fish","floor":2,"gold_loss":0},{"cards_removed":["Strike_S"],"damage_healed":0,"gold_gain":0,"player_choice":"Card Removal","damage_taken":0,"max_hp_gain":0,"max_hp_loss":0,"event_name":"The Cleric","floor":3,"gold_loss":75},{"damage_healed":0,"gold_gain":0,"player_choice":"Lose Max HP","damage_taken":0,"relics_obtained":["Golden Idol"],"max_hp_gain":0,"max_hp_loss":7,"event_name":"Golden Idol","floor":4,"gold_loss":0},{"damage_healed":0,"gold_gain":75,"player_choice":"Gather Gold","damage_taken":11,"max_hp_gain":0,"max_hp_loss":0,"event_name":"World of Goop","floor":5,"gold_loss":0}],"is_beta":false,"boss_relics":[],"items_purged_floors":[],"is_endless":false,"potions_floor_spawned":[1,8],"killed_by":"3 Sentries","ascension_level":18}}