{"host":"syfsfjmzue8y1a6l","time":1613745799,"event":{"mods":["AchievementEnabler","BaseMod","Colored Map","DeckTracker","Minty Spire (QoL Compilation)","Permanent Neow","SuperFastMode"],"gold_per_floor":[111,123,141,154,166,166,194,194,194,119,145,145,145,168,181,181,181,181],"floor_reached":17,"language":"KOR","playtime":689,"items_purged":["Defend_G"],"score":119,"play_id":"81047a7a-2a7c-4ac1-86af-6c3d591d2618","local_time":"20210219234319","is_ascension_mode":false,"campfire_choices":[{"data":"Catalyst","floor":6.0,"key":"SMITH"},{"data":"Poisoned Stab","floor":8.0,"key":"SMITH"},{"data":"Neutralize","floor":16,"key":"SMITH"}],"circlet_count":0,"master_deck":["Strike_G","Strike_G","Strike_G","Strike_G","Strike_G","Defend_G","Defend_G","Defend_G","Defend_G","Survivor","Neutralize+1","Poisoned Stab+1","Poisoned Stab","Bane","Prepared","Catalyst+1","Terror","Bane+1"],"relics":["Ring of the Snake","Gambling Chip","Strawberry","Regal Pillow","Golden Idol","Molten Egg 2"],"acts_visited":["Exordium"],"potions_floor_usage":[],"damage_taken":[{"damage":0.0,"enemies":"Cultist","floor":1.0,"turns":4.0},{"damage":0.0,"enemies":"Jaw Worm","floor":2.0,"turns":3.0},{"damage":0.0,"enemies":"2 Louse","floor":3.0,"turns":2.0},{"damage":3.0,"enemies":"Exordium Wildlife","floor":4.0,"turns":4.0},{"damage":1.0,"enemies":"Blue Slaver","floor":5.0,"turns":2.0},{"damage":5.0,"enemies":"3 Sentries","floor":7.0,"turns":9.0},{"damage":4.0,"enemies":"Gremlin Nob","floor":11.0,"turns":3.0},{"damage":14.0,"enemies":"Gremlin Gang","floor":14.0,"turns":5.0},{"damage":2,"enemies":"Looter","floor":15,"turns":2},{"damage":24,"enemies":"The Guardian","floor":17,"turns":4}],"seed_played":"8394760531859795826","potions_obtained":[{"floor":2.0,"key":"PowerPotion"},{"floor":4.0,"key":"Strength Potion"},{"floor":7.0,"key":"BlessingOfTheForge"}],"is_trial":false,"path_per_floor":["M","M","M","M","M","R","E","R","T","$","E","?","T","M","M","R","B"],"character_chosen":"THE_SILENT","items_purchased":[],"campfire_rested":0,"item_purchase_floors":[],"current_hp_per_floor":[63,63,63,60,59,59,61,61,61,61,57,40,40,26,24,24,0,0],"gold":181,"neow_bonus":"ONE_RARE_RELIC","is_daily":false,"chose_seed":false,"campfire_upgraded":3,"win_rate":0.0,"timestamp":1613745799,"path_taken":["M","M","?","M","M","R","E","R","T","$","E","?","?","M","M","R","BOSS"],"items_purchased_type":[],"build_version":"2020-12-22","purchased_purges":1,"victory":false,"max_hp_per_floor":[63,63,63,63,63,63,70,70,70,70,70,70,70,70,70,70,70,70],"card_choices":[{"not_picked":["Backflip","Flying Knee"],"picked":"Poisoned Stab","floor":1.0},{"not_picked":["Dodge and Roll","Backstab"],"picked":"Poisoned Stab","floor":2.0},{"not_picked":["Backflip","Sucker Punch"],"picked":"Bane","floor":3.0},{"not_picked":["Poisoned Stab","Blade Dance"],"picked":"Prepared","floor":4.0},{"not_picked":["Envenom","Underhanded Strike"],"picked":"Catalyst","floor":5.0},{"not_picked":["Slice","Predator","Flechettes"],"picked":"SKIP","floor":7.0},{"not_picked":["Choke","Poisoned Stab","Escape Plan"],"picked":"SKIP","floor":11.0},{"not_picked":["Acrobatics","Reflex"],"picked":"Terror","floor":14.0},{"not_picked":["Escape Plan","Backflip"],"picked":"Bane+1","floor":15}],"player_experience":165159,"relics_obtained":[{"floor":7.0,"key":"Strawberry"},{"floor":11.0,"key":"Regal Pillow"},{"floor":13.0,"key":"Molten Egg 2"}],"event_choices":[{"damage_healed":0.0,"max_hp_gain":0.0,"max_hp_loss":0.0,"gold_gain":0.0,"event_name":"Golden Idol","player_choice":"Take Damage","floor":12.0,"gold_loss":0.0,"damage_taken":17.0,"relics_obtained":["Golden Idol"]}],"is_beta":false,"boss_relics":[],"items_purged_floors":[10],"is_endless":false,"potions_floor_spawned":[2,4,7],"killed_by":"The Guardian","ascension_level":0}}