{"host":"swavyr4ofmkhu42f","time":1613711431,"event":{"mods":["BaseMod","Colored Map","Googly Eyes","Minty Spire (QoL Compilation)","StSLib","everything is the same but u backflip on backflip"],"gold_per_floor":[111,127,144,144,154,186,186,186,186],"floor_reached":8,"language":"ENG","playtime":300,"items_purged":[],"score":81,"play_id":"babc5793-1f44-492f-a004-4cc2ab09a5eb","local_time":"20210219001031","is_ascension_mode":true,"campfire_choices":[{"data":"Blade Dance","floor":7,"key":"SMITH"}],"circlet_count":0,"master_deck":["Strike_G","Strike_G","Strike_G","Strike_G","Defend_G","Defend_G","Defend_G","Defend_G","Defend_G","Survivor","Neutralize","Blade Dance+1","Adrenaline"],"relics":["Ring of the Snake","Regal Pillow","Molten Egg 2"],"acts_visited":["Exordium"],"potions_floor_usage":[3,6,6],"damage_taken":[{"damage":1,"enemies":"2 Louse","floor":1,"turns":4},{"damage":0,"enemies":"Cultist","floor":2,"turns":4},{"damage":0,"enemies":"Jaw Worm","floor":3,"turns":3},{"damage":15,"enemies":"Large Slime","floor":5,"turns":8},{"damage":30,"enemies":"Gremlin Nob","floor":6,"turns":5},{"damage":22,"enemies":"Lagavulin","floor":8,"turns":5}],"seed_played":"8045074773548171854","potions_obtained":[{"floor":1,"key":"GamblersBrew"},{"floor":5,"key":"LiquidMemories"},{"floor":6,"key":"Fruit Juice"}],"is_trial":false,"path_per_floor":["M","M","M","?","M","E","R","E"],"character_chosen":"THE_SILENT","items_purchased":[],"campfire_rested":0,"item_purchase_floors":[],"current_hp_per_floor":[62,62,62,62,47,22,22,0,0],"gold":186,"neow_bonus":"RANDOM_COMMON_RELIC","is_daily":false,"chose_seed":false,"campfire_upgraded":1,"win_rate":0.0,"timestamp":1613711431,"path_taken":["M","M","M","?","?","E","R","E"],"items_purchased_type":[],"build_version":"2020-12-22","purchased_purges":0,"victory":false,"max_hp_per_floor":[70,70,70,70,70,75,75,75,75],"card_choices":[{"not_picked":["Backflip","Quick Slash","Outmaneuver"],"picked":"SKIP","floor":1},{"not_picked":["Calculated Gamble","Sucker Punch"],"picked":"Blade Dance","floor":2},{"not_picked":["Outmaneuver","Prepared","Poisoned Stab"],"picked":"SKIP","floor":3},{"not_picked":["Underhanded Strike","Noxious Fumes","Quick Slash"],"picked":"SKIP","floor":5},{"not_picked":["Predator+1","Flechettes+1"],"picked":"Adrenaline","floor":6}],"player_experience":217329,"relics_obtained":[{"floor":6,"key":"Molten Egg 2"}],"event_choices":[{"cards_removed":["Strike_G"],"damage_healed":0,"gold_gain":0,"player_choice":"Purged","damage_taken":0,"max_hp_gain":0,"max_hp_loss":0,"event_name":"Purifier","floor":4,"gold_loss":0}],"is_beta":false,"boss_relics":[],"items_purged_floors":[],"is_endless":false,"potions_floor_spawned":[1,5,6],"killed_by":"Lagavulin","ascension_level":8}}