{"host":"q6ff4ns2kep02ti6","time":1613749182,"event":{"mods":["AchievementEnabler","BaseMod","Minty Spire (QoL Compilation)","Relic Stats","StSLib","Unceasing Turn Reminder"],"gold_per_floor":[112,124,143,154,167,167,195,195,195,223,223,242,242,261,261,338,338,349,60,60,70,90,90,90],"floor_reached":23,"language":"ENG","playtime":1401,"items_purged":["Perfected Strike"],"score":510,"play_id":"c6e5136a-ccb0-4cc2-bac2-be5590a3a19b","local_time":"20210219163942","is_ascension_mode":true,"campfire_choices":[{"data":"Inflame","floor":6,"key":"SMITH"},{"data":"Sword Boomerang","floor":8,"key":"SMITH"},{"data":"Whirlwind","floor":15,"key":"SMITH"}],"circlet_count":0,"master_deck":["AscendersBane","Bash","True Grit","Reaper","Shrug It Off","Flame Barrier","Inflame+1","Sword Boomerang+1","Sword Boomerang","Whirlwind+1","Limit Break","Whirlwind","Ghostly Armor","Hemokinesis","Body Slam","Juggernaut","Searing Blow","Juggernaut","Iron Wave","Feel No Pain","Second Wind"],"relics":["Burning Blood","Potion Belt","Letter Opener","Gremlin Horn","HornCleat","Singing Bowl","Pen Nib","Pandora\u0027s Box","HandDrill"],"acts_visited":["Exordium","TheCity"],"potions_floor_usage":[7,12,16,22,22,23],"damage_taken":[{"damage":3,"enemies":"2 Louse","floor":1,"turns":3},{"damage":7,"enemies":"Small Slimes","floor":2,"turns":4},{"damage":6,"enemies":"Cultist","floor":3,"turns":3},{"damage":16,"enemies":"2 Fungi Beasts","floor":4,"turns":5},{"damage":12,"enemies":"Red Slaver","floor":5,"turns":9},{"damage":31,"enemies":"3 Sentries","floor":7,"turns":9},{"damage":35,"enemies":"Lagavulin","floor":10,"turns":8},{"damage":0,"enemies":"Lots of Slimes","floor":12,"turns":1},{"damage":19,"enemies":"3 Louse","floor":14,"turns":4},{"damage":0,"enemies":"Slime Boss","floor":16,"turns":6},{"damage":18,"enemies":"Spheric Guardian","floor":18,"turns":5},{"damage":25,"enemies":"2 Thieves","floor":21,"turns":5},{"damage":32,"enemies":"Snecko","floor":22,"turns":6},{"damage":31,"enemies":"Slavers","floor":23,"turns":3}],"seed_played":"-1797325762217966405","potions_obtained":[{"floor":3,"key":"PowerPotion"},{"floor":10,"key":"AttackPotion"},{"floor":12,"key":"Weak Potion"},{"floor":14,"key":"BlessingOfTheForge"},{"floor":18,"key":"AttackPotion"},{"floor":22,"key":"EssenceOfSteel"}],"is_trial":false,"path_per_floor":["M","M","M","M","M","R","E","R","T","E","?","M","?","M","R","B",null,"M","$","?","M","M","E"],"character_chosen":"IRONCLAD","items_purchased":["HandDrill","Swift Potion"],"campfire_rested":0,"item_purchase_floors":[19,19],"current_hp_per_floor":[71,70,70,65,59,59,46,46,46,24,13,39,39,43,43,61,73,63,63,52,40,21,0,0],"gold":90,"neow_bonus":"RANDOM_COMMON_RELIC","is_daily":false,"chose_seed":false,"campfire_upgraded":3,"win_rate":0.0,"timestamp":1613749182,"path_taken":["M","M","M","M","M","R","E","R","T","E","?","M","?","?","R","BOSS","M","$","?","M","M","E"],"items_purchased_type":["Relic","Potion"],"build_version":"2020-12-22","purchased_purges":1,"victory":false,"max_hp_per_floor":[75,75,75,75,75,75,75,75,75,75,75,75,75,77,77,77,77,79,79,79,79,79,79,79],"relic_stats":{"Gremlin Horn":[2,2],"Singing Bowl":4,"counters":[14,71],"Pandora\u0027s Box":["Whirlwind","Ghostly Armor","Hemokinesis","Perfected Strike","Body Slam","Juggernaut","Searing Blow","Juggernaut","Iron Wave"],"Pen Nib":[4],"HandDrill":[2],"Letter Opener":[5],"obtain_stats":[{"Potion Belt":0,"HornCleat":10,"Gremlin Horn":9,"Singing Bowl":11,"Pandora\u0027s Box":17,"Pen Nib":13,"HandDrill":19,"Letter Opener":7,"Burning Blood":0},{"Potion Belt":0,"HornCleat":7,"Gremlin Horn":6,"Singing Bowl":7,"Pandora\u0027s Box":10,"Pen Nib":8,"HandDrill":11,"Letter Opener":6,"Burning Blood":0},{"Potion Belt":0,"HornCleat":41,"Gremlin Horn":33,"Singing Bowl":41,"Pandora\u0027s Box":52,"Pen Nib":42,"HandDrill":57,"Letter Opener":33,"Burning Blood":0}],"Burning Blood":78},"card_choices":[{"not_picked":["Perfected Strike","Rage"],"picked":"True Grit","floor":1},{"not_picked":["Dropkick","Body Slam"],"picked":"Reaper","floor":2},{"not_picked":["Havoc","True Grit"],"picked":"Shrug It Off","floor":3},{"not_picked":["Ghostly Armor","Perfected Strike"],"picked":"Flame Barrier","floor":4},{"not_picked":["Heavy Blade","Disarm"],"picked":"Inflame","floor":5},{"not_picked":["Pommel Strike","Searing Blow"],"picked":"Sword Boomerang","floor":7},{"not_picked":["Hemokinesis","Perfected Strike"],"picked":"Sword Boomerang","floor":10},{"not_picked":["Searing Blow","Fiend Fire"],"picked":"Whirlwind","floor":12},{"not_picked":["Cleave","Headbutt","Dark Embrace"],"picked":"Singing Bowl","floor":14},{"not_picked":["Demon Form","Impervious"],"picked":"Limit Break","floor":16},{"not_picked":["Wild Strike","Iron Wave","Twin Strike+1"],"picked":"Singing Bowl","floor":18},{"not_picked":["Shrug It Off","Sword Boomerang"],"picked":"Feel No Pain","floor":21},{"not_picked":["Cleave","Berserk"],"picked":"Second Wind","floor":22}],"player_experience":1083312,"relics_obtained":[{"floor":7,"key":"Letter Opener"},{"floor":9,"key":"Gremlin Horn"},{"floor":10,"key":"HornCleat"}],"event_choices":[{"damage_healed":0,"gold_gain":0,"player_choice":"Success","damage_taken":11,"relics_obtained":["Singing Bowl"],"max_hp_gain":0,"max_hp_loss":0,"event_name":"Scrap Ooze","floor":11,"gold_loss":0},{"damage_healed":0,"gold_gain":0,"player_choice":"Gave Potion","damage_taken":0,"relics_obtained":["Pen Nib"],"max_hp_gain":0,"max_hp_loss":0,"event_name":"WeMeetAgain","floor":13,"gold_loss":0},{"damage_healed":0,"gold_gain":0,"player_choice":"Damaged","damage_taken":11,"max_hp_gain":0,"max_hp_loss":0,"event_name":"Wheel of Change","floor":20,"gold_loss":0}],"is_beta":false,"boss_relics":[{"not_picked":["Sozu","Empty Cage"],"picked":"Pandora\u0027s Box"}],"items_purged_floors":[19],"is_endless":false,"potions_floor_spawned":[3,10,12,14,18,22],"killed_by":"Slavers","ascension_level":20}}