{"host":"Kdaddybrian","time":1613753710,"event":{"mods":["AchievementEnabler","BaseMod","Bestiary","Colored Map","Colored Powertips","Minty Spire (QoL Compilation)","Potion Indicator Mod","Quick Restart","Rare Cards Sparkle","Relic Stats","StSLib","Uncapped"],"gold_per_floor":[109,209,221,238,258,258,284,300,300,300,250,250,18,32,32,104,104,118,118,130,177,177,177,233,233,233,295,49,49,59,59,59,134,134,179,257,274,290,290,290,290],"floor_reached":40,"language":"ENG","playtime":2003,"items_purged":["Strike_P"],"score":695,"play_id":"a00caecc-1235-4534-b682-566e7f2334f3","local_time":"20210219115510","is_ascension_mode":true,"campfire_choices":[{"data":"Vigilance","floor":6,"key":"SMITH"},{"floor":10,"key":"REST"},{"data":"BattleHymn","floor":12,"key":"SMITH"},{"data":"LikeWater","floor":15,"key":"SMITH"},{"data":"MentalFortress","floor":23,"key":"SMITH"},{"data":"Eruption","floor":25,"key":"SMITH"},{"floor":29,"key":"REST"},{"data":"Wish","floor":32,"key":"SMITH"}],"circlet_count":0,"master_deck":["AscendersBane","Defend_P","Defend_P","Defend_P","Defend_P","Eruption+1","Vigilance+1","Vengeance","FollowUp","BowlingBash","Consecrate","BattleHymn+1","LikeWater+1","Wish+1","FlurryOfBlows","MentalFortress+1","Bite","Bite","Bite","Bite","Bite","EmptyFist","Meditate","Vengeance","Wish+1","Vault","EmptyBody","WindmillStrike","Dark Shackles","Bandage Up","Secret Technique"],"relics":["SlaversCollar","Mercury Hourglass","Incense Burner","Snecko Eye","Bottled Flame","Question Card","Red Mask","Mummified Hand","Black Star","Bird Faced Urn"],"acts_visited":["Exordium","TheCity","TheBeyond"],"potions_floor_usage":[7,14,18,20,27,33,37,40],"damage_taken":[{"damage":6,"enemies":"Small Slimes","floor":1,"turns":7},{"damage":0,"enemies":"Cultist","floor":3,"turns":3},{"damage":3,"enemies":"Jaw Worm","floor":4,"turns":4},{"damage":17,"enemies":"Exordium Wildlife","floor":5,"turns":6},{"damage":34,"enemies":"Gremlin Nob","floor":7,"turns":3},{"damage":0,"enemies":"2 Fungi Beasts","floor":8,"turns":2},{"damage":0,"enemies":"Gremlin Gang","floor":14,"turns":2},{"damage":6,"enemies":"The Guardian","floor":16,"turns":6},{"damage":7,"enemies":"Shell Parasite","floor":18,"turns":4},{"damage":0,"enemies":"Spheric Guardian","floor":20,"turns":4},{"damage":3,"enemies":"Snecko","floor":21,"turns":5},{"damage":20,"enemies":"Gremlin Leader","floor":24,"turns":6},{"damage":19,"enemies":"Masked Bandits","floor":27,"turns":4},{"damage":6,"enemies":"Snake Plant","floor":30,"turns":3},{"damage":12,"enemies":"Champ","floor":33,"turns":9},{"damage":12,"enemies":"3 Shapes","floor":35,"turns":8},{"damage":24,"enemies":"2 Orb Walkers","floor":36,"turns":4},{"damage":26,"enemies":"3 Darklings","floor":37,"turns":21},{"damage":0,"enemies":"Maw","floor":38,"turns":10},{"damage":94,"enemies":"Reptomancer","floor":40,"turns":3}],"seed_played":"-7901332947661718630","potions_obtained":[{"floor":1,"key":"Fire Potion"},{"floor":4,"key":"Regen Potion"},{"floor":7,"key":"AttackPotion"},{"floor":16,"key":"AttackPotion"},{"floor":20,"key":"Strength Potion"},{"floor":24,"key":"Fire Potion"},{"floor":30,"key":"Weak Potion"},{"floor":36,"key":"StancePotion"},{"floor":38,"key":"PowerPotion"}],"is_trial":false,"path_per_floor":["M","?","M","M","M","R","E","M","T","R","?","R","$","M","R","B",null,"M","?","M","M","?","R","E","R","T","?","$","R","M","?","R","B",null,"M","?","M","M","?","E"],"character_chosen":"WATCHER","items_purchased":["Blood Vial","Mummified Hand"],"campfire_rested":2,"item_purchase_floors":[13,28],"current_hp_per_floor":[59,59,59,56,39,39,14,14,14,35,35,35,35,37,37,33,62,57,57,59,58,58,58,58,58,58,49,49,70,72,72,72,72,72,62,44,68,72,62,0,0],"gold":290,"neow_bonus":"BOSS_RELIC","is_daily":false,"chose_seed":false,"campfire_upgraded":6,"win_rate":0.0,"timestamp":1613753710,"path_taken":["M","?","M","M","M","R","E","?","T","R","?","R","?","M","R","BOSS","M","?","?","M","?","R","E","R","T","?","$","R","M","?","R","BOSS","M","?","M","M","?","E"],"items_purchased_type":["Relic","Relic"],"build_version":"2020-12-18","purchased_purges":1,"victory":false,"max_hp_per_floor":[72,72,72,72,72,72,72,72,72,72,72,72,72,72,72,72,72,72,72,72,72,72,72,72,72,72,72,72,72,72,72,72,72,72,72,72,72,72,72,72,72],"relic_stats":{"counters":[20,114],"Mummified Hand":[41],"Bird Faced Urn":[16],"Snecko Eye":[145,118,142,141],"Black Star":0,"Question Card":10,"obtain_stats":[{"Blood Vial":13,"SlaversCollar":0,"Bottled Flame":24,"Mummified Hand":28,"Bird Faced Urn":36,"Snecko Eye":17,"Incense Burner":9,"Red Mask":27,"Black Star":34,"PureWater":0,"Question Card":26,"Mercury Hourglass":7},{"Blood Vial":6,"SlaversCollar":0,"Bottled Flame":12,"Mummified Hand":13,"Bird Faced Urn":17,"Snecko Eye":8,"Incense Burner":6,"Red Mask":13,"Black Star":15,"PureWater":0,"Question Card":12,"Mercury Hourglass":5},{"Blood Vial":25,"SlaversCollar":0,"Bottled Flame":52,"Mummified Hand":56,"Bird Faced Urn":80,"Snecko Eye":33,"Incense Burner":25,"Red Mask":56,"Black Star":68,"PureWater":0,"Question Card":52,"Mercury Hourglass":23}],"Mercury Hourglass":[366]},"card_choices":[{"not_picked":["InnerPeace","Sanctity"],"picked":"Vengeance","floor":1},{"not_picked":["FlurryOfBlows","WreathOfFlame"],"picked":"FollowUp","floor":3},{"not_picked":["Protect","FollowUp"],"picked":"BowlingBash","floor":4},{"not_picked":["EmptyBody","BowlingBash"],"picked":"Consecrate","floor":5},{"not_picked":["Vengeance","ClearTheMind","Collect"],"picked":"SKIP","floor":7},{"not_picked":["Evaluate","WindmillStrike"],"picked":"BattleHymn","floor":8},{"not_picked":["Vengeance","ClearTheMind"],"picked":"LikeWater","floor":14},{"not_picked":["DeusExMachina","Judgement"],"picked":"Wish","floor":16},{"not_picked":["ClearTheMind","PathToVictory"],"picked":"FlurryOfBlows","floor":18},{"not_picked":["CarveReality","Indignation"],"picked":"MentalFortress","floor":20},{"not_picked":["Worship","JustLucky","PathToVictory"],"picked":"SKIP","floor":21},{"not_picked":["Nirvana","Prostrate"],"picked":"EmptyFist","floor":24},{"not_picked":["FollowUp","CarveReality","CutThroughFate"],"picked":"Meditate","floor":27},{"not_picked":["Protect","CutThroughFate","Evaluate"],"picked":"Vengeance","floor":30},{"not_picked":["Alpha","Judgement","LessonLearned"],"picked":"Vault","floor":33},{"not_picked":["Prostrate","FlyingSleeves+1","FlurryOfBlows","BowlingBash"],"picked":"SKIP","floor":35},{"not_picked":["Tantrum","Prostrate","Study"],"picked":"EmptyBody","floor":36},{"not_picked":["Protect+1","FlurryOfBlows","Prostrate"],"picked":"WindmillStrike","floor":37},{"not_picked":["FlyingSleeves+1","BowlingBash","Crescendo","Consecrate"],"picked":"SKIP","floor":38},{"not_picked":["Violence","Flash of Steel","Transmutation"],"picked":"Dark Shackles","floor":39},{"not_picked":["Violence","Chrysalis","Mind Blast"],"picked":"Bandage Up","floor":39},{"not_picked":["HandOfGreed","Madness","The Bomb"],"picked":"Secret Technique","floor":39}],"player_experience":3055028,"relics_obtained":[{"floor":7,"key":"Mercury Hourglass"},{"floor":9,"key":"Incense Burner"},{"floor":24,"key":"Bottled Flame"},{"floor":26,"key":"Question Card"},{"floor":27,"key":"Red Mask"},{"floor":36,"key":"Bird Faced Urn"}],"event_choices":[{"damage_healed":0,"gold_gain":100,"player_choice":"Pray","damage_taken":0,"max_hp_gain":0,"max_hp_loss":0,"event_name":"Golden Shrine","floor":2,"gold_loss":0},{"cards_removed":["Strike_P"],"damage_healed":0,"gold_gain":0,"player_choice":"Card Removal","damage_taken":0,"max_hp_gain":0,"max_hp_loss":0,"event_name":"The Cleric","floor":11,"gold_loss":50},{"damage_healed":0,"gold_gain":0,"player_choice":"Upgraded","damage_taken":0,"max_hp_gain":0,"max_hp_loss":0,"event_name":"Upgrade Shrine","floor":19,"gold_loss":0,"cards_upgraded":["Wish"]},{"damage_healed":0,"gold_gain":0,"player_choice":"Became a vampire (Vial)","damage_taken":0,"max_hp_gain":0,"max_hp_loss":0,"event_name":"Vampires","floor":22,"relics_lost":["Blood Vial"],"gold_loss":0,"cards_obtained":["Bite","Bite","Bite","Bite","Bite"]},{"damage_healed":0,"gold_gain":0,"player_choice":"Fought Bandits","damage_taken":0,"max_hp_gain":0,"max_hp_loss":0,"event_name":"Masked Bandits","floor":27,"gold_loss":0},{"damage_healed":0,"gold_gain":0,"player_choice":"Read","damage_taken":0,"max_hp_gain":0,"max_hp_loss":0,"event_name":"The Library","floor":31,"gold_loss":0,"cards_obtained":["Wish"]},{"damage_healed":0,"gold_gain":0,"player_choice":"Fight","damage_taken":0,"max_hp_gain":0,"max_hp_loss":0,"event_name":"Mysterious Sphere","floor":36,"gold_loss":0},{"damage_healed":0,"gold_gain":0,"player_choice":"Memory 3","damage_taken":10,"max_hp_gain":0,"max_hp_loss":0,"event_name":"SensoryStone","floor":39,"gold_loss":0}],"is_beta":true,"boss_relics":[{"not_picked":["SacredBark","Tiny House"],"picked":"Snecko Eye"},{"not_picked":["Runic Dome","Astrolabe"],"picked":"Black Star"}],"items_purged_floors":[13],"is_endless":false,"potions_floor_spawned":[1,4,7,16,20,24,30,36,38],"killed_by":"Reptomancer","ascension_level":13}}