{"host":"ifvrsrzj00f2ebkn","time":1613727768,"event":{"mods":["BaseMod","Colored Map","Colored Powertips","Minty Spire (QoL Compilation)","Random Character Button","Shapeshifter Mod","Shop Mod","StSLib"],"gold_per_floor":[117,117,187,187,206,236,264,299,324,351,51,51,76,106,106,204,204,204],"floor_reached":17,"language":"ENG","playtime":4627,"items_purged":[],"score":324,"play_id":"058ba11b-13db-4c17-b71e-c89be6079348","local_time":"20210219174248","daily_mods":["Draft","Heirloom","Time Dilation","Flight","DeadlyEvents","Elite Swarm"],"is_ascension_mode":false,"campfire_choices":[{"data":"StSShapeShifter:TopazSkin","floor":12,"key":"SMITH"},{"floor":15,"key":"REST"}],"circlet_count":0,"master_deck":["StSShapeShifter:TopazSkin+1","StSShapeShifter:FlowerShield","StSShapeShifter:FlowerShield","StSShapeShifter:BearForm+1","StSShapeShifter:LeapingSlash","StSShapeShifter:AdaptiveStrikes","StSShapeShifter:RockSlide","StSShapeShifter:FallingLeaves","StSShapeShifter:FlowerShield","StSShapeShifter:PoisonIvy+1","StSShapeShifter:BarkSkin","StSShapeShifter:Guard","StSShapeShifter:LeapingSlash","StSShapeShifter:AdaptiveStrikes","StSShapeShifter:Guard","StSShapeShifter:FallingLeaves","StSShapeShifter:TopazSkin","StSShapeShifter:BloomingSlash","StSShapeShifter:PoisonIvy","StSShapeShifter:Blossom2","StSShapeShifter:SkullBash+1","StSShapeShifter:RhinoCalfForm"],"relics":["StSShapeShifter:AnimalHeart","StSShapeShifter:TheShapeShiftersMagnolia","StSShapeShifter:MysticalFossil","Molten Egg 2","StSShapeShifter:FrogOfVitality","Letter Opener","Dead Branch","Thread and Needle","MealTicket","Du-Vu Doll","Calipers","Strawberry","StSShapeShifter:BeastkeepersGift","StSShapeShifter:LemurHeaddress"],"acts_visited":["Exordium","TheCity"],"potions_floor_usage":[],"damage_taken":[{"damage":0,"enemies":"Cultist","floor":1,"turns":2},{"damage":0,"enemies":"Jaw Worm","floor":5,"turns":4},{"damage":0,"enemies":"Lagavulin","floor":6,"turns":6},{"damage":9,"enemies":"3 Sentries","floor":7,"turns":5},{"damage":4,"enemies":"Lagavulin","floor":8,"turns":7},{"damage":5,"enemies":"3 Sentries","floor":10,"turns":4},{"damage":0,"enemies":"Gremlin Nob","floor":13,"turns":6},{"damage":5,"enemies":"3 Sentries","floor":14,"turns":4},{"damage":0,"enemies":"Slime Boss","floor":16,"turns":10}],"seed_played":"-6131533943628752372","potions_obtained":[{"floor":1,"key":"SteroidPotion"},{"floor":7,"key":"Regen Potion"},{"floor":8,"key":"Weak Potion"}],"is_trial":true,"path_per_floor":["M","T","T","?","M","E","E","E","T","E","$","R","E","E","R","B",null],"character_chosen":"SHAPESHIFTER","items_purchased":["Calipers"],"campfire_rested":1,"item_purchase_floors":[11],"current_hp_per_floor":[78,78,78,78,80,81,73,71,71,67,82,82,90,86,94,95,95,95],"gold":204,"neow_bonus":"","is_daily":false,"chose_seed":false,"campfire_upgraded":1,"win_rate":0.0,"timestamp":1613727768,"path_taken":["M","?","?","?","?","E","E","E","T","?","$","R","?","E","R","BOSS"],"items_purchased_type":["Relic"],"build_version":"2020-12-22","purchased_purges":0,"victory":false,"max_hp_per_floor":[78,78,78,78,80,81,82,84,84,85,85,85,93,94,94,95,95,95],"card_choices":[{"not_picked":["StSShapeShifter:Rest","StSShapeShifter:FallingLeaves"],"picked":"StSShapeShifter:TopazSkin","floor":0},{"not_picked":["StSShapeShifter:SunflowerShuriken","StSShapeShifter:RockSlide"],"picked":"StSShapeShifter:FlowerShield","floor":0},{"not_picked":["StSShapeShifter:PoisonIvy","StSShapeShifter:MonkeyForm"],"picked":"StSShapeShifter:FlowerShield","floor":0},{"not_picked":["StSShapeShifter:Bonk","StSShapeShifter:EagleForm"],"picked":"StSShapeShifter:BearForm","floor":0},{"not_picked":["StSShapeShifter:BladeOfGrass","StSShapeShifter:ThrashAbout"],"picked":"StSShapeShifter:LeapingSlash","floor":0},{"not_picked":["StSShapeShifter:Maul","StSShapeShifter:Efflorescence"],"picked":"StSShapeShifter:AdaptiveStrikes","floor":0},{"not_picked":["StSShapeShifter:BladeOfGrass","StSShapeShifter:EmbraceTheCycle"],"picked":"StSShapeShifter:RockSlide","floor":0},{"not_picked":["StSShapeShifter:FruitBasket","StSShapeShifter:Rest"],"picked":"StSShapeShifter:FallingLeaves","floor":0},{"not_picked":["StSShapeShifter:Synchronicity","StSShapeShifter:BurstingSpore"],"picked":"StSShapeShifter:FlowerShield","floor":0},{"not_picked":["StSShapeShifter:SunflowerShuriken","StSShapeShifter:Maul"],"picked":"StSShapeShifter:PoisonIvy","floor":0},{"not_picked":["StSShapeShifter:SunflowerShuriken","StSShapeShifter:ThornToss"],"picked":"StSShapeShifter:BarkSkin","floor":0},{"not_picked":["StSShapeShifter:Roar","StSShapeShifter:Maul"],"picked":"StSShapeShifter:Guard","floor":0},{"not_picked":["StSShapeShifter:ThornToss","StSShapeShifter:VineHandcuffs"],"picked":"StSShapeShifter:LeapingSlash","floor":0},{"not_picked":["StSShapeShifter:ClimbTree","StSShapeShifter:Hunt"],"picked":"StSShapeShifter:AdaptiveStrikes","floor":0},{"not_picked":["StSShapeShifter:BladeOfGrass","StSShapeShifter:MagicMushrooms"],"picked":"StSShapeShifter:Guard","floor":0},{"not_picked":["StSShapeShifter:HippoForm","StSShapeShifter:Roar","StSShapeShifter:FesteringBite"],"picked":"SKIP","floor":1},{"not_picked":["StSShapeShifter:HippoForm","StSShapeShifter:Roar","StSShapeShifter:FesteringBite"],"picked":"SKIP","floor":1},{"not_picked":["StSShapeShifter:RaptorForm","StSShapeShifter:AdaptiveStrikes+1","StSShapeShifter:OakBlade+1"],"picked":"SKIP","floor":5},{"not_picked":["StSShapeShifter:Sap_Burst","StSShapeShifter:PowerShifter","StSShapeShifter:PhoenixForm"],"picked":"SKIP","floor":6},{"not_picked":["StSShapeShifter:MooseForm","StSShapeShifter:BurrBomb"],"picked":"StSShapeShifter:Blossom2","floor":7},{"not_picked":["StSShapeShifter:Spring","StSShapeShifter:BurstOfLifeEscapeDeath+1","StSShapeShifter:RitualOfTheElders"],"picked":"SKIP","floor":8},{"not_picked":["StSShapeShifter:Blossom2","StSShapeShifter:FullMoon","StSShapeShifter:Forgiveness"],"picked":"SKIP","floor":10},{"not_picked":["StSShapeShifter:Spring","StSShapeShifter:Summon_Mountains","StSShapeShifter:MooseForm"],"picked":"SKIP","floor":13},{"not_picked":["StSShapeShifter:FullMoon","StSShapeShifter:LionForm"],"picked":"StSShapeShifter:SkullBash+1","floor":14},{"not_picked":["StSShapeShifter:LionForm","StSShapeShifter:Earthquake+1"],"picked":"StSShapeShifter:RhinoCalfForm","floor":16}],"player_experience":129498,"relics_obtained":[{"floor":2,"key":"Molten Egg 2"},{"floor":3,"key":"StSShapeShifter:FrogOfVitality"},{"floor":6,"key":"Letter Opener"},{"floor":7,"key":"Dead Branch"},{"floor":8,"key":"Thread and Needle"},{"floor":9,"key":"MealTicket"},{"floor":10,"key":"Du-Vu Doll"},{"floor":13,"key":"Strawberry"},{"floor":14,"key":"StSShapeShifter:BeastkeepersGift"}],"event_choices":[{"damage_healed":0,"gold_gain":0,"player_choice":"Forge","damage_taken":0,"max_hp_gain":0,"max_hp_loss":0,"event_name":"Accursed Blacksmith","floor":4,"gold_loss":0,"cards_upgraded":["StSShapeShifter:PoisonIvy"]}],"is_beta":false,"boss_relics":[{"not_picked":["Calling Bell","Philosopher\u0027s Stone"],"picked":"StSShapeShifter:LemurHeaddress"}],"items_purged_floors":[],"is_endless":false,"potions_floor_spawned":[1,7,8,10],"ascension_level":0}}