{"host":"o1wkfo8ppvrprpet","time":1613706568,"event":{"mods":["Aspiration","Astrologer","BaseMod","CapriCore","Colored Powertips","Koishi","Minty Spire (QoL Compilation)","MostiFishMod","Reimu£¨²©ÀöÁéÃÎ£©","Replay The Spire","RumiaBox-Â¶Ã×æ«µÄÉñÃØºÐ×Ó","Spicy Shops","StSLib","The Administrix","The Gatherer","The Immortal","Waifu the Spire","Yakumo Yukari mod"],"gold_per_floor":[112,112,161,172,196,196,227,227,227,243,0,0,0,0,0,74,74,84,134,145,45,45,45,78,78,78,107,107,107,125,150,150,221,221,235,235,22,32,254,254,282,296,321,347,347,365,392,110,110,110],"floor_reached":51,"language":"ZHS","playtime":2542,"items_purged":["Strike_R","Strike_R","Strike_R","Strike_R"],"score":1722,"play_id":"3ef241fa-65f8-4b60-a0ab-bb4cbcc2c832","local_time":"20210219114928","is_ascension_mode":true,"campfire_choices":[{"data":"Armaments","floor":6,"key":"SMITH"},{"data":"Spot Weakness","floor":8,"key":"SMITH"},{"data":"Seeing Red","floor":13,"key":"SMITH"},{"data":"Replay:Many Hands","floor":15,"key":"SMITH"},{"data":"Offering","floor":23,"key":"SMITH"},{"data":"Warcry","floor":25,"key":"SMITH"},{"data":"Feel No Pain","floor":29,"key":"SMITH"},{"floor":32,"key":"DIG"},{"data":"MostiFishMod:SparklingWater","floor":40,"key":"SMITH"},{"data":"MostiFishMod:TheEndOfMoonlight","floor":49,"key":"SMITH"}],"circlet_count":0,"master_deck":["AscendersBane","Strike_R","Defend_R+1","Defend_R+1","Defend_R","Defend_R","Bash+1","Shrug It Off","Cleave","Armaments+1","Replay:Many Hands+1","Spot Weakness+1","Seeing Red+1","Offering+1","ReplayTheSpireMod:Limb From Limb","Warcry+1","Feel No Pain+1","Replay:Undeath\u0027s Touch","MostiFishMod:HellRitual","MostiFishMod:Neptune","MostiFishMod:TheEndOfMoonlight+1","MostiFishMod:SparklingWater+1","MostiFishMod:FantasySummer","MostiFishMod:NightSea","Secret Technique","ReplayTheSpireMod:Stacked","Inflame","Battle Trance","Flex+1","Offering"],"relics":["Burning Blood","DaveBox","ChiXiaoBlade","SynthV:TestCard","ZombieArmy","Bag of Marbles","Garlic","GodSword1","RuthlessExorcism:ReiMu","Ooze Armor","Red Mask","Shovel","Replay:Wax Seal","Bag of Preparation","Lizard Tail","MoonlightInvasionPlan","Simple Rune","Pen Nib","Divine Protection","Bottled Flame","ImprovedEquipment"],"acts_visited":["Exordium","TheCity","TheBeyond"],"potions_floor_usage":[4,7,16,33,33],"damage_taken":[{"damage":9,"enemies":"Jaw Worm","floor":1,"turns":3},{"damage":4,"enemies":"2 Louse","floor":4,"turns":2},{"damage":26,"enemies":"Replay:BlueRogue","floor":7,"turns":5},{"damage":0,"enemies":"Cultist","floor":10,"turns":3},{"damage":23,"enemies":"Fading Forest","floor":16,"turns":11},{"damage":0,"enemies":"3 Byrds","floor":18,"turns":3},{"damage":0,"enemies":"Shell Parasite","floor":20,"turns":1},{"damage":6,"enemies":"Masked Bandits","floor":24,"turns":1},{"damage":6,"enemies":"Replay:Snechameleon","floor":27,"turns":1},{"damage":14,"enemies":"Sentry and Sphere","floor":30,"turns":3},{"damage":6,"enemies":"Book of Stabbing","floor":31,"turns":3},{"damage":28,"enemies":"Champ","floor":33,"turns":4},{"damage":12,"enemies":"3 Shapes","floor":35,"turns":3},{"damage":6,"enemies":"3 Darklings","floor":38,"turns":2},{"damage":6,"enemies":"R_Hoarder","floor":41,"turns":3},{"damage":6,"enemies":"Jaw Worm Horde","floor":42,"turns":1},{"damage":0,"enemies":"Reptomancer","floor":44,"turns":1},{"damage":0,"enemies":"Sphere and 2 Shapes","floor":46,"turns":1},{"damage":0,"enemies":"Giant Head","floor":47,"turns":1},{"damage":13,"enemies":"Time Eater","floor":50,"turns":4}],"seed_played":"3798118163608525068","potions_obtained":[{"floor":3,"key":"HeartOfIron"},{"floor":4,"key":"Adrenaline Potion"},{"floor":7,"key":"Energy Potion"},{"floor":16,"key":"Milkshake"},{"floor":24,"key":"BlessingOfTheForge"},{"floor":31,"key":"AttackPotion"},{"floor":35,"key":"BloodPotion"},{"floor":41,"key":"Block Potion"},{"floor":46,"key":"FearPotion"}],"is_trial":false,"path_per_floor":["M","?","?","M","T","R","E","R","T","M","$","?","R","?","R","B",null,"M","?","M","$","?","R","?","R","T","E","?","R","M","E","R","B",null,"M","?","$","M","?","R","E","M","T","E","?","M","E","$","R","B",null],"character_chosen":"IRONCLAD","items_purchased":["RuthlessExorcism:ReiMu","ReplayTheSpireMod:Stacked","ImprovedEquipment"],"campfire_rested":0,"item_purchase_floors":[11,37,48],"current_hp_per_floor":[65,65,35,37,37,37,17,17,17,23,23,28,28,32,32,33,68,74,74,80,80,80,80,80,80,80,80,57,57,49,49,49,27,71,65,65,65,65,65,65,65,65,65,71,71,77,83,83,83,76],"gold":110,"neow_bonus":"RANDOM_EVENT","is_daily":false,"chose_seed":false,"campfire_upgraded":9,"win_rate":0.0,"timestamp":1613706568,"path_taken":["M","?","?","?","?","R","E","R","T","M","$","?","R","?","R","BOSS","M","?","M","$","?","R","?","R","T","E","?","R","?","E","R","BOSS","M","?","$","M","?","R","E","M","T","E","?","?","E","$","R","BOSS"],"items_purchased_type":["Relic","Card","Relic"],"build_version":"2020-12-22","purchased_purges":4,"victory":true,"max_hp_per_floor":[75,75,75,75,75,75,75,75,75,75,75,80,80,80,80,80,80,80,80,80,80,80,80,80,80,80,80,85,85,85,85,85,85,85,85,85,85,85,85,85,85,85,85,85,85,85,85,85,85,85],"card_choices":[{"not_picked":["Body Slam","Iron Wave"],"picked":"Shrug It Off","floor":1},{"not_picked":["Fire Breathing","Havoc","Perfected Strike","Headbutt"],"picked":"Cleave","floor":3},{"not_picked":["True Grit","ReplayTheSpireMod:Corrosion Curse","Power Through","Iron Wave"],"picked":"Armaments","floor":3},{"not_picked":["Metallicize","Bloodletting","Flame Barrier","Havoc"],"picked":"Replay:Many Hands","floor":4},{"not_picked":["Searing Blow","Heavy Blade","Iron Wave","Rupture"],"picked":"Spot Weakness","floor":7},{"not_picked":["Havoc","Warcry","ReplayTheSpireMod:Strike From Hell","True Grit"],"picked":"Seeing Red","floor":10},{"not_picked":["Fiend Fire","Impervious","Corruption","MostiFishMod:KnuckleDown"],"picked":"Offering","floor":16},{"not_picked":["Sword Boomerang","Clash","Evolve","Replay:Undeath\u0027s Touch"],"picked":"ReplayTheSpireMod:Limb From Limb","floor":18},{"not_picked":["ReplayTheSpireMod:LeadingStrike","Metallicize","Power Through","Sever Soul"],"picked":"Warcry","floor":20},{"not_picked":["Wild Strike","Cleave","Body Slam","Replay:Undeath\u0027s Touch"],"picked":"Feel No Pain","floor":24},{"not_picked":["Anger","Carnage+1","Shrug It Off","MostiFishMod:404NotFound","True Grit"],"picked":"SKIP","floor":27},{"not_picked":["Wild Strike","Body Slam","Shrug It Off","Twin Strike"],"picked":"Replay:Undeath\u0027s Touch","floor":30},{"not_picked":["Power Through","Shrug It Off","Clash+1","Second Wind","Seeing Red+1"],"picked":"SKIP","floor":31},{"not_picked":["Bludgeon","Impervious","MostiFishMod:NewArrival","MostiFishMod:Chiaki"],"picked":"MostiFishMod:HellRitual","floor":33},{"not_picked":["Armaments+1","Body Slam","Cleave","Combust+1","Rupture+1"],"picked":"SKIP","floor":35},{"not_picked":["Replay:Bootleg Shield Generator","Replay:Sssssssssstrike","Survey Options","Deep Breath"],"picked":"Secret Technique","floor":36},{"not_picked":["Heavy Blade","ReplayTheSpireMod:Strike From Hell+1","Clash","Intimidate"],"picked":"Inflame","floor":38},{"not_picked":["Rupture","Inflame+1","Sword Boomerang","Replay:Undeath\u0027s Touch","Wild Strike+1"],"picked":"SKIP","floor":41},{"not_picked":["ReplayTheSpireMod:Stacked","Warcry","Clash","Thunderclap"],"picked":"Battle Trance","floor":42},{"not_picked":["Pommel Strike","MostiFishMod:NewArrival","Anger","Perfected Strike","Cleave"],"picked":"SKIP","floor":44},{"not_picked":["Inflame+1","Run Through+1","Sword Boomerang","Carnage"],"picked":"Flex+1","floor":46},{"not_picked":["Havoc","ReplayTheSpireMod:Muscle Training","Carnage+1","Uppercut"],"picked":"Offering","floor":47}],"player_experience":630103,"relics_obtained":[{"floor":1,"key":"SynthV:TestCard"},{"floor":3,"key":"ZombieArmy"},{"floor":5,"key":"Bag of Marbles"},{"floor":7,"key":"Garlic"},{"floor":9,"key":"GodSword1"},{"floor":24,"key":"Red Mask"},{"floor":26,"key":"Shovel"},{"floor":27,"key":"Replay:Wax Seal"},{"floor":31,"key":"Bag of Preparation"},{"floor":32,"key":"Lizard Tail"},{"floor":41,"key":"Simple Rune"},{"floor":43,"key":"Pen Nib"},{"floor":44,"key":"Divine Protection"},{"floor":47,"key":"Bottled Flame"}],"event_choices":[{"damage_healed":0,"gold_gain":0,"player_choice":"Grow","damage_taken":0,"max_hp_gain":0,"max_hp_loss":0,"event_name":"Living Wall","floor":0,"gold_loss":0,"cards_upgraded":["Bash"]},{"damage_healed":0,"gold_gain":0,"player_choice":"Ignored","damage_taken":0,"max_hp_gain":0,"max_hp_loss":0,"event_name":"Liars Game","floor":2,"gold_loss":0},{"damage_healed":0,"gold_gain":0,"player_choice":"Donut","damage_taken":0,"max_hp_gain":5,"max_hp_loss":0,"event_name":"Big Fish","floor":12,"gold_loss":0},{"damage_healed":0,"gold_gain":50,"player_choice":"Stole From Cult","damage_taken":0,"max_hp_gain":0,"max_hp_loss":0,"event_name":"Nest","floor":19,"gold_loss":0},{"damage_healed":0,"gold_gain":0,"player_choice":"Fought Bandits","damage_taken":0,"max_hp_gain":0,"max_hp_loss":0,"event_name":"Masked Bandits","floor":24,"gold_loss":0},{"damage_healed":0,"gold_gain":0,"player_choice":"Shed Blood","damage_taken":28,"max_hp_gain":5,"max_hp_loss":0,"event_name":"Forgotten Altar","floor":28,"gold_loss":0},{"damage_healed":0,"gold_gain":0,"player_choice":"Memory 1","damage_taken":0,"max_hp_gain":0,"max_hp_loss":0,"event_name":"SensoryStone","floor":36,"gold_loss":0},{"damage_healed":0,"gold_gain":222,"player_choice":"Wore Mask","damage_taken":0,"max_hp_gain":0,"max_hp_loss":0,"event_name":"Tomb of Lord Red Mask","floor":39,"gold_loss":0}],"is_beta":false,"boss_relics":[{"not_picked":["Fusion Hammer","FixedStarFall"],"picked":"Ooze Armor"},{"not_picked":["Velvet Choker","Black Star"],"picked":"MoonlightInvasionPlan"}],"items_purged_floors":[11,21,37,48],"is_endless":false,"potions_floor_spawned":[4,7,16,24,30,31,35,41,46],"ascension_level":16}}