{"host":"btkbr53c3gip0r7d","time":1613758435,"event":{"mods":["BaseMod","Better Altar","Better Match","Better Note","Better Sensory Stone","Better Skull","Better Third Choice","Colored Map","Curses Come First","Downfall","Minty Spire (QoL Compilation)","StSLib","The Cursed","The Marked"],"gold_per_floor":[99,163,232,273,273,315,342,342,426,495,550,560,593,718,753,753,753,753],"floor_reached":16,"language":"ENG","playtime":2618,"items_purged":[],"score":191,"play_id":"43aed1da-3a66-41fb-97c4-6d2db7c2385f","local_time":"20210219111355","is_ascension_mode":true,"campfire_choices":[{"data":"HandOfGreed","floor":1,"key":"SMITH"},{"data":"hexamod:RetreatToShadows","floor":8,"key":"SMITH"}],"circlet_count":0,"master_deck":["hexamod:Strike","hexamod:Strike","hexamod:Strike","hexamod:Strike","hexamod:Defend","hexamod:Defend","hexamod:Defend","hexamod:Defend","hexamod:Sear","hexamod:Float","HandOfGreed+1","hexamod:Haunt","hexamod:RetreatToShadows+1","hexamod:SkipABeat","Regret","hexamod:SkipABeat","hexamod:FlameSwitch","hexamod:EtherealExpedition","hexamod:Rewind","hexamod:HeatShield","hexamod:Rewind","hexamod:PhantomFireball","hexamod:Sear","hexamod:GhostLash","hexamod:DynamicBlow","hexamod:GhostOfSpirePresent","Good Instincts","Writhe","hexamod:ForkedFlame"],"relics":["hexamod:SpiritBrand","Tiny Chest","Bronze Scales","Question Card","hexamod:InflammatoryLetter","Letter Opener","downfall:GremlinSack"],"acts_visited":["Exordium"],"potions_floor_usage":[9,11,13,14,16],"damage_taken":[{"damage":1,"enemies":"Small Slimes","floor":2,"turns":3},{"damage":0,"enemies":"2 Louse","floor":3,"turns":3},{"damage":1,"enemies":"Cultist","floor":4,"turns":3},{"damage":6,"enemies":"downfall:LooterAlt","floor":6,"turns":6},{"damage":24,"enemies":"3 Sentries","floor":9,"turns":7},{"damage":11,"enemies":"Exordium Thugs","floor":10,"turns":5},{"damage":8,"enemies":"Lagavulin","floor":11,"turns":7},{"damage":3,"enemies":"2 Fungi Beasts","floor":12,"turns":3},{"damage":0,"enemies":"Gremlin Nob","floor":13,"turns":2},{"damage":7,"enemies":"Gremlin Nob","floor":14,"turns":3},{"damage":0,"enemies":"3 Louse","floor":15,"turns":2},{"damage":4,"enemies":"WA_ARCHETYPE_RETAIN","floor":16,"turns":1}],"seed_played":"3647942132406336631","potions_obtained":[{"floor":6,"key":"champ:CounterPotion"},{"floor":10,"key":"LiquidMemories"},{"floor":12,"key":"Slimebound:ThreeZeroPotion"},{"floor":13,"key":"champ:CounterPotion"},{"floor":14,"key":"Strength Potion"}],"is_trial":false,"path_per_floor":["R","M","M","M","?","M","T","R","E","M","E","M","E","?","M","B"],"character_chosen":"THE_SPIRIT","items_purchased":[],"campfire_rested":0,"item_purchase_floors":[],"current_hp_per_floor":[63,62,62,61,61,55,55,55,31,20,12,9,9,2,2,0,0,0],"gold":753,"neow_bonus":"RANDOM_COLORLESS_2","is_daily":false,"chose_seed":false,"campfire_upgraded":2,"win_rate":0.0,"timestamp":1613758435,"path_taken":["R","M","M","M","?","M","T","R","E","M","E","M","E","?","M","BOSS"],"items_purchased_type":[],"build_version":"2020-12-22","purchased_purges":0,"victory":false,"max_hp_per_floor":[63,63,63,63,63,63,63,63,63,63,63,63,63,63,63,63,63,63],"card_choices":[{"not_picked":["Metamorphosis","The Bomb"],"picked":"HandOfGreed","floor":0},{"not_picked":["hexamod:PhantomCloak","hexamod:NightmareGuise"],"picked":"hexamod:Haunt","floor":2},{"not_picked":["hexamod:GhostLash","hexamod:SwordOfDarkness"],"picked":"hexamod:RetreatToShadows","floor":3},{"not_picked":["hexamod:SpectersWail","hexamod:ShieldOfDarkness"],"picked":"hexamod:SkipABeat","floor":4},{"not_picked":["hexamod:HauntingEcho","hexamod:ShieldOfDarkness"],"picked":"hexamod:SkipABeat","floor":6},{"not_picked":["hexamod:SkipABeat","hexamod:SuperheatedStrike"],"picked":"hexamod:FlameSwitch","floor":9},{"not_picked":["hexamod:ChargedBarrage","hexamod:SuperheatedStrike","hexamod:GhostShield"],"picked":"hexamod:EtherealExpedition","floor":10},{"not_picked":["hexamod:SuperheatedStrike","hexamod:SpectralSpark","hexamod:GhostLash"],"picked":"hexamod:Rewind","floor":11},{"not_picked":["hexamod:HeatCrush","hexamod:ChargedBarrage","hexamod:RadiantFlame"],"picked":"hexamod:HeatShield","floor":12},{"not_picked":["hexamod:BurningTouch","hexamod:EtherealExpedition","hexamod:Haunt"],"picked":"hexamod:Rewind","floor":13},{"not_picked":["hexamod:SpectersWail","hexamod:NecessarySacrifice","hexamod:FlamesFromBeyond"],"picked":"hexamod:PhantomFireball","floor":14},{"not_picked":["hexamod:SoulSteal","hexamod:BurningTouch","hexamod:CatchUp"],"picked":"hexamod:ForkedFlame","floor":15}],"player_experience":1494996,"relics_obtained":[{"floor":7,"key":"Bronze Scales"},{"floor":9,"key":"Question Card"},{"floor":11,"key":"hexamod:InflammatoryLetter"},{"floor":13,"key":"Letter Opener"},{"floor":14,"key":"downfall:GremlinSack"}],"event_choices":[{"damage_healed":0,"gold_gain":0,"player_choice":"Box","damage_taken":0,"relics_obtained":["Tiny Chest"],"max_hp_gain":0,"max_hp_loss":0,"event_name":"Big Fish","floor":5,"gold_loss":0,"cards_obtained":["Regret"]}],"is_beta":false,"boss_relics":[],"items_purged_floors":[],"is_endless":false,"potions_floor_spawned":[6,10,12,13,14],"killed_by":"WA_ARCHETYPE_RETAIN","ascension_level":2}}