{"host":"gobyjzz6xbwq9f9i","time":1613716058,"event":{"mods":["AchievementEnabler","BaseMod","Bestiary","Colored Map","Minty Spire (QoL Compilation)","Relic Stats","ojb\u0027s Info Mod"],"gold_per_floor":[119,133,144,144,164,164,195,195,275,308,308,341,360,360,360,360,360],"floor_reached":16,"language":"ENG","playtime":551,"items_purged":[],"score":180,"play_id":"47c35f76-77e0-4a73-82a0-abbc3bd6f711","local_time":"20210218222738","is_ascension_mode":true,"campfire_choices":[{"data":"Beam Cell","floor":6,"key":"SMITH"},{"data":"Doom and Gloom","floor":8,"key":"SMITH"},{"data":"Barrage","floor":11,"key":"SMITH"},{"data":"Sweeping Beam","floor":15,"key":"SMITH"}],"circlet_count":0,"master_deck":["AscendersBane","Strike_B","Strike_B","Strike_B","Strike_B","Defend_B","Defend_B","Defend_B","Defend_B","Zap","Dualcast","Barrage+1","Doom and Gloom+1","Sweeping Beam+1","Beam Cell+1","Echo Form","Chill"],"relics":["Cracked Core","Calipers","Question Card","Oddly Smooth Stone","Blue Candle"],"acts_visited":["Exordium"],"potions_floor_usage":[4,5,7],"damage_taken":[{"damage":0,"enemies":"Small Slimes","floor":1,"turns":3},{"damage":1,"enemies":"Cultist","floor":2,"turns":3},{"damage":13,"enemies":"Jaw Worm","floor":3,"turns":4},{"damage":9,"enemies":"Exordium Thugs","floor":5,"turns":4},{"damage":21,"enemies":"Gremlin Nob","floor":7,"turns":4},{"damage":15,"enemies":"3 Sentries","floor":10,"turns":3},{"damage":34,"enemies":"Lagavulin","floor":12,"turns":6},{"damage":7,"enemies":"Gremlin Gang","floor":13,"turns":2},{"damage":22,"enemies":"Slime Boss","floor":16,"turns":7}],"seed_played":"-3428776770326490939","potions_obtained":[{"floor":2,"key":"Fruit Juice"},{"floor":4,"key":"Swift Potion"},{"floor":4,"key":"EssenceOfSteel"},{"floor":4,"key":"FairyPotion"},{"floor":10,"key":"Ancient Potion"},{"floor":12,"key":"PotionOfCapacity"}],"is_trial":false,"path_per_floor":["M","M","M","?","M","R","E","R","T","E","R","E","M","?","R","B"],"character_chosen":"DEFECT","items_purchased":[],"campfire_rested":0,"item_purchase_floors":[],"current_hp_per_floor":[75,74,61,66,57,57,36,36,36,21,21,26,19,19,19,0,0],"gold":360,"neow_bonus":"TEN_PERCENT_HP_BONUS","is_daily":false,"chose_seed":false,"campfire_upgraded":4,"win_rate":0.0,"timestamp":1613716058,"path_taken":["M","M","M","?","M","R","E","R","T","E","R","E","?","?","R","BOSS"],"items_purchased_type":[],"build_version":"2020-12-22","purchased_purges":0,"victory":false,"max_hp_per_floor":[82,82,82,87,87,87,87,87,87,87,87,87,87,87,87,87,87],"relic_stats":{"counters":[9,36],"Blue Candle":[0],"Question Card":3,"obtain_stats":[{"Calipers":7,"Blue Candle":12,"Oddly Smooth Stone":10,"Cracked Core":0,"Question Card":9},{"Calipers":5,"Blue Candle":7,"Oddly Smooth Stone":6,"Cracked Core":0,"Question Card":5},{"Calipers":18,"Blue Candle":27,"Oddly Smooth Stone":21,"Cracked Core":0,"Question Card":18}]},"card_choices":[{"not_picked":["Redo","Stack"],"picked":"Barrage","floor":1},{"not_picked":["Streamline","Conserve Battery"],"picked":"Doom and Gloom","floor":2},{"not_picked":["Streamline","Heatsinks"],"picked":"Sweeping Beam","floor":3},{"not_picked":["Compile Driver","Turbo"],"picked":"Beam Cell","floor":5},{"not_picked":["All For One","Meteor Strike","Beam Cell"],"picked":"SKIP","floor":7},{"not_picked":["Heatsinks","Compile Driver","Defragment"],"picked":"Echo Form","floor":10},{"not_picked":["FTL","Beam Cell","Reprogram"],"picked":"Chill","floor":12},{"not_picked":["Go for the Eyes","Heatsinks","Rebound","Gash"],"picked":"SKIP","floor":13}],"player_experience":1364501,"relics_obtained":[{"floor":7,"key":"Calipers"},{"floor":9,"key":"Question Card"},{"floor":10,"key":"Oddly Smooth Stone"},{"floor":12,"key":"Blue Candle"}],"event_choices":[{"damage_healed":0,"gold_gain":0,"player_choice":"Got Potions","damage_taken":0,"max_hp_gain":0,"max_hp_loss":0,"event_name":"Lab","floor":4,"gold_loss":0},{"damage_healed":0,"gold_gain":0,"player_choice":"Ignored","damage_taken":0,"max_hp_gain":0,"max_hp_loss":0,"event_name":"Liars Game","floor":14,"gold_loss":0}],"is_beta":false,"boss_relics":[],"items_purged_floors":[],"is_endless":false,"potions_floor_spawned":[2,10,12],"killed_by":"Slime Boss","ascension_level":10}}