{"host":"xsuxkwaivmtd234a","time":1613744359,"event":{"mods":["BaseMod","Bestiary","Colored Map","Filter the Spire","Minty Spire (QoL Compilation)","Relic Stats","StSLib"],"gold_per_floor":[110,15,15,35,0,28,28,61,109,128,128,128,128,154,154,154,154],"floor_reached":16,"language":"ENG","playtime":469,"items_purged":[],"score":145,"play_id":"e990e029-7e61-48f9-8c01-138cf69a38c9","local_time":"20210219091919","is_ascension_mode":true,"campfire_choices":[{"data":"Bash","floor":7,"key":"SMITH"},{"floor":11,"key":"REST"},{"data":"Cleave","floor":13,"key":"SMITH"},{"data":"Carnage","floor":15,"key":"SMITH"}],"circlet_count":0,"master_deck":["Strike_R","Strike_R","Strike_R","Strike_R","Strike_R+1","Defend_R","Defend_R","Defend_R","Defend_R","Bash+1","Fiend Fire+1","Cleave+1","Anger","Rampage+1","Carnage+1","Ghostly Armor","Power Through","Entrench"],"relics":["Burning Blood","Smiling Mask","Potion Belt","Nunchaku","Bronze Scales"],"acts_visited":["Exordium"],"potions_floor_usage":[8,16],"damage_taken":[{"damage":1,"enemies":"Cultist","floor":1,"turns":3},{"damage":5,"enemies":"2 Louse","floor":4,"turns":3},{"damage":30,"enemies":"3 Sentries","floor":6,"turns":7},{"damage":30,"enemies":"Lagavulin","floor":8,"turns":5},{"damage":0,"enemies":"Small Slimes","floor":10,"turns":3},{"damage":8,"enemies":"Gremlin Nob","floor":14,"turns":3},{"damage":50,"enemies":"The Guardian","floor":16,"turns":13}],"seed_played":"7904089043281524772","potions_obtained":[{"floor":4,"key":"BlessingOfTheForge"},{"floor":10,"key":"Fire Potion"}],"is_trial":false,"path_per_floor":["M","$","?","M","?","E","R","E","T","M","R","?","R","E","R","B"],"character_chosen":"IRONCLAD","items_purchased":["Anger","Rampage"],"campfire_rested":1,"item_purchase_floors":[2,2],"current_hp_per_floor":[61,61,45,46,66,42,42,18,18,24,48,48,48,46,46,0,0],"gold":154,"neow_bonus":"THREE_RARE_CARDS","is_daily":false,"chose_seed":false,"campfire_upgraded":3,"win_rate":0.0,"timestamp":1613744359,"path_taken":["M","$","?","M","?","E","R","E","T","M","R","?","R","E","R","BOSS"],"items_purchased_type":["Card","Card"],"build_version":"2020-12-22","purchased_purges":0,"victory":false,"max_hp_per_floor":[80,80,80,80,80,80,80,80,80,80,80,80,80,80,80,80,80],"relic_stats":{"Nunchaku":[2],"counters":[7,37],"Bronze Scales":[57],"Smiling Mask":0,"obtain_stats":[{"Potion Belt":8,"Nunchaku":9,"Bronze Scales":14,"Smiling Mask":6,"Burning Blood":0},{"Potion Belt":4,"Nunchaku":4,"Bronze Scales":6,"Smiling Mask":3,"Burning Blood":0},{"Potion Belt":18,"Nunchaku":18,"Bronze Scales":24,"Smiling Mask":13,"Burning Blood":0}],"Burning Blood":36},"card_choices":[{"not_picked":["Juggernaut","Impervious"],"picked":"Fiend Fire","floor":0},{"not_picked":["Pommel Strike","Heavy Blade"],"picked":"Cleave","floor":1},{"not_picked":["Havoc","Headbutt"],"picked":"Carnage","floor":4},{"not_picked":["Perfected Strike","Heavy Blade"],"picked":"Ghostly Armor","floor":6},{"not_picked":["Brutality","Rupture"],"picked":"Power Through","floor":8},{"not_picked":["Reckless Charge","Iron Wave","Thunderclap"],"picked":"SKIP","floor":10},{"not_picked":["Anger","Blood for Blood"],"picked":"Entrench","floor":14}],"player_experience":1303030,"relics_obtained":[{"floor":6,"key":"Smiling Mask"},{"floor":8,"key":"Potion Belt"},{"floor":9,"key":"Nunchaku"},{"floor":14,"key":"Bronze Scales"}],"event_choices":[{"damage_healed":0,"gold_gain":0,"player_choice":"Entered Light","damage_taken":16,"max_hp_gain":0,"max_hp_loss":0,"event_name":"Shining Light","floor":3,"gold_loss":0,"cards_upgraded":["Strike_R","Rampage"]},{"damage_healed":20,"gold_gain":0,"player_choice":"Healed","damage_taken":0,"max_hp_gain":0,"max_hp_loss":0,"event_name":"The Cleric","floor":5,"gold_loss":35},{"damage_healed":0,"gold_gain":0,"player_choice":"Grow","damage_taken":0,"max_hp_gain":0,"max_hp_loss":0,"event_name":"Living Wall","floor":12,"gold_loss":0,"cards_upgraded":["Fiend Fire"]}],"is_beta":false,"boss_relics":[],"items_purged_floors":[],"is_endless":false,"potions_floor_spawned":[4,10],"killed_by":"The Guardian","ascension_level":5}}