{"host":"a3wpq7kyokchzawk","time":1613751518,"event":{"mods":["BaseMod","Colored Map","Highlight Path","Minty Spire (QoL Compilation)","Permanent Neow","Potion Indicator Mod","Relic Stats","Weighted Paths"],"gold_per_floor":[116,126,139,150,150,175,175,192,244,261,261,279,279,279,279,351,351,363,413,431,79,79,79,79],"floor_reached":23,"language":"ENG","playtime":2975,"items_purged":["Strike_G"],"score":411,"play_id":"0c9f18e4-c4b8-4901-bdf8-b4b584c7a47e","local_time":"20210219141838","is_ascension_mode":true,"campfire_choices":[{"floor":7.0,"key":"RECALL"},{"floor":11.0,"key":"REST"},{"data":"Envenom","floor":13.0,"key":"SMITH"},{"data":"Deadly Poison","floor":15.0,"key":"SMITH"}],"circlet_count":0,"master_deck":["AscendersBane","Defend_G","Defend_G","Defend_G","Defend_G","Defend_G","Survivor","Neutralize","Skewer","Backflip","Deadly Poison+1","Well Laid Plans","Dodge and Roll","Envenom+1","Backflip","Phantasmal Killer","Backflip+1","Bite","Bite","Bite","Bite","Bite"],"relics":["Velvet Choker","Shovel","Juzu Bracelet","Runic Pyramid","Question Card"],"acts_visited":["Exordium","TheCity"],"potions_floor_usage":[18,23,23],"damage_taken":[{"damage":6.0,"enemies":"Jaw Worm","floor":1.0,"turns":5.0},{"damage":4.0,"enemies":"Cultist","floor":2.0,"turns":3.0},{"damage":3.0,"enemies":"2 Louse","floor":3.0,"turns":2.0},{"damage":3.0,"enemies":"Lots of Slimes","floor":4.0,"turns":6.0},{"damage":10.0,"enemies":"Gremlin Nob","floor":6.0,"turns":4.0},{"damage":12.0,"enemies":"2 Fungi Beasts","floor":8.0,"turns":4.0},{"damage":9.0,"enemies":"Large Slime","floor":10.0,"turns":6.0},{"damage":6.0,"enemies":"3 Louse","floor":12.0,"turns":5.0},{"damage":22.0,"enemies":"Hexaghost","floor":16.0,"turns":11.0},{"damage":25,"enemies":"2 Thieves","floor":18,"turns":4},{"damage":19,"enemies":"Shell Parasite","floor":20,"turns":7},{"damage":10,"enemies":"Book of Stabbing","floor":23,"turns":3}],"seed_played":"6336744155236163540","potions_obtained":[{"floor":1.0,"key":"Block Potion"},{"floor":5.0,"key":"FearPotion"},{"floor":6.0,"key":"DuplicationPotion"},{"floor":12.0,"key":"Fire Potion"},{"floor":20,"key":"PowerPotion"}],"is_trial":false,"path_per_floor":["M","M","M","M","?","E","R","M","T","M","R","M","R","?","R","B",null,"M","?","M","$","?","E"],"character_chosen":"THE_SILENT","items_purchased":["Question Card"],"campfire_rested":1,"item_purchase_floors":[21],"current_hp_per_floor":[53,49,46,43,43,33,33,21,21,12,31,25,25,47,47,25,56,31,25,6,6,6,0,0],"gold":79,"neow_bonus":"BOSS_RELIC","is_daily":false,"chose_seed":false,"campfire_upgraded":2,"win_rate":0.0,"timestamp":1613751518,"path_taken":["M","M","M","M","?","E","R","?","T","M","R","M","R","?","R","BOSS","M","?","M","$","?","E"],"items_purchased_type":["Relic"],"build_version":"2020-12-22","purchased_purges":1,"victory":false,"max_hp_per_floor":[66,66,66,66,66,66,66,66,66,66,66,66,66,66,66,66,66,66,66,66,66,46,46,46],"relic_stats":{"Shovel":0,"counters":[12,60],"Juzu Bracelet":1,"Question Card":0,"obtain_stats":[{"Shovel":6,"Velvet Choker":0,"Juzu Bracelet":9,"Question Card":21,"Ring of the Snake":0,"Runic Pyramid":17},{"Shovel":5,"Velvet Choker":0,"Juzu Bracelet":6,"Question Card":11,"Ring of the Snake":0,"Runic Pyramid":9},{"Shovel":20,"Velvet Choker":0,"Juzu Bracelet":24,"Question Card":57,"Ring of the Snake":0,"Runic Pyramid":46}]},"card_choices":[{"not_picked":["Calculated Gamble","Slice"],"picked":"Skewer","floor":1.0},{"not_picked":["Bane","Slice"],"picked":"Backflip","floor":2.0},{"not_picked":["Dodge and Roll","All Out Attack"],"picked":"Deadly Poison","floor":3.0},{"not_picked":["Outmaneuver","Prepared"],"picked":"Well Laid Plans","floor":4.0},{"not_picked":["Infinite Blades","Blade Dance"],"picked":"Dodge and Roll","floor":6.0},{"not_picked":["Dagger Throw","Backflip"],"picked":"Envenom","floor":8.0},{"not_picked":["Bane","Deadly Poison"],"picked":"Backflip","floor":10.0},{"not_picked":["Flying Knee","Quick Slash","Eviscerate"],"picked":"SKIP","floor":12.0},{"not_picked":["A Thousand Cuts","Doppelganger"],"picked":"Phantasmal Killer","floor":16.0},{"not_picked":["Tactician","Blade Dance"],"picked":"Backflip+1","floor":18},{"not_picked":["Expertise","Deadly Poison","Dodge and Roll"],"picked":"SKIP","floor":20}],"player_experience":2762809,"relics_obtained":[{"floor":6.0,"key":"Shovel"},{"floor":9.0,"key":"Juzu Bracelet"}],"event_choices":[{"damage_healed":0.0,"max_hp_gain":0.0,"max_hp_loss":0.0,"gold_gain":0.0,"event_name":"Lab","player_choice":"Got Potions","floor":5.0,"gold_loss":0.0,"damage_taken":0.0},{"damage_healed":22.0,"max_hp_gain":0.0,"max_hp_loss":0.0,"gold_gain":0.0,"event_name":"Big Fish","player_choice":"Banana","floor":14.0,"gold_loss":0.0,"damage_taken":0.0},{"damage_healed":0,"gold_gain":50,"player_choice":"Touch","damage_taken":6,"max_hp_gain":0,"max_hp_loss":0,"event_name":"FaceTrader","floor":19,"gold_loss":0},{"damage_healed":0,"gold_gain":0,"player_choice":"Became a vampire","damage_taken":0,"max_hp_gain":0,"max_hp_loss":20,"event_name":"Vampires","floor":22,"gold_loss":0,"cards_obtained":["Bite","Bite","Bite","Bite","Bite"]}],"is_beta":false,"boss_relics":[{"not_picked":["Runic Dome","Coffee Dripper"],"picked":"Runic Pyramid"}],"items_purged_floors":[21],"is_endless":false,"potions_floor_spawned":[1,6,12,16,20],"killed_by":"Book of Stabbing","ascension_level":20}}