{"host":"gk9qdtkqd8dwfeg2","time":1613732163,"event":{"mods":["ATMod(∞¢Ë™Mod)","Act Like it!","Aspiration","BaseMod","Colored Powertips","Gensokyo","Minty Spire (QoL Compilation)","Pale of the Ancients","Quick Restart","Reimu£®≤©¿ˆ¡È√Œ£©","Remilia£®¿Ÿ√◊¿Ú—«£©","Shop Mod","StSLib","TestMod","The Servant 0.9.4","Waifu the Spire","Youmu£®ªÍ∆«—˝√Œ£©"],"gold_per_floor":[368,368,44,63,76,102,102,137,190,204,215,225,225,225,225,225,225],"floor_reached":16,"language":"ZHS","playtime":575,"items_purged":[],"score":204,"play_id":"b46e6e2d-259c-4110-98f3-a8aa5828c187","local_time":"20210219185603","is_ascension_mode":true,"campfire_choices":[{"data":"Rupture","floor":15,"key":"SMITH"}],"circlet_count":0,"master_deck":["AscendersBane","Strike_R","Strike_R","Strike_R","Strike_R","Defend_R","Defend_R","Bash","AT_ShrugMaster","Terror","Expertise","Heel Hook","Fire Breathing","Rupture+1","Bloodletting","Inflame","Injury"],"relics":["Burning Blood","testmod-TestBox","AT_ATBox","testmod-IncinerationGenerator","aspiration:ChemicalBlood","MerchantsRug","MealTicket","AT_ArchangelStaff","testmod-TurbochargingSystem","Happy Flower","Orichalcum"],"acts_visited":["Exordium"],"potions_floor_usage":[6,11,12],"damage_taken":[{"damage":12.0,"enemies":"Gensokyo:Gryphon","floor":1.0,"turns":4.0},{"damage":6,"enemies":"Gensokyo:2_Kodama","floor":4,"turns":4},{"damage":14,"enemies":"Gensokyo:3_Fairies","floor":5,"turns":4},{"damage":4,"enemies":"Gensokyo:Mamizou","floor":6,"turns":6},{"damage":23,"enemies":"Gensokyo:Cirno","floor":8,"turns":6},{"damage":7,"enemies":"Gensokyo:2_Rabbits","floor":10,"turns":3},{"damage":7,"enemies":"Gensokyo:3_Kodama","floor":11,"turns":2},{"damage":7,"enemies":"Gensokyo:CorruptedTreant","floor":12,"turns":3},{"damage":14,"enemies":"Gensokyo:Kokoro","floor":16,"turns":5}],"seed_played":"-1251599578436992637","potions_obtained":[{"floor":4,"key":"PowerPotion"},{"floor":11,"key":"AttackPotion"}],"is_trial":false,"path_per_floor":["M","?","$","M","M","E","?","E","T","M","M","M","?","?","R","B"],"character_chosen":"IRONCLAD","items_purchased":["aspiration:ChemicalBlood","MerchantsRug"],"campfire_rested":0,"item_purchase_floors":[3,3],"current_hp_per_floor":[44,44,44,44,36,38,38,21,21,20,19,18,18,18,18,4,4],"gold":225,"neow_bonus":"TWO_FIFTY_GOLD","is_daily":false,"chose_seed":false,"campfire_upgraded":1,"win_rate":0.0,"timestamp":1613732163,"path_taken":["M","?","$","?","M","E","?","E","T","M","M","?","?","?","R","BOSS"],"items_purchased_type":["Relic","Relic"],"build_version":"2020-12-22","purchased_purges":0,"victory":false,"max_hp_per_floor":[75,75,75,75,75,75,75,75,75,75,75,75,75,75,75,75,75],"card_choices":[{"not_picked":["Pommel Strike","True Grit"],"picked":"AT_IchimonjiDouble","floor":1.0},{"not_picked":["Thunderclap","AT_ShrugMaster"],"picked":"Fire Breathing","floor":4},{"not_picked":["Perfected Strike","Iron Wave","Headbutt"],"picked":"SKIP","floor":5},{"not_picked":["Sentinel","Clothesline"],"picked":"Rupture","floor":6},{"not_picked":["Shrug It Off","AT_DrawKnifeCut"],"picked":"Bloodletting","floor":8},{"not_picked":["Pommel Strike","AT_IchimonjiDouble","Shrug It Off"],"picked":"SKIP","floor":10},{"not_picked":["Bludgeon","True Grit","Shrug It Off"],"picked":"SKIP","floor":11},{"not_picked":["Intimidate","Havoc"],"picked":"Inflame","floor":12}],"player_experience":787721,"relics_obtained":[{"floor":6,"key":"MealTicket"},{"floor":8,"key":"AT_ArchangelStaff"},{"floor":9,"key":"testmod-TurbochargingSystem"}],"event_choices":[],"is_beta":false,"boss_relics":[],"items_purged_floors":[],"is_endless":false,"potions_floor_spawned":[4,10,11],"killed_by":"Gensokyo:Kokoro","ascension_level":20}}