{"host":"blnmo1e2jbqugfxh","time":1613753546,"event":{"mods":["2.2 Compatiblity","AchievementEnabler","Astrologer","Bard","BaseMod","Beaked The Cultist","Colored Map","Colored Powertips","Conspire","Downfall","Friendly Minions","Googly Eyes","Hermit","Highlight Path","Hubris","Infinite Spire","Lobotomy","Marisa????????","Mimic Mod","Minty Spire (QoL Compilation)","Prisma Mod","Quick Restart","Rare Cards Sparkle","Replay The Spire","Shop Mod","StSLib","The Bug Knight","The Construct","The Cursed","The Disciple","The Exalted","The Hierophant","The Mystic","The Servant 0.9.4"],"gold_per_floor":[114,124,136,136,136,136,161,11,88,88,108,135,153,39,39,138,138,150,27,46,60,60,88,108,119,143,143,143,143,242,260,260,359,359,371,384,384,404,404,404],"floor_reached":39,"language":"ENG","playtime":2605,"items_purged":[],"score":413,"play_id":"c277140c-aa9a-45e5-8b5f-ed4ea8607106","local_time":"20210219115226","is_ascension_mode":false,"campfire_choices":[{"data":"Iron Wave","floor":6.0,"key":"SMITH"},{"floor":10.0,"key":"REST"},{"data":"SpecialFormula","floor":15.0,"key":"SMITH"},{"data":"FlawlessForm","floor":27.0,"key":"SMITH"},{"data":"SoulSculpture","floor":29.0,"key":"SMITH"},{"data":"TimeWarp","floor":32.0,"key":"SMITH"}],"circlet_count":0,"master_deck":["Strike_S+1","Strike_S+1","Strike_S+1","Defend_S+1","Defend_S+1","Defend_S+1","Defend_S+1","KidneyShot","Exchange","BottledTime","Ricochet","FanOfKnives","Iron Wave+1","SpecialFormula+1","FlawlessForm+1","BottledTime","Potential+1","GearUp","SoulSculpture+1","TimeWarp+1","Ricochet","Sabotage","Contraction","Desolation","ShatteredReality","Potential+1","PendulumOfEternity","Gouge+1","SilverBlades","FastForward+1"],"relics":["Uniform","Juzu Bracelet","infinitespire:Satchel","hubris:SphereOfDissonance","Bromod:ArcaneGuardian","Blood Vial","Pantograph","Pet Ghost","ChewingGum","Gambling Chip","Bag of Preparation","Ring of Chaos"],"acts_visited":["Exordium","TheCity","TheBeyond"],"potions_floor_usage":[38,39],"damage_taken":[{"damage":3.0,"enemies":"Jaw Worm","floor":1.0,"turns":6.0},{"damage":0.0,"enemies":"Cultist","floor":2.0,"turns":4.0},{"damage":0.0,"enemies":"2 Louse","floor":3.0,"turns":2.0},{"damage":8.0,"enemies":"Lagavulin","floor":7.0,"turns":3.0},{"damage":7.0,"enemies":"Exordium Wildlife","floor":11.0,"turns":3.0},{"damage":8.0,"enemies":"Gremlin Nob","floor":12.0,"turns":4.0},{"damage":7.0,"enemies":"Large Slime","floor":13.0,"turns":4.0},{"damage":19.0,"enemies":"The Guardian","floor":16.0,"turns":12.0},{"damage":0.0,"enemies":"3 Byrds","floor":18.0,"turns":4.0},{"damage":10.0,"enemies":"Shell Parasite","floor":20.0,"turns":4.0},{"damage":5.0,"enemies":"conspire:HollyBat","floor":21.0,"turns":9.0},{"damage":41.0,"enemies":"Slavers","floor":23.0,"turns":7.0},{"damage":0.0,"enemies":"Snecko","floor":24.0,"turns":3.0},{"damage":0.0,"enemies":"Sentry and Sphere","floor":25.0,"turns":7.0},{"damage":0.0,"enemies":"Centurion and Healer","floor":31.0,"turns":3.0},{"damage":35,"enemies":"Champ","floor":33,"turns":16},{"damage":0,"enemies":"3 Shapes","floor":35,"turns":5},{"damage":0,"enemies":"Orb Walker","floor":36,"turns":3},{"damage":0,"enemies":"Transient","floor":38,"turns":5},{"damage":75,"enemies":"Orin","floor":39,"turns":5}],"seed_played":"-4692056811790863737","potions_obtained":[{"floor":1.0,"key":"AttackPotion"},{"floor":3.0,"key":"hexamod:SoulburnPotion"},{"floor":23.0,"key":"Weak Potion"},{"floor":24.0,"key":"Ancient Potion"},{"floor":25.0,"key":"Adrenaline Potion"},{"floor":31.0,"key":"Fire Potion"}],"is_trial":false,"path_per_floor":["M","M","M","?","$","R","E","$","T","R","M","E","M","$","R","B",null,"M","$","M","M","?","E","M","M","T","R","?","R","?","M","R","B",null,"M","M","?","M","?"],"character_chosen":"THE_SERVANT","items_purchased":["infinitespire:Satchel","hubris:SphereOfDissonance","Blood Vial","Potential+1","GearUp","Ricochet","Sabotage"],"campfire_rested":1,"item_purchase_floors":[5,5,8,14,14,19,19],"current_hp_per_floor":[62,62,62,62,36,36,28,28,28,47,42,41,36,36,36,46,65,65,65,63,65,65,32,34,44,44,44,47,47,50,52,52,38,65,65,65,75,75,0,0],"gold":404,"neow_bonus":"RANDOM_COMMON_RELIC","is_daily":false,"chose_seed":false,"campfire_upgraded":5,"win_rate":0.0,"timestamp":1613753546,"path_taken":["M","M","M","?","?","R","E","$","T","R","M","E","M","$","R","BOSS","M","$","M","M","?","E","M","M","T","R","?","R","?","M","R","BOSS","M","M","?","M","?"],"items_purchased_type":["Relic","Relic","Relic","Card","Card","Card","Card"],"build_version":"2020-12-22","purchased_purges":0,"victory":false,"max_hp_per_floor":[65,65,65,65,65,65,65,65,65,65,65,65,65,65,65,65,65,65,65,65,65,65,65,65,65,65,65,65,65,65,65,65,65,65,65,65,75,75,75,75],"card_choices":[{"not_picked":["Replace","Revamp"],"picked":"BottledTime","floor":1.0},{"not_picked":["Desolation","Replace"],"picked":"Ricochet","floor":2.0},{"not_picked":["Misdirection","Shuttle"],"picked":"FanOfKnives","floor":3.0},{"not_picked":["Unruled","RealityMarble","Hightail"],"picked":"SKIP","floor":7.0},{"not_picked":["FanOfKnives","FastForward"],"picked":"SpecialFormula","floor":11.0},{"not_picked":["DoubleEdge","Shuttle"],"picked":"FlawlessForm","floor":12.0},{"not_picked":["MoonPhase","Comet"],"picked":"BottledTime","floor":13.0},{"not_picked":["Initiator","TheWorld"],"picked":"SoulSculpture","floor":16.0},{"not_picked":["RealityMarble","DoubleEdge"],"picked":"TimeWarp","floor":18.0},{"not_picked":["Starlight","Foresight"],"picked":"Contraction","floor":20.0},{"not_picked":["GearUp","Starlight+1"],"picked":"Desolation","floor":21.0},{"not_picked":["DoubleEdge+1","RealityMarble+1"],"picked":"ShatteredReality","floor":23.0},{"not_picked":["FastForward","Starlight","Alleviate"],"picked":"SKIP","floor":24.0},{"not_picked":["Reset","StarChef"],"picked":"Deny","floor":25.0},{"not_picked":["BottledTime","Ricochet"],"picked":"Potential+1","floor":31.0},{"not_picked":["Initiator","FloweringNight"],"picked":"PendulumOfEternity","floor":33},{"not_picked":["Spin","Advance+1"],"picked":"Gouge+1","floor":35},{"not_picked":["Desolation","Rewind"],"picked":"SilverBlades","floor":36},{"not_picked":["WasteNot+1","Defy+1"],"picked":"FastForward+1","floor":38}],"player_experience":67811,"relics_obtained":[{"floor":7.0,"key":"Bromod:ArcaneGuardian"},{"floor":9.0,"key":"Pantograph"},{"floor":12.0,"key":"Pet Ghost"},{"floor":23.0,"key":"Gambling Chip"},{"floor":26.0,"key":"Bag of Preparation"}],"event_choices":[{"cards_removed":["Strike_S"],"damage_healed":0.0,"max_hp_gain":0.0,"max_hp_loss":0.0,"gold_gain":0.0,"event_name":"NoteForYourself","player_choice":"Took Card","floor":4.0,"gold_loss":0.0,"damage_taken":0.0,"cards_obtained":["Iron Wave"]},{"damage_healed":0.0,"max_hp_gain":0.0,"max_hp_loss":0.0,"gold_gain":0.0,"event_name":"Back to Basics","player_choice":"Simplicity","floor":22.0,"gold_loss":0.0,"damage_taken":0.0,"cards_upgraded":["Strike_S","Strike_S","Strike_S","Defend_S","Defend_S","Defend_S","Defend_S"]},{"damage_healed":0.0,"max_hp_gain":0.0,"max_hp_loss":0.0,"gold_gain":99.0,"event_name":"Nest","player_choice":"Stole From Cult","floor":30.0,"gold_loss":0.0,"damage_taken":0.0},{"cards_removed":["Deny"],"damage_healed":0,"gold_gain":0,"player_choice":"Offered Rare","damage_taken":0,"max_hp_gain":10,"max_hp_loss":0,"event_name":"Bonfire Elementals","floor":37,"gold_loss":0},{"damage_healed":0,"gold_gain":0,"player_choice":"Fight","damage_taken":0,"max_hp_gain":0,"max_hp_loss":0,"event_name":"OrinTheCat","floor":39,"gold_loss":0}],"is_beta":false,"boss_relics":[{"not_picked":["beaked:SacredDeck","Busted Crown"],"picked":"ChewingGum"},{"not_picked":["bronze:MakeshiftBattery","Replay:Wanted Poster"],"picked":"Ring of Chaos"}],"items_purged_floors":[],"is_endless":false,"potions_floor_spawned":[1,3,23,24,25,31,36],"killed_by":"Orin","ascension_level":0}}