{"host":"cfqfeqi6u2qx5u0e","time":1613728911,"event":{"mods":["AchievementEnabler","BaseMod","Colored Powertips","Minty Spire (QoL Compilation)","Quick Restart","StSLib"],"gold_per_floor":[109,109,184,200,200,225,300,338,350,362,451,494,506,568,580,691,703,731,153,215,230,241,270,270,302,302,316,48,48,48],"floor_reached":29,"language":"ENG","playtime":1273,"items_purged":[],"score":419,"play_id":"9433a568-d2bc-4ec6-a416-bc9cc172e1f9","local_time":"20210219020151","is_ascension_mode":true,"campfire_choices":[{"floor":10,"key":"REST"},{"floor":13,"key":"REST"},{"floor":15,"key":"REST"},{"floor":24,"key":"REST"}],"circlet_count":0,"master_deck":["Strike_R","Strike_R","Strike_R+1","Strike_R","Strike_R+1","Defend_R","Defend_R","Defend_R","Defend_R","Bash","Inflame","Fire Breathing","Corruption","Dual Wield","Combust","Rampage","Demon Form","Thunderclap","Inflame","Mayhem","Rampage","Whirlwind","Heavy Blade+1","Disarm","Twin Strike+1","Blood for Blood+1","Rampage","Apotheosis"],"relics":["SlaversCollar","SsserpentHead","MawBank","Lizard Tail","Mercury Hourglass","PreservedInsect","Fusion Hammer","Sling","Oddly Smooth Stone","Nunchaku","Red Skull","Torii","Membership Card"],"acts_visited":["Exordium","TheCity"],"potions_floor_usage":[8,8,16,18,21,23,29],"damage_taken":[{"damage":3,"enemies":"Jaw Worm","floor":1,"turns":5},{"damage":0,"enemies":"2 Louse","floor":4,"turns":3},{"damage":12,"enemies":"3 Sentries","floor":6,"turns":4},{"damage":3,"enemies":"Small Slimes","floor":7,"turns":4},{"damage":23,"enemies":"Lagavulin","floor":8,"turns":6},{"damage":13,"enemies":"Gremlin Nob","floor":12,"turns":4},{"damage":4,"enemies":"Slime Boss","floor":16,"turns":5},{"damage":34,"enemies":"2 Thieves","floor":18,"turns":4},{"damage":35,"enemies":"Shell Parasite","floor":20,"turns":5},{"damage":6,"enemies":"Snake Plant","floor":21,"turns":3},{"damage":0,"enemies":"Shelled Parasite and Fungi","floor":22,"turns":1},{"damage":0,"enemies":"Gremlin Leader","floor":23,"turns":3},{"damage":59,"enemies":"Slavers","floor":25,"turns":3},{"damage":0,"enemies":"3 Cultists","floor":27,"turns":2},{"damage":20,"enemies":"Snake Plant","floor":29,"turns":3}],"seed_played":"7380123150648195825","potions_obtained":[{"floor":1,"key":"FearPotion"},{"floor":4,"key":"SpeedPotion"},{"floor":7,"key":"ColorlessPotion"},{"floor":12,"key":"Energy Potion"},{"floor":20,"key":"Block Potion"},{"floor":21,"key":"Fire Potion"}],"is_trial":false,"path_per_floor":["M","?","?","M","?","E","M","E","T","R","T","E","R","$","R","B",null,"M","$","M","M","M","E","R","E","T","M","$","M"],"character_chosen":"IRONCLAD","items_purchased":["Inflame","Sling","Oddly Smooth Stone","Mayhem","Rampage","Membership Card","Apotheosis","SkillPotion"],"campfire_rested":4,"item_purchase_floors":[19,19,19,19,19,28,28,28],"current_hp_per_floor":[77,61,50,50,50,38,35,12,12,36,36,23,47,47,71,67,80,46,46,11,5,5,5,29,16,16,16,16,0,0],"gold":48,"neow_bonus":"BOSS_RELIC","is_daily":false,"chose_seed":false,"campfire_upgraded":0,"win_rate":0.0,"timestamp":1613728911,"path_taken":["M","?","?","M","?","E","?","E","T","R","?","E","R","?","R","BOSS","M","$","?","M","M","E","R","E","T","M","$","M"],"items_purchased_type":["Card","Relic","Relic","Card","Card","Relic","Card","Potion"],"build_version":"2020-12-22","purchased_purges":0,"victory":false,"max_hp_per_floor":[80,80,80,80,80,80,80,80,80,80,80,80,80,80,80,80,80,80,80,80,80,80,80,80,80,80,80,80,80,80],"card_choices":[{"not_picked":["Entrench","Hemokinesis"],"picked":"Inflame","floor":1},{"not_picked":["Warcry","Reckless Charge"],"picked":"Fire Breathing","floor":4},{"not_picked":["Headbutt","Sword Boomerang"],"picked":"Corruption","floor":6},{"not_picked":["Headbutt","Pummel"],"picked":"Dual Wield","floor":7},{"not_picked":["Flex","Evolve"],"picked":"Combust","floor":8},{"not_picked":["Reckless Charge","Shrug It Off"],"picked":"Rampage","floor":12},{"not_picked":["Limit Break","Fiend Fire"],"picked":"Demon Form","floor":16},{"not_picked":["Shrug It Off","True Grit"],"picked":"Thunderclap","floor":18},{"not_picked":["Body Slam","Searing Blow"],"picked":"Whirlwind","floor":20},{"not_picked":["True Grit+1","Pommel Strike"],"picked":"Heavy Blade+1","floor":21},{"not_picked":["Blood for Blood","Armaments"],"picked":"Disarm","floor":22},{"not_picked":["Armaments","Power Through"],"picked":"Twin Strike+1","floor":23},{"not_picked":["Anger","Body Slam"],"picked":"Blood for Blood+1","floor":25},{"not_picked":["Corruption","Hemokinesis+1"],"picked":"Rampage","floor":27}],"player_experience":99163,"relics_obtained":[{"floor":6,"key":"MawBank"},{"floor":8,"key":"Lizard Tail"},{"floor":9,"key":"Mercury Hourglass"},{"floor":12,"key":"PreservedInsect"},{"floor":23,"key":"Nunchaku"},{"floor":25,"key":"Red Skull"},{"floor":26,"key":"Torii"}],"event_choices":[{"damage_healed":0,"gold_gain":0,"player_choice":"Entered Light","damage_taken":16,"max_hp_gain":0,"max_hp_loss":0,"event_name":"Shining Light","floor":2,"gold_loss":0,"cards_upgraded":["Strike_R","Strike_R"]},{"damage_healed":0,"gold_gain":75,"player_choice":"Gather Gold","damage_taken":11,"max_hp_gain":0,"max_hp_loss":0,"event_name":"World of Goop","floor":3,"gold_loss":0},{"damage_healed":0,"gold_gain":0,"player_choice":"Trade","damage_taken":0,"relics_obtained":["SsserpentHead"],"max_hp_gain":0,"max_hp_loss":0,"event_name":"FaceTrader","floor":5,"gold_loss":0}],"is_beta":false,"boss_relics":[{"not_picked":["Calling Bell","Pandora\u0027s Box"],"picked":"Fusion Hammer"}],"items_purged_floors":[],"is_endless":false,"potions_floor_spawned":[1,4,7,12,20,21],"killed_by":"Snake Plant","ascension_level":2}}