{"host":"ydg0vn0pu4pubmdt","time":1613770928,"event":{"mods":["AchievementEnabler","BaseMod","Colored Map","Minty Spire (QoL Compilation)","Quick Restart","SuperFastMode"],"gold_per_floor":[119,194,194,214,214,214,253,253,280,313,336,336,336,350,350,439,439,458,458,472,381,400,436,436,436,490,490,440,440,440],"floor_reached":29,"language":"KOR","playtime":356,"items_purged":["Perfected Strike+1","Strike_R"],"score":648,"play_id":"3be4cd20-0a4c-403f-9b2b-5ec3e87645ef","local_time":"20210220064208","is_ascension_mode":true,"campfire_choices":[{"data":"Perfected Strike","floor":8.0,"key":"SMITH"},{"data":"Searing Blow+1","floor":13.0,"key":"SMITH"},{"data":"Searing Blow+2","floor":15.0,"key":"SMITH"},{"floor":24,"key":"REST"},{"data":"Fire Breathing","floor":27,"key":"SMITH"}],"circlet_count":0,"master_deck":["AscendersBane","Strike_R","Strike_R+1","Strike_R+1","Defend_R","Defend_R","Defend_R","Defend_R","Bash","Shrug It Off","Thunderclap+1","Searing Blow+3","Double Tap","Uppercut+1","Immolate+1","Shockwave","Fire Breathing+1","Second Wind"],"relics":["Burning Blood","NeowsBlessing","Bloody Idol","Molten Egg 2","Smiling Mask","Orichalcum","Sozu","Dream Catcher"],"acts_visited":["Exordium","TheCity"],"potions_floor_usage":[18],"damage_taken":[{"damage":0.0,"enemies":"2 Louse","floor":1.0,"turns":1.0},{"damage":0.0,"enemies":"Small Slimes","floor":4.0,"turns":1.0},{"damage":0.0,"enemies":"Lagavulin","floor":7.0,"turns":2.0},{"damage":8.0,"enemies":"Gremlin Nob","floor":10.0,"turns":3.0},{"damage":7.0,"enemies":"Jaw Worm","floor":11.0,"turns":2.0},{"damage":2.0,"enemies":"3 Louse","floor":14.0,"turns":3.0},{"damage":0.0,"enemies":"Slime Boss","floor":16.0,"turns":5.0},{"damage":0,"enemies":"2 Thieves","floor":18,"turns":1},{"damage":10,"enemies":"Shell Parasite","floor":20,"turns":2},{"damage":12,"enemies":"3 Cultists","floor":22,"turns":4},{"damage":46,"enemies":"Book of Stabbing","floor":23,"turns":5},{"damage":48,"enemies":"Gremlin Leader","floor":29,"turns":4}],"seed_played":"-4034322509584634967","potions_obtained":[{"floor":4.0,"key":"SteroidPotion"},{"floor":7.0,"key":"AttackPotion"},{"floor":10.0,"key":"Energy Potion"},{"floor":14.0,"key":"ElixirPotion"},{"floor":16.0,"key":"GamblersBrew"}],"is_trial":false,"path_per_floor":["M","?","?","M","?","?","E","R","T","E","M","?","R","M","R","B",null,"M","?","M","$","M","E","R","?","T","R","$","E"],"character_chosen":"IRONCLAD","items_purchased":["Fire Breathing"],"campfire_rested":1,"item_purchase_floors":[21],"current_hp_per_floor":[74,63,37,43,36,13,19,19,19,17,16,16,16,20,20,26,63,69,69,65,65,59,19,41,41,46,46,46,0,0],"gold":440,"neow_bonus":"THREE_ENEMY_KILL","is_daily":false,"chose_seed":false,"campfire_upgraded":4,"win_rate":0.0,"timestamp":1613770928,"path_taken":["M","?","?","M","?","?","E","R","T","E","?","?","R","M","R","BOSS","M","?","M","$","M","E","R","?","T","R","$","E"],"items_purchased_type":["Card"],"build_version":"2020-12-22","purchased_purges":2,"victory":false,"max_hp_per_floor":[75,75,75,75,75,75,75,75,75,75,75,75,75,75,75,75,75,75,75,75,75,75,75,75,75,75,75,75,75,75],"card_choices":[{"not_picked":["True Grit","Evolve"],"picked":"Shrug It Off","floor":1.0},{"not_picked":["True Grit","Uppercut"],"picked":"Perfected Strike","floor":4.0},{"not_picked":["Havoc","Clothesline+1","Sentinel"],"picked":"SKIP","floor":7.0},{"not_picked":["Rage","Iron Wave+1"],"picked":"Thunderclap+1","floor":10.0},{"not_picked":["Burning Pact","Warcry"],"picked":"Searing Blow+1","floor":11.0},{"not_picked":["True Grit","Warcry"],"picked":"Uppercut+1","floor":14.0},{"not_picked":["Limit Break","Barricade"],"picked":"Immolate+1","floor":16.0},{"not_picked":["Sword Boomerang+1","Clash+1","Cleave+1"],"picked":"SKIP","floor":18},{"not_picked":["Rage","Uppercut+1","Infernal Blade"],"picked":"SKIP","floor":20},{"not_picked":["Carnage+1","Headbutt+1"],"picked":"Second Wind","floor":22},{"not_picked":["Brutality","Demon Form","Sever Soul+1"],"picked":"SKIP","floor":23}],"player_experience":616476,"relics_obtained":[{"floor":7.0,"key":"Molten Egg 2"},{"floor":9.0,"key":"Smiling Mask"},{"floor":10.0,"key":"Orichalcum"},{"floor":23,"key":"Dream Catcher"}],"event_choices":[{"damage_healed":0.0,"max_hp_gain":0.0,"max_hp_loss":0.0,"gold_gain":75.0,"event_name":"World of Goop","player_choice":"Gather Gold","floor":2.0,"gold_loss":0.0,"damage_taken":11.0},{"damage_healed":0.0,"max_hp_gain":0.0,"max_hp_loss":0.0,"gold_gain":0.0,"event_name":"Golden Idol","player_choice":"Take Damage","floor":3.0,"gold_loss":0.0,"damage_taken":26.0,"relics_obtained":["Golden Idol"]},{"cards_removed":["Strike_R"],"damage_healed":0.0,"max_hp_gain":0.0,"max_hp_loss":0.0,"gold_gain":0.0,"event_name":"Golden Wing","player_choice":"Card Removal","floor":5.0,"gold_loss":0.0,"damage_taken":7.0},{"damage_healed":0.0,"max_hp_gain":0.0,"max_hp_loss":0.0,"gold_gain":0.0,"event_name":"Shining Light","player_choice":"Entered Light","floor":6.0,"gold_loss":0.0,"damage_taken":23.0,"cards_upgraded":["Strike_R","Strike_R"]},{"damage_healed":0.0,"max_hp_gain":0.0,"max_hp_loss":0.0,"gold_gain":0.0,"event_name":"Match and Keep!","player_choice":"1 cards matched","floor":12.0,"gold_loss":0.0,"damage_taken":0.0,"cards_obtained":["Double Tap"]},{"damage_healed":0,"gold_gain":0,"player_choice":"Read","damage_taken":0,"max_hp_gain":0,"max_hp_loss":0,"event_name":"The Library","floor":19,"gold_loss":0,"cards_obtained":["Shockwave"]},{"damage_healed":0,"gold_gain":0,"player_choice":"Gave Idol","damage_taken":0,"relics_obtained":["Bloody Idol"],"max_hp_gain":0,"max_hp_loss":0,"event_name":"Forgotten Altar","floor":25,"relics_lost":["Golden Idol"],"gold_loss":0}],"is_beta":false,"boss_relics":[{"not_picked":["Busted Crown","Pandora\u0027s Box"],"picked":"Sozu"}],"items_purged_floors":[21,28],"is_endless":false,"potions_floor_spawned":[4,7,10,14,16,23],"killed_by":"Gremlin Leader","ascension_level":20}}