{"host":"s0rqbuvjzggdtc2s","time":1613720119,"event":{"mods":["ATMod(°¢èªMod)","BaseMod","Curses Come First","Minty Spire (QoL Compilation)","StSLib","¡¾ÒÅÎï¿¨ÅÆ¡¿REMEMod"],"gold_per_floor":[115,134,145,145,164,164,180,240,267,267,282,138,138,151,151,246,246,263,263,325,341,351,351,385,396,396,429,429,455,468,499,499,604,604,616,666,680,691,710,710,763,763,790,918,513,648,648,666,666,766,766,766,585,811,911],"floor_reached":56,"language":"ZHS","playtime":2094,"items_purged":["Strike_B"],"score":1656,"play_id":"7009ade4-71e7-49f0-8a69-0fc509375b92","local_time":"20210219153519","is_ascension_mode":false,"campfire_choices":[{"data":"AT_BodySlamDance","floor":6.0,"key":"SMITH"},{"data":"AT_KneejerkReflex","floor":10.0,"key":"SMITH"},{"floor":13.0,"key":"RECALL"},{"floor":15.0,"key":"REST"},{"data":"AT_StudyProgram","floor":23.0,"key":"SMITH"},{"data":"Seek","floor":28.0,"key":"SMITH"},{"data":"Defragment","floor":32.0,"key":"SMITH"},{"data":"Dualcast","floor":40.0,"key":"PURGE"},{"data":"Strike_B","floor":47.0,"key":"PURGE"},{"data":"Strike_B","floor":49.0,"key":"PURGE"},{"data":"Defend_B","floor":52.0,"key":"PURGE"}],"circlet_count":0,"master_deck":["Defend_B","Defend_B","Defend_B","AT_BodySlamDance+1","AT_KneejerkReflex+1","Leap","Rebound","Seek+1","AT_StudyProgram+1","Leap+1","AT_RightCognition","AT_EmpoweredMortalDraw","Skim","Defragment+1","AT_RobotInSpace+1","Conserve Battery+1","Leap+1","Chill","Creative AI","AT_StudyProgram+1","Skim+1","Defragment","Master of Strategy"],"relics":["Cracked Core","AT_ATBox","REME_ComplimentaryCards","Anchor","Bag of Preparation","AT_MortalBlade","CultistMask","Centennial Puzzle","Orichalcum","Tiny Chest","AT_BellowingDragoncrestRing","Nuclear Battery","Peace Pipe","AT_TheCollector","War Paint","MealTicket","DollysMirror","Pantograph","Letter Opener","AT_RedTearstoneRing"],"acts_visited":["Exordium","TheCity","TheBeyond","TheEnding"],"potions_floor_usage":[55],"damage_taken":[{"damage":0.0,"enemies":"Small Slimes","floor":1.0,"turns":3.0},{"damage":2.0,"enemies":"2 Louse","floor":2.0,"turns":3.0},{"damage":1.0,"enemies":"Jaw Worm","floor":3.0,"turns":3.0},{"damage":9.0,"enemies":"2 Fungi Beasts","floor":5.0,"turns":2.0},{"damage":8.0,"enemies":"Lots of Slimes","floor":7.0,"turns":4.0},{"damage":15.0,"enemies":"Gremlin Nob","floor":8.0,"turns":4.0},{"damage":0.0,"enemies":"Exordium Wildlife","floor":11.0,"turns":1.0},{"damage":0.0,"enemies":"2 Fungi Beasts","floor":14.0,"turns":2.0},{"damage":10.0,"enemies":"Slime Boss","floor":16.0,"turns":10.0},{"damage":0.0,"enemies":"Shell Parasite","floor":18.0,"turns":3.0},{"damage":1.0,"enemies":"2 Thieves","floor":20.0,"turns":4.0},{"damage":13.0,"enemies":"Centurion and Healer","floor":21.0,"turns":3.0},{"damage":6.0,"enemies":"Snecko","floor":22.0,"turns":3.0},{"damage":0.0,"enemies":"Book of Stabbing","floor":24.0,"turns":4.0},{"damage":2.0,"enemies":"Snake Plant","floor":25.0,"turns":4.0},{"damage":0.0,"enemies":"Gremlin Leader","floor":27.0,"turns":6.0},{"damage":0.0,"enemies":"Slavers","floor":29.0,"turns":2.0},{"damage":0.0,"enemies":"Chosen and Byrds","floor":30.0,"turns":6.0},{"damage":0.0,"enemies":"Book of Stabbing","floor":31.0,"turns":3.0},{"damage":0.0,"enemies":"Collector","floor":33.0,"turns":3.0},{"damage":0.0,"enemies":"3 Shapes","floor":35.0,"turns":2.0},{"damage":0.0,"enemies":"Mind Bloom Boss Battle","floor":36.0,"turns":5.0},{"damage":0.0,"enemies":"3 Darklings","floor":37.0,"turns":2.0},{"damage":4.0,"enemies":"Jaw Worm Horde","floor":38.0,"turns":2.0},{"damage":0.0,"enemies":"Maw","floor":39.0,"turns":3.0},{"damage":0.0,"enemies":"2 Orb Walkers","floor":41.0,"turns":4.0},{"damage":13.0,"enemies":"Nemesis","floor":44.0,"turns":3.0},{"damage":0.0,"enemies":"Giant Head","floor":46.0,"turns":4.0},{"damage":0.0,"enemies":"Sphere and 2 Shapes","floor":48.0,"turns":3.0},{"damage":0.0,"enemies":"Time Eater","floor":50.0,"turns":5.0},{"damage":0.0,"enemies":"Shield and Spear","floor":54.0,"turns":7.0},{"damage":0,"enemies":"The Heart","floor":55,"turns":7}],"seed_played":"3722118129310139871","potions_obtained":[{"floor":2.0,"key":"EssenceOfSteel"},{"floor":3.0,"key":"EssenceOfSteel"},{"floor":7.0,"key":"Strength Potion"},{"floor":21.0,"key":"DistilledChaos"},{"floor":22.0,"key":"DistilledChaos"},{"floor":25.0,"key":"CultistPotion"}],"is_trial":false,"path_per_floor":["M","M","M","?","M","R","M","?","T","R","M","$","R","M","R","B",null,"M","?","M","M","M","R","E","M","T","E","R","E","M","E","R","B",null,"M","?","M","M","M","R","?","?","T","E","$","E","R","M","R","B",null,"R","$","E","B",null],"character_chosen":"DEFECT","items_purchased":["AT_StudyProgram","DollysMirror","Pantograph","Master of Strategy"],"campfire_rested":1,"item_purchase_floors":[12,45,45,53],"current_hp_per_floor":[75,73,72,65,56,56,48,33,33,33,33,33,33,33,55,45,75,75,75,74,68,62,62,69,74,74,75,75,75,75,75,75,75,75,75,75,75,71,75,75,75,75,75,62,75,75,75,75,75,75,75,75,75,75,75],"gold":911,"neow_bonus":"REMOVE_CARD","is_daily":false,"chose_seed":false,"campfire_upgraded":5,"win_rate":0.0,"timestamp":1613720119,"path_taken":["M","M","M","?","M","R","M","?","T","R","M","?","R","M","R","BOSS","M","?","M","?","M","R","E","M","T","E","R","E","M","E","R","BOSS","M","?","M","M","M","R","?","?","T","E","$","E","R","M","R","BOSS","R","$","E","BOSS"],"items_purchased_type":["Card","Relic","Relic","Card"],"build_version":"2020-12-22","purchased_purges":1,"victory":true,"max_hp_per_floor":[75,75,75,75,75,75,75,75,75,75,75,75,75,75,75,75,75,75,75,75,75,75,75,75,75,75,75,75,75,75,75,75,75,75,75,75,75,75,75,75,75,75,75,75,75,75,75,75,75,75,75,75,75,75,75],"card_choices":[{"not_picked":["Melter","Go for the Eyes","Coolheaded"],"picked":"SKIP","floor":1.0},{"not_picked":["Fusion","Beam Cell","Hello World"],"picked":"SKIP","floor":2.0},{"not_picked":["AT_HeatAcrobatics","Rebound"],"picked":"Leap","floor":3.0},{"not_picked":["Compile Driver","Darkness","Doom and Gloom"],"picked":"SKIP","floor":5.0},{"not_picked":["Heatsinks","Hologram"],"picked":"Rebound","floor":7.0},{"not_picked":["Streamline","Steam"],"picked":"Seek","floor":11.0},{"not_picked":["Redo","Recycle"],"picked":"Leap","floor":14.0},{"not_picked":["Biased Cognition","All For One"],"picked":"AT_RightCognition","floor":16.0},{"not_picked":["Compile Driver","Glacier"],"picked":"Self Repair","floor":18.0},{"not_picked":["Redo","Beam Cell+1","AT_WarpDrive"],"picked":"SKIP","floor":20.0},{"not_picked":["Stack","Coolheaded","Streamline"],"picked":"SKIP","floor":21.0},{"not_picked":["Redo","Streamline"],"picked":"Skim","floor":22.0},{"not_picked":["Self Repair","Streamline"],"picked":"Defragment","floor":24.0},{"not_picked":["Meteor Strike","Streamline","Beam Cell"],"picked":"SKIP","floor":25.0},{"not_picked":["Compile Driver+1","Ball Lightning"],"picked":"AT_RobotInSpace","floor":27.0},{"not_picked":["Gash","Storm","Redo"],"picked":"SKIP","floor":29.0},{"not_picked":["Leap","Redo","Go for the Eyes"],"picked":"SKIP","floor":30.0},{"not_picked":["REME_Shoggoth","Ball Lightning"],"picked":"Conserve Battery+1","floor":31.0},{"not_picked":["Glacier","AT_ThunderBolt","Loop"],"picked":"SKIP","floor":35.0},{"not_picked":["Stack","Barrage"],"picked":"Leap+1","floor":36.0},{"not_picked":["Leap+1","Scrape","Ball Lightning"],"picked":"SKIP","floor":37.0},{"not_picked":["Scrape+1","Static Discharge","Coolheaded"],"picked":"SKIP","floor":38.0},{"not_picked":["Turbo","AT_HeatAcrobatics","Sweeping Beam"],"picked":"SKIP","floor":39.0},{"not_picked":["AT_HeatAcrobatics","Redo+1"],"picked":"Chill","floor":41.0},{"not_picked":["Self Repair+1","AT_RobotInSpace"],"picked":"Creative AI","floor":44.0},{"not_picked":["Turbo+1","Steam Power+1"],"picked":"Skim+1","floor":46.0},{"not_picked":["Hologram+1","Barrage"],"picked":"Defragment","floor":48.0},{"not_picked":["Chill+1","Consume+1","AT_HeatAcrobatics","Chaos","Leap+1"],"picked":"SKIP","floor":54.0}],"player_experience":218696,"relics_obtained":[{"floor":9.0,"key":"Bag of Preparation"},{"floor":24.0,"key":"Centennial Puzzle"},{"floor":27.0,"key":"Orichalcum"},{"floor":29.0,"key":"Tiny Chest"},{"floor":31.0,"key":"AT_BellowingDragoncrestRing"},{"floor":36.0,"key":"Peace Pipe"},{"floor":41.0,"key":"AT_TheCollector"},{"floor":43.0,"key":"War Paint"},{"floor":44.0,"key":"MealTicket"},{"floor":46.0,"key":"Letter Opener"},{"floor":54.0,"key":"AT_RedTearstoneRing"}],"event_choices":[{"cards_removed":["Strike_B"],"damage_healed":0.0,"max_hp_gain":0.0,"max_hp_loss":0.0,"gold_gain":0.0,"event_name":"Golden Wing","player_choice":"Card Removal","floor":4.0,"gold_loss":0.0,"damage_taken":7.0},{"damage_healed":0.0,"max_hp_gain":0.0,"max_hp_loss":0.0,"gold_gain":0.0,"event_name":"Dead Adventurer","player_choice":"Searched \u00272\u0027 times","floor":8.0,"gold_loss":0.0,"damage_taken":0.0,"relics_obtained":["Anchor"]},{"damage_healed":0.0,"max_hp_gain":0.0,"max_hp_loss":0.0,"gold_gain":0.0,"event_name":"FaceTrader","player_choice":"Trade","floor":19.0,"gold_loss":0.0,"damage_taken":0.0,"relics_obtained":["CultistMask"]},{"damage_healed":0.0,"max_hp_gain":0.0,"max_hp_loss":0.0,"gold_gain":0.0,"event_name":"MindBloom","player_choice":"Fight","floor":36.0,"gold_loss":0.0,"damage_taken":0.0},{"damage_healed":0.0,"max_hp_gain":0.0,"max_hp_loss":0.0,"gold_gain":0.0,"event_name":"Mysterious Sphere","player_choice":"Fight","floor":41.0,"gold_loss":0.0,"damage_taken":0.0},{"cards_removed":["Self Repair"],"damage_healed":0.0,"max_hp_gain":0.0,"max_hp_loss":0.0,"gold_gain":0.0,"event_name":"Falling","player_choice":"Removed Power","floor":42.0,"gold_loss":0.0,"damage_taken":0.0}],"is_beta":false,"boss_relics":[{"not_picked":["Coffee Dripper","REME_DemonsWealth"],"picked":"AT_MortalBlade"},{"not_picked":["Cursed Key","Snecko Eye"],"picked":"Nuclear Battery"}],"items_purged_floors":[12],"is_endless":false,"potions_floor_spawned":[2,3,7,14,21,22,25,33,35,41,46,48],"ascension_level":0}}