{"host":"nukjzc0ca34w6eem","time":1613723452,"event":{"mods":["2.2 Compatiblity","AchievementEnabler","BaseMod","Colored Powertips","Downfall","Minty Spire (QoL Compilation)","StSLib"],"gold_per_floor":[99,99,99,99,118,136,136,136,8,34,63,74,107,124,144,246,246,246,256,256,341,353,353,353,141,341,341,66,66,66,66],"floor_reached":29,"language":"ENG","playtime":2023,"items_purged":["hexamod:Strike","hexamod:Defend","downfall:Icky"],"score":286,"play_id":"9420ab55-c1be-4141-bb3f-878f196fc3f1","local_time":"20210219003052","is_ascension_mode":true,"campfire_choices":[{"data":"hexamod:Float","floor":1.0,"key":"SMITH"},{"floor":8,"key":"REST"},{"data":"hexamod:FastForward","floor":18,"key":"SMITH"},{"floor":23,"key":"RECALL"}],"circlet_count":0,"master_deck":["hexamod:Strike","hexamod:Strike","hexamod:Defend","hexamod:Defend","hexamod:Sear","hexamod:Float+1","hexamod:RadiantFlame","hexamod:SoulSteal","hexamod:HauntingEcho","hexamod:BurningTouch","hexamod:FastForward+1","hexamod:StepThrough","hexamod:HeatMetal","hexamod:ShieldOfDarkness","hexamod:WildfireWeapon","hexamod:EmpoweredFlame","hexamod:ExtraCrispy","hexamod:SpectralSpark"],"relics":["hexamod:SpiritBrand","downfall:HeartsMalice","Vajra","Blood Vial","Centennial Puzzle","The Courier","bronze:MakeshiftBattery","Shuriken","Membership Card"],"acts_visited":["Exordium","TheCity"],"potions_floor_usage":[13,16,19,28,28],"damage_taken":[{"damage":0.0,"enemies":"Cultist","floor":2.0,"turns":1.0},{"damage":0.0,"enemies":"Small Slimes","floor":3.0,"turns":1.0},{"damage":0.0,"enemies":"Jaw Worm","floor":4.0,"turns":1.0},{"damage":11,"enemies":"Blue Slaver","floor":5,"turns":3},{"damage":23,"enemies":"3 Louse","floor":6,"turns":4},{"damage":0,"enemies":"downfall:FleeingMerchant","floor":9,"turns":4},{"damage":20,"enemies":"Lagavulin","floor":11,"turns":6},{"damage":6,"enemies":"Lots of Slimes","floor":12,"turns":3},{"damage":6,"enemies":"Gremlin Nob","floor":13,"turns":3},{"damage":0,"enemies":"Large Slime","floor":14,"turns":5},{"damage":9,"enemies":"Red Slaver","floor":15,"turns":3},{"damage":7,"enemies":"SI_SHIV_ARCHETYPE","floor":16,"turns":6},{"damage":9,"enemies":"Shell Parasite","floor":19,"turns":4},{"damage":5,"enemies":"Spheric Guardian","floor":22,"turns":4},{"damage":10,"enemies":"downfall:FleeingMerchant","floor":25,"turns":4},{"damage":3,"enemies":"downfall:FleeingMerchant","floor":28,"turns":4},{"damage":39,"enemies":"Book of Stabbing","floor":29,"turns":4}],"seed_played":"-7483806237310751498","potions_obtained":[{"floor":6,"key":"Energy Potion"},{"floor":11,"key":"EssenceOfSteel"},{"floor":12,"key":"Explosive Potion"},{"floor":15,"key":"DuplicationPotion"},{"floor":16,"key":"Explosive Potion"},{"floor":19,"key":"SneckoOil"}],"is_trial":false,"path_per_floor":["R","M","M","M","M","M","T","R","$","T","E","M","E","M","M","B",null,"R","M","?","?","M","R","T","$","?","?","$","E"],"character_chosen":"THE_SPIRIT","items_purchased":["hexamod:StepThrough","hexamod:EmpoweredFlame","hexamod:ExtraCrispy","Membership Card","hexamod:SpectralSpark","Fruit Juice"],"campfire_rested":1,"item_purchase_floors":[9,25,25,28,28,28],"current_hp_per_floor":[70,70,70,70,59,36,36,57,57,57,39,35,31,33,26,21,58,58,51,51,37,34,34,34,26,26,26,30,0,0,0],"gold":66,"neow_bonus":"THREE_ENEMY_KILL","is_daily":false,"chose_seed":false,"campfire_upgraded":2,"win_rate":0.0,"timestamp":1613723452,"path_taken":["R","M","M","M","M","M","T","R","$","?","E","M","E","M","M","BOSS","R","M","?","?","M","R","T","$","?","?","$","E"],"items_purchased_type":["Card","Card","Card","Relic","Card","Potion"],"build_version":"2020-12-22","purchased_purges":3,"victory":false,"max_hp_per_floor":[70,70,70,70,70,70,70,70,70,70,70,70,70,70,70,70,70,70,70,70,70,70,70,70,70,70,70,75,75,75,75],"card_choices":[{"not_picked":["hexamod:SkipABeat","hexamod:PhantomFireball"],"picked":"hexamod:RadiantFlame","floor":2.0},{"not_picked":["hexamod:ThermalTransfer","hexamod:RecurringNightmare"],"picked":"hexamod:SoulSteal","floor":3.0},{"not_picked":["hexamod:Firestarter","hexamod:NightmareGuise"],"picked":"hexamod:HauntingEcho","floor":4.0},{"not_picked":["hexamod:Again","hexamod:HexaLevel"],"picked":"hexamod:BurningTouch","floor":5},{"not_picked":["hexamod:DynamicBlow","hexamod:HauntingEcho","hexamod:SwordOfDarkness"],"picked":"SKIP","floor":6},{"not_picked":["hexamod:ApocalypseNow","hexamod:Incineration"],"picked":"hexamod:FastForward","floor":9},{"not_picked":["hexamod:NightmareStrike","hexamod:Firestarter"],"picked":"hexamod:HeatMetal","floor":11},{"not_picked":["hexamod:HauntingEcho","hexamod:BurningTouch"],"picked":"hexamod:ShieldOfDarkness","floor":12},{"not_picked":["hexamod:RetreatToShadows","hexamod:GhostShield","hexamod:SpectersWail"],"picked":"SKIP","floor":13},{"not_picked":["hexamod:GhostflameBarrier","hexamod:NightmareGuise","hexamod:BurningTouch"],"picked":"SKIP","floor":14},{"not_picked":["hexamod:RetreatToShadows","hexamod:SpectersWail","hexamod:RecurringNightmare"],"picked":"SKIP","floor":15},{"not_picked":["hexamod:GhostflameInferno","hexamod:ParanormalForm"],"picked":"hexamod:WildfireWeapon","floor":16},{"not_picked":["hexamod:AdvancingGuard","hexamod:SecondSeal","hexamod:ThermalTransfer"],"picked":"SKIP","floor":19},{"not_picked":["hexamod:SpectersWail","hexamod:BacktrackSmack","hexamod:NightmareGuise"],"picked":"SKIP","floor":22},{"not_picked":["hexamod:GhostflameBarrier","hexamod:TurnItUp","hexamod:SwordOfDarkness"],"picked":"SKIP","floor":25},{"not_picked":["hexamod:NightmareStrike","hexamod:PhantomCloak","hexamod:GhostLash"],"picked":"SKIP","floor":28}],"player_experience":551072,"relics_obtained":[{"floor":7,"key":"Vajra"},{"floor":10,"key":"Blood Vial"},{"floor":11,"key":"Centennial Puzzle"},{"floor":13,"key":"The Courier"},{"floor":24,"key":"Shuriken"}],"event_choices":[],"is_beta":false,"boss_relics":[{"not_picked":["Snecko Eye","Pandora\u0027s Box"],"picked":"bronze:MakeshiftBattery"}],"items_purged_floors":[9,25,28],"is_endless":false,"potions_floor_spawned":[6,11,12,15,16,19],"killed_by":"Book of Stabbing","ascension_level":5}}