{"host":"ronyeowk3fr4dw6n","time":1613710268,"event":{"mods":["AchievementEnabler","BaseMod","Bestiary","Better Note","DeckTracker","Minty Spire (QoL Compilation)","Permanent Neow","Quick Restart","Relic Stats","StSLib","SuperFastMode"],"gold_per_floor":[111,111,121,132,142,142,167,21,21,46,64,94,129,129,129,227,227,152,152,50,50,50,50,50,50,50,50,50,50,50,50,50,50,50,50,50,50,50,50,50,20,20,20,20,20,20,20,20,20,20],"floor_reached":51,"language":"ENG","playtime":4958,"items_purged":["Strike_B"],"score":1201,"play_id":"c3c05fe1-b7cd-4fd2-a8b9-8f3c4ce54da4","local_time":"20210219115108","is_ascension_mode":true,"campfire_choices":[{"data":"Cold Snap","floor":6.0,"key":"SMITH"},{"data":"Loop","floor":15.0,"key":"SMITH"},{"data":"Coolheaded","floor":23.0,"key":"SMITH"},{"data":"Go for the Eyes","floor":25.0,"key":"SMITH"},{"data":"Fission","floor":29.0,"key":"SMITH"},{"data":"Chill","floor":32.0,"key":"SMITH"},{"data":"Biased Cognition","floor":40,"key":"SMITH"},{"data":"Defragment","floor":46,"key":"SMITH"},{"data":"Hologram","floor":49,"key":"SMITH"}],"circlet_count":0,"master_deck":["Strike_B","Strike_B","Strike_B","Defend_B","Defend_B","Defend_B+1","Defend_B","Zap","Dualcast","Cold Snap+1","Rebound","Glacier","Chill+1","Consume+1","Loop+1","Compile Driver","Cold Snap","Sweeping Beam","Echo Form","Go for the Eyes+1","Coolheaded+1","Hologram+1","Fission+1","Ball Lightning+1","Biased Cognition+1","Static Discharge+1","Reinforced Body+1","Defragment+1","Barrage+1","Echo Form","White Noise+1"],"relics":["Inserter","HornCleat","Ornamental Fan","Kunai","Oddly Smooth Stone","War Paint","Unceasing Top","Ectoplasm","CeramicFish","Blood Vial","Ginger","The Courier","Snecko Eye","Ancient Tea Set","Dream Catcher"],"acts_visited":["Exordium","TheCity","TheBeyond"],"potions_floor_usage":[48,50,50],"damage_taken":[{"damage":1.0,"enemies":"Cultist","floor":1.0,"turns":4.0},{"damage":5.0,"enemies":"Small Slimes","floor":3.0,"turns":4.0},{"damage":6.0,"enemies":"2 Louse","floor":4.0,"turns":3.0},{"damage":2.0,"enemies":"Blue Slaver","floor":5.0,"turns":5.0},{"damage":15.0,"enemies":"Gremlin Nob","floor":7.0,"turns":4.0},{"damage":5.0,"enemies":"3 Sentries","floor":10.0,"turns":8.0},{"damage":0.0,"enemies":"Exordium Thugs","floor":11.0,"turns":6.0},{"damage":0.0,"enemies":"Lagavulin","floor":13.0,"turns":8.0},{"damage":0.0,"enemies":"The Guardian","floor":16.0,"turns":10.0},{"damage":0.0,"enemies":"2 Thieves","floor":18.0,"turns":5.0},{"damage":1.0,"enemies":"Shell Parasite","floor":19.0,"turns":7.0},{"damage":0.0,"enemies":"Snecko","floor":21.0,"turns":7.0},{"damage":2.0,"enemies":"Book of Stabbing","floor":24.0,"turns":8.0},{"damage":9.0,"enemies":"Slavers","floor":27.0,"turns":9.0},{"damage":10.0,"enemies":"Snake Plant","floor":30.0,"turns":6.0},{"damage":11.0,"enemies":"Gremlin Leader","floor":31.0,"turns":8.0},{"damage":0.0,"enemies":"Automaton","floor":33.0,"turns":14.0},{"damage":0.0,"enemies":"Orb Walker","floor":35.0,"turns":4.0},{"damage":3,"enemies":"3 Darklings","floor":37,"turns":9},{"damage":0,"enemies":"4 Shapes","floor":39,"turns":7},{"damage":4,"enemies":"Writhing Mass","floor":42,"turns":10},{"damage":4,"enemies":"Nemesis","floor":44,"turns":9},{"damage":8,"enemies":"Reptomancer","floor":47,"turns":8},{"damage":1,"enemies":"Transient","floor":48,"turns":5},{"damage":28,"enemies":"Donu and Deca","floor":50,"turns":11}],"seed_played":"7983079361686441429","potions_obtained":[{"floor":1.0,"key":"FearPotion"},{"floor":3.0,"key":"EssenceOfDarkness"},{"floor":5.0,"key":"Block Potion"},{"floor":11.0,"key":"PowerPotion"},{"floor":13.0,"key":"PotionOfCapacity"},{"floor":16.0,"key":"ColorlessPotion"},{"floor":19.0,"key":"Fire Potion"},{"floor":21.0,"key":"SkillPotion"},{"floor":33.0,"key":"Dexterity Potion"},{"floor":36.0,"key":"Swift Potion"},{"floor":37,"key":"FocusPotion"},{"floor":48,"key":"SneckoOil"}],"is_trial":false,"path_per_floor":["M","?","M","M","M","R","E","$","T","E","M","?","E","?","R","B",null,"M","M","$","M","?","R","E","R","T","E","?","R","M","E","R","B",null,"M","?","M","?","M","R","$","M","T","E","$","R","E","M","R","B",null],"character_chosen":"DEFECT","items_purchased":["Consume","Loop","Coolheaded","Defragment"],"campfire_rested":0,"item_purchase_floors":[8,8,20,41],"current_hp_per_floor":[67,67,62,56,54,54,39,39,39,34,34,34,34,27,27,27,63,63,62,62,62,62,62,60,60,60,53,53,53,45,36,36,38,66,68,68,67,67,69,69,69,67,67,65,65,65,59,60,60,34],"gold":20,"neow_bonus":"BOSS_RELIC","is_daily":false,"chose_seed":false,"campfire_upgraded":9,"win_rate":0.0,"timestamp":1613710268,"path_taken":["M","?","M","M","M","R","E","$","T","E","M","?","E","?","R","BOSS","M","M","$","M","?","R","E","R","T","E","?","R","?","E","R","BOSS","M","?","?","?","M","R","?","M","T","E","$","R","E","M","R","BOSS"],"items_purchased_type":["Card","Card","Card","Card"],"build_version":"2020-12-22","purchased_purges":1,"victory":true,"max_hp_per_floor":[75,75,75,75,75,75,75,75,75,75,75,75,75,75,75,75,75,75,75,75,75,75,75,75,75,75,75,75,75,75,75,75,75,75,75,75,75,71,71,71,71,71,71,71,71,71,71,71,71,71],"relic_stats":{"Inserter":[89],"counters":[25,177],"CeramicFish":0,"Ginger":[11],"War Paint":["Defend_B","Consume"],"Blood Vial":24,"Dream Catcher":0,"Ornamental Fan":[252],"Snecko Eye":[112,112,116,119],"Ectoplasm":594,"Kunai":[63],"obtain_stats":[{"Inserter":0,"CeramicFish":24,"Oddly Smooth Stone":12,"The Courier":31,"Ginger":27,"War Paint":13,"Ancient Tea Set":44,"Blood Vial":26,"Dream Catcher":47,"HornCleat":7,"Ornamental Fan":9,"Snecko Eye":34,"Ectoplasm":17,"Kunai":10,"Cracked Core":0,"Unceasing Top":14},{"Inserter":0,"CeramicFish":13,"Oddly Smooth Stone":7,"The Courier":16,"Ginger":14,"War Paint":8,"Ancient Tea Set":22,"Blood Vial":13,"Dream Catcher":23,"HornCleat":5,"Ornamental Fan":5,"Snecko Eye":17,"Ectoplasm":9,"Kunai":6,"Cracked Core":0,"Unceasing Top":8},{"Inserter":0,"CeramicFish":78,"Oddly Smooth Stone":34,"The Courier":101,"Ginger":87,"War Paint":42,"Ancient Tea Set":153,"Blood Vial":78,"Dream Catcher":161,"HornCleat":20,"Ornamental Fan":20,"Snecko Eye":115,"Ectoplasm":52,"Kunai":28,"Cracked Core":0,"Unceasing Top":42}],"Unceasing Top":[3]},"card_choices":[{"not_picked":["Force Field","Rebound"],"picked":"Cold Snap","floor":1.0},{"not_picked":["Gash","Redo","Steam"],"picked":"SKIP","floor":3.0},{"not_picked":["Stack","Aggregate"],"picked":"Rebound","floor":4.0},{"not_picked":["Coolheaded","Steam"],"picked":"Glacier","floor":5.0},{"not_picked":["Lockon","Gash"],"picked":"Chill","floor":7.0},{"not_picked":["White Noise","Cold Snap"],"picked":"Compile Driver","floor":10.0},{"not_picked":["Conserve Battery","All For One"],"picked":"Cold Snap","floor":11.0},{"not_picked":["Rebound","Redo"],"picked":"Sweeping Beam","floor":13.0},{"not_picked":["Amplify","Core Surge"],"picked":"Echo Form","floor":16.0},{"not_picked":["Auto Shields","Chill","Conserve Battery+1"],"picked":"SKIP","floor":18.0},{"not_picked":["Streamline","Beam Cell"],"picked":"Go for the Eyes","floor":19.0},{"not_picked":["Chaos","Cold Snap","Rebound"],"picked":"SKIP","floor":21.0},{"not_picked":["Conserve Battery","Gash","Double Energy+1"],"picked":"SKIP","floor":24.0},{"not_picked":["Scrape","Storm"],"picked":"Hologram","floor":27.0},{"not_picked":["Gash","Coolheaded"],"picked":"Ball Lightning+1","floor":30.0},{"not_picked":["Reprogram","Meteor Strike","Beam Cell"],"picked":"SKIP","floor":31.0},{"not_picked":["Meteor Strike","Hyperbeam"],"picked":"Biased Cognition","floor":33.0},{"not_picked":["Melter+1","Darkness+1"],"picked":"Static Discharge+1","floor":35.0},{"not_picked":["Cold Snap","Sweeping Beam","Rip and Tear"],"picked":"SKIP","floor":37},{"not_picked":["Static Discharge+1","Ball Lightning+1"],"picked":"Reinforced Body+1","floor":39},{"not_picked":["Doom and Gloom","Scrape+1"],"picked":"Barrage+1","floor":42},{"not_picked":["Force Field+1","Go for the Eyes","Steam"],"picked":"SKIP","floor":44},{"not_picked":["Melter","Chill"],"picked":"Echo Form","floor":47},{"not_picked":["Compile Driver","Static Discharge"],"picked":"White Noise+1","floor":48}],"player_experience":239337,"relics_obtained":[{"floor":7.0,"key":"HornCleat"},{"floor":9.0,"key":"Ornamental Fan"},{"floor":10.0,"key":"Kunai"},{"floor":13.0,"key":"War Paint"},{"floor":24.0,"key":"CeramicFish"},{"floor":26.0,"key":"Blood Vial"},{"floor":27.0,"key":"Ginger"},{"floor":31.0,"key":"The Courier"},{"floor":44,"key":"Ancient Tea Set"},{"floor":47,"key":"Dream Catcher"}],"event_choices":[{"damage_healed":0.0,"max_hp_gain":0.0,"max_hp_loss":0.0,"gold_gain":0.0,"event_name":"Liars Game","player_choice":"Ignored","floor":2.0,"gold_loss":0.0,"damage_taken":0.0},{"damage_healed":0.0,"max_hp_gain":0.0,"max_hp_loss":0.0,"gold_gain":30.0,"event_name":"Dead Adventurer","player_choice":"Searched \u00273\u0027 times","floor":12.0,"gold_loss":0.0,"damage_taken":0.0,"relics_obtained":["Oddly Smooth Stone"]},{"damage_healed":0.0,"max_hp_gain":0.0,"max_hp_loss":0.0,"gold_gain":0.0,"event_name":"Scrap Ooze","player_choice":"Success","floor":14.0,"gold_loss":0.0,"damage_taken":7.0,"relics_obtained":["Unceasing Top"]},{"cards_removed":["Loop"],"damage_healed":0.0,"max_hp_gain":0.0,"max_hp_loss":0.0,"gold_gain":0.0,"event_name":"betterNote:BetterNote","player_choice":"Give","floor":22.0,"gold_loss":0.0,"damage_taken":0.0,"cards_obtained":["Strike_R"]},{"damage_healed":0.0,"max_hp_gain":0.0,"max_hp_loss":0.0,"gold_gain":0.0,"event_name":"Match and Keep!","player_choice":"1 cards matched","floor":28.0,"gold_loss":0.0,"damage_taken":0.0,"cards_obtained":["Fission"]},{"damage_healed":0.0,"max_hp_gain":0.0,"max_hp_loss":0.0,"gold_gain":0.0,"event_name":"Lab","player_choice":"Got Potions","floor":36.0,"gold_loss":0.0,"damage_taken":0.0},{"damage_healed":0,"gold_gain":0,"player_choice":"Max HP","damage_taken":0,"max_hp_gain":0,"max_hp_loss":4,"event_name":"Winding Halls","floor":38,"gold_loss":0}],"is_beta":false,"boss_relics":[{"not_picked":["SlaversCollar","Astrolabe"],"picked":"Ectoplasm"},{"not_picked":["Tiny House","SacredBark"],"picked":"Snecko Eye"}],"items_purged_floors":[20],"is_endless":false,"potions_floor_spawned":[1,3,5,11,13,16,19,21,27,33,37,44,48],"ascension_level":8}}