{"host":"swavyr4ofmkhu42f","time":1613707849,"event":{"mods":["BaseMod","Colored Map","Googly Eyes","Minty Spire (QoL Compilation)","StSLib","everything is the same but u backflip on backflip"],"gold_per_floor":[113,127,146,159,159,159,171,33,60,60,70,70,88,8,8,8,8],"floor_reached":16,"language":"ENG","playtime":616,"items_purged":[],"score":132,"play_id":"d3a911ae-3b20-49f5-8e4d-adfa4e049321","local_time":"20210218231049","is_ascension_mode":true,"campfire_choices":[{"data":"Neutralize","floor":6,"key":"SMITH"},{"data":"Storm of Steel","floor":10,"key":"SMITH"},{"data":"Blade Dance","floor":15,"key":"SMITH"}],"circlet_count":0,"master_deck":["Strike_G","Strike_G","Strike_G","Strike_G","Defend_G","Defend_G","Defend_G","Defend_G","Defend_G","Survivor","Neutralize+1","Outmaneuver","Slice","Storm of Steel+1","Venomology","Blade Dance+1","Backstab"],"relics":["Ring of the Snake","Orichalcum","Toy Ornithopter"],"acts_visited":["Exordium"],"potions_floor_usage":[3,4,11,13,13,16,16],"damage_taken":[{"damage":0,"enemies":"Small Slimes","floor":1,"turns":5},{"damage":0,"enemies":"Cultist","floor":2,"turns":4},{"damage":0,"enemies":"2 Louse","floor":3,"turns":3},{"damage":5,"enemies":"Red Slaver","floor":4,"turns":5},{"damage":40,"enemies":"Lots of Slimes","floor":7,"turns":9},{"damage":1,"enemies":"Gremlin Gang","floor":11,"turns":3},{"damage":7,"enemies":"2 Fungi Beasts","floor":13,"turns":5},{"damage":31,"enemies":"Hexaghost","floor":16,"turns":11}],"seed_played":"3529711259329441745","potions_obtained":[{"floor":1,"key":"DistilledChaos"},{"floor":3,"key":"ColorlessPotion"},{"floor":7,"key":"Strength Potion"},{"floor":11,"key":"AttackPotion"},{"floor":13,"key":"Explosive Potion"}],"is_trial":false,"path_per_floor":["M","M","M","M","?","R","M","$","T","R","M","$","M","$","R","B"],"character_chosen":"THE_SILENT","items_purchased":["Storm of Steel","Backstab"],"campfire_rested":0,"item_purchase_floors":[8,14],"current_hp_per_floor":[63,63,63,58,58,58,18,18,18,18,22,22,25,25,25,4,4],"gold":8,"neow_bonus":"RANDOM_COMMON_RELIC","is_daily":false,"chose_seed":false,"campfire_upgraded":3,"win_rate":0.0,"timestamp":1613707849,"path_taken":["M","M","M","M","?","R","M","$","T","R","M","?","M","$","R","BOSS"],"items_purchased_type":["Card","Card"],"build_version":"2020-12-22","purchased_purges":0,"victory":false,"max_hp_per_floor":[70,70,70,70,70,70,70,70,70,70,70,70,70,70,70,70,70],"card_choices":[{"not_picked":["Well Laid Plans","Deflect","Quick Slash"],"picked":"SKIP","floor":1},{"not_picked":["All Out Attack","Distraction","Acrobatics"],"picked":"SKIP","floor":2},{"not_picked":["Dagger Throw","Acrobatics","All Out Attack"],"picked":"SKIP","floor":3},{"not_picked":["Concentrate","Bane"],"picked":"Outmaneuver","floor":4},{"not_picked":["Flying Knee","Underhanded Strike"],"picked":"Slice","floor":7},{"not_picked":["Quick Slash","Dagger Spray"],"picked":"Venomology","floor":11},{"not_picked":["Prepared","Dagger Throw"],"picked":"Blade Dance","floor":13}],"player_experience":216326,"relics_obtained":[{"floor":9,"key":"Toy Ornithopter"}],"event_choices":[{"cards_removed":["Strike_G"],"damage_healed":0,"gold_gain":0,"player_choice":"Purged","damage_taken":0,"max_hp_gain":0,"max_hp_loss":0,"event_name":"Purifier","floor":5,"gold_loss":0}],"is_beta":false,"boss_relics":[],"items_purged_floors":[],"is_endless":false,"potions_floor_spawned":[1,3,7,11,13],"killed_by":"Hexaghost","ascension_level":8}}