{"host":"7cp3z5w0tcrrm8ys","time":1613716152,"event":{"mods":["AchievementEnabler","BaseMod","DeckTracker","Minty Spire (QoL Compilation)","StSLib","SuperFastMode"],"gold_per_floor":[14,26,40,52,62,95,95,109,109,109,128,128,158,176,176,176,176],"floor_reached":16,"language":"KOR","playtime":468,"items_purged":[],"score":232,"play_id":"d18ff0d8-527d-4712-83bd-cba632997db1","local_time":"20210219152912","is_ascension_mode":true,"campfire_choices":[{"data":"Bash","floor":7,"key":"SMITH"},{"data":"Clothesline","floor":12,"key":"SMITH"},{"data":"Anger","floor":15,"key":"SMITH"}],"circlet_count":0,"master_deck":["AscendersBane","Strike_R","Strike_R","Strike_R","Strike_R","Defend_R","Defend_R","Defend_R","Defend_R","Bash+1","Sever Soul","Cleave","Clash","Anger+1","Sentinel","Clothesline+1","Power Through"],"relics":["Burning Blood","Champion Belt","Centennial Puzzle","Dead Branch"],"acts_visited":["Exordium"],"potions_floor_usage":[4,6,13,16],"damage_taken":[{"damage":9,"enemies":"Jaw Worm","floor":1,"turns":6},{"damage":3,"enemies":"2 Louse","floor":2,"turns":3},{"damage":1,"enemies":"Cultist","floor":3,"turns":3},{"damage":15,"enemies":"Gremlin Gang","floor":4,"turns":4},{"damage":26,"enemies":"Exordium Thugs","floor":5,"turns":4},{"damage":10,"enemies":"3 Sentries","floor":6,"turns":5},{"damage":4,"enemies":"Large Slime","floor":8,"turns":3},{"damage":2,"enemies":"Exordium Wildlife","floor":11,"turns":2},{"damage":29,"enemies":"Gremlin Nob","floor":13,"turns":4},{"damage":6,"enemies":"Lots of Slimes","floor":14,"turns":2},{"damage":30,"enemies":"Slime Boss","floor":16,"turns":6}],"seed_played":"2409682906107479975","potions_obtained":[{"floor":1,"key":"ColorlessPotion"},{"floor":3,"key":"CultistPotion"},{"floor":11,"key":"SkillPotion"},{"floor":13,"key":"Dexterity Potion"}],"is_trial":false,"path_per_floor":["M","M","M","M","M","E","R","M","T","?","M","R","E","M","R","B"],"character_chosen":"IRONCLAD","items_purchased":[],"campfire_rested":0,"item_purchase_floors":[],"current_hp_per_floor":[79,82,87,78,58,54,54,56,56,49,53,53,30,30,30,0,0],"gold":176,"neow_bonus":"TWENTY_PERCENT_HP_BONUS","is_daily":false,"chose_seed":false,"campfire_upgraded":3,"win_rate":0.0,"timestamp":1613716152,"path_taken":["M","M","M","M","M","E","R","M","T","?","M","R","E","M","R","BOSS"],"items_purchased_type":[],"build_version":"2020-12-22","purchased_purges":0,"victory":false,"max_hp_per_floor":[89,89,89,89,89,89,89,89,89,89,89,89,89,89,89,89,89],"card_choices":[{"not_picked":["Body Slam","Spot Weakness"],"picked":"Sever Soul","floor":1},{"not_picked":["Battle Trance","Headbutt"],"picked":"Cleave","floor":2},{"not_picked":["Armaments","Rupture"],"picked":"Clash","floor":3},{"not_picked":["Iron Wave","Sword Boomerang","Intimidate"],"picked":"SKIP","floor":4},{"not_picked":["Twin Strike","Perfected Strike"],"picked":"Anger","floor":5},{"not_picked":["Hemokinesis","Fiend Fire"],"picked":"Sentinel","floor":6},{"not_picked":["Heavy Blade","True Grit","Iron Wave"],"picked":"SKIP","floor":8},{"not_picked":["Wild Strike","True Grit"],"picked":"Clothesline","floor":11},{"not_picked":["Reckless Charge","True Grit"],"picked":"Power Through","floor":13},{"not_picked":["Warcry","Berserk","Flex"],"picked":"SKIP","floor":14}],"player_experience":824890,"relics_obtained":[{"floor":6,"key":"Champion Belt"},{"floor":9,"key":"Centennial Puzzle"},{"floor":13,"key":"Dead Branch"}],"event_choices":[{"cards_removed":["Strike_R"],"damage_healed":0,"gold_gain":0,"player_choice":"Card Removal","damage_taken":7,"max_hp_gain":0,"max_hp_loss":0,"event_name":"Golden Wing","floor":10,"gold_loss":0}],"is_beta":false,"boss_relics":[],"items_purged_floors":[],"is_endless":false,"potions_floor_spawned":[1,3,11,13],"killed_by":"Slime Boss","ascension_level":20}}