{"host":"snczp9esof91ppiq","time":1613712027,"event":{"mods":["AchievementEnabler","BaseMod","Better Match","Better Note","Better Sensory Stone","Better Skull","Colored Map","Colored Powertips","Hermit","Minty Spire (QoL Compilation)","Relic Stats","StSLib"],"gold_per_floor":[217,43,93,106,117,117,150,150,150,150,179,179,210,223,223,296,296,296,296],"floor_reached":18,"language":"ENG","playtime":1697,"items_purged":["Strike_B"],"score":320,"play_id":"d4f5a27a-92eb-4488-b7de-5fe4eaab63c2","local_time":"20210218232027","is_ascension_mode":true,"campfire_choices":[{"data":"Fusion","floor":6.0,"key":"SMITH"},{"floor":8.0,"key":"REST"},{"floor":12.0,"key":"REST"},{"floor":15.0,"key":"REST"}],"circlet_count":0,"master_deck":["AscendersBane","Strike_B","Strike_B","Strike_B","Defend_B","Defend_B","Defend_B","Defend_B","Zap","Dualcast","Fusion+1","Loop","Leap","Coolheaded","Redo","Multi-Cast","Auto Shields","Cold Snap","Loop","Biased Cognition"],"relics":["Cracked Core","Question Card","Happy Flower","Kunai","Lantern","SlaversCollar"],"acts_visited":["Exordium","TheCity"],"potions_floor_usage":[],"damage_taken":[{"damage":3.0,"enemies":"Jaw Worm","floor":1.0,"turns":4.0},{"damage":0.0,"enemies":"Cultist","floor":4.0,"turns":4.0},{"damage":1.0,"enemies":"2 Louse","floor":5.0,"turns":2.0},{"damage":25.0,"enemies":"3 Sentries","floor":7.0,"turns":16.0},{"damage":34.0,"enemies":"Gremlin Nob","floor":11.0,"turns":5.0},{"damage":37.0,"enemies":"Lagavulin","floor":13.0,"turns":10.0},{"damage":0.0,"enemies":"2 Fungi Beasts","floor":14.0,"turns":3.0},{"damage":15,"enemies":"The Guardian","floor":16,"turns":19},{"damage":61,"enemies":"Shell Parasite","floor":18,"turns":20}],"seed_played":"-7064202035089355504","potions_obtained":[{"floor":1.0,"key":"AttackPotion"},{"floor":7.0,"key":"PowerPotion"},{"floor":11.0,"key":"Block Potion"}],"is_trial":false,"path_per_floor":["M","$","?","M","M","R","E","R","T","?","E","R","E","M","R","B",null,"M"],"character_chosen":"DEFECT","items_purchased":["Loop","Leap"],"campfire_rested":3,"item_purchase_floors":[2,2],"current_hp_per_floor":[61,61,61,61,60,60,35,56,56,56,22,43,6,6,27,12,56,0,0],"gold":296,"neow_bonus":"HUNDRED_GOLD","is_daily":false,"chose_seed":false,"campfire_upgraded":1,"win_rate":0.0,"timestamp":1613712027,"path_taken":["M","$","?","?","M","R","E","R","T","?","E","R","E","M","R","BOSS","M"],"items_purchased_type":["Card","Card"],"build_version":"2020-12-22","purchased_purges":1,"victory":false,"max_hp_per_floor":[71,71,71,71,71,71,71,71,71,71,71,71,71,71,71,71,71,71,71],"relic_stats":{"Happy Flower":[19],"counters":[9,82],"Kunai":[3],"Question Card":4,"obtain_stats":[{"SlaversCollar":17,"Lantern":13,"Happy Flower":9,"Kunai":11,"Cracked Core":0,"Question Card":7},{"SlaversCollar":8,"Lantern":6,"Happy Flower":4,"Kunai":5,"Cracked Core":0,"Question Card":4},{"SlaversCollar":62,"Lantern":40,"Happy Flower":25,"Kunai":30,"Cracked Core":0,"Question Card":25}]},"card_choices":[{"not_picked":["Steam","Undo"],"picked":"Fusion","floor":1.0},{"not_picked":["Sweeping Beam","Hologram"],"picked":"Coolheaded","floor":4.0},{"not_picked":["Recycle","Rebound"],"picked":"Redo","floor":5.0},{"not_picked":["Go for the Eyes","Coolheaded"],"picked":"Multi-Cast","floor":7.0},{"not_picked":["Turbo","Stack","Fission"],"picked":"Auto Shields","floor":11.0},{"not_picked":["Go for the Eyes","Consume","BootSequence"],"picked":"Cold Snap","floor":13.0},{"not_picked":["Gash","Leap","White Noise"],"picked":"Loop","floor":14.0},{"not_picked":["Fission","All For One","Seek"],"picked":"Biased Cognition","floor":16}],"player_experience":921234,"relics_obtained":[{"floor":7.0,"key":"Question Card"},{"floor":9.0,"key":"Happy Flower"},{"floor":11.0,"key":"Kunai"},{"floor":13.0,"key":"Lantern"}],"event_choices":[{"damage_healed":0.0,"max_hp_gain":0.0,"max_hp_loss":0.0,"gold_gain":50.0,"event_name":"Golden Shrine","player_choice":"Pray","floor":3.0,"gold_loss":0.0,"damage_taken":0.0},{"damage_healed":0.0,"max_hp_gain":0.0,"max_hp_loss":0.0,"gold_gain":0.0,"event_name":"Liars Game","player_choice":"Ignored","floor":10.0,"gold_loss":0.0,"damage_taken":0.0}],"is_beta":false,"boss_relics":[{"not_picked":["Philosopher\u0027s Stone","Ectoplasm"],"picked":"SlaversCollar"}],"items_purged_floors":[2],"is_endless":false,"potions_floor_spawned":[1,7,11],"killed_by":"Shell Parasite","ascension_level":16}}