{"host":"fa35vd3kig5td25x","time":1613766218,"event":{"mods":["BaseMod","Colored Powertips","Minty Spire (QoL Compilation)","Relic Stats","Slay the Relics Exporter"],"gold_per_floor":[113,128,128,146,146,146,174,174,198,210,245,25,52,62,62,139,139,157,157,174,174,188,221,19,19,19,33,33,33,61,71,71,144,144,155,174,11,11,63,95,95,129,154,168,168,27,27,44,44,44,44,44,44,19,45,45,45],"floor_reached":56,"language":"ENG","playtime":2872,"items_purged":["Strike_R"],"score":2201,"play_id":"afedca7f-91df-4b45-8b7d-d5b33ece9518","local_time":"20210219212338","is_ascension_mode":true,"campfire_choices":[{"data":"Bash","floor":6.0,"key":"SMITH"},{"floor":8.0,"key":"REST"},{"data":"Shrug It Off","floor":15,"key":"SMITH"},{"floor":25,"key":"RECALL"},{"floor":28,"key":"REST"},{"floor":32,"key":"REST"},{"floor":41,"key":"REST"},{"floor":49,"key":"REST"},{"floor":53,"key":"REST"}],"circlet_count":0,"master_deck":["AscendersBane","Strike_R+1","Strike_R+1","Defend_R+1","Defend_R+1","Defend_R+1","Defend_R+1","Bash+1","Anger+1","Battle Trance+1","Clothesline+1","Pummel+1","Shrug It Off+1","Whirlwind+1","Shrug It Off+1","Offering+1","J.A.X.+1","Flame Barrier+1","Pummel+1","Dark Embrace+1","Warcry+1","Disarm+1","Impervious+1","Bloodletting+1","Impervious+1","Battle Trance+1","Barricade+1","True Grit+1","Impervious+1","Sword Boomerang+1","Shockwave+1","Shrug It Off","Impervious"],"relics":["Black Star","Akabeko","War Paint","Art of War","Oddly Smooth Stone","Singing Bowl","Red Skull","Ice Cream","Fusion Hammer","Self Forming Clay","Happy Flower","Bottled Lightning","Bag of Marbles","Bronze Scales","Blood Vial","Champion Belt","SacredBark","DollysMirror","Unceasing Top","Du-Vu Doll","Regal Pillow","Ancient Tea Set","Question Card","Mark of the Bloom","Lizard Tail","Shuriken"],"acts_visited":["Exordium","TheCity","TheBeyond","TheEnding"],"potions_floor_usage":[13,16,23],"damage_taken":[{"damage":2.0,"enemies":"Small Slimes","floor":1.0,"turns":5.0},{"damage":12.0,"enemies":"Jaw Worm","floor":2.0,"turns":5.0},{"damage":6.0,"enemies":"Cultist","floor":4.0,"turns":3.0},{"damage":15.0,"enemies":"Lagavulin","floor":7.0,"turns":6.0},{"damage":0.0,"enemies":"Exordium Thugs","floor":10.0,"turns":3.0},{"damage":10.0,"enemies":"3 Sentries","floor":11.0,"turns":9.0},{"damage":15,"enemies":"Lagavulin","floor":13,"turns":6},{"damage":0,"enemies":"Gremlin Gang","floor":14,"turns":1},{"damage":12,"enemies":"The Guardian","floor":16,"turns":12},{"damage":6,"enemies":"Spheric Guardian","floor":18,"turns":1},{"damage":3,"enemies":"2 Thieves","floor":20,"turns":1},{"damage":16,"enemies":"Snecko","floor":22,"turns":6},{"damage":9,"enemies":"Book of Stabbing","floor":23,"turns":3},{"damage":6,"enemies":"3 Cultists","floor":27,"turns":2},{"damage":19,"enemies":"Gremlin Leader","floor":30,"turns":3},{"damage":6,"enemies":"Snake Plant","floor":31,"turns":1},{"damage":26,"enemies":"Collector","floor":33,"turns":6},{"damage":8,"enemies":"3 Shapes","floor":35,"turns":5},{"damage":15,"enemies":"3 Darklings","floor":36,"turns":3},{"damage":9,"enemies":"2 Orb Walkers","floor":39,"turns":1},{"damage":12,"enemies":"Nemesis","floor":40,"turns":5},{"damage":34,"enemies":"Giant Head","floor":42,"turns":8},{"damage":27,"enemies":"Spire Growth","floor":44,"turns":3},{"damage":6,"enemies":"Maw","floor":48,"turns":10},{"damage":23,"enemies":"Time Eater","floor":50,"turns":12},{"damage":9,"enemies":"Donu and Deca","floor":51,"turns":6},{"damage":9,"enemies":"Shield and Spear","floor":55,"turns":1},{"damage":53,"enemies":"The Heart","floor":56,"turns":3}],"seed_played":"-1153670099834499554","potions_obtained":[{"floor":2.0,"key":"SpeedPotion"},{"floor":4.0,"key":"DuplicationPotion"},{"floor":10.0,"key":"Weak Potion"},{"floor":13,"key":"SteroidPotion"},{"floor":18,"key":"Block Potion"},{"floor":22,"key":"Regen Potion"},{"floor":23,"key":"SpeedPotion"}],"is_trial":false,"path_per_floor":["M","M","?","M","?","R","E","R","T","M","E","$","E","M","R","B",null,"M","?","M","T","M","E","$","R","T","M","R","$","E","M","R","B",null,"M","M","$","?","?","E","R","E","T","M","?","$","?","M","R","B","B",null,"R","$","E","B"],"character_chosen":"IRONCLAD","items_purchased":["Fire Potion","Whirlwind","Bag of Marbles","Dark Embrace","DollysMirror","Impervious","Sword Boomerang","Shrug It Off"],"campfire_rested":6,"item_purchase_floors":[12,12,24,24,37,46,46,54],"current_hp_per_floor":[66,54,47,41,41,41,26,48,48,48,38,38,25,25,25,13,61,57,57,54,54,40,40,40,40,40,36,60,60,41,37,61,37,72,68,55,55,55,48,38,77,47,47,22,68,68,68,62,62,39,30,30,30,30,21,0,0],"gold":45,"neow_bonus":"BOSS_RELIC","is_daily":false,"chose_seed":false,"campfire_upgraded":2,"win_rate":0.0,"timestamp":1613766218,"path_taken":["M","M","?","M","?","R","E","R","T","M","E","$","E","M","R","BOSS","M","?","M","?","?","E","$","R","T","?","R","?","E","M","R","BOSS","M","M","?","?","?","E","R","E","T","M","?","$","?","M","R","BOSS","BOSS","R","$","E","BOSS"],"items_purchased_type":["Potion","Card","Relic","Card","Relic","Card","Card","Card"],"build_version":"2020-12-22","purchased_purges":1,"victory":false,"max_hp_per_floor":[75,75,75,75,75,75,75,75,75,75,75,75,77,77,77,77,77,79,79,79,79,81,81,81,81,81,83,83,83,83,83,83,83,83,85,85,85,81,81,81,81,83,83,83,68,68,68,68,68,68,68,68,68,68,68,68,68],"relic_stats":{"Regal Pillow":30,"Mark of the Bloom":109,"Singing Bowl":12,"Happy Flower":[23],"counters":[28,130],"Self Forming Clay":[123],"War Paint":["Defend_R","Battle Trance"],"Question Card":3,"Blood Vial":16,"Lizard Tail":0,"Shuriken":[0],"Bronze Scales":[237],"Black Star":8,"Art of War":[34],"Champion Belt":[26],"obtain_stats":[{"Ice Cream":13,"Regal Pillow":40,"Mark of the Bloom":47,"Singing Bowl":11,"SacredBark":34,"Ancient Tea Set":42,"Burning Blood":0,"Blood Vial":30,"Lizard Tail":55,"DollysMirror":37,"Fusion Hammer":17,"Red Skull":13,"Happy Flower":23,"Self Forming Clay":21,"Oddly Smooth Stone":11,"War Paint":7,"Question Card":42,"Akabeko":7,"Du-Vu Doll":40,"Shuriken":55,"Bronze Scales":26,"Black Star":0,"Art of War":9,"Bag of Marbles":24,"Bottled Lightning":23,"Champion Belt":30,"Unceasing Top":39},{"Ice Cream":7,"Regal Pillow":21,"Mark of the Bloom":23,"Singing Bowl":6,"SacredBark":17,"Ancient Tea Set":22,"Burning Blood":0,"Blood Vial":15,"Lizard Tail":27,"DollysMirror":19,"Fusion Hammer":9,"Red Skull":7,"Happy Flower":13,"Self Forming Clay":11,"Oddly Smooth Stone":6,"War Paint":4,"Question Card":22,"Akabeko":4,"Du-Vu Doll":21,"Shuriken":27,"Bronze Scales":13,"Black Star":0,"Art of War":4,"Bag of Marbles":13,"Bottled Lightning":13,"Champion Belt":15,"Unceasing Top":20},{"Ice Cream":37,"Regal Pillow":87,"Mark of the Bloom":98,"Singing Bowl":31,"SacredBark":73,"Ancient Tea Set":95,"Burning Blood":0,"Blood Vial":66,"Lizard Tail":127,"DollysMirror":81,"Fusion Hammer":50,"Red Skull":37,"Happy Flower":61,"Self Forming Clay":52,"Oddly Smooth Stone":31,"War Paint":19,"Question Card":95,"Akabeko":19,"Du-Vu Doll":87,"Shuriken":127,"Bronze Scales":61,"Black Star":0,"Art of War":19,"Bag of Marbles":61,"Bottled Lightning":61,"Champion Belt":66,"Unceasing Top":82}],"Unceasing Top":[0]},"card_choices":[{"not_picked":["Warcry","Seeing Red"],"picked":"Anger","floor":1.0},{"not_picked":["Burning Pact","Havoc"],"picked":"Battle Trance","floor":2.0},{"not_picked":["Anger","Thunderclap"],"picked":"Clothesline","floor":4.0},{"not_picked":["Limit Break","Dark Embrace"],"picked":"Pummel","floor":7.0},{"not_picked":["Clothesline","Cleave","Pommel Strike"],"picked":"SKIP","floor":10.0},{"not_picked":["Anger","Pummel"],"picked":"Shrug It Off","floor":11.0},{"not_picked":["Wild Strike","Reckless Charge","Iron Wave"],"picked":"Singing Bowl","floor":13},{"not_picked":["Ghostly Armor","Rampage"],"picked":"Shrug It Off","floor":14},{"not_picked":["Berserk","Immolate"],"picked":"Offering","floor":16},{"not_picked":["Wild Strike","Thunderclap","Headbutt"],"picked":"Singing Bowl","floor":18},{"not_picked":["Hemokinesis","Evolve"],"picked":"Flame Barrier","floor":20},{"not_picked":["Havoc","True Grit","Hemokinesis"],"picked":"Singing Bowl","floor":22},{"not_picked":["Metallicize","Corruption"],"picked":"Pummel","floor":23},{"not_picked":["Body Slam","Flex","Wild Strike+1"],"picked":"Singing Bowl","floor":27},{"not_picked":["Havoc","Searing Blow"],"picked":"Warcry+1","floor":30},{"not_picked":["Heavy Blade","Clothesline+1"],"picked":"Disarm","floor":31},{"not_picked":["Immolate","Brutality"],"picked":"Impervious","floor":33},{"not_picked":["Shrug It Off","Warcry+1","Clothesline+1"],"picked":"Singing Bowl","floor":35},{"not_picked":["Clothesline","Body Slam"],"picked":"Bloodletting","floor":36},{"not_picked":["Perfected Strike","Pommel Strike"],"picked":"Battle Trance","floor":39},{"not_picked":["Blood for Blood","True Grit"],"picked":"Barricade","floor":40},{"not_picked":["Headbutt","Warcry+1","Body Slam"],"picked":"Singing Bowl","floor":42},{"not_picked":["Ghostly Armor","Iron Wave","Armaments"],"picked":"True Grit+1","floor":44},{"not_picked":["Pummel","Body Slam+1","Heavy Blade+1"],"picked":"Shockwave+1","floor":48},{"not_picked":["Twin Strike","True Grit+1","Combust"],"picked":"Impervious","floor":55}],"player_experience":3201691,"relics_obtained":[{"floor":7.0,"key":"Akabeko"},{"floor":7.0,"key":"War Paint"},{"floor":9.0,"key":"Art of War"},{"floor":11.0,"key":"Oddly Smooth Stone"},{"floor":11.0,"key":"Singing Bowl"},{"floor":13,"key":"Red Skull"},{"floor":13,"key":"Ice Cream"},{"floor":21,"key":"Self Forming Clay"},{"floor":23,"key":"Happy Flower"},{"floor":23,"key":"Bottled Lightning"},{"floor":26,"key":"Bronze Scales"},{"floor":30,"key":"Blood Vial"},{"floor":30,"key":"Champion Belt"},{"floor":39,"key":"Unceasing Top"},{"floor":40,"key":"Du-Vu Doll"},{"floor":40,"key":"Regal Pillow"},{"floor":42,"key":"Ancient Tea Set"},{"floor":42,"key":"Question Card"},{"floor":55,"key":"Lizard Tail"},{"floor":55,"key":"Shuriken"}],"event_choices":[{"cards_removed":["Strike_R"],"damage_healed":0.0,"max_hp_gain":0.0,"max_hp_loss":0.0,"gold_gain":0.0,"event_name":"Golden Wing","player_choice":"Card Removal","floor":3.0,"gold_loss":0.0,"damage_taken":7.0},{"cards_removed":["Strike_R"],"damage_healed":0.0,"max_hp_gain":0.0,"max_hp_loss":0.0,"gold_gain":0.0,"event_name":"Bonfire Elementals","player_choice":"Offered Basic","floor":5.0,"gold_loss":0.0,"damage_taken":0.0},{"damage_healed":0,"gold_gain":0,"player_choice":"Obtain J.A.X.","damage_taken":0,"max_hp_gain":0,"max_hp_loss":0,"event_name":"Drug Dealer","floor":19,"gold_loss":0,"cards_obtained":["J.A.X."]},{"damage_healed":0,"gold_gain":0,"player_choice":"Max HP","damage_taken":0,"max_hp_gain":0,"max_hp_loss":4,"event_name":"Winding Halls","floor":38,"gold_loss":0},{"damage_healed":0,"gold_gain":0,"player_choice":"Fight","damage_taken":0,"max_hp_gain":0,"max_hp_loss":0,"event_name":"Mysterious Sphere","floor":39,"gold_loss":0},{"damage_healed":68,"gold_gain":0,"player_choice":"Heal","damage_taken":0,"max_hp_gain":0,"max_hp_loss":15,"event_name":"The Moai Head","floor":45,"gold_loss":0},{"damage_healed":0,"gold_gain":0,"player_choice":"Upgrade","damage_taken":0,"relics_obtained":["Mark of the Bloom"],"max_hp_gain":0,"max_hp_loss":0,"event_name":"MindBloom","floor":47,"gold_loss":0,"cards_upgraded":["Strike_R","Strike_R","Defend_R","Defend_R","Defend_R","Anger","Clothesline","Pummel","Whirlwind","Shrug It Off","Offering","J.A.X.","Flame Barrier","Pummel","Dark Embrace","Disarm","Impervious","Bloodletting","Impervious","Battle Trance","Barricade","Impervious","Sword Boomerang"]}],"is_beta":false,"boss_relics":[{"not_picked":["Philosopher\u0027s Stone","Coffee Dripper"],"picked":"Fusion Hammer"},{"not_picked":["Busted Crown","Tiny House"],"picked":"SacredBark"}],"items_purged_floors":[12],"is_endless":false,"potions_floor_spawned":[2,4,10,13,18,22,23,33,39,48],"killed_by":"The Heart","ascension_level":20}}