{"host":"96nkmeof81a2z72a","time":1613711660,"event":{"mods":["BaseMod","Minty Spire (QoL Compilation)","Quick Restart","StSLib"],"gold_per_floor":[111,111,124,135,135,162,180,207,243,282,294,318,330,358,370,487,499,523,535,535],"floor_reached":19,"language":"ZHS","playtime":1083,"items_purged":[],"score":198,"play_id":"5569fc5d-c105-4432-99b8-e35ed1f9a0ce","local_time":"20210219131420","is_ascension_mode":true,"campfire_choices":[{"data":"Catalyst","floor":11.0,"key":"SMITH"},{"data":"Neutralize","floor":15,"key":"SMITH"}],"circlet_count":0,"master_deck":["Survivor","Neutralize+1","Catalyst+1","Bouncing Flask","Calculated Gamble","PiercingWail","Dash","Backflip","Backflip","Blur","After Image","After Image","Distraction","Bouncing Flask","Distraction","PiercingWail","Underhanded Strike","Noxious Fumes","Prepared","Quick Slash","Calculated Gamble+1"],"relics":["Ring of the Snake","NeowsBlessing","Potion Belt","MawBank","MealTicket","Toy Ornithopter","Pandora\u0027s Box"],"acts_visited":["Exordium","TheCity"],"potions_floor_usage":[14],"damage_taken":[{"damage":0.0,"enemies":"Jaw Worm","floor":1.0,"turns":1.0},{"damage":0.0,"enemies":"Cultist","floor":3.0,"turns":1.0},{"damage":0.0,"enemies":"2 Louse","floor":4.0,"turns":1.0},{"damage":27.0,"enemies":"Lagavulin","floor":6.0,"turns":8.0},{"damage":6.0,"enemies":"Lots of Slimes","floor":7.0,"turns":7.0},{"damage":13.0,"enemies":"Gremlin Nob","floor":8.0,"turns":3.0},{"damage":3.0,"enemies":"Lagavulin","floor":10.0,"turns":6.0},{"damage":2.0,"enemies":"Large Slime","floor":12.0,"turns":7.0},{"damage":10,"enemies":"Exordium Thugs","floor":14,"turns":8},{"damage":20,"enemies":"The Guardian","floor":16,"turns":11},{"damage":3,"enemies":"2 Thieves","floor":18,"turns":4},{"damage":0,"enemies":"3 Byrds","floor":19,"turns":2}],"seed_played":"-3943967104150474791","potions_obtained":[{"floor":5.0,"key":"SkillPotion"},{"floor":5.0,"key":"Strength Potion"},{"floor":5.0,"key":"GhostInAJar"},{"floor":6.0,"key":"Swift Potion"},{"floor":7.0,"key":"Ancient Potion"},{"floor":12.0,"key":"AttackPotion"},{"floor":14,"key":"FairyPotion"}],"is_trial":false,"path_per_floor":["M","?","M","M","?","E","M","E","T","E","R","M","?","M","R","B",null,"M","M"],"character_chosen":"THE_SILENT","items_purchased":[],"campfire_rested":0,"item_purchase_floors":[],"current_hp_per_floor":[70,70,70,70,70,43,37,24,24,21,21,19,24,19,19,22,75,72,72,72],"gold":535,"neow_bonus":"THREE_ENEMY_KILL","is_daily":false,"chose_seed":false,"campfire_upgraded":2,"win_rate":0.0,"timestamp":1613711660,"path_taken":["M","?","?","?","?","E","M","E","T","E","R","?","?","M","R","BOSS","M","M"],"items_purchased_type":[],"build_version":"2020-12-22","purchased_purges":0,"victory":false,"max_hp_per_floor":[70,70,70,70,70,70,70,70,70,70,70,70,75,75,75,75,75,75,75,75],"card_choices":[{"not_picked":["Deadly Poison","Cloak And Dagger"],"picked":"Catalyst","floor":1.0},{"not_picked":["Escape Plan","Reflex"],"picked":"Bouncing Flask","floor":3.0},{"not_picked":["Bouncing Flask","Choke"],"picked":"Calculated Gamble","floor":4.0},{"not_picked":["Skewer","Masterful Stab"],"picked":"PiercingWail","floor":6.0},{"not_picked":["Expertise","Sucker Punch"],"picked":"Dash","floor":7.0},{"not_picked":["Dagger Spray","Tactician"],"picked":"Backflip","floor":8.0},{"not_picked":["Deflect","Outmaneuver"],"picked":"Backflip","floor":10.0},{"not_picked":["Cloak And Dagger","Flying Knee"],"picked":"Blur","floor":12.0},{"not_picked":["Endless Agony","Prepared","Expertise"],"picked":"SKIP","floor":14},{"not_picked":["Venomology","Die Die Die"],"picked":"After Image","floor":16},{"not_picked":["Quick Slash+1","Slice"],"picked":"Calculated Gamble+1","floor":18}],"player_experience":571219,"relics_obtained":[{"floor":6.0,"key":"Potion Belt"},{"floor":8.0,"key":"MawBank"},{"floor":9.0,"key":"MealTicket"},{"floor":10.0,"key":"Toy Ornithopter"}],"event_choices":[{"cards_removed":["Strike_G"],"damage_healed":0.0,"max_hp_gain":0.0,"max_hp_loss":0.0,"gold_gain":0.0,"event_name":"Purifier","player_choice":"Purged","floor":2.0,"gold_loss":0.0,"damage_taken":0.0},{"damage_healed":0.0,"max_hp_gain":0.0,"max_hp_loss":0.0,"gold_gain":0.0,"event_name":"Lab","player_choice":"Got Potions","floor":5.0,"gold_loss":0.0,"damage_taken":0.0},{"damage_healed":0,"gold_gain":0,"player_choice":"Donut","damage_taken":0,"max_hp_gain":5,"max_hp_loss":0,"event_name":"Big Fish","floor":13,"gold_loss":0}],"is_beta":false,"boss_relics":[{"not_picked":["Snecko Eye","Empty Cage"],"picked":"Pandora\u0027s Box"}],"items_purged_floors":[],"is_endless":false,"potions_floor_spawned":[6,7,12,14],"killed_by":"3 Byrds","ascension_level":1}}