{"host":"a5lz0e76zb3fcwkm","time":1613735885,"event":{"mods":["AchievementEnabler","BaseMod","Colored Map","Colored Powertips","Minty Spire (QoL Compilation)","StSLib","SuperFastMode"],"gold_per_floor":[116,116,11,30,30,30,63,78,78,78,94,138,138,138,138,138,138],"floor_reached":16,"language":"KOR","playtime":182,"items_purged":[],"score":316,"play_id":"33433893-70b5-4312-9150-16eb6c38adc7","local_time":"20210219205805","is_ascension_mode":true,"campfire_choices":[{"data":"Cloak And Dagger","floor":6,"key":"SMITH"},{"data":"Blade Dance","floor":13,"key":"SMITH"},{"data":"Blade Dance","floor":15,"key":"SMITH"}],"circlet_count":0,"master_deck":["AscendersBane","Strike_G","Strike_G","Strike_G","Strike_G","Defend_G","Defend_G","Defend_G","Defend_G","Survivor","Neutralize","Reflex","Dagger Spray","Blade Dance+1","Cloak And Dagger+1","Acrobatics","Blade Dance+1","Blade Dance+1"],"relics":["Ring of the Snake","NeowsBlessing","Molten Egg 2","Bag of Preparation","Golden Idol","Orichalcum"],"acts_visited":["Exordium"],"potions_floor_usage":[11,12],"damage_taken":[{"damage":0,"enemies":"Jaw Worm","floor":1,"turns":1},{"damage":0,"enemies":"Small Slimes","floor":4,"turns":1},{"damage":0,"enemies":"3 Sentries","floor":7,"turns":1},{"damage":9,"enemies":"2 Louse","floor":8,"turns":2},{"damage":0,"enemies":"Lots of Slimes","floor":11,"turns":1},{"damage":0,"enemies":"Gremlin Nob","floor":12,"turns":2},{"damage":22,"enemies":"Slime Boss","floor":16,"turns":5}],"seed_played":"-8007884694481791330","potions_obtained":[{"floor":1,"key":"SteroidPotion"}],"is_trial":false,"path_per_floor":["M","?","$","M","?","R","E","M","T","?","M","E","R","?","R","B"],"character_chosen":"THE_SILENT","items_purchased":["Blade Dance","Explosive Potion"],"campfire_rested":0,"item_purchase_floors":[3,3],"current_hp_per_floor":[59,59,59,59,52,52,52,43,43,20,20,20,20,20,20,0,0],"gold":138,"neow_bonus":"THREE_ENEMY_KILL","is_daily":false,"chose_seed":false,"campfire_upgraded":3,"win_rate":0.0,"timestamp":1613735885,"path_taken":["M","?","$","M","?","R","E","?","T","?","M","E","R","?","R","BOSS"],"items_purchased_type":["Card","Potion"],"build_version":"2020-12-22","purchased_purges":0,"victory":false,"max_hp_per_floor":[66,66,66,66,66,66,66,66,66,66,66,66,66,66,66,66,66],"card_choices":[{"not_picked":["Slice","Eviscerate"],"picked":"Reflex","floor":1},{"not_picked":["Endless Agony","Sucker Punch"],"picked":"Cloak And Dagger","floor":4},{"not_picked":["Dash+1","Dodge and Roll","Cloak And Dagger"],"picked":"SKIP","floor":7},{"not_picked":["Prepared","Dodge and Roll"],"picked":"Acrobatics","floor":8},{"not_picked":["Calculated Gamble","Acrobatics"],"picked":"Blade Dance","floor":11},{"not_picked":["Deflect","Outmaneuver"],"picked":"Blade Dance","floor":12}],"player_experience":1907294,"relics_obtained":[{"floor":7,"key":"Molten Egg 2"},{"floor":9,"key":"Bag of Preparation"},{"floor":12,"key":"Orichalcum"}],"event_choices":[{"damage_healed":0,"gold_gain":0,"cards_transformed":["Strike_G"],"player_choice":"Change","damage_taken":0,"max_hp_gain":0,"max_hp_loss":0,"event_name":"Living Wall","floor":2,"gold_loss":0,"cards_obtained":["Dagger Spray"]},{"cards_removed":["Defend_G"],"damage_healed":0,"gold_gain":0,"player_choice":"Card Removal","damage_taken":7,"max_hp_gain":0,"max_hp_loss":0,"event_name":"Golden Wing","floor":5,"gold_loss":0},{"damage_healed":0,"gold_gain":0,"player_choice":"Take Damage","damage_taken":23,"relics_obtained":["Golden Idol"],"max_hp_gain":0,"max_hp_loss":0,"event_name":"Golden Idol","floor":10,"gold_loss":0},{"damage_healed":0,"gold_gain":0,"player_choice":"Forge","damage_taken":0,"max_hp_gain":0,"max_hp_loss":0,"event_name":"Accursed Blacksmith","floor":14,"gold_loss":0,"cards_upgraded":["Blade Dance"]}],"is_beta":false,"boss_relics":[],"items_purged_floors":[],"is_endless":false,"potions_floor_spawned":[1,8],"killed_by":"Slime Boss","ascension_level":20}}