{"host":"tjicewryrzew529r","time":1613721039,"event":{"mods":["AchievementEnabler","BaseMod","Block Reminder","Colored Map","Highlight Path","Minty Spire (QoL Compilation)","StSLib"],"gold_per_floor":[59,91,1,1,66,66,122,122,122,122,136,199,199,199,199,199,199],"floor_reached":16,"language":"ENG","playtime":624,"items_purged":[],"score":184,"play_id":"20bc237a-1abc-4836-8c26-dc4b254f1d2c","local_time":"20210219155039","is_ascension_mode":true,"campfire_choices":[{"data":"HandOfGreed","floor":6,"key":"SMITH"},{"floor":8,"key":"REST"},{"floor":10,"key":"REST"},{"data":"Concentrate","floor":13,"key":"SMITH"},{"data":"Neutralize","floor":15,"key":"SMITH"}],"circlet_count":0,"master_deck":["AscendersBane","Strike_G","Strike_G","Strike_G","Strike_G","Strike_G","Defend_G","Defend_G","Defend_G","Defend_G","Defend_G","Survivor","Neutralize+1","HandOfGreed+1","Concentrate+1","Good Instincts","Quick Slash","Calculated Gamble+1"],"relics":["Ring of the Snake","Golden Idol","FossilizedHelix","Incense Burner","Toxic Egg 2"],"acts_visited":["Exordium"],"potions_floor_usage":[7,12,16],"damage_taken":[{"damage":2,"enemies":"Small Slimes","floor":1,"turns":4},{"damage":5,"enemies":"Jaw Worm","floor":2,"turns":4},{"damage":0,"enemies":"2 Louse","floor":5,"turns":4},{"damage":35,"enemies":"Lagavulin","floor":7,"turns":7},{"damage":0,"enemies":"Looter","floor":11,"turns":4},{"damage":6,"enemies":"3 Sentries","floor":12,"turns":10},{"damage":41,"enemies":"Hexaghost","floor":16,"turns":15}],"seed_played":"-1523520503425874870","potions_obtained":[{"floor":2,"key":"DistilledChaos"},{"floor":5,"key":"SkillPotion"},{"floor":11,"key":"Weak Potion"},{"floor":12,"key":"GhostInAJar"}],"is_trial":false,"path_per_floor":["M","M","$","?","M","R","E","R","T","R","M","E","R","?","R","B"],"character_chosen":"THE_SILENT","items_purchased":["Good Instincts"],"campfire_rested":2,"item_purchase_floors":[3],"current_hp_per_floor":[57,52,52,36,36,36,1,20,20,39,39,33,33,38,38,0,0],"gold":199,"neow_bonus":"RANDOM_COLORLESS_2","is_daily":false,"chose_seed":false,"campfire_upgraded":3,"win_rate":0.0,"timestamp":1613721039,"path_taken":["M","M","$","?","M","R","E","R","T","R","M","E","R","?","R","BOSS"],"items_purchased_type":["Card"],"build_version":"2020-12-22","purchased_purges":0,"victory":false,"max_hp_per_floor":[66,66,66,66,66,66,66,66,66,66,66,66,66,71,71,71,71],"card_choices":[{"not_picked":["Transmutation","Chrysalis"],"picked":"HandOfGreed","floor":0},{"not_picked":["Deflect","Deadly Poison"],"picked":"Concentrate","floor":1},{"not_picked":["Bane","Concentrate","Distraction"],"picked":"SKIP","floor":2},{"not_picked":["Bane","Dagger Throw","Poisoned Stab"],"picked":"SKIP","floor":5},{"not_picked":["Prepared","Choke","Flying Knee"],"picked":"SKIP","floor":7},{"not_picked":["Concentrate","Deadly Poison"],"picked":"Quick Slash","floor":11},{"not_picked":["Predator","Backstab"],"picked":"Calculated Gamble+1","floor":12}],"player_experience":372827,"relics_obtained":[{"floor":7,"key":"FossilizedHelix"},{"floor":9,"key":"Incense Burner"},{"floor":12,"key":"Toxic Egg 2"}],"event_choices":[{"damage_healed":0,"gold_gain":0,"player_choice":"Take Damage","damage_taken":16,"relics_obtained":["Golden Idol"],"max_hp_gain":0,"max_hp_loss":0,"event_name":"Golden Idol","floor":4,"gold_loss":0},{"damage_healed":0,"gold_gain":0,"player_choice":"Donut","damage_taken":0,"max_hp_gain":5,"max_hp_loss":0,"event_name":"Big Fish","floor":14,"gold_loss":0}],"is_beta":false,"boss_relics":[],"items_purged_floors":[],"is_endless":false,"potions_floor_spawned":[2,5,11,12],"killed_by":"Hexaghost","ascension_level":14}}