{"host":"9kaxb8gkmgtddido","time":1613745916,"event":{"mods":["2.2 Compatiblity","AchievementEnabler","AlwaysNeverKeys","Aspiration","BaseMod","Card Forge","Colored Map","Colored Powertips","Custom Start","DeckTracker","Gremlin Mod","Gremlin Skip","Hubris","Mimic Mod","Minty Spire (QoL Compilation)","Permanent Neow","Quick Restart","Rare Cards Sparkle","Relic Filter","Replay The Spire","Shop Mod","StSLib","SuperFastMode","Synergy Search","TheBandit"],"gold_per_floor":[11,27,27,27,41,70,84,114,137,137,137],"floor_reached":10,"language":"ENG","playtime":500,"items_purged":[],"score":121,"play_id":"15779d8a-bf56-4e0c-a969-93e698a5e631","local_time":"20210219224516","is_ascension_mode":true,"campfire_choices":[],"circlet_count":0,"master_deck":["AscendersBane","Strike_G","Strike_G","Strike_G","Strike_G","Strike_G","Defend_G","Defend_G","Defend_G","Defend_G","Defend_G","Survivor","Neutralize+1","Underhanded Strike","Acrobatics","Dagger Throw","Venomology","hubris:SlightOfHand","hubris:Greed","Pot Of Greed","Pot Of Greed","Dagger Spray","hubris:Greed"],"relics":["Ring of the Snake","Hammer of Thor","Seething Fire","Anvil of the Gods","hubris:GlazedTorus","Nunchaku","Grinning Jar","Art of War"],"acts_visited":["Exordium"],"potions_floor_usage":[6,7,8,8,8,10],"damage_taken":[{"damage":0,"enemies":"Small Slimes","floor":1,"turns":4},{"damage":4,"enemies":"Cultist","floor":2,"turns":3},{"damage":0,"enemies":"Jaw Worm","floor":5,"turns":5},{"damage":17,"enemies":"3 Sentries","floor":6,"turns":10},{"damage":6,"enemies":"Exordium Wildlife","floor":7,"turns":5},{"damage":21,"enemies":"Lagavulin","floor":8,"turns":5},{"damage":40,"enemies":"3 Sentries","floor":10,"turns":7}],"seed_played":"2718122594228387366","potions_obtained":[{"floor":2,"key":"PowerPotion"},{"floor":6,"key":"SteroidPotion"},{"floor":7,"key":"Cursed Concoction"},{"floor":8,"key":"FairyPotion"}],"is_trial":false,"path_per_floor":["M","M","?","$","M","E","M","E","T","E"],"character_chosen":"THE_SILENT","items_purchased":[],"campfire_rested":0,"item_purchase_floors":[],"current_hp_per_floor":[63,59,59,59,59,42,36,29,29,16,16],"gold":137,"neow_bonus":"ONE_RARE_RELIC","is_daily":false,"chose_seed":false,"campfire_upgraded":0,"win_rate":0.0,"timestamp":1613745916,"path_taken":["M","M","?","?","?","E","M","E","T","E"],"items_purchased_type":[],"build_version":"2020-12-22","purchased_purges":0,"victory":false,"max_hp_per_floor":[70,70,70,70,70,70,70,70,70,70,70],"card_choices":[{"not_picked":["Poisoned Stab","Flechettes"],"picked":"Underhanded Strike","floor":1},{"not_picked":["Bane","Predator"],"picked":"Acrobatics","floor":2},{"not_picked":["Setup","Deadly Poison"],"picked":"Dagger Throw","floor":5},{"not_picked":["Outmaneuver","Hidden Blade"],"picked":"Venomology","floor":6},{"not_picked":["PiercingWail","Slice"],"picked":"hubris:SlightOfHand","floor":7},{"not_picked":["Cloak And Dagger","Deadly Poison"],"picked":"Dagger Spray","floor":8}],"player_experience":688444,"relics_obtained":[{"floor":6,"key":"Nunchaku"},{"floor":8,"key":"Grinning Jar"},{"floor":9,"key":"Art of War"}],"event_choices":[{"damage_healed":0,"gold_gain":0,"player_choice":"Upgraded","damage_taken":0,"max_hp_gain":0,"max_hp_loss":0,"event_name":"Upgrade Shrine","floor":3,"gold_loss":0,"cards_upgraded":["Neutralize"]}],"is_beta":false,"boss_relics":[],"items_purged_floors":[],"is_endless":false,"potions_floor_spawned":[2,6,7,8],"killed_by":"3 Sentries","ascension_level":11}}