{"host":"2j7k79oxv8es4yqd","time":1613750589,"event":{"mods":["BaseMod","Emptier Cage","Minty Spire (QoL Compilation)","Permanent Neow","Ryuuou¡˙Õı","StSLib"],"gold_per_floor":[111,111,121,196,196,227,227,243,243,277,277,277,277,312,312,416,416,429,186,204,204,214,246,271,153,153,185,110,123,142,156,156,255,255,267,267,305,247,187,187,200,231,307,335,335,335,61,111,111,136,136,136,58,84,84,84],"floor_reached":55,"language":"ZHT","playtime":2329,"items_purged":["Strike_G"],"score":1155,"play_id":"7bd6ef6f-3f80-4dfb-ac56-eef74bdf726d","local_time":"20210220000309","is_ascension_mode":true,"campfire_choices":[{"data":"Accuracy","floor":7,"key":"SMITH"},{"data":"Cloak And Dagger","floor":11,"key":"SMITH"},{"floor":13,"key":"RECALL"},{"data":"Neutralize","floor":15,"key":"SMITH"},{"data":"Accuracy","floor":32,"key":"SMITH"},{"data":"Infinite Blades","floor":40,"key":"SMITH"},{"data":"Backflip","floor":45,"key":"SMITH"},{"data":"Survivor","floor":49,"key":"SMITH"},{"data":"Defend_G","floor":52,"key":"SMITH"}],"circlet_count":0,"master_deck":["Defend_G","Defend_G","Defend_G+1","Survivor+1","Neutralize+1","Envenom+1","Blade Dance+1","Prepared+1","Accuracy+1","Backflip+1","Cloak And Dagger+1","Choke+1","Corpse Explosion","Dash+1","Cloak And Dagger+1","Accuracy+1","Blade Dance+1","Acrobatics+1","Deflect+1","Venomology+1","Finesse+1","Finesse+1","HandOfGreed+1","Backflip+1","Infinite Blades+1","Infinite Blades+1","Escape Plan+1","Master of Strategy+1","Acrobatics+1"],"relics":["Astrolabe","Sundial","Molten Egg 2","Juzu Bracelet","Ornamental Fan","WingedGreaves","Philosopher\u0027s Stone","Toxic Egg 2","The Courier","Toy Ornithopter","Bag of Preparation","Oddly Smooth Stone","Question Card","Coffee Dripper","Bag of Marbles","Lantern","Nunchaku","Tingsha","Gremlin Horn"],"acts_visited":["Exordium","TheCity","TheBeyond","TheEnding"],"potions_floor_usage":[16,18,23,31,35,41,42,44,48,50,50,55,55,55],"damage_taken":[{"damage":1,"enemies":"Jaw Worm","floor":1,"turns":3},{"damage":0,"enemies":"Cultist","floor":3,"turns":3},{"damage":7,"enemies":"Lagavulin","floor":6,"turns":5},{"damage":0,"enemies":"2 Louse","floor":8,"turns":3},{"damage":5,"enemies":"3 Sentries","floor":10,"turns":5},{"damage":0,"enemies":"Lagavulin","floor":14,"turns":4},{"damage":0,"enemies":"Hexaghost","floor":16,"turns":6},{"damage":3,"enemies":"2 Thieves","floor":18,"turns":2},{"damage":0,"enemies":"Spheric Guardian","floor":20,"turns":2},{"damage":0,"enemies":"3 Cultists","floor":22,"turns":2},{"damage":9,"enemies":"Slavers","floor":23,"turns":2},{"damage":4,"enemies":"Book of Stabbing","floor":24,"turns":3},{"damage":0,"enemies":"Gremlin Leader","floor":27,"turns":4},{"damage":0,"enemies":"Snake Plant","floor":29,"turns":3},{"damage":11,"enemies":"Centurion and Healer","floor":30,"turns":2},{"damage":0,"enemies":"Cultist and Chosen","floor":31,"turns":3},{"damage":0,"enemies":"Collector","floor":33,"turns":5},{"damage":0,"enemies":"3 Shapes","floor":35,"turns":2},{"damage":0,"enemies":"3 Darklings","floor":37,"turns":3},{"damage":0,"enemies":"Writhing Mass","floor":41,"turns":4},{"damage":8,"enemies":"Nemesis","floor":42,"turns":3},{"damage":1,"enemies":"Reptomancer","floor":44,"turns":4},{"damage":0,"enemies":"Mind Bloom Boss Battle","floor":48,"turns":3},{"damage":31,"enemies":"Awakened One","floor":50,"turns":6},{"damage":35,"enemies":"Shield and Spear","floor":54,"turns":3},{"damage":74,"enemies":"The Heart","floor":55,"turns":3}],"seed_played":"-5146706185633172248","potions_obtained":[{"floor":1,"key":"Explosive Potion"},{"floor":10,"key":"Regen Potion"},{"floor":14,"key":"DuplicationPotion"},{"floor":16,"key":"BlessingOfTheForge"},{"floor":20,"key":"DistilledChaos"},{"floor":29,"key":"Regen Potion"},{"floor":30,"key":"Fruit Juice"},{"floor":31,"key":"Energy Potion"},{"floor":48,"key":"AttackPotion"}],"is_trial":false,"path_per_floor":["M","?","M","?","?","E","R","M","T","E","R","T","R","E","R","B",null,"M","$","M","?","M","E","E","$","T","E","?","M","M","M","R","B",null,"M","?","M","$","$","R","M","E","T","E","R","T","$","?","R","B",null,"R","$","E","B"],"character_chosen":"THE_SILENT","items_purchased":["Toxic Egg 2","Bag of Preparation","Infinite Blades","Master of Strategy+1","Nunchaku","FairyPotion"],"campfire_rested":0,"item_purchase_floors":[19,25,38,47,47,53],"current_hp_per_floor":[69,69,69,58,51,44,44,44,44,39,39,39,39,39,39,54,66,63,63,63,63,63,54,50,50,50,50,50,50,39,49,49,49,69,74,64,64,64,64,64,69,71,71,75,75,75,75,75,75,49,69,69,69,34,0,0],"gold":84,"neow_bonus":"BOSS_RELIC","is_daily":false,"chose_seed":false,"campfire_upgraded":8,"win_rate":0.0,"timestamp":1613750589,"path_taken":["M","?","?","?","?","E","R","M","T","E","R","?","R","E","R","BOSS","M","$","M","?","M","E","E","$","T","E","?","M","M","M","R","BOSS","M","?","M","$","$","R","M","E","T","E","R","?","$","?","R","BOSS","R","$","E","BOSS"],"items_purchased_type":["Relic","Relic","Card","Card","Relic","Potion"],"build_version":"2020-12-22","purchased_purges":1,"victory":false,"max_hp_per_floor":[70,70,70,70,70,70,70,70,70,70,70,70,70,70,70,70,70,70,70,70,70,70,70,70,70,70,70,70,70,70,75,75,75,75,75,75,75,75,75,75,75,75,75,75,75,75,75,75,75,75,75,75,75,75,75,75],"card_choices":[{"not_picked":["Crippling Poison","Underhanded Strike"],"picked":"Accuracy","floor":1},{"not_picked":["Slice","Deadly Poison","Acrobatics"],"picked":"SKIP","floor":3},{"not_picked":["Flying Knee","Concentrate"],"picked":"Backflip","floor":6},{"not_picked":["Terror","Expertise"],"picked":"Cloak And Dagger","floor":8},{"not_picked":["Envenom","Eviscerate+1","Catalyst"],"picked":"SKIP","floor":10},{"not_picked":["Poisoned Stab+1","Outmaneuver"],"picked":"Choke+1","floor":14},{"not_picked":["Envenom","Burst"],"picked":"Corpse Explosion","floor":16},{"not_picked":["Bane+1","Heel Hook+1"],"picked":"Dash+1","floor":18},{"not_picked":["Riddle With Holes+1","Blur+1"],"picked":"Cloak And Dagger+1","floor":20},{"not_picked":["Endless Agony+1","All Out Attack+1"],"picked":"Accuracy","floor":22},{"not_picked":["Sucker Punch+1","Heel Hook+1"],"picked":"Blade Dance+1","floor":23},{"not_picked":["Underhanded Strike+1","Concentrate+1","Slice+1"],"picked":"SKIP","floor":24},{"not_picked":["Sucker Punch+1","Corpse Explosion+1"],"picked":"Acrobatics+1","floor":27},{"not_picked":["Finisher+1","Bouncing Flask+1","PiercingWail+1","Underhanded Strike+1"],"picked":"SKIP","floor":29},{"not_picked":["Quick Slash+1","Outmaneuver+1","Poisoned Stab+1"],"picked":"Deflect+1","floor":30},{"not_picked":["Flying Knee+1","Sucker Punch+1","Deadly Poison+1","Poisoned Stab+1"],"picked":"SKIP","floor":31},{"not_picked":["Flying Knee+1","Sucker Punch+1","Deadly Poison+1","Poisoned Stab+1"],"picked":"SKIP","floor":31},{"not_picked":["Storm of Steel+1","After Image","Tools of the Trade"],"picked":"Venomology+1","floor":33},{"not_picked":["Cloak And Dagger+1","Dagger Spray+1","Underhanded Strike+1","Eviscerate+1"],"picked":"SKIP","floor":35},{"not_picked":["Good Instincts+1","Trip+1","Panache"],"picked":"Finesse+1","floor":36},{"not_picked":["Transmutation+1","Metamorphosis+1","Blind+1"],"picked":"Finesse+1","floor":36},{"not_picked":["PanicButton+1","Chrysalis+1","Apotheosis+1"],"picked":"HandOfGreed+1","floor":36},{"not_picked":["Dagger Throw+1","Deadly Poison+1","Prepared+1"],"picked":"Backflip+1","floor":37},{"not_picked":["Bane+1","Underhanded Strike+1","Backflip+1"],"picked":"Infinite Blades+1","floor":41},{"not_picked":["Bouncing Flask+1","Dagger Throw+1","Cloak And Dagger+1"],"picked":"Escape Plan+1","floor":42},{"not_picked":["Dagger Throw+1","Predator+1","Outmaneuver+1","Quick Slash+1"],"picked":"SKIP","floor":44},{"not_picked":["Doppelganger+1","Cloak And Dagger+1","Sucker Punch+1"],"picked":"Acrobatics+1","floor":48},{"not_picked":["Night Terror+1","Well Laid Plans","Slice+1","Deflect+1"],"picked":"SKIP","floor":54}],"player_experience":582073,"relics_obtained":[{"floor":6,"key":"Sundial"},{"floor":9,"key":"Molten Egg 2"},{"floor":10,"key":"Juzu Bracelet"},{"floor":12,"key":"Ornamental Fan"},{"floor":14,"key":"WingedGreaves"},{"floor":23,"key":"The Courier"},{"floor":24,"key":"Toy Ornithopter"},{"floor":26,"key":"Oddly Smooth Stone"},{"floor":27,"key":"Question Card"},{"floor":44,"key":"Bag of Marbles"},{"floor":46,"key":"Lantern"},{"floor":48,"key":"Tingsha"},{"floor":54,"key":"Gremlin Horn"}],"event_choices":[{"cards_removed":["Strike_G"],"damage_healed":0,"gold_gain":0,"player_choice":"Purged","damage_taken":0,"max_hp_gain":0,"max_hp_loss":0,"event_name":"Purifier","floor":2,"gold_loss":0},{"damage_healed":0,"gold_gain":75,"player_choice":"Gather Gold","damage_taken":11,"max_hp_gain":0,"max_hp_loss":0,"event_name":"World of Goop","floor":4,"gold_loss":0},{"cards_removed":["Strike_G"],"damage_healed":0,"gold_gain":0,"player_choice":"Card Removal","damage_taken":7,"max_hp_gain":0,"max_hp_loss":0,"event_name":"Golden Wing","floor":5,"gold_loss":0},{"damage_healed":0,"gold_gain":0,"player_choice":"Bought 0 Potions","damage_taken":0,"max_hp_gain":0,"max_hp_loss":0,"event_name":"The Woman in Blue","floor":21,"gold_loss":0},{"cards_removed":["Strike_G"],"damage_healed":0,"gold_gain":0,"player_choice":"Gave Gold","damage_taken":0,"max_hp_gain":0,"max_hp_loss":0,"event_name":"Beggar","floor":28,"gold_loss":75},{"damage_healed":0,"gold_gain":0,"player_choice":"Memory 3","damage_taken":10,"max_hp_gain":0,"max_hp_loss":0,"event_name":"SensoryStone","floor":36,"gold_loss":0},{"damage_healed":0,"gold_gain":0,"player_choice":"Fight","damage_taken":0,"max_hp_gain":0,"max_hp_loss":0,"event_name":"MindBloom","floor":48,"gold_loss":0}],"is_beta":false,"boss_relics":[{"not_picked":["Empty Cage","Runic Pyramid"],"picked":"Philosopher\u0027s Stone"},{"not_picked":["Sozu","Snecko Eye"],"picked":"Coffee Dripper"}],"items_purged_floors":[39],"is_endless":false,"potions_floor_spawned":[1,10,14,16,20,29,30,31,35,44,48,54],"killed_by":"The Heart","ascension_level":5}}