{"host":"cfqfeqi6u2qx5u0e","time":1613734387,"event":{"mods":["AchievementEnabler","BaseMod","Colored Powertips","Minty Spire (QoL Compilation)","Quick Restart","StSLib"],"gold_per_floor":[116,127,127,152,164,201,213,252,264,276,302,341,353,380,392,503,515,546,224,243,168,168,195,195,195],"floor_reached":24,"language":"ENG","playtime":1902,"items_purged":[],"score":285,"play_id":"becc4ec9-1e6a-4264-a217-d79092ca6c3e","local_time":"20210219033307","is_ascension_mode":true,"campfire_choices":[{"floor":7,"key":"REST"},{"floor":10,"key":"RECALL"},{"floor":13,"key":"REST"},{"floor":15,"key":"REST"}],"circlet_count":0,"master_deck":["Strike_B","Strike_B","Strike_B","Defend_B","Defend_B","Defend_B","Zap","Dualcast","Chill","White Noise","Cold Snap","Consume","Tempest","BootSequence","Sweeping Beam","Ball Lightning","Rainbow","Chaos","Blizzard","Cold Snap","Melter","Decay","Lockon+1"],"relics":["Inserter","MawBank","Gremlin Horn","Torii","Peace Pipe","Runic Pyramid","Prayer Wheel","Boot"],"acts_visited":["Exordium","TheCity"],"potions_floor_usage":[2,12,14,16],"damage_taken":[{"damage":6,"enemies":"Small Slimes","floor":1,"turns":4},{"damage":0,"enemies":"Cultist","floor":2,"turns":3},{"damage":2,"enemies":"Jaw Worm","floor":4,"turns":3},{"damage":17,"enemies":"3 Sentries","floor":6,"turns":11},{"damage":3,"enemies":"Lagavulin","floor":8,"turns":10},{"damage":8,"enemies":"Lots of Slimes","floor":11,"turns":2},{"damage":29,"enemies":"Gremlin Nob","floor":12,"turns":5},{"damage":1,"enemies":"Exordium Thugs","floor":14,"turns":6},{"damage":24,"enemies":"The Guardian","floor":16,"turns":11},{"damage":11,"enemies":"Spheric Guardian","floor":18,"turns":7},{"damage":15,"enemies":"Chosen","floor":20,"turns":7},{"damage":33,"enemies":"Book of Stabbing","floor":23,"turns":8},{"damage":17,"enemies":"Sentry and Sphere","floor":24,"turns":3}],"seed_played":"-3123374173060608516","potions_obtained":[{"floor":1,"key":"DistilledChaos"},{"floor":4,"key":"Dexterity Potion"},{"floor":11,"key":"Swift Potion"},{"floor":12,"key":"SneckoOil"},{"floor":16,"key":"Ancient Potion"},{"floor":23,"key":"LiquidMemories"}],"is_trial":false,"path_per_floor":["M","M","?","M","?","E","R","E","T","R","M","E","R","M","R","B",null,"M","$","M","?","?","E","M"],"character_chosen":"DEFECT","items_purchased":["Blizzard","Prayer Wheel"],"campfire_rested":3,"item_purchase_floors":[19,19],"current_hp_per_floor":[69,69,44,42,42,25,47,44,44,44,36,7,29,28,50,26,75,64,64,49,49,49,16,0,0],"gold":195,"neow_bonus":"BOSS_RELIC","is_daily":false,"chose_seed":false,"campfire_upgraded":0,"win_rate":0.0,"timestamp":1613734387,"path_taken":["M","M","?","M","?","E","R","E","T","R","M","E","R","?","R","BOSS","M","$","M","?","?","E","M"],"items_purchased_type":["Card","Relic"],"build_version":"2020-12-22","purchased_purges":0,"victory":false,"max_hp_per_floor":[75,75,75,75,75,75,75,75,75,75,75,75,75,75,75,75,75,75,75,75,75,75,75,75,75],"card_choices":[{"not_picked":["Hello World","Coolheaded"],"picked":"Chill","floor":1},{"not_picked":["Hologram","Cold Snap"],"picked":"White Noise","floor":2},{"not_picked":["Streamline","Sweeping Beam"],"picked":"Cold Snap","floor":4},{"not_picked":["Sweeping Beam","Steam"],"picked":"Consume","floor":6},{"not_picked":["Hologram","Steam"],"picked":"Tempest","floor":8},{"not_picked":["Double Energy","Beam Cell"],"picked":"BootSequence","floor":11},{"not_picked":["Stack","Force Field"],"picked":"Sweeping Beam","floor":12},{"not_picked":["All For One","Compile Driver"],"picked":"Ball Lightning","floor":14},{"not_picked":["All For One","Core Surge"],"picked":"Rainbow","floor":16},{"not_picked":["Turbo","Beam Cell+1"],"picked":"Chaos","floor":18},{"not_picked":["Gash","Streamline"],"picked":"Cold Snap","floor":20},{"not_picked":["Hologram","Rip and Tear"],"picked":"Melter","floor":20},{"not_picked":["Steam","Double Energy"],"picked":"Lockon+1","floor":23}],"player_experience":106878,"relics_obtained":[{"floor":6,"key":"Gremlin Horn"},{"floor":8,"key":"Torii"},{"floor":12,"key":"Peace Pipe"},{"floor":23,"key":"Boot"}],"event_choices":[{"damage_healed":0,"gold_gain":0,"player_choice":"Success","damage_taken":25,"relics_obtained":["MawBank"],"max_hp_gain":0,"max_hp_loss":0,"event_name":"Scrap Ooze","floor":3,"gold_loss":0},{"cards_removed":["Defend_B"],"damage_healed":0,"gold_gain":0,"player_choice":"Purged","damage_taken":0,"max_hp_gain":0,"max_hp_loss":0,"event_name":"Purifier","floor":5,"gold_loss":0},{"cards_removed":["Strike_B"],"damage_healed":0,"gold_gain":0,"player_choice":"Gave Gold","damage_taken":0,"max_hp_gain":0,"max_hp_loss":0,"event_name":"Beggar","floor":21,"gold_loss":75},{"damage_healed":0,"gold_gain":0,"player_choice":"Cursed","damage_taken":0,"max_hp_gain":0,"max_hp_loss":0,"event_name":"Wheel of Change","floor":22,"gold_loss":0,"cards_obtained":["Decay"]}],"is_beta":false,"boss_relics":[{"not_picked":["Coffee Dripper","Ectoplasm"],"picked":"Runic Pyramid"}],"items_purged_floors":[],"is_endless":false,"potions_floor_spawned":[1,4,11,12,16,23],"killed_by":"Sentry and Sphere","ascension_level":2}}