{"host":"4lqqtboa3hvdze4c","time":1613706348,"event":{"mods":["AchievementEnabler","BaseMod","BetterRewards","Colored Map","Minty Spire (QoL Compilation)","Permanent Neow","SuperFastMode"],"gold_per_floor":[117,217,236,26,36,71,99,125,125,151,151,101,133,408,408,508,508,528,545,145,244,71,99,124,149,203,229,273,320,332,370,382,499,511,535,547,559,21,21,52,52,78,78,103,130,165,165,196,196,196],"floor_reached":51,"language":"KOR","playtime":2389,"items_purged":["Hello World","Regret","Ball Lightning","Coolheaded"],"score":1605,"play_id":"2e2b1977-f6fa-43d6-9921-495c659798d0","local_time":"20210219124548","daily_mods":["Draft","Heirloom","Flight","Elite Swarm"],"is_ascension_mode":true,"campfire_choices":[{"data":"Seek","floor":11,"key":"SMITH"},{"data":"Turbo","floor":15,"key":"SMITH"},{"data":"Seek","floor":30,"key":"SMITH"},{"data":"Seek","floor":32,"key":"SMITH"},{"data":"Scrape","floor":41,"key":"SMITH"},{"data":"Hologram","floor":47,"key":"SMITH"},{"floor":49,"key":"DIG"}],"circlet_count":0,"master_deck":["Compile Driver","Beam Cell","FTL","Gash","Beam Cell","Rebound","Gash","Hologram+1","Gash","Go for the Eyes","Coolheaded","Turbo+1","Seek+1","Fission","All For One","CurseOfTheBell","Go for the Eyes+1","Beam Cell","Seek+1","All For One","Seek+1","All For One","Go for the Eyes","Scrape+1"],"relics":["Cracked Core","StoneCalendar","Incense Burner","PreservedInsect","Ice Cream","Art of War","Shovel","Darkstone Periapt","Calling Bell","Bag of Preparation","HornCleat","FossilizedHelix","Nunchaku","ClockworkSouvenir","Singing Bowl","Du-Vu Doll","Calipers","Toy Ornithopter","MawBank","Omamori","Bottled Lightning","Blood Vial","Black Star","Mango","Gremlin Horn","Mercury Hourglass","The Courier","Letter Opener","Pantograph","TungstenRod","Turnip","Bag of Marbles","Vajra","Dream Catcher","CaptainsWheel","Meat on the Bone","MealTicket","Cables"],"acts_visited":["Exordium","TheCity","TheBeyond"],"potions_floor_usage":[16,50,50,50],"damage_taken":[{"damage":8,"enemies":"Jaw Worm","floor":1,"turns":2},{"damage":0,"enemies":"Cultist","floor":3,"turns":2},{"damage":0,"enemies":"Small Slimes","floor":5,"turns":1},{"damage":0,"enemies":"Gremlin Nob","floor":6,"turns":2},{"damage":4,"enemies":"Lagavulin","floor":7,"turns":3},{"damage":13,"enemies":"3 Sentries","floor":8,"turns":4},{"damage":0,"enemies":"Gremlin Nob","floor":10,"turns":1},{"damage":0,"enemies":"Lagavulin","floor":13,"turns":1},{"damage":42,"enemies":"The Guardian","floor":16,"turns":3},{"damage":0,"enemies":"Chosen","floor":18,"turns":1},{"damage":0,"enemies":"2 Thieves","floor":19,"turns":2},{"damage":0,"enemies":"Slavers","floor":23,"turns":2},{"damage":1,"enemies":"Gremlin Leader","floor":24,"turns":2},{"damage":0,"enemies":"Slavers","floor":25,"turns":2},{"damage":0,"enemies":"Gremlin Leader","floor":27,"turns":1},{"damage":0,"enemies":"Book of Stabbing","floor":28,"turns":1},{"damage":0,"enemies":"Slavers","floor":29,"turns":2},{"damage":4,"enemies":"Gremlin Leader","floor":31,"turns":2},{"damage":0,"enemies":"Automaton","floor":33,"turns":2},{"damage":0,"enemies":"3 Darklings","floor":35,"turns":2},{"damage":0,"enemies":"Nemesis","floor":40,"turns":1},{"damage":0,"enemies":"Giant Head","floor":42,"turns":1},{"damage":0,"enemies":"Reptomancer","floor":44,"turns":1},{"damage":0,"enemies":"Giant Head","floor":45,"turns":1},{"damage":0,"enemies":"Nemesis","floor":46,"turns":1},{"damage":0,"enemies":"Giant Head","floor":48,"turns":1},{"damage":35,"enemies":"Time Eater","floor":50,"turns":5}],"seed_played":"6273146100525304302","potions_obtained":[{"floor":3,"key":"Block Potion"},{"floor":5,"key":"AttackPotion"},{"floor":6,"key":"FairyPotion"},{"floor":8,"key":"Regen Potion"},{"floor":23,"key":"FearPotion"},{"floor":24,"key":"ColorlessPotion"},{"floor":25,"key":"Swift Potion"},{"floor":40,"key":"SkillPotion"}],"is_trial":true,"path_per_floor":["M","?","M","$","M","E","E","E","T","E","R","?","E","?","R","B",null,"M","M","$","?","$","E","E","E","T","E","E","E","R","E","R","B",null,"M","?","?","$","?","E","R","E","T","E","E","E","R","E","R","B",null],"character_chosen":"DEFECT","items_purchased":["Seek","Nunchaku","ClockworkSouvenir","Beam Cell","Go for the Eyes","Scrape","Mango"],"campfire_rested":0,"item_purchase_floors":[4,20,20,22,38,38,38],"current_hp_per_floor":[67,67,67,67,67,67,63,50,50,50,50,50,50,56,56,14,87,87,87,87,87,87,89,88,90,90,90,92,94,94,90,90,92,95,97,97,97,111,110,114,114,118,118,121,123,125,125,127,127,102],"gold":196,"neow_bonus":"","is_daily":false,"chose_seed":false,"campfire_upgraded":6,"win_rate":0.0,"timestamp":1613706348,"path_taken":["M","?","?","$","?","E","E","E","T","E","R","?","E","?","R","BOSS","M","?","$","?","$","E","E","E","T","E","E","E","R","E","R","BOSS","M","?","?","$","?","E","R","E","T","E","E","E","R","E","R","BOSS"],"items_purchased_type":["Card","Relic","Relic","Card","Card","Card","Relic"],"build_version":"2020-12-22","purchased_purges":4,"victory":true,"max_hp_per_floor":[75,75,75,75,75,75,75,75,75,75,75,75,75,81,81,81,87,87,87,87,87,87,89,89,91,91,91,93,95,95,95,95,95,95,97,97,97,111,115,117,117,119,119,121,123,125,125,127,127,127],"card_choices":[{"not_picked":["Auto Shields","Recycle"],"picked":"Compile Driver","floor":0},{"not_picked":["Sweeping Beam","Steam"],"picked":"Go for the Eyes","floor":0},{"not_picked":["Force Field","Conserve Battery"],"picked":"Coolheaded","floor":0},{"not_picked":["Steam","Barrage"],"picked":"Beam Cell","floor":0},{"not_picked":["Reprogram","Glacier"],"picked":"Ball Lightning","floor":0},{"not_picked":["Steam","Coolheaded"],"picked":"FTL","floor":0},{"not_picked":["Ball Lightning","Coolheaded"],"picked":"Gash","floor":0},{"not_picked":["Stack","Cold Snap"],"picked":"Coolheaded","floor":0},{"not_picked":["Aggregate","Capacitor"],"picked":"Beam Cell","floor":0},{"not_picked":["Melter","Barrage"],"picked":"Rebound","floor":0},{"not_picked":["Go for the Eyes","Coolheaded"],"picked":"Gash","floor":0},{"not_picked":["Barrage","BootSequence"],"picked":"Hologram","floor":0},{"not_picked":["Melter","Blizzard"],"picked":"Gash","floor":0},{"not_picked":["Streamline","Leap"],"picked":"Go for the Eyes","floor":0},{"not_picked":["Streamline","Self Repair"],"picked":"Hello World","floor":0},{"not_picked":["Heatsinks","Sweeping Beam"],"picked":"Coolheaded","floor":1},{"not_picked":["Stack","Leap"],"picked":"Turbo","floor":3},{"not_picked":["Leap","Sunder","Blizzard"],"picked":"SKIP","floor":5},{"not_picked":["Buffer","Meteor Strike","Machine Learning"],"picked":"SKIP","floor":6},{"not_picked":["Thunder Strike","Meteor Strike"],"picked":"Fission","floor":7},{"not_picked":["Electrodynamics","Reboot"],"picked":"All For One","floor":8},{"not_picked":["Creative AI","Biased Cognition","Core Surge"],"picked":"SKIP","floor":10},{"not_picked":["Machine Learning","Electrodynamics","Creative AI"],"picked":"SKIP","floor":13},{"not_picked":["Stack","Conserve Battery"],"picked":"Go for the Eyes+1","floor":18},{"not_picked":["Barrage","Ball Lightning+1","Chaos"],"picked":"SKIP","floor":19},{"not_picked":["Thunder Strike","Echo Form","Buffer"],"picked":"Singing Bowl","floor":23},{"not_picked":["Core Surge","Hyperbeam"],"picked":"Seek","floor":24},{"not_picked":["Hyperbeam","Biased Cognition","Echo Form"],"picked":"Singing Bowl","floor":25},{"not_picked":["Biased Cognition","Seek"],"picked":"All For One","floor":27},{"not_picked":["Machine Learning","Creative AI","Reboot"],"picked":"Singing Bowl","floor":28},{"not_picked":["Machine Learning","Rainbow","Thunder Strike"],"picked":"Singing Bowl","floor":29},{"not_picked":["Electrodynamics","Reboot"],"picked":"Seek","floor":31},{"not_picked":["Echo Form","Multi-Cast"],"picked":"All For One","floor":33},{"not_picked":["Coolheaded+1","Rebound+1","Undo+1"],"picked":"Singing Bowl","floor":35},{"not_picked":["Bandage Up","Madness","Impatience"],"picked":"Singing Bowl","floor":39},{"not_picked":["Trip","Purity","Panacea"],"picked":"Singing Bowl","floor":39},{"not_picked":["Echo Form","Reboot","Creative AI"],"picked":"Singing Bowl","floor":40},{"not_picked":["Core Surge","Reboot","Thunder Strike"],"picked":"Singing Bowl","floor":42},{"not_picked":["Buffer","Meteor Strike","Reboot"],"picked":"Singing Bowl","floor":44},{"not_picked":["Rainbow","Meteor Strike","Amplify"],"picked":"Singing Bowl","floor":45},{"not_picked":["Creative AI","Meteor Strike","Electrodynamics"],"picked":"Singing Bowl","floor":46},{"not_picked":["Buffer","Biased Cognition","Amplify"],"picked":"Singing Bowl","floor":48}],"player_experience":76145,"relics_obtained":[{"floor":6,"key":"Incense Burner"},{"floor":7,"key":"PreservedInsect"},{"floor":8,"key":"Ice Cream"},{"floor":9,"key":"Art of War"},{"floor":10,"key":"Shovel"},{"floor":13,"key":"Darkstone Periapt"},{"floor":17,"key":"Bag of Preparation"},{"floor":17,"key":"HornCleat"},{"floor":17,"key":"FossilizedHelix"},{"floor":23,"key":"Singing Bowl"},{"floor":24,"key":"Du-Vu Doll"},{"floor":25,"key":"Calipers"},{"floor":26,"key":"Toy Ornithopter"},{"floor":27,"key":"MawBank"},{"floor":28,"key":"Omamori"},{"floor":29,"key":"Bottled Lightning"},{"floor":31,"key":"Blood Vial"},{"floor":40,"key":"Gremlin Horn"},{"floor":40,"key":"Mercury Hourglass"},{"floor":42,"key":"The Courier"},{"floor":42,"key":"Letter Opener"},{"floor":43,"key":"Pantograph"},{"floor":44,"key":"TungstenRod"},{"floor":44,"key":"Turnip"},{"floor":45,"key":"Bag of Marbles"},{"floor":45,"key":"Vajra"},{"floor":46,"key":"Dream Catcher"},{"floor":46,"key":"CaptainsWheel"},{"floor":48,"key":"Meat on the Bone"},{"floor":48,"key":"MealTicket"},{"floor":49,"key":"Cables"}],"event_choices":[{"damage_healed":0,"gold_gain":100,"player_choice":"Gold","damage_taken":0,"max_hp_gain":0,"max_hp_loss":0,"event_name":"Wheel of Change","floor":2,"gold_loss":0},{"cards_removed":["Coolheaded"],"damage_healed":0,"gold_gain":0,"player_choice":"Card Removal","damage_taken":0,"max_hp_gain":0,"max_hp_loss":0,"event_name":"The Cleric","floor":12,"gold_loss":50},{"damage_healed":0,"gold_gain":275,"player_choice":"Desecrate","damage_taken":0,"max_hp_gain":0,"max_hp_loss":0,"event_name":"Golden Shrine","floor":14,"gold_loss":0,"cards_obtained":["Regret"]},{"damage_healed":0,"gold_gain":99,"player_choice":"Stole From Cult","damage_taken":0,"max_hp_gain":0,"max_hp_loss":0,"event_name":"Nest","floor":21,"gold_loss":0},{"cards_removed":["Go for the Eyes"],"damage_healed":0,"gold_gain":0,"player_choice":"Removed Attack","damage_taken":0,"max_hp_gain":0,"max_hp_loss":0,"event_name":"Falling","floor":36,"gold_loss":0},{"damage_healed":0,"gold_gain":0,"player_choice":"Ignored","damage_taken":0,"max_hp_gain":0,"max_hp_loss":0,"event_name":"Tomb of Lord Red Mask","floor":37,"gold_loss":0},{"damage_healed":0,"gold_gain":0,"player_choice":"Memory 2","damage_taken":5,"max_hp_gain":0,"max_hp_loss":0,"event_name":"SensoryStone","floor":39,"gold_loss":0}],"is_beta":false,"boss_relics":[{"not_picked":["Sozu","SacredBark"],"picked":"Calling Bell"},{"not_picked":["Runic Pyramid","Tiny House"],"picked":"Black Star"}],"items_purged_floors":[4,20,22,38],"is_endless":false,"potions_floor_spawned":[3,5,6,8,23,24,25,28,33,40,45,46],"ascension_level":1}}