{"host":"Doisman","time":1613755891,"event":{"mods":["AchievementEnabler","BaseMod","Better Note","Curses Come First","Minty Spire (QoL Compilation)","Permanent Neow","Quick Restart","Relic Stats","Replay The Spire","StSLib","slay the spire mod where everything is the same but ironclad has a cowboy hat"],"gold_per_floor":[113,124,15,30,48,78,9,41,94,127,147,181,181,181,181,279,279,293,293,208,208,219,219,1,17,17,17,49,63,91,104,104,208,208,221,239,239,284,299,324,324,339,339,339,339,11,39,49,49,49],"floor_reached":51,"language":"ENG","playtime":2372,"items_purged":["Strike_G","Strike_G","Injury"],"score":915,"play_id":"0b1c0632-9512-4c2b-9ef8-cdd699c2f540","local_time":"20210219113131","is_ascension_mode":true,"campfire_choices":[{"data":"Footwork","floor":13,"key":"SMITH"},{"data":"Draining Mist","floor":15,"key":"SMITH"},{"data":"Neutralize","floor":23,"key":"SMITH"},{"data":"Crippling Poison","floor":27,"key":"SMITH"},{"data":"Well Laid Plans","floor":32,"key":"SMITH"},{"floor":41,"key":"REST"},{"data":"Leg Sweep","floor":44,"key":"SMITH"},{"floor":49,"key":"REST"}],"circlet_count":0,"master_deck":["Strike_G","Strike_G","Strike_G","Defend_G","Defend_G","Defend_G","Defend_G","Defend_G","Neutralize+1","Dagger Spray","Poisoned Stab","Dash","Backflip","Riddle With Holes","Footwork+1","Toxin Wave+1","Draining Mist+1","Toxin Wave+1","m_Survivalism","Burst","Poisoned Stab+1","Bouncing Flask","Well Laid Plans+1","Crippling Poison+1","Dodge and Roll","Backflip","Envenom","Catalyst","Leg Sweep+1","Dodge and Roll","Dash+1"],"relics":["Velvet Choker","Quantum Egg","ReplayTheSpireMod:Shallot","Toy Ornithopter","Akabeko","Replay:Bronze Core","Replay:Bottled Eggs","Mercury Hourglass","ReplayFunnel","Strawberry","Replay:Ancient Bell","Omamori","Question Card","Mango","Durian","Replay:Bottled Snecko","Art of War","Medical Kit","Shuriken"],"acts_visited":["Exordium","TheCity","TheBeyond"],"potions_floor_usage":[6,6,10,28,28,35,38,39,42,50,50],"damage_taken":[{"damage":1,"enemies":"Cultist","floor":1,"turns":4},{"damage":3,"enemies":"Jaw Worm","floor":2,"turns":4},{"damage":0,"enemies":"2 Louse","floor":4,"turns":2},{"damage":0,"enemies":"Large Slime","floor":5,"turns":6},{"damage":11,"enemies":"Lagavulin","floor":6,"turns":4},{"damage":7,"enemies":"Gremlin Nob","floor":8,"turns":4},{"damage":12,"enemies":"Lagavulin","floor":10,"turns":7},{"damage":0,"enemies":"Blue Slaver","floor":11,"turns":3},{"damage":3,"enemies":"Gremlin Nob","floor":12,"turns":4},{"damage":3,"enemies":"The Guardian","floor":16,"turns":11},{"damage":0,"enemies":"Shell Parasite","floor":18,"turns":3},{"damage":0,"enemies":"2 Thieves","floor":22,"turns":3},{"damage":0,"enemies":"3 Cultists","floor":25,"turns":5},{"damage":0,"enemies":"Replay:Snechameleon","floor":28,"turns":6},{"damage":2,"enemies":"Snake Plant","floor":29,"turns":3},{"damage":0,"enemies":"Slavers","floor":30,"turns":5},{"damage":1,"enemies":"Centurion and Healer","floor":31,"turns":3},{"damage":46,"enemies":"Collector","floor":33,"turns":8},{"damage":13,"enemies":"3 Shapes","floor":35,"turns":5},{"damage":2,"enemies":"3 Darklings","floor":36,"turns":4},{"damage":14,"enemies":"2 Orb Walkers","floor":38,"turns":4},{"damage":5,"enemies":"Spire Growth","floor":39,"turns":4},{"damage":25,"enemies":"Reptomancer","floor":40,"turns":9},{"damage":2,"enemies":"Jaw Worm Horde","floor":42,"turns":5},{"damage":22,"enemies":"Giant Head","floor":47,"turns":8},{"damage":0,"enemies":"4 Shapes","floor":48,"turns":3},{"damage":41,"enemies":"Donu and Deca","floor":50,"turns":13}],"seed_played":"8472232130593355460","potions_obtained":[{"floor":2,"key":"ColorlessPotion"},{"floor":4,"key":"SpeedPotion"},{"floor":5,"key":"SkillPotion"},{"floor":8,"key":"GamblersBrew"},{"floor":21,"key":"EssenceOfSteel"},{"floor":21,"key":"LiquidBronze"},{"floor":22,"key":"Block Potion"},{"floor":30,"key":"Block Potion"},{"floor":31,"key":"PowerPotion"},{"floor":38,"key":"BlessingOfTheForge"},{"floor":42,"key":"Milkshake"},{"floor":47,"key":"LifebloodPotion"}],"is_trial":false,"path_per_floor":["M","M","$","M","M","E","$","E","T","E","M","E","R","?","R","B",null,"M","?","?","?","M","R","$","M","T","R","E","M","E","M","R","B",null,"M","M","?","?","M","E","R","M","T","R","?","$","E","M","R","B",null],"character_chosen":"THE_SILENT","items_purchased":["Dash","Footwork","Bouncing Flask","Well Laid Plans","Medical Kit","Dodge and Roll"],"campfire_rested":2,"item_purchase_floors":[3,7,24,24,46,46],"current_hp_per_floor":[69,66,66,66,66,55,55,48,48,36,36,33,33,33,33,30,70,70,70,70,70,70,70,70,70,70,70,70,68,75,74,74,28,91,78,76,76,72,72,47,75,78,78,78,78,78,56,56,84,53],"gold":49,"neow_bonus":"BOSS_RELIC","is_daily":false,"chose_seed":false,"campfire_upgraded":6,"win_rate":0.0,"timestamp":1613755891,"path_taken":["M","M","$","M","?","E","?","E","T","E","M","E","R","?","R","BOSS","M","?","?","?","?","R","$","M","T","R","E","M","E","M","R","BOSS","M","M","?","?","M","E","R","M","T","R","?","$","E","M","R","BOSS"],"items_purchased_type":["Card","Card","Card","Card","Relic","Card"],"build_version":"2020-12-18","purchased_purges":3,"victory":true,"max_hp_per_floor":[70,70,70,70,70,70,70,70,70,70,70,70,70,70,70,70,70,70,70,70,70,70,70,70,70,70,70,70,70,77,77,77,77,91,91,91,91,96,96,96,96,96,96,96,96,96,96,96,96,96],"relic_stats":{"counters":[27,140],"Shuriken":[2],"Art of War":[3],"Question Card":12,"Medical Kit":[0],"obtain_stats":[{"ReplayFunnel":28,"Quantum Egg":6,"Velvet Choker":0,"Mango":34,"Replay:Ancient Bell":34,"Omamori":34,"Question Card":34,"Medical Kit":46,"Akabeko":12,"Mercury Hourglass":26,"ReplayTheSpireMod:Shallot":8,"Shuriken":47,"Replay:Bronze Core":17,"Strawberry":30,"Durian":38,"Art of War":43,"Replay:Bottled Snecko":40,"Replay:Bottled Eggs":20,"Toy Ornithopter":10,"Ring of the Snake":0},{"ReplayFunnel":14,"Quantum Egg":5,"Velvet Choker":0,"Mango":18,"Replay:Ancient Bell":18,"Omamori":18,"Question Card":18,"Medical Kit":24,"Akabeko":9,"Mercury Hourglass":13,"ReplayTheSpireMod:Shallot":6,"Shuriken":25,"Replay:Bronze Core":10,"Strawberry":16,"Durian":21,"Art of War":24,"Replay:Bottled Snecko":23,"Replay:Bottled Eggs":11,"Toy Ornithopter":7,"Ring of the Snake":0},{"ReplayFunnel":66,"Quantum Egg":20,"Velvet Choker":0,"Mango":85,"Replay:Ancient Bell":85,"Omamori":85,"Question Card":85,"Medical Kit":116,"Akabeko":38,"Mercury Hourglass":60,"ReplayTheSpireMod:Shallot":24,"Shuriken":124,"Replay:Bronze Core":49,"Strawberry":74,"Durian":98,"Art of War":116,"Replay:Bottled Snecko":111,"Replay:Bottled Eggs":52,"Toy Ornithopter":31,"Ring of the Snake":0}],"Toy Ornithopter":25,"Mercury Hourglass":[455]},"card_choices":[{"not_picked":["Bane","Dagger Throw"],"picked":"Dagger Spray","floor":1},{"not_picked":["Dodge and Roll","Atom Bomb"],"picked":"Poisoned Stab","floor":2},{"not_picked":["Blade Dance","Dagger Throw"],"picked":"Backflip","floor":4},{"not_picked":["Cloak And Dagger","Fluid Movement"],"picked":"Riddle With Holes","floor":5},{"not_picked":["Infinite Blades","Bane","Deflect"],"picked":"SKIP","floor":6},{"not_picked":["Blade Dance","Deflect","Dagger Spray"],"picked":"SKIP","floor":8},{"not_picked":["Doppelganger","Bane"],"picked":"Toxin Wave","floor":10},{"not_picked":["Underhanded Strike","Poisoned Stab"],"picked":"Draining Mist","floor":11},{"not_picked":["Reflex","Slice"],"picked":"Toxin Wave","floor":12},{"not_picked":["Night Terror","ReplayTheSpireMod:Necrosis"],"picked":"Burst","floor":16},{"not_picked":["Cloak And Dagger","Flying Knee"],"picked":"Poisoned Stab+1","floor":18},{"not_picked":["Cloak And Dagger","Slice","PiercingWail"],"picked":"SKIP","floor":22},{"not_picked":["Slice","Atom Bomb"],"picked":"Crippling Poison","floor":25},{"not_picked":["Skewer","Dagger Spray","Accuracy"],"picked":"SKIP","floor":28},{"not_picked":["Underhanded Strike","Eviscerate","Bane"],"picked":"SKIP","floor":29},{"not_picked":["Dagger Throw+1","ReplayTheSpireMod:The Works"],"picked":"Dodge and Roll","floor":30},{"not_picked":["Deadly Poison+1","Poisoned Stab"],"picked":"Backflip","floor":31},{"not_picked":["Replay:Bag of Tricks","Grand Finale"],"picked":"Envenom","floor":33},{"not_picked":["Amnesia","Replay:Hysterical Blindness","Parasite"],"picked":"CommonCold","floor":34},{"not_picked":["ReplayTheSpireMod:IOU","Spreading Infection","Sickly"],"picked":"ReplayTheSpireMod:Faulty Equipment","floor":34},{"not_picked":["Doubt","Normality","Sickly"],"picked":"Injury","floor":34},{"not_picked":["Predator","Deflect+1","Wraith Form v2","Concentrate+1"],"picked":"SKIP","floor":35},{"not_picked":["Concentrate+1","PiercingWail","Endless Agony+1","Terror"],"picked":"SKIP","floor":36},{"not_picked":["Flying Knee","Cloak And Dagger+1","Deflect","Underhanded Strike"],"picked":"SKIP","floor":39},{"not_picked":["Doppelganger","Acrobatics","Bane"],"picked":"Catalyst","floor":40},{"not_picked":["Quick Slash+1","Cloak And Dagger","ReplayTheSpireMod:Speed Training"],"picked":"Leg Sweep","floor":42},{"not_picked":["Riddle With Holes+1","Hidden Blade+1","PiercingWail"],"picked":"Dash+1","floor":47},{"not_picked":["Quick Slash","Expertise","Flying Knee+1","Accuracy+1"],"picked":"SKIP","floor":48}],"player_experience":772049,"relics_obtained":[{"floor":6,"key":"Quantum Egg"},{"floor":8,"key":"ReplayTheSpireMod:Shallot"},{"floor":10,"key":"Toy Ornithopter"},{"floor":12,"key":"Akabeko"},{"floor":26,"key":"Mercury Hourglass"},{"floor":28,"key":"ReplayFunnel"},{"floor":30,"key":"Strawberry"},{"floor":38,"key":"Durian"},{"floor":40,"key":"Replay:Bottled Snecko"},{"floor":43,"key":"Art of War"},{"floor":47,"key":"Shuriken"}],"event_choices":[{"damage_healed":0,"gold_gain":0,"player_choice":"Ignored","damage_taken":0,"max_hp_gain":0,"max_hp_loss":0,"event_name":"Ghosts","floor":19,"gold_loss":0},{"damage_healed":0,"gold_gain":0,"player_choice":"Obtained Relic","damage_taken":0,"relics_obtained":["Replay:Bottled Eggs"],"max_hp_gain":0,"max_hp_loss":0,"event_name":"Addict","floor":20,"gold_loss":85},{"damage_healed":0,"gold_gain":0,"player_choice":"Got Potions","damage_taken":0,"max_hp_gain":0,"max_hp_loss":0,"event_name":"Lab","floor":21,"gold_loss":0},{"damage_healed":0,"gold_gain":0,"player_choice":"Fight","damage_taken":0,"max_hp_gain":0,"max_hp_loss":0,"event_name":"Mysterious Sphere","floor":38,"gold_loss":0},{"damage_healed":0,"gold_gain":0,"player_choice":"Ignored","damage_taken":0,"max_hp_gain":0,"max_hp_loss":0,"event_name":"Tomb of Lord Red Mask","floor":45,"gold_loss":0}],"is_beta":true,"boss_relics":[{"not_picked":["Runic Dome","Empty Cage"],"picked":"Replay:Bronze Core"},{"not_picked":["Snecko Heart","Replay:Drink Me"],"picked":"Replay:Ancient Bell"},{"not_picked":["Nunchaku","Bag of Preparation"],"picked":"Omamori"},{"not_picked":["Meat on the Bone","ReplayTheSpireMod:Ninjato"],"picked":"Question Card"},{"not_picked":["Shovel","FossilizedHelix"],"picked":"Mango"}],"items_purged_floors":[3,24,46],"is_endless":false,"potions_floor_spawned":[2,4,5,8,22,30,31,33,38,42,47],"ascension_level":1}}