{"host":"ydujlihd8f5px9gp","time":1613695512,"event":{"mods":["AchievementEnabler","BaseMod","Block Reminder","Colored Map","Minty Spire (QoL Compilation)","StSLib","ojb\u0027s Info Mod"],"gold_per_floor":[109,109,125,125,53,53,78,78,78,78,110,36,36,47,47,150,150,165,165,182,199,199,199,209,0,46,46,76,76,76],"floor_reached":29,"language":"ENG","playtime":793,"items_purged":[],"score":299,"play_id":"6693abd1-e1a2-4f0c-b845-43b899f0c6bf","local_time":"20210218224512","is_ascension_mode":true,"campfire_choices":[{"data":"Loop","floor":6,"key":"SMITH"},{"data":"Rip and Tear","floor":8,"key":"SMITH"},{"floor":10,"key":"REST"},{"floor":13,"key":"REST"},{"floor":15,"key":"REST"},{"floor":23,"key":"REST"},{"floor":27,"key":"REST"}],"circlet_count":0,"master_deck":["Strike_B","Strike_B","Strike_B+1","Strike_B+1","Defend_B","Defend_B","Defend_B","Defend_B","Zap","Dualcast","Sweeping Beam","Gash","Rip and Tear+1","Loop+1","Hologram","Scrape","Gash","Electrodynamics","Go for the Eyes+1","Scrape","Compile Driver","Conserve Battery","Skim"],"relics":["FrozenCore","PreservedInsect","Darkstone Periapt","Lizard Tail","Kunai","Boot","Ancient Tea Set"],"acts_visited":["Exordium","TheCity"],"potions_floor_usage":[16,24,24,29,29],"damage_taken":[{"damage":2,"enemies":"Jaw Worm","floor":1,"turns":3},{"damage":3,"enemies":"Small Slimes","floor":3,"turns":4},{"damage":18,"enemies":"Gremlin Nob","floor":7,"turns":3},{"damage":35,"enemies":"Lagavulin","floor":11,"turns":5},{"damage":0,"enemies":"Cultist","floor":14,"turns":2},{"damage":40,"enemies":"Hexaghost","floor":16,"turns":8},{"damage":10,"enemies":"3 Byrds","floor":18,"turns":3},{"damage":28,"enemies":"Shell Parasite","floor":20,"turns":4},{"damage":34,"enemies":"Shelled Parasite and Fungi","floor":21,"turns":5},{"damage":26,"enemies":"3 Cultists","floor":24,"turns":5},{"damage":25,"enemies":"Book of Stabbing","floor":28,"turns":7},{"damage":4,"enemies":"Centurion and Healer","floor":29,"turns":3}],"seed_played":"1120826182805738977","potions_obtained":[{"floor":7,"key":"SpeedPotion"},{"floor":21,"key":"Regen Potion"},{"floor":22,"key":"FearPotion"},{"floor":22,"key":"Swift Potion"},{"floor":24,"key":"Dexterity Potion"},{"floor":28,"key":"ColorlessPotion"}],"is_trial":false,"path_per_floor":["M","?","M","?","$","R","E","R","T","R","E","$","R","M","R","B",null,"M","?","M","M","?","R","M","?","T","R","E","M"],"character_chosen":"DEFECT","items_purchased":["Loop","Scrape"],"campfire_rested":5,"item_purchase_floors":[5,12],"current_hp_per_floor":[73,55,52,37,37,37,19,19,19,41,6,6,28,28,50,10,75,65,65,37,3,3,25,13,13,13,35,10,6,6],"gold":76,"neow_bonus":"THREE_CARDS","is_daily":false,"chose_seed":false,"campfire_upgraded":2,"win_rate":0.0,"timestamp":1613695512,"path_taken":["M","?","M","?","?","R","E","R","T","R","E","$","R","?","R","BOSS","M","?","M","M","?","R","?","?","T","R","E","M"],"items_purchased_type":["Card","Card"],"build_version":"2020-12-22","purchased_purges":0,"victory":false,"max_hp_per_floor":[75,75,75,75,75,75,75,75,75,75,75,75,75,75,75,75,75,75,75,75,75,75,75,75,75,75,75,75,75,75],"card_choices":[{"not_picked":["Turbo","Compile Driver"],"picked":"Sweeping Beam","floor":0},{"not_picked":["Leap","Barrage"],"picked":"Gash","floor":1},{"not_picked":["Barrage","Ball Lightning"],"picked":"Rip and Tear","floor":3},{"not_picked":["Barrage","Multi-Cast"],"picked":"Hologram","floor":7},{"not_picked":["Streamline","Genetic Algorithm","Aggregate"],"picked":"SKIP","floor":11},{"not_picked":["Sweeping Beam","Redo"],"picked":"Gash","floor":14},{"not_picked":["Reboot","Fission"],"picked":"Electrodynamics","floor":16},{"not_picked":["Coolheaded","Lockon"],"picked":"Go for the Eyes+1","floor":18},{"not_picked":["Blizzard","Fusion"],"picked":"Scrape","floor":20},{"not_picked":["Barrage","Double Energy"],"picked":"Compile Driver","floor":21},{"not_picked":["Streamline","Rebound"],"picked":"Conserve Battery","floor":24},{"not_picked":["Glacier","Reboot"],"picked":"Skim","floor":28}],"player_experience":162846,"relics_obtained":[{"floor":7,"key":"Darkstone Periapt"},{"floor":9,"key":"Lizard Tail"},{"floor":11,"key":"Kunai"},{"floor":26,"key":"Boot"},{"floor":28,"key":"Ancient Tea Set"}],"event_choices":[{"damage_healed":0,"gold_gain":0,"player_choice":"Success","damage_taken":18,"relics_obtained":["PreservedInsect"],"max_hp_gain":0,"max_hp_loss":0,"event_name":"Scrap Ooze","floor":2,"gold_loss":0},{"damage_healed":0,"gold_gain":0,"player_choice":"Entered Light","damage_taken":15,"max_hp_gain":0,"max_hp_loss":0,"event_name":"Shining Light","floor":4,"gold_loss":0,"cards_upgraded":["Strike_B","Strike_B"]},{"damage_healed":0,"gold_gain":0,"player_choice":"Ignored","damage_taken":0,"max_hp_gain":0,"max_hp_loss":0,"event_name":"Vampires","floor":19,"gold_loss":0},{"damage_healed":0,"gold_gain":0,"player_choice":"Got Potions","damage_taken":0,"max_hp_gain":0,"max_hp_loss":0,"event_name":"Lab","floor":22,"gold_loss":0},{"damage_healed":0,"gold_gain":0,"player_choice":"Paid Fearfully","damage_taken":0,"max_hp_gain":0,"max_hp_loss":0,"event_name":"Masked Bandits","floor":25,"gold_loss":209}],"is_beta":false,"boss_relics":[{"not_picked":["Runic Pyramid","Nuclear Battery"],"picked":"FrozenCore"}],"items_purged_floors":[],"is_endless":false,"potions_floor_spawned":[7,21,24,28],"killed_by":"Centurion and Healer","ascension_level":4}}