{"host":"ia9e4s524g7bamk7","time":1613721222,"event":{"mods":["AchievementEnabler","BaseMod","Colored Map","Minty Spire (QoL Compilation)","Permanent Neow","Slay-I","slay the spire mod where everything is the same but ironclad has a cowboy hat"],"gold_per_floor":[12,12,36,59,9,52,52,91,117,148,163,194,194,207,207,362,362,383,403,423,423,463,463,463],"floor_reached":23,"language":"ENG","playtime":3440,"items_purged":[],"score":300,"play_id":"ee354356-4e75-4b1e-938b-70a0fa5da108","local_time":"20210219085342","is_ascension_mode":true,"campfire_choices":[{"floor":7.0,"key":"REST"},{"floor":15.0,"key":"REST"}],"circlet_count":0,"master_deck":["Strike_P","Strike_P","Strike_P","Defend_P","Defend_P","Defend_P","Defend_P","Eruption","Vigilance","DeusExMachina","Sanctity","CutThroughFate","Nirvana","Wireheading","WindmillStrike","Halt","WindmillStrike","Wish","ThirdEye","Brilliance","ThirdEye+1","Nirvana","Wireheading","EmptyMind+1"],"relics":["PureWater","Golden Idol","Smiling Mask","Ancient Tea Set","Odd Mushroom","Bronze Scales","Strawberry","SacredBark"],"acts_visited":["Exordium","TheCity"],"potions_floor_usage":[19,20,21],"damage_taken":[{"damage":5.0,"enemies":"2 Louse","floor":1.0,"turns":3.0},{"damage":2.0,"enemies":"Small Slimes","floor":3.0,"turns":5.0},{"damage":0.0,"enemies":"Jaw Worm","floor":4.0,"turns":3.0},{"damage":42.0,"enemies":"3 Sentries","floor":6.0,"turns":11.0},{"damage":0.0,"enemies":"Gremlin Nob","floor":8.0,"turns":2.0},{"damage":0.0,"enemies":"The Mushroom Lair","floor":10.0,"turns":3.0},{"damage":5.0,"enemies":"Gremlin Gang","floor":11.0,"turns":4.0},{"damage":9.0,"enemies":"Lagavulin","floor":12.0,"turns":5.0},{"damage":0.0,"enemies":"3 Louse","floor":14.0,"turns":2.0},{"damage":22.0,"enemies":"Slime Boss","floor":16.0,"turns":13.0},{"damage":15.0,"enemies":"Spheric Guardian","floor":18.0,"turns":8.0},{"damage":0,"enemies":"3 Byrds","floor":19,"turns":3},{"damage":1,"enemies":"Sentry and Sphere","floor":20,"turns":9},{"damage":0,"enemies":"Snake Plant","floor":21,"turns":1},{"damage":5,"enemies":"Snecko","floor":22,"turns":6},{"damage":20,"enemies":"Book of Stabbing","floor":23,"turns":8}],"seed_played":"727064164895489683","potions_obtained":[{"floor":1.0,"key":"LiquidBronze"},{"floor":3.0,"key":"FearPotion"},{"floor":6.0,"key":"Explosive Potion"},{"floor":10.0,"key":"FearPotion"},{"floor":14.0,"key":"Weak Potion"},{"floor":19,"key":"LiquidMemories"},{"floor":20,"key":"SmokeBomb"}],"is_trial":false,"path_per_floor":["M","?","M","M","?","E","R","E","T","?","M","E","?","M","R","B",null,"M","M","M","M","M","E"],"character_chosen":"WATCHER","items_purchased":[],"campfire_rested":2,"item_purchase_floors":[],"current_hp_per_floor":[67,67,65,65,65,23,43,43,43,43,38,29,11,11,33,11,58,43,43,42,42,37,17,17],"gold":463,"neow_bonus":"THREE_RARE_CARDS","is_daily":false,"chose_seed":false,"campfire_upgraded":0,"win_rate":0.0,"timestamp":1613721222,"path_taken":["M","?","M","M","?","E","R","E","T","?","M","E","?","?","R","BOSS","M","M","?","M","M","E"],"items_purchased_type":[],"build_version":"2020-12-22","purchased_purges":0,"victory":false,"max_hp_per_floor":[72,67,67,67,67,67,67,67,67,67,67,67,74,74,74,74,74,74,74,74,74,74,74,74],"card_choices":[{"not_picked":["Judgement","Devotion"],"picked":"DeusExMachina","floor":0.0},{"not_picked":["Meditate","ThirdEye"],"picked":"Sanctity","floor":1.0},{"not_picked":["ClearTheMind","SandsOfTime"],"picked":"CutThroughFate","floor":3.0},{"not_picked":["EmptyBody","ForeignInfluence"],"picked":"Nirvana","floor":4.0},{"not_picked":["Evaluate","Prostrate"],"picked":"Wireheading","floor":6.0},{"not_picked":["FollowUp","FlyingSleeves"],"picked":"WindmillStrike","floor":8.0},{"not_picked":["Evaluate","Crescendo"],"picked":"Halt","floor":10.0},{"not_picked":["SashWhip","Fasting2"],"picked":"WindmillStrike","floor":11.0},{"not_picked":["FlyingSleeves","Adaptation"],"picked":"Wish","floor":12.0},{"not_picked":["Protect","Prostrate"],"picked":"ThirdEye","floor":14.0},{"not_picked":["Judgement","Scrawl"],"picked":"Brilliance","floor":16.0},{"not_picked":["PathToVictory","JustLucky"],"picked":"ThirdEye+1","floor":18.0},{"not_picked":["JustLucky+1","Prostrate+1"],"picked":"Nirvana","floor":19},{"not_picked":["Evaluate","EmptyFist+1"],"picked":"Wireheading","floor":20},{"not_picked":["Pray+1","BowlingBash"],"picked":"EmptyMind+1","floor":22}],"player_experience":388665,"relics_obtained":[{"floor":6.0,"key":"Smiling Mask"},{"floor":8.0,"key":"Ancient Tea Set"},{"floor":10.0,"key":"Odd Mushroom"},{"floor":12.0,"key":"Bronze Scales"}],"event_choices":[{"damage_healed":0.0,"max_hp_gain":0.0,"max_hp_loss":5.0,"gold_gain":0.0,"event_name":"Golden Idol","player_choice":"Lose Max HP","floor":2.0,"gold_loss":0.0,"damage_taken":0.0,"relics_obtained":["Golden Idol"]},{"cards_removed":["Strike_P"],"damage_healed":0.0,"max_hp_gain":0.0,"max_hp_loss":0.0,"gold_gain":0.0,"event_name":"The Cleric","player_choice":"Card Removal","floor":5.0,"gold_loss":50.0,"damage_taken":0.0},{"damage_healed":0.0,"max_hp_gain":0.0,"max_hp_loss":0.0,"gold_gain":0.0,"event_name":"Mushrooms","player_choice":"Fought Mushrooms","floor":10.0,"gold_loss":0.0,"damage_taken":0.0},{"damage_healed":0.0,"max_hp_gain":0.0,"max_hp_loss":0.0,"gold_gain":0.0,"event_name":"Scrap Ooze","player_choice":"Success","floor":13.0,"gold_loss":0.0,"damage_taken":25.0,"relics_obtained":["Strawberry"]}],"is_beta":false,"boss_relics":[{"not_picked":["Calling Bell","Runic Dome"],"picked":"SacredBark"}],"items_purged_floors":[],"is_endless":false,"potions_floor_spawned":[1,3,6,10,14,19,20],"killed_by":"Book of Stabbing","ascension_level":5}}