{"host":"0xnlke9dn7m72v1t","time":1613739828,"event":{"mods":["AchievementEnabler","BaseMod","BetterRewards","Colored Map","Colored Powertips","Minty Spire (QoL Compilation)","Quick Restart","StSLib","SuperFastMode","Together in Spire"],"gold_per_floor":[117,117,117,142,156,195,195,234,234,234,277,297,331,352,352,471,471,490,504,525,624,624,657,657,690,716,716,741,762,780,801,801,801,801],"floor_reached":33,"language":"DEU","playtime":1319,"items_purged":[],"score":440,"play_id":"55ab8d7d-fe37-4d42-9349-5bac8d79d0d0","local_time":"20210219140348","is_ascension_mode":true,"campfire_choices":[{"floor":7,"key":"REST"},{"floor":15,"key":"REST"},{"floor":24,"key":"REST"},{"floor":27,"key":"REST"},{"floor":32,"key":"REST"}],"circlet_count":0,"master_deck":["Strike_R","Strike_R","Strike_R","Strike_R","Strike_R","Defend_R","Defend_R","Defend_R","Defend_R","Bash","Dramatic Entrance","Rage","Seeing Red","Seeing Red","Clash","Flex","Shrug It Off","Feel No Pain+1","Juggernaut+1","Searing Blow+1","Anger+1","Inflame+1","Clash+1","Heavy Blade+1","Fire Breathing+1"],"relics":["Burning Blood","Charon\u0027s Ashes","Golden Idol","Mummified Hand","Bottled Lightning","Frozen Egg 2","Question Card","Ornamental Fan","Black Star","Calipers","Bag of Marbles","Orichalcum","Sundial","Molten Egg 2","Red Skull"],"acts_visited":["Exordium","TheCity"],"potions_floor_usage":[6,16,16,25,30,31,31],"damage_taken":[{"damage":0,"enemies":"Small Slimes","floor":1,"turns":2},{"damage":0,"enemies":"Cultist","floor":4,"turns":2},{"damage":0,"enemies":"2 Louse","floor":5,"turns":1},{"damage":15,"enemies":"Lagavulin","floor":6,"turns":5},{"damage":4,"enemies":"3 Sentries","floor":8,"turns":6},{"damage":32,"enemies":"Gremlin Nob","floor":11,"turns":4},{"damage":0,"enemies":"Blue Slaver","floor":12,"turns":3},{"damage":13,"enemies":"3 Sentries","floor":13,"turns":7},{"damage":0,"enemies":"Lots of Slimes","floor":14,"turns":1},{"damage":54,"enemies":"The Guardian","floor":16,"turns":11},{"damage":8,"enemies":"Shell Parasite","floor":18,"turns":5},{"damage":0,"enemies":"Chosen","floor":19,"turns":4},{"damage":34,"enemies":"Centurion and Healer","floor":20,"turns":12},{"damage":46,"enemies":"Slavers","floor":23,"turns":4},{"damage":20,"enemies":"Book of Stabbing","floor":25,"turns":4},{"damage":28,"enemies":"Sentry and Sphere","floor":28,"turns":5},{"damage":12,"enemies":"Chosen and Byrds","floor":29,"turns":5},{"damage":0,"enemies":"Snake Plant","floor":30,"turns":2},{"damage":15,"enemies":"Centurion and Healer","floor":31,"turns":3},{"damage":74,"enemies":"Automaton","floor":33,"turns":6}],"seed_played":"-7672228769771606324","potions_obtained":[{"floor":4,"key":"Fire Potion"},{"floor":8,"key":"BlessingOfTheForge"},{"floor":11,"key":"SpeedPotion"},{"floor":14,"key":"CultistPotion"},{"floor":23,"key":"SpeedPotion"},{"floor":25,"key":"DuplicationPotion"},{"floor":28,"key":"Swift Potion"},{"floor":29,"key":"Block Potion"}],"is_trial":false,"path_per_floor":["M","?","?","M","M","E","R","E","T","$","E","M","E","M","R","B",null,"M","M","M","?","?","E","R","E","T","R","M","M","M","M","R","B"],"character_chosen":"IRONCLAD","items_purchased":["Dramatic Entrance","Toolbox"],"campfire_rested":5,"item_purchase_floors":[0,0],"current_hp_per_floor":[67,47,47,53,59,50,74,76,76,76,50,56,49,55,79,31,80,78,80,52,52,52,12,36,22,22,46,24,18,24,15,39,0,0],"gold":801,"neow_bonus":"","is_daily":false,"chose_seed":false,"campfire_upgraded":0,"win_rate":0.0,"timestamp":1613739828,"path_taken":["M","?","?","M","M","E","R","E","T","$","E","M","E","?","R","BOSS","M","?","M","?","?","E","R","E","T","R","M","?","M","M","R","BOSS"],"items_purchased_type":["Card","Relic"],"build_version":"2020-12-22","purchased_purges":0,"victory":false,"max_hp_per_floor":[80,80,80,80,80,80,80,80,80,80,80,80,80,80,80,80,80,80,80,80,80,80,80,80,80,80,80,80,80,80,80,80,80,80],"card_choices":[{"not_picked":["Heavy Blade","Feel No Pain"],"picked":"Seeing Red","floor":1},{"not_picked":["Battle Trance","Dark Embrace"],"picked":"Clash","floor":4},{"not_picked":["Clothesline","Twin Strike"],"picked":"Flex","floor":5},{"not_picked":["Body Slam","Reckless Charge"],"picked":"Shrug It Off","floor":6},{"not_picked":["Evolve","Offering","Searing Blow"],"picked":"SKIP","floor":8},{"not_picked":["Combust+1","Reckless Charge","Thunderclap"],"picked":"SKIP","floor":11},{"not_picked":["Thunderclap","Uppercut","Dual Wield","Second Wind"],"picked":"SKIP","floor":12},{"not_picked":["Dropkick","Sword Boomerang","Headbutt","Infernal Blade"],"picked":"SKIP","floor":13},{"not_picked":["Thunderclap","Headbutt","Reckless Charge"],"picked":"Feel No Pain+1","floor":14},{"not_picked":["Exhume","Demon Form+1","Brutality+1"],"picked":"Juggernaut+1","floor":16},{"not_picked":["Rampage","Sword Boomerang","Carnage","Bloodletting"],"picked":"SKIP","floor":18},{"not_picked":["Spot Weakness","Heavy Blade","Uppercut","Warcry"],"picked":"SKIP","floor":19},{"not_picked":["Entrench","True Grit","Shrug It Off","Armaments"],"picked":"SKIP","floor":20},{"not_picked":["Warcry","Bloodletting","Corruption+1"],"picked":"Searing Blow+1","floor":23},{"not_picked":["Flex+1","Heavy Blade+1","Rampage+1"],"picked":"Anger+1","floor":25},{"not_picked":["Pommel Strike+1","Heavy Blade+1","Immolate+1"],"picked":"Inflame+1","floor":28},{"not_picked":["Clothesline+1","Warcry+1","Heavy Blade+1"],"picked":"Clash+1","floor":29},{"not_picked":["Burning Pact","Uppercut+1","Thunderclap+1"],"picked":"Heavy Blade+1","floor":30},{"not_picked":["Headbutt+1","Havoc","Wild Strike+1"],"picked":"Fire Breathing+1","floor":31}],"player_experience":26877,"relics_obtained":[{"floor":6,"key":"Mummified Hand"},{"floor":8,"key":"Bottled Lightning"},{"floor":9,"key":"Frozen Egg 2"},{"floor":11,"key":"Question Card"},{"floor":13,"key":"Ornamental Fan"},{"floor":23,"key":"Bag of Marbles"},{"floor":23,"key":"Orichalcum"},{"floor":25,"key":"Sundial"},{"floor":25,"key":"Molten Egg 2"},{"floor":26,"key":"Red Skull"}],"event_choices":[{"damage_healed":0,"gold_gain":0,"player_choice":"Take Damage","damage_taken":20,"relics_obtained":["Golden Idol"],"max_hp_gain":0,"max_hp_loss":0,"event_name":"Golden Idol","floor":2,"gold_loss":0},{"damage_healed":0,"gold_gain":0,"player_choice":"1 cards matched","damage_taken":0,"max_hp_gain":0,"max_hp_loss":0,"event_name":"Match and Keep!","floor":3,"gold_loss":0,"cards_obtained":["Seeing Red"]},{"damage_healed":0,"gold_gain":99,"player_choice":"Stole From Cult","damage_taken":0,"max_hp_gain":0,"max_hp_loss":0,"event_name":"Nest","floor":21,"gold_loss":0},{"damage_healed":0,"gold_gain":0,"player_choice":"Gave Potion","damage_taken":0,"relics_obtained":["Calipers"],"max_hp_gain":0,"max_hp_loss":0,"event_name":"WeMeetAgain","floor":22,"gold_loss":0}],"is_beta":false,"boss_relics":[{"not_picked":["Runic Dome","Empty Cage"],"picked":"Black Star"}],"items_purged_floors":[],"is_endless":false,"potions_floor_spawned":[4,8,11,14,23,25,28,29],"killed_by":"Automaton","ascension_level":1}}