{"host":"d744ndivyohnro60","time":1613708865,"event":{"mods":["BaseMod","Bestiary","Colored Powertips","Minty Spire (QoL Compilation)","Relic Stats"],"gold_per_floor":[118,118,43,63,28,28,53,228,228,228,260,260,308,329,329,459,459,442,422,440,478,498,498,542,542,568,164,178,193,217,92,92,215,215,228,242,152,1,1,37,37,37,64,105,105,105,119,153,153,153],"floor_reached":51,"language":"ENG","playtime":2113,"items_purged":["Defend_B","Doubt","Injury"],"score":1066,"play_id":"5d943a10-e288-48ae-815c-76d98f2a75ae","local_time":"20210218232745","is_ascension_mode":true,"campfire_choices":[{"data":"Zap","floor":6,"key":"SMITH"},{"data":"Sunder","floor":10,"key":"SMITH"},{"data":"Reinforced Body","floor":15,"key":"SMITH"},{"floor":23,"key":"REST"},{"floor":25,"key":"REST"},{"floor":32,"key":"REST"},{"data":"Capacitor","floor":42,"key":"SMITH"},{"floor":49,"key":"REST"}],"circlet_count":0,"master_deck":["Strike_B","Defend_B","Defend_B+1","Defend_B","Zap+1","Dualcast","Reinforced Body+1","Conserve Battery","Sunder+1","Redo","Leap+1","Electrodynamics","Ball Lightning","BootSequence+1","Barrage","Turbo","Compile Driver+1","Buffer","Chill","Creative AI+1","Fission","Fusion+1","Consume+1","Capacitor+1","Reboot","Writhe","Cold Snap+1","Chill+1","Doubt","Ball Lightning","Stack"],"relics":["Cracked Core","NeowsBlessing","Eternal Feather","Matryoshka","Pear","Golden Idol","Nunchaku","Bag of Preparation","SlaversCollar","Red Mask","Incense Burner","Ancient Tea Set","MawBank","Whetstone","Philosopher\u0027s Stone","PreservedInsect","Happy Flower","Dream Catcher","War Paint"],"acts_visited":["Exordium","TheCity","TheBeyond"],"potions_floor_usage":[16,16,20,21,24,29,33,48],"damage_taken":[{"damage":0,"enemies":"2 Louse","floor":1,"turns":1},{"damage":0,"enemies":"Small Slimes","floor":4,"turns":1},{"damage":0,"enemies":"Lagavulin","floor":7,"turns":1},{"damage":36,"enemies":"3 Sentries","floor":11,"turns":8},{"damage":0,"enemies":"Cultist","floor":14,"turns":2},{"damage":44,"enemies":"Hexaghost","floor":16,"turns":12},{"damage":17,"enemies":"2 Thieves","floor":18,"turns":4},{"damage":0,"enemies":"3 Byrds","floor":20,"turns":3},{"damage":20,"enemies":"Masked Bandits","floor":21,"turns":3},{"damage":5,"enemies":"Cultist and Chosen","floor":22,"turns":5},{"damage":36,"enemies":"Book of Stabbing","floor":24,"turns":5},{"damage":15,"enemies":"3 Cultists","floor":28,"turns":4},{"damage":0,"enemies":"Centurion and Healer","floor":29,"turns":4},{"damage":43,"enemies":"Sentry and Sphere","floor":30,"turns":6},{"damage":21,"enemies":"Automaton","floor":33,"turns":9},{"damage":0,"enemies":"3 Shapes","floor":35,"turns":3},{"damage":3,"enemies":"Orb Walker","floor":36,"turns":3},{"damage":45,"enemies":"Nemesis","floor":40,"turns":7},{"damage":34,"enemies":"Reptomancer","floor":44,"turns":5},{"damage":0,"enemies":"4 Shapes","floor":47,"turns":4},{"damage":67,"enemies":"Giant Head","floor":48,"turns":10},{"damage":38,"enemies":"Donu and Deca","floor":50,"turns":8}],"seed_played":"4019762958271630584","potions_obtained":[{"floor":7,"key":"Dexterity Potion"},{"floor":11,"key":"Explosive Potion"},{"floor":16,"key":"EssenceOfSteel"},{"floor":19,"key":"Block Potion"},{"floor":20,"key":"FairyPotion"},{"floor":21,"key":"Energy Potion"},{"floor":22,"key":"Fire Potion"},{"floor":29,"key":"FocusPotion"},{"floor":36,"key":"GamblersBrew"},{"floor":47,"key":"LiquidMemories"},{"floor":48,"key":"FearPotion"}],"is_trial":false,"path_per_floor":["M","?","$","M","?","R","E","?","T","R","E","?","T","M","R","B",null,"M","?","M","?","M","R","E","R","T","$","M","M","M","$","R","B",null,"M","M","?","$","?","E","$","R","T","E","?","?","M","E","R","B",null],"character_chosen":"DEFECT","items_purchased":["Whetstone","Buffer","Capacitor","Reboot"],"campfire_rested":4,"item_purchase_floors":[27,27,38,38],"current_hp_per_floor":[68,61,61,61,75,75,75,75,75,75,49,49,49,49,58,14,67,50,50,50,30,25,62,26,63,63,63,48,48,5,5,42,21,69,69,66,66,66,85,40,40,55,55,21,21,85,85,18,61,23],"gold":153,"neow_bonus":"THREE_ENEMY_KILL","is_daily":false,"chose_seed":false,"campfire_upgraded":4,"win_rate":0.0,"timestamp":1613708865,"path_taken":["M","?","$","M","?","R","E","?","T","R","E","?","?","M","R","BOSS","M","?","?","?","M","R","E","R","T","$","M","M","M","$","R","BOSS","M","M","?","$","?","E","?","R","T","E","?","?","M","E","R","BOSS"],"items_purchased_type":["Relic","Card","Card","Card"],"build_version":"2020-12-22","purchased_purges":3,"victory":true,"max_hp_per_floor":[75,75,75,75,75,75,75,75,75,75,85,85,85,85,85,85,85,85,85,85,85,85,85,85,85,85,85,85,85,85,85,85,85,85,85,85,85,85,85,85,85,85,85,85,85,85,85,85,85,85],"relic_stats":{"Nunchaku":[13],"Dream Catcher":1,"Happy Flower":[9],"counters":[22,108],"Golden Idol":150,"Eternal Feather":78,"PreservedInsect":183,"Bag of Preparation":[36],"Whetstone":["Strike_B","Compile Driver"],"War Paint":["Defend_B","Leap"],"MawBank":12,"obtain_stats":[{"Pear":11,"NeowsBlessing":0,"Happy Flower":43,"Golden Idol":12,"Eternal Feather":7,"PreservedInsect":40,"Bag of Preparation":13,"Incense Burner":24,"Whetstone":27,"War Paint":48,"Ancient Tea Set":26,"MawBank":26,"SlaversCollar":17,"Nunchaku":13,"Dream Catcher":44,"Matryoshka":9,"Philosopher\u0027s Stone":34,"Red Mask":21,"Cracked Core":0},{"Pear":4,"NeowsBlessing":0,"Happy Flower":18,"Golden Idol":4,"Eternal Feather":3,"PreservedInsect":18,"Bag of Preparation":4,"Incense Burner":11,"Whetstone":11,"War Paint":21,"Ancient Tea Set":11,"MawBank":11,"SlaversCollar":6,"Nunchaku":4,"Dream Catcher":19,"Matryoshka":3,"Philosopher\u0027s Stone":15,"Red Mask":9,"Cracked Core":0},{"Pear":11,"NeowsBlessing":0,"Happy Flower":81,"Golden Idol":11,"Eternal Feather":3,"PreservedInsect":81,"Bag of Preparation":11,"Incense Burner":45,"Whetstone":45,"War Paint":100,"Ancient Tea Set":45,"MawBank":45,"SlaversCollar":25,"Nunchaku":11,"Dream Catcher":86,"Matryoshka":3,"Philosopher\u0027s Stone":68,"Red Mask":35,"Cracked Core":0}]},"card_choices":[{"not_picked":["Stack","Conserve Battery"],"picked":"Reinforced Body","floor":1},{"not_picked":["Genetic Algorithm","Redo"],"picked":"Conserve Battery","floor":4},{"not_picked":["Hello World","Chaos"],"picked":"Sunder","floor":7},{"not_picked":["Go for the Eyes","Sunder"],"picked":"Redo","floor":11},{"not_picked":["Sunder","Redo"],"picked":"Leap","floor":14},{"not_picked":["Amplify","Buffer"],"picked":"Electrodynamics","floor":16},{"not_picked":["Rebound","Stack"],"picked":"Ball Lightning","floor":18},{"not_picked":["Hologram","Cold Snap"],"picked":"BootSequence+1","floor":20},{"not_picked":["Coolheaded","Force Field"],"picked":"Barrage","floor":21},{"not_picked":["Hello World","Self Repair"],"picked":"Turbo","floor":22},{"not_picked":["Sunder","Cold Snap"],"picked":"Compile Driver","floor":24},{"not_picked":["Hologram","Barrage","Coolheaded"],"picked":"SKIP","floor":28},{"not_picked":["Redo+1","Cold Snap"],"picked":"Chill","floor":29},{"not_picked":["Reprogram","Recycle"],"picked":"Creative AI","floor":30},{"not_picked":["Hyperbeam","Multi-Cast"],"picked":"Fission","floor":33},{"not_picked":["Go for the Eyes","Conserve Battery"],"picked":"Fusion+1","floor":35},{"not_picked":["Turbo+1","Doom and Gloom+1"],"picked":"Consume+1","floor":36},{"not_picked":["Beam Cell","Fission"],"picked":"Cold Snap+1","floor":40},{"not_picked":["White Noise","Turbo+1"],"picked":"Chill+1","floor":44},{"not_picked":["Darkness","Go for the Eyes+1","Streamline"],"picked":"SKIP","floor":47},{"not_picked":["FTL","Genetic Algorithm+1"],"picked":"Ball Lightning","floor":48},{"not_picked":["Sweeping Beam+1","Cold Snap+1"],"picked":"Stack","floor":49}],"player_experience":244239,"relics_obtained":[{"floor":7,"key":"Eternal Feather"},{"floor":9,"key":"Matryoshka"},{"floor":11,"key":"Pear"},{"floor":13,"key":"Nunchaku"},{"floor":13,"key":"Bag of Preparation"},{"floor":21,"key":"Red Mask"},{"floor":24,"key":"Incense Burner"},{"floor":26,"key":"Ancient Tea Set"},{"floor":26,"key":"MawBank"},{"floor":40,"key":"PreservedInsect"},{"floor":43,"key":"Happy Flower"},{"floor":44,"key":"Dream Catcher"},{"floor":48,"key":"War Paint"}],"event_choices":[{"cards_removed":["Strike_B"],"damage_healed":0,"gold_gain":0,"player_choice":"Card Removal","damage_taken":7,"max_hp_gain":0,"max_hp_loss":0,"event_name":"Golden Wing","floor":2,"gold_loss":0},{"damage_healed":18,"gold_gain":0,"player_choice":"Healed","damage_taken":0,"max_hp_gain":0,"max_hp_loss":0,"event_name":"The Cleric","floor":5,"gold_loss":35},{"damage_healed":0,"gold_gain":175,"player_choice":"AGREE","damage_taken":0,"max_hp_gain":0,"max_hp_loss":0,"event_name":"Liars Game","floor":8,"gold_loss":0,"cards_obtained":["Doubt"]},{"damage_healed":0,"gold_gain":0,"player_choice":"Take Wound","damage_taken":0,"relics_obtained":["Golden Idol"],"max_hp_gain":0,"max_hp_loss":0,"event_name":"Golden Idol","floor":12,"gold_loss":0,"cards_obtained":["Injury"]},{"damage_healed":0,"gold_gain":0,"player_choice":"Bought 1 Potion","damage_taken":0,"max_hp_gain":0,"max_hp_loss":0,"event_name":"The Woman in Blue","floor":19,"gold_loss":0},{"damage_healed":0,"gold_gain":0,"player_choice":"Fought Bandits","damage_taken":0,"max_hp_gain":0,"max_hp_loss":0,"event_name":"Masked Bandits","floor":21,"gold_loss":0},{"cards_removed":["Strike_B"],"damage_healed":0,"gold_gain":0,"player_choice":"Upgrade and Remove","damage_taken":0,"max_hp_gain":0,"max_hp_loss":0,"event_name":"Designer","floor":37,"gold_loss":90,"cards_upgraded":["Creative AI"]},{"damage_healed":21,"gold_gain":0,"player_choice":"Writhe","damage_taken":0,"max_hp_gain":0,"max_hp_loss":0,"event_name":"Winding Halls","floor":39,"gold_loss":0,"cards_obtained":["Writhe"]},{"cards_removed":["Strike_B"],"damage_healed":0,"gold_gain":0,"player_choice":"Removed Attack","damage_taken":0,"max_hp_gain":0,"max_hp_loss":0,"event_name":"Falling","floor":45,"gold_loss":0},{"damage_healed":64,"gold_gain":0,"player_choice":"Heal","damage_taken":0,"max_hp_gain":0,"max_hp_loss":0,"event_name":"MindBloom","floor":46,"gold_loss":0,"cards_obtained":["Doubt"]}],"is_beta":false,"boss_relics":[{"not_picked":["SacredBark","Inserter"],"picked":"SlaversCollar"},{"not_picked":["Nuclear Battery","Busted Crown"],"picked":"Philosopher\u0027s Stone"}],"items_purged_floors":[3,27,31],"is_endless":false,"potions_floor_spawned":[7,11,16,20,21,22,29,36,47,48],"ascension_level":7}}