{"host":"3c8x8j1h2jyrixpf","time":1613749059,"event":{"mods":["BaseMod","Colored Powertips","Highlight Path","Minty Spire (QoL Compilation)","StSLib"],"gold_per_floor":[164,164,164,182,14,14,30,45,45,78,78,78,38,67,67,67,67],"floor_reached":16,"language":"ENG","playtime":482,"items_purged":[],"score":178,"play_id":"5d9a52eb-fe78-4fb1-b8c8-a5a3d265ae11","local_time":"20210219093739","is_ascension_mode":true,"campfire_choices":[{"data":"Bash","floor":6,"key":"SMITH"},{"data":"Anger","floor":12,"key":"SMITH"},{"data":"Inflame","floor":15,"key":"SMITH"}],"circlet_count":0,"master_deck":["AscendersBane","Strike_R","Strike_R","Strike_R","Defend_R","Defend_R+1","Defend_R","Defend_R","Bash+1","Anger+1","Thunderclap","Inflame+1","Headbutt","Battle Trance","Hemokinesis","Clothesline","Spot Weakness","Shrug It Off"],"relics":["Tiny House","Bronze Scales","Ornamental Fan","Happy Flower","Smiling Mask"],"acts_visited":["Exordium"],"potions_floor_usage":[8,10],"damage_taken":[{"damage":1,"enemies":"2 Louse","floor":1,"turns":3},{"damage":7,"enemies":"Jaw Worm","floor":4,"turns":4},{"damage":0,"enemies":"Cultist","floor":7,"turns":2},{"damage":4,"enemies":"Exordium Wildlife","floor":8,"turns":3},{"damage":26,"enemies":"3 Sentries","floor":10,"turns":7},{"damage":14,"enemies":"Gremlin Nob","floor":14,"turns":3},{"damage":35,"enemies":"The Guardian","floor":16,"turns":8}],"seed_played":"2372830699900778432","potions_obtained":[{"floor":0,"key":"Explosive Potion"},{"floor":4,"key":"BloodPotion"},{"floor":14,"key":"DuplicationPotion"}],"is_trial":false,"path_per_floor":["M","?","?","M","$","R","M","M","T","E","?","R","$","E","R","B"],"character_chosen":"IRONCLAD","items_purchased":["Headbutt","Bronze Scales","Spot Weakness"],"campfire_rested":0,"item_purchase_floors":[5,5,13],"current_hp_per_floor":[76,69,69,62,62,62,62,58,58,49,49,49,49,35,35,0,0],"gold":67,"neow_bonus":"BOSS_RELIC","is_daily":false,"chose_seed":false,"campfire_upgraded":3,"win_rate":0.0,"timestamp":1613749059,"path_taken":["M","?","?","?","$","R","?","M","T","E","?","R","?","E","R","BOSS"],"items_purchased_type":["Card","Relic","Card"],"build_version":"2020-12-22","purchased_purges":0,"victory":false,"max_hp_per_floor":[85,85,85,85,85,85,85,85,85,85,85,85,85,85,85,85,85],"card_choices":[{"not_picked":["Sentinel","Body Slam"],"picked":"Anger","floor":0},{"not_picked":["Evolve","Havoc"],"picked":"Thunderclap","floor":1},{"not_picked":["Headbutt","Whirlwind"],"picked":"Inflame","floor":4},{"not_picked":["Anger","Infernal Blade"],"picked":"Battle Trance","floor":7},{"not_picked":["Sword Boomerang","Perfected Strike"],"picked":"Hemokinesis","floor":8},{"not_picked":["Perfected Strike","True Grit"],"picked":"Clothesline","floor":10},{"not_picked":["Rampage","Whirlwind"],"picked":"Shrug It Off","floor":14}],"player_experience":269945,"relics_obtained":[{"floor":9,"key":"Ornamental Fan"},{"floor":10,"key":"Happy Flower"},{"floor":14,"key":"Smiling Mask"}],"event_choices":[{"cards_removed":["Strike_R"],"damage_healed":0,"gold_gain":0,"player_choice":"Card Removal","damage_taken":7,"max_hp_gain":0,"max_hp_loss":0,"event_name":"Golden Wing","floor":2,"gold_loss":0},{"damage_healed":0,"gold_gain":0,"player_choice":"Ignored","damage_taken":0,"max_hp_gain":0,"max_hp_loss":0,"event_name":"Liars Game","floor":3,"gold_loss":0},{"cards_removed":["Strike_R"],"damage_healed":0,"gold_gain":0,"player_choice":"Purged","damage_taken":0,"max_hp_gain":0,"max_hp_loss":0,"event_name":"Purifier","floor":11,"gold_loss":0}],"is_beta":false,"boss_relics":[],"items_purged_floors":[],"is_endless":false,"potions_floor_spawned":[4,14],"killed_by":"The Guardian","ascension_level":13}}