{"host":"kda2p2afd6bvz6qo","time":1613766070,"event":{"mods":["BaseMod","Colored Map","Minty Spire (QoL Compilation)","Relic Stats"],"gold_per_floor":[112,122,197,147,157,157,190,190,190,190,207,207,225,241,241,342,342,359,370,41,76,130,130,130,130],"floor_reached":24,"language":"ENG","playtime":1450,"items_purged":["Strike_B"],"score":280,"play_id":"b70b6839-1311-45d8-aa42-7eee7f3a0193","local_time":"20210219202110","is_ascension_mode":true,"campfire_choices":[{"data":"Beam Cell","floor":6.0,"key":"SMITH"},{"data":"Reprogram","floor":8.0,"key":"SMITH"},{"floor":10.0,"key":"REST"},{"floor":15.0,"key":"REST"},{"data":"HandOfGreed","floor":23,"key":"SMITH"}],"circlet_count":0,"master_deck":["Strike_B","Defend_B","Defend_B","Defend_B","Defend_B","Zap","Self Repair+1","Beam Cell+1","Reprogram+1","Rebound","Hologram","Melter","Echo Form","Gash+1","Conserve Battery","HandOfGreed+1","Impatience","FTL","Streamline"],"relics":["Sozu","Darkstone Periapt","Blood Vial","Empty Cage"],"acts_visited":["Exordium","TheCity"],"potions_floor_usage":[],"damage_taken":[{"damage":2.0,"enemies":"Jaw Worm","floor":1.0,"turns":3.0},{"damage":4.0,"enemies":"Small Slimes","floor":2.0,"turns":3.0},{"damage":8.0,"enemies":"2 Louse","floor":5.0,"turns":3.0},{"damage":34.0,"enemies":"Gremlin Nob","floor":7.0,"turns":5.0},{"damage":32.0,"enemies":"Lots of Slimes","floor":11.0,"turns":6.0},{"damage":19.0,"enemies":"Exordium Wildlife","floor":13.0,"turns":5.0},{"damage":4.0,"enemies":"Looter","floor":14.0,"turns":3.0},{"damage":34.0,"enemies":"Slime Boss","floor":16.0,"turns":9.0},{"damage":22.0,"enemies":"2 Thieves","floor":18.0,"turns":5.0},{"damage":24,"enemies":"Shell Parasite","floor":19,"turns":5},{"damage":27,"enemies":"Centurion and Healer","floor":21,"turns":6},{"damage":5,"enemies":"3 Cultists","floor":22,"turns":5},{"damage":48,"enemies":"Slavers","floor":24,"turns":3}],"seed_played":"-6106651987793821293","potions_obtained":[],"is_trial":false,"path_per_floor":["M","M","?","?","M","R","E","R","T","R","M","?","M","M","R","B",null,"M","M","$","M","M","R","E"],"character_chosen":"DEFECT","items_purchased":["HandOfGreed","Impatience"],"campfire_rested":2,"item_purchase_floors":[20,20],"current_hp_per_floor":[66,62,51,51,50,50,23,23,23,45,22,22,15,23,45,23,62,52,40,40,25,42,42,0,0],"gold":130,"neow_bonus":"BOSS_RELIC","is_daily":false,"chose_seed":false,"campfire_upgraded":3,"win_rate":0.0,"timestamp":1613766070,"path_taken":["M","M","?","?","M","R","E","R","T","R","M","?","M","M","R","BOSS","M","M","$","M","M","R","E"],"items_purchased_type":["Card","Card"],"build_version":"2020-12-22","purchased_purges":1,"victory":false,"max_hp_per_floor":[75,75,75,75,75,75,75,75,75,75,75,75,75,75,75,75,75,75,75,75,75,75,75,75,75],"relic_stats":{"Sozu":7,"Darkstone Periapt":0,"Blood Vial":18,"counters":[13,61],"obtain_stats":[{"Sozu":0,"Darkstone Periapt":7,"Blood Vial":9,"Cracked Core":0,"Empty Cage":17},{"Sozu":0,"Darkstone Periapt":4,"Blood Vial":4,"Cracked Core":0,"Empty Cage":8},{"Sozu":0,"Darkstone Periapt":14,"Blood Vial":14,"Cracked Core":0,"Empty Cage":37}]},"card_choices":[{"not_picked":["Loop","Blizzard","Static Discharge"],"picked":"SKIP","floor":1.0},{"not_picked":["Glacier","Capacitor"],"picked":"Self Repair","floor":2.0},{"not_picked":["Blizzard","Rebound"],"picked":"Beam Cell","floor":5.0},{"not_picked":["Leap","Heatsinks"],"picked":"Reprogram","floor":7.0},{"not_picked":["Blizzard","Steam"],"picked":"Rebound","floor":11.0},{"not_picked":["Stack","Glacier"],"picked":"Hologram","floor":13.0},{"not_picked":["Genetic Algorithm","Conserve Battery"],"picked":"Melter","floor":14.0},{"not_picked":["Multi-Cast","Electrodynamics"],"picked":"Echo Form","floor":16.0},{"not_picked":["Tempest","Barrage"],"picked":"Gash+1","floor":18.0},{"not_picked":["White Noise","Double Energy"],"picked":"Conserve Battery","floor":19},{"not_picked":["Stack","Lockon"],"picked":"FTL","floor":21},{"not_picked":["Redo","Undo"],"picked":"Streamline","floor":22}],"player_experience":270059,"relics_obtained":[{"floor":7.0,"key":"Darkstone Periapt"},{"floor":9.0,"key":"Blood Vial"}],"event_choices":[{"damage_healed":0.0,"max_hp_gain":0.0,"max_hp_loss":0.0,"gold_gain":75.0,"event_name":"World of Goop","player_choice":"Gather Gold","floor":3.0,"gold_loss":0.0,"damage_taken":11.0},{"cards_removed":["Dualcast"],"damage_healed":0.0,"max_hp_gain":0.0,"max_hp_loss":0.0,"gold_gain":0.0,"event_name":"The Cleric","player_choice":"Card Removal","floor":4.0,"gold_loss":50.0,"damage_taken":0.0},{"damage_healed":0.0,"max_hp_gain":0.0,"max_hp_loss":0.0,"gold_gain":0.0,"event_name":"Upgrade Shrine","player_choice":"Upgraded","floor":12.0,"gold_loss":0.0,"damage_taken":0.0,"cards_upgraded":["Self Repair"]}],"is_beta":false,"boss_relics":[{"not_picked":["Calling Bell","Snecko Eye"],"picked":"Empty Cage"}],"items_purged_floors":[20],"is_endless":false,"potions_floor_spawned":[1,5,11,13,16,18,19],"killed_by":"Slavers","ascension_level":8}}