{"host":"i0m6ffz3lpe3z1ky","time":1613745897,"event":{"mods":["Aspiration","BaseMod","Bestiary","BetterRewards","Colored Map","Conspire","Energized Spire","Highlight Path","Hubris","Ironclad Rager","Minty Spire (QoL Compilation)","Quick Restart","Reliquary","Shop Mod","Spicy Shops","StSLib","Thieving Mod"],"gold_per_floor":[118,138,156,176,188,188,201,229,283,283,297,341,404,419,419,548,548,548,566,566,585,598,598,598],"floor_reached":23,"language":"KOR","playtime":1144,"items_purged":[],"score":281,"play_id":"97034c0e-cf07-4a9b-943c-86bf9bae10bb","local_time":"20210219234457","is_ascension_mode":true,"campfire_choices":[{"data":"Demon Form","floor":6,"key":"SMITH"},{"floor":15,"key":"REST"}],"circlet_count":0,"master_deck":["Strike_R","Strike_R","Strike_R","Strike_R","Strike_R","Defend_R","Defend_R","Defend_R","Defend_R","Bash","Cleave","Shrug It Off","Demon Form+1","Injury","Pommel Strike","Limit Break","Bludgeon","Heavy Blade","Shrug It Off"],"relics":["Burning Blood","aspiration:FetidBarrel","reliquary:JackalopeAntler","Medical Kit","Anchor","Matryoshka","aspiration:Lifesprig","reliquary:WeakTea","Golden Idol","reliquary:SilkGlove","reliquary:Knoch","reliquary:RustamsPendant"],"acts_visited":["Exordium","TheCity"],"potions_floor_usage":[7,8,12,12,16,18,19,23],"damage_taken":[{"damage":11,"enemies":"Jaw Worm","floor":1,"turns":4},{"damage":0,"enemies":"Small Slimes","floor":2,"turns":3},{"damage":11,"enemies":"Cultist","floor":3,"turns":4},{"damage":3,"enemies":"Looter","floor":4,"turns":4},{"damage":18,"enemies":"Exordium Thugs","floor":5,"turns":4},{"damage":0,"enemies":"3 Louse","floor":7,"turns":1},{"damage":0,"enemies":"Lagavulin","floor":8,"turns":4},{"damage":14,"enemies":"Blue Slaver","floor":11,"turns":6},{"damage":5,"enemies":"3 Sentries","floor":12,"turns":5},{"damage":17,"enemies":"3 Sentries","floor":13,"turns":6},{"damage":0,"enemies":"2 Fungi Beasts","floor":14,"turns":4},{"damage":39,"enemies":"Slime Boss","floor":16,"turns":7},{"damage":0,"enemies":"2 Thieves","floor":18,"turns":1},{"damage":38,"enemies":"Shell Parasite","floor":19,"turns":7},{"damage":23,"enemies":"Snake Plant","floor":21,"turns":4},{"damage":25,"enemies":"Shelled Parasite and Fungi","floor":22,"turns":5},{"damage":14,"enemies":"Book of Stabbing","floor":23,"turns":4}],"seed_played":"4291488731014931555","potions_obtained":[{"floor":2,"key":"PowerPotion"},{"floor":5,"key":"PowerPotion"},{"floor":7,"key":"DuplicationPotion"},{"floor":13,"key":"SkillPotion"},{"floor":14,"key":"SmokeBomb"},{"floor":16,"key":"Weak Potion"},{"floor":22,"key":"AttackPotion"}],"is_trial":false,"path_per_floor":["M","M","M","M","M","R","M","E","T","?","M","E","?","M","R","B",null,"M","M","?","M","M","E"],"character_chosen":"IRONCLAD","items_purchased":["aspiration:FetidBarrel","reliquary:JackalopeAntler","Medical Kit","Anchor","Explosive Potion"],"campfire_rested":1,"item_purchase_floors":[0,0,0,0,0],"current_hp_per_floor":[39,45,40,43,31,31,37,43,43,43,35,36,25,31,55,22,80,80,48,56,39,20,6,6],"gold":598,"neow_bonus":"","is_daily":false,"chose_seed":false,"campfire_upgraded":1,"win_rate":0.0,"timestamp":1613745897,"path_taken":["M","M","M","M","M","R","M","E","T","?","M","E","?","M","R","BOSS","M","M","?","M","M","E"],"items_purchased_type":["Relic","Relic","Relic","Relic","Potion"],"build_version":"2020-12-22","purchased_purges":0,"victory":false,"max_hp_per_floor":[80,80,80,80,80,80,80,80,80,80,80,80,80,80,80,80,80,80,80,80,80,80,80,80],"card_choices":[{"not_picked":["Sword Boomerang","Reckless Charge"],"picked":"Cleave","floor":1},{"not_picked":["Shockwave","Pommel Strike","Flex"],"picked":"SKIP","floor":2},{"not_picked":["Clash","Perfected Strike"],"picked":"Shrug It Off","floor":3},{"not_picked":["Sever Soul","True Grit"],"picked":"Demon Form","floor":4},{"not_picked":["Body Slam","Clash","Burning Pact"],"picked":"SKIP","floor":5},{"not_picked":["Headbutt","Clash","Flame Barrier"],"picked":"SKIP","floor":7},{"not_picked":["True Grit","Anger","Power Through"],"picked":"SKIP","floor":8},{"not_picked":["Bloodletting","Pommel Strike","Perfected Strike"],"picked":"SKIP","floor":11},{"not_picked":["Bloodletting","Pommel Strike","Perfected Strike"],"picked":"SKIP","floor":11},{"not_picked":["Bloodletting","Perfected Strike"],"picked":"Pommel Strike","floor":11},{"not_picked":["Spot Weakness","Dropkick"],"picked":"Limit Break","floor":12},{"not_picked":["Warcry","Twin Strike","Headbutt"],"picked":"SKIP","floor":14},{"not_picked":["Corruption","Barricade"],"picked":"Bludgeon","floor":16},{"not_picked":["hubris:CleavingFinish","hubris:ReadiedAction","Carnage"],"picked":"SKIP","floor":19},{"not_picked":["hubris:CleavingFinish","hubris:ReadiedAction","Carnage"],"picked":"SKIP","floor":19},{"not_picked":["Body Slam","Flex+1"],"picked":"Heavy Blade","floor":21},{"not_picked":["True Grit","Barricade"],"picked":"Shrug It Off","floor":22}],"player_experience":420037,"relics_obtained":[{"floor":8,"key":"Matryoshka"},{"floor":9,"key":"aspiration:Lifesprig"},{"floor":9,"key":"reliquary:WeakTea"},{"floor":12,"key":"reliquary:SilkGlove"},{"floor":13,"key":"reliquary:Knoch"}],"event_choices":[{"damage_healed":0,"gold_gain":0,"player_choice":"Take Wound","damage_taken":0,"relics_obtained":["Golden Idol"],"max_hp_gain":0,"max_hp_loss":0,"event_name":"Golden Idol","floor":10,"gold_loss":0,"cards_obtained":["Injury"]},{"damage_healed":0,"gold_gain":30,"player_choice":"Searched \u00273\u0027 times","damage_taken":0,"max_hp_gain":0,"max_hp_loss":0,"event_name":"Dead Adventurer","floor":13,"gold_loss":0}],"is_beta":false,"boss_relics":[{"not_picked":["Snecko Eye","reliquary:Craggleroot"],"picked":"reliquary:RustamsPendant"}],"items_purged_floors":[],"is_endless":false,"potions_floor_spawned":[2,5,7,13,14,16,18,22],"killed_by":"Book of Stabbing","ascension_level":4}}