{"host":"uafoej811sw8via1","time":1613767447,"event":{"mods":["BaseMod","Minty Spire (QoL Compilation)","Relic Stats","StSLib"],"gold_per_floor":[111,130,0,0,0,28,56,86,86,102,102,102,115,127,127,201,201,221,50,62,80,94,94,21,46,69,101,101,131,146,46,46,124,124,144,164,164,180,55,55,82,82,107,132,166,181,196,227,227,227,227,227],"floor_reached":51,"language":"ENG","playtime":4428,"items_purged":["Strike_R","Strike_R","Strike_R"],"score":1660,"play_id":"84be1e39-0906-4f25-833b-4f87f610db30","local_time":"20210219154407","is_ascension_mode":true,"campfire_choices":[{"data":"Bash","floor":11,"key":"SMITH"},{"data":"Carnage","floor":15,"key":"SMITH"},{"data":"Bloodletting","floor":23,"key":"SMITH"},{"data":"True Grit","floor":28,"key":"SMITH"},{"floor":32,"key":"REST"},{"data":"Blind","floor":40,"key":"SMITH"},{"data":"Feel No Pain","floor":42,"key":"SMITH"},{"floor":49,"key":"RECALL"}],"circlet_count":0,"master_deck":["AscendersBane","Strike_R","Strike_R","Defend_R","Defend_R","Defend_R","Defend_R","Bash+1","Rampage","Armaments","Carnage+1","Pommel Strike","Headbutt","Ghostly Armor","Twin Strike+1","Sever Soul+1","Feed+1","Anger+1","Bloodletting+1","True Grit+1","Iron Wave+1","Offering","Pommel Strike+1","Double Tap","Dropkick+1","Blind+1","Madness","Pommel Strike+1","Feel No Pain+1","Juggernaut","Feel No Pain"],"relics":["Burning Blood","NeowsBlessing","Omamori","Mercury Hourglass","Odd Mushroom","Bronze Scales","Molten Egg 2","WarpedTongs","Runic Pyramid","Art of War","Lizard Tail","Kunai","Lantern","Nunchaku","Gremlin Horn","Cursed Key","Singing Bowl","Dead Branch","Paper Frog","Regal Pillow"],"acts_visited":["Exordium","TheCity","TheBeyond"],"potions_floor_usage":[8,10,16,22,27,33,38,45,46,51],"damage_taken":[{"damage":0,"enemies":"Jaw Worm","floor":1,"turns":1},{"damage":0,"enemies":"2 Louse","floor":2,"turns":1},{"damage":0,"enemies":"3 Sentries","floor":6,"turns":2},{"damage":6,"enemies":"The Mushroom Lair","floor":7,"turns":4},{"damage":17,"enemies":"Lagavulin","floor":8,"turns":5},{"damage":0,"enemies":"Cultist","floor":10,"turns":2},{"damage":0,"enemies":"2 Fungi Beasts","floor":13,"turns":2},{"damage":1,"enemies":"Exordium Thugs","floor":14,"turns":3},{"damage":26,"enemies":"Hexaghost","floor":16,"turns":7},{"damage":7,"enemies":"3 Byrds","floor":18,"turns":3},{"damage":15,"enemies":"2 Thieves","floor":20,"turns":4},{"damage":14,"enemies":"Snecko","floor":21,"turns":4},{"damage":15,"enemies":"Centurion and Healer","floor":22,"turns":5},{"damage":51,"enemies":"Book of Stabbing","floor":25,"turns":5},{"damage":45,"enemies":"Gremlin Leader","floor":27,"turns":6},{"damage":24,"enemies":"Book of Stabbing","floor":29,"turns":4},{"damage":9,"enemies":"Shelled Parasite and Fungi","floor":30,"turns":3},{"damage":76,"enemies":"Champ","floor":33,"turns":14},{"damage":11,"enemies":"3 Darklings","floor":35,"turns":4},{"damage":11,"enemies":"3 Shapes","floor":36,"turns":4},{"damage":33,"enemies":"Sphere and 2 Shapes","floor":38,"turns":5},{"damage":12,"enemies":"Reptomancer","floor":41,"turns":6},{"damage":8,"enemies":"Mind Bloom Boss Battle","floor":44,"turns":5},{"damage":20,"enemies":"Giant Head","floor":45,"turns":6},{"damage":11,"enemies":"Transient","floor":46,"turns":6},{"damage":12,"enemies":"Maw","floor":47,"turns":5},{"damage":12,"enemies":"Nemesis","floor":48,"turns":5},{"damage":56,"enemies":"Awakened One","floor":50,"turns":9},{"damage":46,"enemies":"Donu and Deca","floor":51,"turns":2}],"seed_played":"2816903354714252859","potions_obtained":[{"floor":2,"key":"Energy Potion"},{"floor":8,"key":"BlessingOfTheForge"},{"floor":13,"key":"SkillPotion"},{"floor":14,"key":"Energy Potion"},{"floor":16,"key":"ColorlessPotion"},{"floor":25,"key":"FairyPotion"},{"floor":29,"key":"AttackPotion"},{"floor":30,"key":"BloodPotion"},{"floor":33,"key":"Energy Potion"},{"floor":38,"key":"Swift Potion"},{"floor":46,"key":"SpeedPotion"},{"floor":47,"key":"BloodPotion"}],"is_trial":false,"path_per_floor":["M","M","$","?","?","E","?","E","T","M","R","?","M","M","R","B",null,"M","$","M","M","M","R","?","E","T","E","R","E","M","$","R","B",null,"M","M","?","M","$","R","E","R","T","?","E","M","M","E","R","B","B"],"character_chosen":"IRONCLAD","items_purchased":["Strength Potion","Art of War"],"campfire_rested":1,"item_purchase_floors":[3,19],"current_hp_per_floor":[74,75,75,80,45,51,51,40,40,46,46,46,52,57,57,37,69,72,72,67,59,54,54,54,13,13,58,58,44,45,45,77,11,87,86,85,75,76,76,76,74,74,74,76,62,59,59,59,59,9,0,0],"gold":227,"neow_bonus":"THREE_ENEMY_KILL","is_daily":false,"chose_seed":false,"campfire_upgraded":6,"win_rate":0.0,"timestamp":1613767447,"path_taken":["M","M","$","?","?","E","?","E","T","M","R","?","M","M","R","BOSS","M","$","?","M","M","R","?","E","T","E","R","E","M","?","R","BOSS","M","M","?","M","$","R","E","R","T","?","E","M","M","E","R","BOSS","BOSS"],"items_purchased_type":["Potion","Relic"],"build_version":"2020-12-22","purchased_purges":3,"victory":false,"max_hp_per_floor":[75,75,75,80,80,80,80,80,80,80,80,80,80,80,80,80,80,84,84,88,88,92,92,92,96,96,100,100,104,108,108,108,112,112,116,120,120,124,124,124,128,128,128,132,132,134,140,146,146,146,146,146],"relic_stats":{"Regal Pillow":0,"Gremlin Horn":[17,17],"Singing Bowl":6,"counters":[29,130],"Dead Branch":[53],"Cursed Key":1,"Burning Blood":163,"Mercury Hourglass":[451],"WarpedTongs":[108],"Lizard Tail":48,"Nunchaku":[24],"Bronze Scales":[350],"Art of War":[6],"Kunai":[59],"obtain_stats":[{"Lantern":26,"Regal Pillow":48,"NeowsBlessing":0,"Gremlin Horn":29,"Singing Bowl":41,"Dead Branch":44,"Omamori":5,"Odd Mushroom":7,"Cursed Key":34,"Burning Blood":0,"Mercury Hourglass":6,"WarpedTongs":12,"Lizard Tail":24,"Nunchaku":27,"Bronze Scales":8,"Molten Egg 2":9,"Art of War":19,"Kunai":25,"Runic Pyramid":17,"Paper Frog":45},{"Lantern":14,"Regal Pillow":27,"NeowsBlessing":0,"Gremlin Horn":16,"Singing Bowl":22,"Dead Branch":23,"Omamori":2,"Odd Mushroom":4,"Cursed Key":18,"Burning Blood":0,"Mercury Hourglass":3,"WarpedTongs":6,"Lizard Tail":13,"Nunchaku":15,"Bronze Scales":5,"Molten Egg 2":5,"Art of War":10,"Kunai":14,"Runic Pyramid":9,"Paper Frog":24},{"Lantern":46,"Regal Pillow":119,"NeowsBlessing":0,"Gremlin Horn":56,"Singing Bowl":92,"Dead Branch":97,"Omamori":2,"Odd Mushroom":7,"Cursed Key":73,"Burning Blood":0,"Mercury Hourglass":4,"WarpedTongs":14,"Lizard Tail":41,"Nunchaku":52,"Bronze Scales":12,"Molten Egg 2":12,"Art of War":29,"Kunai":46,"Runic Pyramid":26,"Paper Frog":103}]},"card_choices":[{"not_picked":["Clothesline","Perfected Strike"],"picked":"Rampage","floor":1},{"not_picked":["True Grit","Clash"],"picked":"Armaments","floor":2},{"not_picked":["Sword Boomerang","Clash"],"picked":"Carnage","floor":6},{"not_picked":["Iron Wave","Limit Break"],"picked":"Pommel Strike","floor":7},{"not_picked":["Armaments","Wild Strike"],"picked":"Headbutt","floor":8},{"not_picked":["Dual Wield","Rupture"],"picked":"Ghostly Armor","floor":10},{"not_picked":["Rupture","Armaments"],"picked":"Twin Strike+1","floor":13},{"not_picked":["Warcry","Havoc"],"picked":"Sever Soul+1","floor":14},{"not_picked":["Offering","Brutality"],"picked":"Feed+1","floor":16},{"not_picked":["Havoc","Pummel+1"],"picked":"Anger+1","floor":18},{"not_picked":["Metallicize","Headbutt+1"],"picked":"Bloodletting","floor":20},{"not_picked":["Spot Weakness","Clothesline+1"],"picked":"True Grit","floor":21},{"not_picked":["Havoc+1","Dual Wield","Flex"],"picked":"SKIP","floor":22},{"not_picked":["Double Tap","True Grit"],"picked":"Iron Wave+1","floor":25},{"not_picked":["Sentinel","Pommel Strike+1"],"picked":"Offering","floor":27},{"not_picked":["Armaments","Reckless Charge+1"],"picked":"Pommel Strike+1","floor":29},{"not_picked":["Perfected Strike+1","Evolve","Havoc"],"picked":"SKIP","floor":30},{"not_picked":["Limit Break","Berserk"],"picked":"Double Tap","floor":33},{"not_picked":["Iron Wave+1","Battle Trance"],"picked":"Dropkick+1","floor":35},{"not_picked":["Perfected Strike+1","Clash+1","Pommel Strike+1"],"picked":"SKIP","floor":36},{"not_picked":["Impatience","Mayhem"],"picked":"Blind","floor":37},{"not_picked":["Panacea","Flash of Steel+1"],"picked":"Madness","floor":37},{"not_picked":["Clothesline+1","Cleave+1"],"picked":"Pommel Strike+1","floor":38},{"not_picked":["Pommel Strike+1","Headbutt+1"],"picked":"Feel No Pain","floor":41},{"not_picked":["Flex","Uppercut+1"],"picked":"Juggernaut","floor":44},{"not_picked":["Warcry","Pommel Strike+1"],"picked":"Feel No Pain","floor":45},{"not_picked":["Flame Barrier","Warcry","Sword Boomerang+1"],"picked":"Singing Bowl","floor":46},{"not_picked":["Carnage+1","Thunderclap+1","Pommel Strike+1"],"picked":"Singing Bowl","floor":47},{"not_picked":["Juggernaut","Pommel Strike+1","Clash+1"],"picked":"Singing Bowl","floor":48}],"player_experience":1067601,"relics_obtained":[{"floor":6,"key":"Mercury Hourglass"},{"floor":7,"key":"Odd Mushroom"},{"floor":8,"key":"Bronze Scales"},{"floor":9,"key":"Molten Egg 2"},{"floor":25,"key":"Kunai"},{"floor":26,"key":"Lantern"},{"floor":27,"key":"Nunchaku"},{"floor":29,"key":"Gremlin Horn"},{"floor":41,"key":"Singing Bowl"},{"floor":44,"key":"Dead Branch"},{"floor":45,"key":"Paper Frog"},{"floor":48,"key":"Regal Pillow"}],"event_choices":[{"damage_healed":0,"gold_gain":0,"player_choice":"Donut","damage_taken":0,"max_hp_gain":5,"max_hp_loss":0,"event_name":"Big Fish","floor":4,"gold_loss":0},{"damage_healed":0,"gold_gain":0,"player_choice":"Success","damage_taken":35,"relics_obtained":["Omamori"],"max_hp_gain":0,"max_hp_loss":0,"event_name":"Scrap Ooze","floor":5,"gold_loss":0},{"damage_healed":0,"gold_gain":0,"player_choice":"Fought Mushrooms","damage_taken":0,"max_hp_gain":0,"max_hp_loss":0,"event_name":"Mushrooms","floor":7,"gold_loss":0},{"damage_healed":0,"gold_gain":0,"player_choice":"Rummage","damage_taken":0,"relics_obtained":["WarpedTongs"],"max_hp_gain":0,"max_hp_loss":0,"event_name":"Accursed Blacksmith","floor":12,"gold_loss":0,"cards_obtained":["Pain"]},{"damage_healed":0,"gold_gain":0,"player_choice":"Paid Gold","damage_taken":0,"relics_obtained":["Lizard Tail"],"max_hp_gain":0,"max_hp_loss":0,"event_name":"WeMeetAgain","floor":24,"gold_loss":73},{"damage_healed":0,"gold_gain":0,"player_choice":"Memory 3","damage_taken":10,"max_hp_gain":0,"max_hp_loss":0,"event_name":"SensoryStone","floor":37,"gold_loss":0},{"damage_healed":0,"gold_gain":0,"player_choice":"Fight","damage_taken":0,"max_hp_gain":0,"max_hp_loss":0,"event_name":"MindBloom","floor":44,"gold_loss":0}],"is_beta":false,"boss_relics":[{"not_picked":["Coffee Dripper","Busted Crown"],"picked":"Runic Pyramid"},{"not_picked":["Snecko Eye","Calling Bell"],"picked":"Cursed Key"}],"items_purged_floors":[3,31,39],"is_endless":false,"potions_floor_spawned":[2,8,13,14,16,21,25,29,30,33,38,41,46,47],"killed_by":"Donu and Deca","ascension_level":20}}