{"host":"id1lehtnb7dzklac","time":1613755029,"event":{"mods":["AchievementEnabler","BaseMod","Bestiary","Block Reminder","Colored Map","Highlight Path","Minty Spire (QoL Compilation)","Permanent Neow","Quick Restart","Random Character Button","StSLib","slay the spire mod where everything is the same but ironclad has a cowboy hat"],"gold_per_floor":[116,126,144,163,181,215,100,100,127,153,195,207,219,255,267,378,390,421,433,445,457,483,521,448,460,472,499,523,535,547,590,602,710,722,744,619,634,684,684,715,730,730,730],"floor_reached":42,"language":"ENG","playtime":1687,"items_purged":["Strike_B","Strike_B"],"score":602,"play_id":"64985270-cd4d-4e50-ba69-7565caeb5e66","local_time":"20210220011709","is_ascension_mode":true,"campfire_choices":[{"data":"Sweeping Beam","floor":8.0,"key":"SMITH"},{"data":"Biased Cognition","floor":12.0,"key":"SMITH"},{"floor":15.0,"key":"REST"},{"data":"Self Repair","floor":25.0,"key":"SMITH"},{"data":"Electrodynamics","floor":30.0,"key":"SMITH"},{"data":"Biased Cognition","floor":32.0,"key":"SMITH"}],"circlet_count":0,"master_deck":["Strike_B","Defend_B+1","Defend_B","Defend_B","Defend_B","Zap+1","Dualcast","Sweeping Beam+1","Ball Lightning","Cold Snap","Undo","Self Repair+1","Biased Cognition+1","Electrodynamics+1","Recycle+1","Leap+1","Go for the Eyes+1","Ghostly","Ghostly","Ghostly","Ghostly","Ghostly","Biased Cognition+1","Doom and Gloom","Loop","Glacier+1","Coolheaded","BootSequence+1"],"relics":["Cracked Core","Potion Belt","MawBank","Toy Ornithopter","PreservedInsect","Blood Vial","Sozu","Enchiridion","War Paint","Happy Flower","Blue Candle","Inserter","Calipers","Omamori"],"acts_visited":["Exordium","TheCity","TheBeyond"],"potions_floor_usage":[],"damage_taken":[{"damage":0.0,"enemies":"Cultist","floor":1.0,"turns":2.0},{"damage":0.0,"enemies":"Small Slimes","floor":2.0,"turns":3.0},{"damage":6.0,"enemies":"Jaw Worm","floor":3.0,"turns":2.0},{"damage":3.0,"enemies":"Looter","floor":4.0,"turns":3.0},{"damage":1.0,"enemies":"2 Fungi Beasts","floor":5.0,"turns":3.0},{"damage":14.0,"enemies":"Lagavulin","floor":6.0,"turns":7.0},{"damage":0.0,"enemies":"Exordium Wildlife","floor":10.0,"turns":2.0},{"damage":14.0,"enemies":"Gremlin Nob","floor":11.0,"turns":3.0},{"damage":0.0,"enemies":"Slime Boss","floor":16.0,"turns":6.0},{"damage":7.0,"enemies":"2 Thieves","floor":18.0,"turns":2.0},{"damage":12.0,"enemies":"3 Byrds","floor":22.0,"turns":3.0},{"damage":6.0,"enemies":"Slavers","floor":23.0,"turns":4.0},{"damage":0.0,"enemies":"Cultist and Chosen","floor":27.0,"turns":4.0},{"damage":15.0,"enemies":"Centurion and Healer","floor":28.0,"turns":4.0},{"damage":3.0,"enemies":"Gremlin Leader","floor":31.0,"turns":2.0},{"damage":22.0,"enemies":"Automaton","floor":33.0,"turns":8.0},{"damage":2.0,"enemies":"3 Darklings","floor":35.0,"turns":6.0},{"damage":0.0,"enemies":"3 Shapes","floor":37.0,"turns":4.0},{"damage":2.0,"enemies":"Mind Bloom Boss Battle","floor":38.0,"turns":8.0},{"damage":13.0,"enemies":"Nemesis","floor":40.0,"turns":5.0},{"damage":0,"enemies":"Transient","floor":41,"turns":5},{"damage":20,"enemies":"Giant Head","floor":42,"turns":9}],"seed_played":"-5643430173015796109","potions_obtained":[{"floor":1.0,"key":"SmokeBomb"},{"floor":5.0,"key":"FearPotion"},{"floor":10.0,"key":"SteroidPotion"},{"floor":11.0,"key":"Swift Potion"}],"is_trial":false,"path_per_floor":["M","M","M","M","M","E","$","R","T","M","E","R","?","T","R","B",null,"M","?","?","?","M","E","?","R","T","M","M","?","R","E","R","B",null,"M","$","M","?","?","E","M","E"],"character_chosen":"DEFECT","items_purchased":["Self Repair","Loop"],"campfire_rested":1,"item_purchase_floors":[7,36],"current_hp_per_floor":[75,75,69,66,65,51,51,51,51,51,37,37,12,12,34,41,75,68,68,52,52,49,45,45,45,45,57,54,37,37,37,37,25,37,37,37,37,37,37,34,37,17,17],"gold":730,"neow_bonus":"UPGRADE_CARD","is_daily":false,"chose_seed":false,"campfire_upgraded":5,"win_rate":0.0,"timestamp":1613755029,"path_taken":["M","M","?","M","M","E","$","R","T","M","E","R","?","?","R","BOSS","M","?","?","?","M","E","?","R","T","?","M","?","R","E","R","BOSS","M","$","M","?","?","E","M","E"],"items_purchased_type":["Card","Card"],"build_version":"2020-12-22","purchased_purges":2,"victory":false,"max_hp_per_floor":[75,75,75,75,75,75,75,75,75,75,75,75,75,75,75,75,75,75,75,75,75,75,75,75,75,75,75,75,37,37,37,37,37,37,37,37,37,37,37,37,37,37,37],"card_choices":[{"not_picked":["Skim","Leap"],"picked":"Sweeping Beam","floor":1.0},{"not_picked":["Darkness","Static Discharge"],"picked":"Ball Lightning","floor":2.0},{"not_picked":["Rebound","Beam Cell"],"picked":"Cold Snap","floor":3.0},{"not_picked":["Stack","Compile Driver"],"picked":"Undo","floor":4.0},{"not_picked":["Tempest","Cold Snap","Rebound"],"picked":"SKIP","floor":5.0},{"not_picked":["Steam","Heatsinks","Static Discharge"],"picked":"SKIP","floor":6.0},{"not_picked":["Echo Form","Turbo","Coolheaded"],"picked":"SKIP","floor":10.0},{"not_picked":["Doom and Gloom","Coolheaded"],"picked":"Biased Cognition","floor":11.0},{"not_picked":["Hyperbeam","Creative AI"],"picked":"Electrodynamics","floor":16.0},{"not_picked":["Streamline","Rebound","Redo"],"picked":"SKIP","floor":18.0},{"not_picked":["Conserve Battery","Scrape+1"],"picked":"Recycle+1","floor":22.0},{"not_picked":["Chaos","Reboot"],"picked":"Leap","floor":23.0},{"not_picked":["Turbo","Double Energy","Steam"],"picked":"SKIP","floor":27.0},{"not_picked":["Double Energy","Turbo"],"picked":"Go for the Eyes+1","floor":28.0},{"not_picked":["Tempest+1","Rip and Tear+1"],"picked":"Biased Cognition","floor":31.0},{"not_picked":["Gash+1","Chill+1"],"picked":"Doom and Gloom","floor":35.0},{"not_picked":["Compile Driver+1","Storm","Tempest"],"picked":"SKIP","floor":37.0},{"not_picked":["Go for the Eyes+1","Steam"],"picked":"Glacier+1","floor":38.0},{"not_picked":["Reboot","Conserve Battery+1"],"picked":"Coolheaded","floor":40.0},{"not_picked":["Coolheaded","Undo+1"],"picked":"BootSequence+1","floor":41}],"player_experience":254507,"relics_obtained":[{"floor":6.0,"key":"Potion Belt"},{"floor":9.0,"key":"MawBank"},{"floor":11.0,"key":"Toy Ornithopter"},{"floor":14.0,"key":"Blood Vial"},{"floor":20.0,"key":"Enchiridion"},{"floor":23.0,"key":"War Paint"},{"floor":31.0,"key":"Blue Candle"},{"floor":38.0,"key":"Calipers"},{"floor":40.0,"key":"Omamori"}],"event_choices":[{"damage_healed":0.0,"max_hp_gain":0.0,"max_hp_loss":0.0,"gold_gain":0.0,"event_name":"Scrap Ooze","player_choice":"Success","floor":13.0,"gold_loss":0.0,"damage_taken":25.0,"relics_obtained":["PreservedInsect"]},{"damage_healed":0.0,"max_hp_gain":0.0,"max_hp_loss":0.0,"gold_gain":0.0,"event_name":"Vampires","player_choice":"Ignored","floor":19.0,"gold_loss":0.0,"damage_taken":0.0},{"damage_healed":0.0,"max_hp_gain":0.0,"max_hp_loss":0.0,"gold_gain":0.0,"event_name":"Cursed Tome","player_choice":"Obtained Book","floor":20.0,"gold_loss":0.0,"damage_taken":16.0},{"damage_healed":0.0,"max_hp_gain":0.0,"max_hp_loss":0.0,"gold_gain":0.0,"event_name":"The Mausoleum","player_choice":"Ignored","floor":21.0,"gold_loss":0.0,"damage_taken":0.0},{"damage_healed":0.0,"max_hp_gain":0.0,"max_hp_loss":0.0,"gold_gain":0.0,"event_name":"Addict","player_choice":"Obtained Relic","floor":24.0,"gold_loss":85.0,"damage_taken":0.0,"relics_obtained":["Happy Flower"]},{"damage_healed":0.0,"max_hp_gain":0.0,"max_hp_loss":38.0,"gold_gain":0.0,"event_name":"Ghosts","player_choice":"Became a Ghost","floor":29.0,"gold_loss":0.0,"damage_taken":0.0,"cards_obtained":["Ghostly","Ghostly","Ghostly","Ghostly","Ghostly"]},{"damage_healed":0.0,"max_hp_gain":0.0,"max_hp_loss":0.0,"gold_gain":0.0,"event_name":"MindBloom","player_choice":"Fight","floor":38.0,"gold_loss":0.0,"damage_taken":0.0},{"cards_removed":["Strike_B"],"damage_healed":0.0,"max_hp_gain":0.0,"max_hp_loss":0.0,"gold_gain":0.0,"event_name":"Purifier","player_choice":"Purged","floor":39.0,"gold_loss":0.0,"damage_taken":0.0}],"is_beta":false,"boss_relics":[{"not_picked":["Snecko Eye","Busted Crown"],"picked":"Sozu"},{"not_picked":["Fusion Hammer","FrozenCore"],"picked":"Inserter"}],"items_purged_floors":[7,36],"is_endless":false,"potions_floor_spawned":[1,5,10,11,27,38,41],"killed_by":"Giant Head","ascension_level":1}}