{"host":"1bux2ns9kwx2qu1n","time":1613693595,"event":{"mods":["BaseMod","Colored Map","Colored Powertips","Hermit","Minty Spire (QoL Compilation)","Quick Restart","Relic Sorter","StSLib"],"gold_per_floor":[211,211,55,71,90,120,138,172,172,186,203,228,228,246,246,351,351,363,278,61,72,72,72,72,102,102,102,113,136,102,128,128,227,227,245,295,306,306,323,323,349,114,114,144,144,144,175,195,195,195,195,195,65,97,97,97],"floor_reached":55,"language":"ENG","playtime":3062,"items_purged":[],"score":952,"play_id":"e39c7ba5-aff5-456b-aa6c-dd2fd03646c2","local_time":"20210218191315","is_ascension_mode":true,"campfire_choices":[{"data":"hermit:BlackWind","floor":13.0,"key":"SMITH"},{"data":"hermit:Manifest","floor":15.0,"key":"SMITH"},{"data":"hermit:EternalForm","floor":23.0,"key":"SMITH"},{"data":"hermit:EyeOfTheStorm","floor":27.0,"key":"SMITH"},{"data":"hermit:Shortfuse","floor":32.0,"key":"SMITH"},{"floor":40,"key":"REST"},{"floor":46,"key":"REST"},{"floor":49,"key":"RECALL"},{"data":"hermit:Brawl","floor":52,"key":"SMITH"}],"circlet_count":0,"master_deck":["hermit:Strike_Hermit","hermit:Strike_Hermit+1","hermit:Strike_Hermit","hermit:Defend_Hermit","hermit:Defend_Hermit","hermit:Defend_Hermit","hermit:Snapshot","hermit:Covet","hermit:Shortfuse+1","hermit:FlashPowder+1","hermit:Manifest+1","hermit:Glare","hermit:EternalForm+1","hermit:Malice+1","hermit:GhostlyPresence+1","hermit:EyeOfTheStorm+1","hermit:Maintenance+1","hermit:Shortfuse+1","hermit:NoHoldsBarred+1","hermit:HighNoon","hermit:Brawl+1","hermit:LuckOfTheDraw","hermit:GhostlyPresence+1"],"relics":["hermit:Momento","PreservedInsect","Whetstone","TungstenRod","InkBottle","Ornamental Fan","MealTicket","Astrolabe","Strawberry","Membership Card","Orichalcum","Dream Catcher","hermit:Horseshoe","Red Mask","Busted Crown","Du-Vu Doll","hermit:RedScarf","Medical Kit","StrikeDummy","Girya","Art of War","FossilizedHelix","Shuriken","Toy Ornithopter"],"acts_visited":["Exordium","TheCity","TheBeyond","TheEnding"],"potions_floor_usage":[33,33,33,41,41,44,55],"damage_taken":[{"damage":2.0,"enemies":"2 Louse","floor":1.0,"turns":3.0},{"damage":0.0,"enemies":"Cultist","floor":4.0,"turns":2.0},{"damage":7.0,"enemies":"Small Slimes","floor":5.0,"turns":2.0},{"damage":13.0,"enemies":"Gremlin Nob","floor":6.0,"turns":3.0},{"damage":7.0,"enemies":"3 Louse","floor":7.0,"turns":3.0},{"damage":0.0,"enemies":"3 Sentries","floor":8.0,"turns":5.0},{"damage":0.0,"enemies":"2 Fungi Beasts","floor":10.0,"turns":3.0},{"damage":5.0,"enemies":"Looter","floor":11.0,"turns":3.0},{"damage":0.0,"enemies":"Gremlin Nob","floor":12.0,"turns":2.0},{"damage":2.0,"enemies":"Exordium Wildlife","floor":14.0,"turns":3.0},{"damage":10.0,"enemies":"Hexaghost","floor":16.0,"turns":8.0},{"damage":10.0,"enemies":"3 Byrds","floor":18.0,"turns":7.0},{"damage":5.0,"enemies":"2 Thieves","floor":21.0,"turns":4.0},{"damage":9.0,"enemies":"Book of Stabbing","floor":25.0,"turns":5.0},{"damage":1.0,"enemies":"Snecko","floor":28.0,"turns":4.0},{"damage":19.0,"enemies":"Masked Bandits","floor":31.0,"turns":5.0},{"damage":40,"enemies":"Collector","floor":33,"turns":10},{"damage":5,"enemies":"Orb Walker","floor":35,"turns":4},{"damage":0,"enemies":"Mind Bloom Boss Battle","floor":36,"turns":8},{"damage":0,"enemies":"3 Shapes","floor":37,"turns":1},{"damage":0,"enemies":"Jaw Worm Horde","floor":39,"turns":2},{"damage":53,"enemies":"Reptomancer","floor":41,"turns":8},{"damage":30,"enemies":"Giant Head","floor":44,"turns":8},{"damage":12,"enemies":"Reptomancer","floor":47,"turns":5},{"damage":0,"enemies":"4 Shapes","floor":48,"turns":7},{"damage":14,"enemies":"Donu and Deca","floor":50,"turns":8},{"damage":44,"enemies":"Shield and Spear","floor":54,"turns":6},{"damage":43,"enemies":"The Heart","floor":55,"turns":6}],"seed_played":"-5967273293223995258","potions_obtained":[{"floor":1.0,"key":"hermit:BlackBile"},{"floor":5.0,"key":"PowerPotion"},{"floor":6.0,"key":"SkillPotion"},{"floor":10.0,"key":"EssenceOfSteel"},{"floor":14.0,"key":"Block Potion"},{"floor":18.0,"key":"ColorlessPotion"},{"floor":25.0,"key":"Swift Potion"},{"floor":31.0,"key":"SteroidPotion"},{"floor":36,"key":"SteroidPotion"},{"floor":39,"key":"Fire Potion"},{"floor":41,"key":"Energy Potion"},{"floor":48,"key":"SmokeBomb"},{"floor":54,"key":"DistilledChaos"}],"is_trial":false,"path_per_floor":["M","?","$","M","M","E","M","E","T","M","M","E","R","M","R","B",null,"M","?","$","M","?","R","?","E","T","R","M","T","$","?","R","B",null,"M","?","M","?","M","R","E","$","T","E","?","R","E","M","R","B",null,"R","$","E","B"],"character_chosen":"HERMIT","items_purchased":["Whetstone","Membership Card","Orichalcum","hermit:Shortfuse","hermit:Brawl","Medical Kit","StrikeDummy","Shuriken"],"campfire_rested":2,"item_purchase_floors":[3,20,20,30,42,42,42,53],"current_hp_per_floor":[73,73,73,73,66,53,46,46,46,46,41,41,41,39,39,29,75,65,72,82,77,77,77,77,68,68,68,67,67,82,63,63,23,82,77,77,77,77,77,82,29,44,44,14,14,38,26,26,26,12,82,82,82,38,0,0],"gold":97,"neow_bonus":"HUNDRED_GOLD","is_daily":false,"chose_seed":false,"campfire_upgraded":6,"win_rate":0.0,"timestamp":1613693595,"path_taken":["M","?","$","M","?","E","M","E","T","M","M","E","R","M","R","BOSS","M","?","$","M","?","R","?","E","T","R","M","?","$","?","R","BOSS","M","?","M","?","?","R","E","?","T","E","?","R","E","M","R","BOSS","R","$","E","BOSS"],"items_purchased_type":["Relic","Relic","Relic","Card","Card","Relic","Relic","Relic"],"build_version":"2020-12-22","purchased_purges":0,"victory":false,"max_hp_per_floor":[75,75,75,75,75,75,75,75,75,75,75,75,75,75,75,75,75,75,82,82,82,82,82,82,82,82,82,82,82,82,82,82,82,82,82,82,82,82,82,82,82,82,82,82,82,82,82,82,82,82,82,82,82,82,82,82],"card_choices":[{"not_picked":["hermit:Dive","hermit:GhostlyPresence"],"picked":"hermit:Shortfuse","floor":1.0},{"not_picked":["hermit:LowProfile","hermit:Roulette","hermit:Misfire"],"picked":"SKIP","floor":4.0},{"not_picked":["hermit:Vantage","hermit:WideOpen"],"picked":"hermit:FlashPowder","floor":5.0},{"not_picked":["hermit:HoleUp","hermit:FlashPowder","hermit:CalledShot"],"picked":"SKIP","floor":6.0},{"not_picked":["hermit:SprayPray","hermit:Coalescence","hermit:Manifest"],"picked":"SKIP","floor":7.0},{"not_picked":["hermit:SprayPray","hermit:Coalescence"],"picked":"hermit:Manifest","floor":7.0},{"not_picked":["hermit:Spite","hermit:Roulette","hermit:Misfire"],"picked":"SKIP","floor":8.0},{"not_picked":["hermit:LowProfile","hermit:Malice"],"picked":"hermit:BlackWind","floor":10.0},{"not_picked":["hermit:HighCaliber","hermit:Feint","hermit:Brawl"],"picked":"SKIP","floor":11.0},{"not_picked":["hermit:Vantage","hermit:Enervate","hermit:HighCaliber"],"picked":"SKIP","floor":12.0},{"not_picked":["hermit:Coalescence","hermit:DeadMansHand"],"picked":"hermit:Glare","floor":14.0},{"not_picked":["hermit:BlackWind","hermit:FatalDesire"],"picked":"hermit:EternalForm","floor":16.0},{"not_picked":["hermit:Deadeye","hermit:Dive","hermit:ShadowCloak"],"picked":"SKIP","floor":18.0},{"not_picked":["hermit:Midnight+1","hermit:Headshot+1","hermit:Snipe"],"picked":"SKIP","floor":21.0},{"not_picked":["hermit:Coalescence+1","hermit:Ricochet+1","hermit:FlashPowder"],"picked":"SKIP","floor":25.0},{"not_picked":["hermit:Gestalt+1","hermit:Cheat"],"picked":"hermit:Maintenance+1","floor":28.0},{"not_picked":["hermit:Glare","hermit:DeadMansHand"],"picked":"hermit:NoHoldsBarred+1","floor":31.0},{"not_picked":["hermit:DeadOrAlive","hermit:Dissolve"],"picked":"hermit:HighNoon","floor":33},{"not_picked":["hermit:Feint+1"],"picked":"SKIP","floor":35},{"not_picked":["hermit:Shortfuse"],"picked":"SKIP","floor":37},{"not_picked":["hermit:GhostlyPresence"],"picked":"SKIP","floor":39},{"not_picked":["hermit:BodyArmor"],"picked":"SKIP","floor":41},{"not_picked":["hermit:Glare+1"],"picked":"SKIP","floor":44},{"not_picked":[],"picked":"hermit:LuckOfTheDraw","floor":46},{"not_picked":["hermit:LowProfile+1"],"picked":"SKIP","floor":47},{"not_picked":["hermit:GoldenBullet+1"],"picked":"SKIP","floor":48},{"not_picked":[],"picked":"hermit:GhostlyPresence+1","floor":54}],"player_experience":855982,"relics_obtained":[{"floor":6.0,"key":"TungstenRod"},{"floor":8.0,"key":"InkBottle"},{"floor":9.0,"key":"Ornamental Fan"},{"floor":12.0,"key":"MealTicket"},{"floor":25.0,"key":"Dream Catcher"},{"floor":26.0,"key":"hermit:Horseshoe"},{"floor":31.0,"key":"Red Mask"},{"floor":36,"key":"Du-Vu Doll"},{"floor":41,"key":"hermit:RedScarf"},{"floor":43,"key":"Girya"},{"floor":44,"key":"Art of War"},{"floor":47,"key":"FossilizedHelix"},{"floor":54,"key":"Toy Ornithopter"}],"event_choices":[{"damage_healed":0.0,"max_hp_gain":0.0,"max_hp_loss":0.0,"gold_gain":0.0,"event_name":"WeMeetAgain","player_choice":"Gave Potion","floor":2.0,"gold_loss":0.0,"damage_taken":0.0,"relics_obtained":["PreservedInsect"]},{"damage_healed":0.0,"max_hp_gain":0.0,"max_hp_loss":0.0,"gold_gain":0.0,"event_name":"Addict","player_choice":"Obtained Relic","floor":19.0,"gold_loss":85.0,"damage_taken":0.0,"relics_obtained":["Strawberry"]},{"damage_healed":0.0,"max_hp_gain":0.0,"max_hp_loss":0.0,"gold_gain":0.0,"event_name":"The Library","player_choice":"Read","floor":22.0,"gold_loss":0.0,"damage_taken":0.0,"cards_obtained":["hermit:EyeOfTheStorm"]},{"damage_healed":0.0,"max_hp_gain":0.0,"max_hp_loss":0.0,"gold_gain":0.0,"event_name":"Vampires","player_choice":"Ignored","floor":24.0,"gold_loss":0.0,"damage_taken":0.0},{"damage_healed":0.0,"max_hp_gain":0.0,"max_hp_loss":0.0,"gold_gain":0.0,"event_name":"Masked Bandits","player_choice":"Fought Bandits","floor":31.0,"gold_loss":0.0,"damage_taken":0.0},{"damage_healed":0,"gold_gain":0,"player_choice":"Fight","damage_taken":0,"max_hp_gain":0,"max_hp_loss":0,"event_name":"MindBloom","floor":36,"gold_loss":0},{"damage_healed":0,"gold_gain":0,"player_choice":"Upgraded","damage_taken":0,"max_hp_gain":0,"max_hp_loss":0,"event_name":"Upgrade Shrine","floor":38,"gold_loss":0,"cards_upgraded":["hermit:FlashPowder"]},{"cards_removed":["hermit:PistolWhip"],"damage_healed":0,"gold_gain":0,"player_choice":"Removed Attack","damage_taken":0,"max_hp_gain":0,"max_hp_loss":0,"event_name":"Falling","floor":45,"gold_loss":0}],"is_beta":false,"boss_relics":[{"not_picked":["Coffee Dripper","Sozu"],"picked":"Astrolabe"},{"not_picked":["Empty Cage","Fusion Hammer"],"picked":"Busted Crown"}],"items_purged_floors":[],"is_endless":false,"potions_floor_spawned":[1,5,6,10,12,14,18,25,31,36,39,41,48,54],"killed_by":"The Heart","ascension_level":4}}