{"host":"mydft8i2zzydgggw","time":1613725996,"event":{"mods":["AchievementEnabler","BaseMod","Colored Map","Colored Powertips","DeckTracker","Keyboard Shortcuts","Minty Spire (QoL Compilation)","Rare Cards Sparkle","Relic Stats","StSLib","SuperFastMode","Together in Spire","everything is the same but u backflip on backflip"],"gold_per_floor":[114,130,148,160,184,184,184,184],"floor_reached":7,"language":"KOR","playtime":153,"items_purged":[],"score":82,"play_id":"8c6b2241-6033-48ce-bf57-540574c2ef16","local_time":"20210219181316","is_ascension_mode":true,"campfire_choices":[{"floor":6,"key":"REST"}],"circlet_count":0,"master_deck":["AscendersBane","Strike_B","Strike_B","Strike_B","Strike_B","Defend_B","Defend_B","Defend_B","Defend_B","Zap","Dualcast","Go for the Eyes","Streamline","Gash","Rainbow","Reinforced Body"],"relics":["Cracked Core","Mummified Hand","Potion Belt"],"acts_visited":["Exordium"],"potions_floor_usage":[4],"damage_taken":[{"damage":0,"enemies":"Cultist","floor":1,"turns":3},{"damage":7,"enemies":"Small Slimes","floor":2,"turns":2},{"damage":12,"enemies":"Jaw Worm","floor":3,"turns":3},{"damage":31,"enemies":"Exordium Thugs","floor":4,"turns":5},{"damage":36,"enemies":"3 Sentries","floor":7,"turns":6}],"seed_played":"-629778235933401790","potions_obtained":[{"floor":3,"key":"DuplicationPotion"}],"is_trial":false,"path_per_floor":["M","M","M","M","T","R","E"],"character_chosen":"DEFECT","items_purchased":[],"campfire_rested":1,"item_purchase_floors":[],"current_hp_per_floor":[64,57,45,14,14,35,0,0],"gold":184,"neow_bonus":"THREE_CARDS","is_daily":false,"chose_seed":false,"campfire_upgraded":0,"win_rate":0.0,"timestamp":1613725996,"path_taken":["M","M","M","M","?","R","E"],"items_purchased_type":[],"build_version":"2020-12-22","purchased_purges":0,"victory":false,"max_hp_per_floor":[71,71,71,71,71,71,71,71],"relic_stats":{"counters":[5,19],"Mummified Hand":[0],"obtain_stats":[{"Potion Belt":5,"Mummified Hand":0,"Cracked Core":0},{"Potion Belt":4,"Mummified Hand":0,"Cracked Core":0},{"Potion Belt":13,"Mummified Hand":0,"Cracked Core":0}]},"card_choices":[{"not_picked":["Double Energy","Consume"],"picked":"Go for the Eyes","floor":0},{"not_picked":["Tempest","Blizzard"],"picked":"Streamline","floor":1},{"not_picked":["Stack","Ball Lightning"],"picked":"Gash","floor":2},{"not_picked":["Stack","Streamline"],"picked":"Rainbow","floor":3},{"not_picked":["Go for the Eyes","Steam"],"picked":"Reinforced Body","floor":4}],"player_experience":287410,"relics_obtained":[{"floor":5,"key":"Potion Belt"}],"event_choices":[],"is_beta":false,"boss_relics":[],"items_purged_floors":[],"is_endless":false,"potions_floor_spawned":[3],"killed_by":"3 Sentries","ascension_level":18}}