{"host":"sc0o2qwpf9j16a4i","time":1613765928,"event":{"mods":["AchievementEnabler","BaseMod","BetterRewards","Block Reminder","Colored Map","Colored Powertips","Custom Start","Highlight Path","Minty Spire (QoL Compilation)","Relic Stats"],"gold_per_floor":[141,141,141,203,242,353,353,386,386,561,607,636,724,763,763,1072,1072,1118,1118,1033,5,57,164,216,323,349,12,12,48,81,120,120,432,432,484,546,546,588,647,647,683,683,683,846,846,537,35,100,100,100],"floor_reached":51,"language":"ENG","playtime":2542,"items_purged":["Doubt","Strike_G"],"score":803,"play_id":"9846a837-6249-41fc-ac4a-fef14aff3a76","local_time":"20210219221848","daily_mods":["Allstar","Blue Cards","Midas"],"is_ascension_mode":false,"campfire_choices":[{"floor":7,"key":"REST"},{"floor":15,"key":"REST"},{"floor":28,"key":"REST"},{"floor":32,"key":"REST"},{"floor":40,"key":"REST"},{"floor":42,"key":"REST"},{"data":"Strike_G","floor":49,"key":"PURGE"}],"circlet_count":0,"master_deck":["Strike_G","Strike_G","Defend_G","Defend_G","Defend_G","Defend_G","Defend_G","Survivor","Neutralize","Violence","Madness","Mayhem","Flash of Steel","PanicButton","Conserve Battery","Deadly Poison","Dash","Leap","Acrobatics+1","Dagger Throw","Deflect+1","Reboot+1","Sunder","RitualDagger","Noxious Fumes","Predator","Good Instincts+1","Sadistic Nature","Reinforced Body+1","Self Repair+1","Go for the Eyes","Secret Technique+1","Leap+1","Beam Cell","Adrenaline+1","Creative AI","Hologram+1","Dodge and Roll+1","Apotheosis+1","Sadistic Nature"],"relics":["Ring of the Snake","Golden Idol","Kunai","Toxic Egg 2","Anchor","Philosopher\u0027s Stone","Torii","Bird Faced Urn","Bottled Tornado","Blue Candle","Lizard Tail","Bag of Preparation","Lantern","Empty Cage","Turnip","Peace Pipe","ClockworkSouvenir","Vajra","DollysMirror"],"acts_visited":["Exordium","TheCity","TheBeyond"],"potions_floor_usage":[6,14,16,23,23,25,33,33,38,41,50,50,50,50,50],"damage_taken":[{"damage":7,"enemies":"Small Slimes","floor":1,"turns":4},{"damage":0,"enemies":"Jaw Worm","floor":4,"turns":4},{"damage":0,"enemies":"2 Louse","floor":5,"turns":2},{"damage":0,"enemies":"Lagavulin","floor":6,"turns":8},{"damage":6,"enemies":"Blue Slaver","floor":8,"turns":3},{"damage":0,"enemies":"Gremlin Gang","floor":11,"turns":9},{"damage":6,"enemies":"Exordium Thugs","floor":12,"turns":5},{"damage":21,"enemies":"Gremlin Nob","floor":13,"turns":6},{"damage":0,"enemies":"3 Louse","floor":14,"turns":4},{"damage":3,"enemies":"The Guardian","floor":16,"turns":15},{"damage":8,"enemies":"Spheric Guardian","floor":18,"turns":6},{"damage":13,"enemies":"3 Byrds","floor":22,"turns":5},{"damage":9,"enemies":"Slavers","floor":23,"turns":6},{"damage":0,"enemies":"Snecko","floor":24,"turns":4},{"damage":8,"enemies":"Book of Stabbing","floor":25,"turns":5},{"damage":0,"enemies":"Shelled Parasite and Fungi","floor":29,"turns":4},{"damage":0,"enemies":"Centurion and Healer","floor":30,"turns":7},{"damage":15,"enemies":"Sentry and Sphere","floor":31,"turns":6},{"damage":2,"enemies":"Automaton","floor":33,"turns":10},{"damage":0,"enemies":"3 Shapes","floor":35,"turns":2},{"damage":0,"enemies":"3 Darklings","floor":36,"turns":5},{"damage":2,"enemies":"Sphere and 2 Shapes","floor":38,"turns":6},{"damage":0,"enemies":"4 Shapes","floor":39,"turns":4},{"damage":26,"enemies":"Writhing Mass","floor":41,"turns":7},{"damage":0,"enemies":"Mind Bloom Boss Battle","floor":44,"turns":8},{"damage":0,"enemies":"Maw","floor":48,"turns":8},{"damage":43,"enemies":"Time Eater","floor":50,"turns":13}],"seed_played":"8661258711616581795","potions_obtained":[{"floor":1,"key":"GhostInAJar"},{"floor":4,"key":"LiquidMemories"},{"floor":11,"key":"Strength Potion"},{"floor":13,"key":"BlessingOfTheForge"},{"floor":14,"key":"FearPotion"},{"floor":18,"key":"Strength Potion"},{"floor":24,"key":"PowerPotion"},{"floor":25,"key":"SmokeBomb"},{"floor":31,"key":"Dexterity Potion"},{"floor":33,"key":"ColorlessPotion"},{"floor":36,"key":"SteroidPotion"},{"floor":38,"key":"Weak Potion"},{"floor":39,"key":"ColorlessPotion"},{"floor":41,"key":"BlessingOfTheForge"}],"is_trial":true,"path_per_floor":["M","?","?","M","M","E","R","M","T","?","M","M","E","M","R","B",null,"M","?","?","$","M","E","M","E","T","$","R","M","M","M","R","B",null,"M","M","?","M","M","R","M","R","T","?","?","$","$","M","R","B",null],"character_chosen":"THE_SILENT","items_purchased":["Bird Faced Urn","Noxious Fumes","Bottled Tornado","Predator","Good Instincts+1","Sadistic Nature","Secret Technique+1","Lantern","Apotheosis+1","ClockworkSouvenir","Vajra","DollysMirror","EntropicBrew"],"campfire_rested":6,"item_purchase_floors":[21,21,21,21,21,21,27,27,46,46,47,47,47],"current_hp_per_floor":[63,63,63,63,63,63,70,64,64,64,64,58,37,37,58,55,70,62,56,56,56,49,44,50,62,62,62,70,70,70,67,70,70,70,70,70,70,70,70,70,58,70,70,70,70,70,70,70,70,50],"gold":100,"neow_bonus":"","is_daily":false,"chose_seed":false,"campfire_upgraded":0,"win_rate":0.0,"timestamp":1613765928,"path_taken":["M","?","?","?","M","E","R","M","T","?","M","M","E","M","R","BOSS","M","?","?","$","M","E","M","E","T","?","R","M","M","M","R","BOSS","M","M","?","M","?","R","M","R","T","?","?","?","$","M","R","BOSS"],"items_purchased_type":["Relic","Card","Relic","Card","Card","Card","Card","Relic","Card","Relic","Relic","Relic","Potion"],"build_version":"2020-12-22","purchased_purges":2,"victory":true,"max_hp_per_floor":[70,70,70,70,70,70,70,70,70,70,70,70,70,70,70,70,70,70,70,70,70,70,70,70,70,70,70,70,70,70,70,70,70,70,70,70,70,70,70,70,70,70,70,70,70,70,70,70,70,70],"relic_stats":{"Peace Pipe":1,"Lizard Tail":0,"Torii":7,"counters":[27,166],"Golden Idol":188,"Bird Faced Urn":[42],"Blue Candle":[2],"Turnip":[3],"Bag of Preparation":[24],"Kunai":[48],"obtain_stats":[{"Lantern":27,"Torii":20,"Golden Idol":2,"Blue Candle":23,"Vajra":47,"Bag of Preparation":26,"Bottled Tornado":21,"Empty Cage":34,"ClockworkSouvenir":46,"Peace Pipe":44,"Anchor":13,"Lizard Tail":25,"DollysMirror":47,"Bird Faced Urn":21,"Philosopher\u0027s Stone":17,"Turnip":43,"Kunai":6,"Toxic Egg 2":9,"Ring of the Snake":0},{"Lantern":15,"Torii":11,"Golden Idol":1,"Blue Candle":13,"Vajra":25,"Bag of Preparation":15,"Bottled Tornado":11,"Empty Cage":19,"ClockworkSouvenir":25,"Peace Pipe":25,"Anchor":8,"Lizard Tail":15,"DollysMirror":25,"Bird Faced Urn":11,"Philosopher\u0027s Stone":10,"Turnip":24,"Kunai":4,"Toxic Egg 2":5,"Ring of the Snake":0},{"Lantern":86,"Torii":66,"Golden Idol":4,"Blue Candle":77,"Vajra":145,"Bag of Preparation":86,"Bottled Tornado":66,"Empty Cage":113,"ClockworkSouvenir":145,"Peace Pipe":145,"Anchor":41,"Lizard Tail":86,"DollysMirror":145,"Bird Faced Urn":66,"Philosopher\u0027s Stone":60,"Turnip":137,"Kunai":18,"Toxic Egg 2":21,"Ring of the Snake":0}],"Ring of the Snake":[54]},"card_choices":[{"not_picked":["Rebound","PiercingWail"],"picked":"Conserve Battery","floor":1},{"not_picked":["Acrobatics","Slice"],"picked":"Dash","floor":4},{"not_picked":["Skim","Streamline","Cloak And Dagger"],"picked":"SKIP","floor":5},{"not_picked":["All For One","Beam Cell","Darkness"],"picked":"SKIP","floor":6},{"not_picked":["Barrage","Deflect"],"picked":"Leap","floor":8},{"not_picked":["Flying Knee","Quick Slash"],"picked":"Acrobatics+1","floor":11},{"not_picked":["Unload","Underhanded Strike"],"picked":"Dagger Throw","floor":12},{"not_picked":["Double Energy+1","Sweeping Beam"],"picked":"Deflect+1","floor":13},{"not_picked":["Eviscerate","Infinite Blades","Turbo+1"],"picked":"SKIP","floor":14},{"not_picked":["Amplify+1","Doppelganger+1"],"picked":"Reboot+1","floor":16},{"not_picked":["Dodge and Roll+1","Coolheaded+1"],"picked":"Sunder","floor":18},{"not_picked":["Cloak And Dagger+1","All Out Attack","Doom and Gloom"],"picked":"SKIP","floor":22},{"not_picked":["Steam+1","Glass Knife"],"picked":"Reinforced Body+1","floor":23},{"not_picked":["Consume+1","Capacitor"],"picked":"Self Repair+1","floor":24},{"not_picked":["Acrobatics+1","Slice"],"picked":"Go for the Eyes","floor":25},{"not_picked":["Prepared+1","Glacier+1"],"picked":"Leap+1","floor":29},{"not_picked":["Cold Snap+1","Riddle With Holes"],"picked":"Beam Cell","floor":30},{"not_picked":["Reprogram+1","Aggregate+1","Heel Hook+1"],"picked":"SKIP","floor":31},{"not_picked":["Phantasmal Killer+1","Reboot+1"],"picked":"Adrenaline+1","floor":33},{"not_picked":["Blade Dance+1","Concentrate+1","Flying Knee"],"picked":"SKIP","floor":35},{"not_picked":["Compile Driver","Steam Power+1","Reflex+1"],"picked":"SKIP","floor":36},{"not_picked":["Prepared+1","Static Discharge+1"],"picked":"Creative AI","floor":38},{"not_picked":["Self Repair","Redo+1","Ball Lightning"],"picked":"SKIP","floor":39},{"not_picked":["Conserve Battery+1","All Out Attack+1"],"picked":"Hologram+1","floor":41},{"not_picked":["Go for the Eyes","Barrage+1"],"picked":"Dodge and Roll+1","floor":44},{"not_picked":["Flechettes+1","Chill+1","Poisoned Stab+1"],"picked":"SKIP","floor":48}],"player_experience":1495776,"relics_obtained":[{"floor":6,"key":"Kunai"},{"floor":9,"key":"Toxic Egg 2"},{"floor":13,"key":"Anchor"},{"floor":23,"key":"Blue Candle"},{"floor":25,"key":"Lizard Tail"},{"floor":26,"key":"Bag of Preparation"},{"floor":43,"key":"Turnip"},{"floor":44,"key":"Peace Pipe"}],"event_choices":[{"damage_healed":0,"gold_gain":0,"player_choice":"Take Wound","damage_taken":0,"relics_obtained":["Golden Idol"],"max_hp_gain":0,"max_hp_loss":0,"event_name":"Golden Idol","floor":2,"gold_loss":0,"cards_obtained":["Injury"]},{"damage_healed":0,"gold_gain":0,"player_choice":"1 cards matched","damage_taken":0,"max_hp_gain":0,"max_hp_loss":0,"event_name":"Match and Keep!","floor":3,"gold_loss":0,"cards_obtained":["Deadly Poison"]},{"damage_healed":0,"gold_gain":175,"player_choice":"AGREE","damage_taken":0,"max_hp_gain":0,"max_hp_loss":0,"event_name":"Liars Game","floor":10,"gold_loss":0,"cards_obtained":["Doubt"]},{"damage_healed":0,"gold_gain":0,"player_choice":"Joined the Cult","damage_taken":6,"max_hp_gain":0,"max_hp_loss":0,"event_name":"Nest","floor":19,"gold_loss":0,"cards_obtained":["RitualDagger"]},{"damage_healed":0,"gold_gain":0,"player_choice":"Obtained Relic","damage_taken":0,"relics_obtained":["Torii"],"max_hp_gain":0,"max_hp_loss":0,"event_name":"Addict","floor":20,"gold_loss":85},{"damage_healed":0,"gold_gain":0,"player_choice":"Bought 0 Potions","damage_taken":0,"max_hp_gain":0,"max_hp_loss":0,"event_name":"The Woman in Blue","floor":37,"gold_loss":0},{"damage_healed":0,"gold_gain":0,"player_choice":"Fight","damage_taken":0,"max_hp_gain":0,"max_hp_loss":0,"event_name":"MindBloom","floor":44,"gold_loss":0},{"damage_healed":0,"gold_gain":0,"player_choice":"Ignored","damage_taken":0,"max_hp_gain":0,"max_hp_loss":0,"event_name":"Tomb of Lord Red Mask","floor":45,"gold_loss":0}],"is_beta":false,"boss_relics":[{"not_picked":["Ectoplasm","WristBlade"],"picked":"Philosopher\u0027s Stone"},{"not_picked":["SacredBark","Velvet Choker"],"picked":"Empty Cage"}],"items_purged_floors":[21,47],"is_endless":false,"potions_floor_spawned":[1,4,11,13,14,18,24,25,31,33,36,38,39,41],"ascension_level":0}}