{"host":"f5gffvlv6a66yqkd","time":1613714281,"event":{"mods":["2.2 Compatiblity","BaseMod","Colored Map","Custom Start","DeckTracker","Keyboard Shortcuts","Minty Spire (QoL Compilation)","Permanent Neow","Quick Restart","Relic Stats","StSLib","SuperFastMode"],"gold_per_floor":[111,121,141,141,159,159,186,8,8,33,49,49,49,60,60,131,131,150,222,237,237,249,249,260,260,260,273,273,273],"floor_reached":28,"language":"KOR","playtime":689,"items_purged":[],"score":463,"play_id":"edcf7ca2-d265-46d4-a485-4a5962413ce8","local_time":"20210219145801","is_ascension_mode":true,"campfire_choices":[{"data":"Eruption","floor":6.0,"key":"SMITH"},{"floor":12.0,"key":"REST"},{"data":"TalkToTheHand","floor":15.0,"key":"SMITH"},{"data":"ForeignInfluence","floor":23,"key":"SMITH"},{"data":"Adaptation","floor":25,"key":"SMITH"}],"circlet_count":0,"master_deck":["AscendersBane","Strike_P","Strike_P","Strike_P","Defend_P","Defend_P","Defend_P","Eruption+1","Vigilance","Collect","TalkToTheHand+1","FearNoEvil","EmptyFist","CarveReality","FlurryOfBlows","Adaptation+1","FearNoEvil","ForeignInfluence+1"],"relics":["PureWater","White Beast Statue","Membership Card","Sundial","Letter Opener","SacredBark","Shuriken","Gambling Chip"],"acts_visited":["Exordium","TheCity"],"potions_floor_usage":[22,22,24],"damage_taken":[{"damage":13.0,"enemies":"Small Slimes","floor":1.0,"turns":3.0},{"damage":1.0,"enemies":"Cultist","floor":2.0,"turns":4.0},{"damage":0.0,"enemies":"Jaw Worm","floor":3.0,"turns":2.0},{"damage":5.0,"enemies":"Red Slaver","floor":5.0,"turns":4.0},{"damage":22.0,"enemies":"Gremlin Nob","floor":7.0,"turns":4.0},{"damage":0.0,"enemies":"Lagavulin","floor":10.0,"turns":5.0},{"damage":11.0,"enemies":"3 Louse","floor":11.0,"turns":2.0},{"damage":12.0,"enemies":"Exordium Wildlife","floor":14.0,"turns":3.0},{"damage":7.0,"enemies":"Hexaghost","floor":16.0,"turns":9.0},{"damage":1.0,"enemies":"3 Byrds","floor":18.0,"turns":3.0},{"damage":9.0,"enemies":"Shell Parasite","floor":20.0,"turns":3.0},{"damage":23,"enemies":"Snake Plant","floor":22,"turns":5},{"damage":18,"enemies":"Snecko","floor":24,"turns":6},{"damage":15,"enemies":"Centurion and Healer","floor":27,"turns":2},{"damage":30,"enemies":"Snake Plant","floor":28,"turns":2}],"seed_played":"-6404320145049861819","potions_obtained":[{"floor":3.0,"key":"SteroidPotion"},{"floor":4.0,"key":"SkillPotion"},{"floor":10.0,"key":"SneckoOil"},{"floor":11.0,"key":"SteroidPotion"},{"floor":14.0,"key":"DistilledChaos"},{"floor":18.0,"key":"ColorlessPotion"},{"floor":20.0,"key":"Regen Potion"},{"floor":22,"key":"Regen Potion"},{"floor":24,"key":"Ancient Potion"},{"floor":27,"key":"BottledMiracle"}],"is_trial":false,"path_per_floor":["M","M","M","?","M","R","E","$","T","E","M","R","?","M","R","B",null,"M","T","M","?","M","R","M","R","T","M","M"],"character_chosen":"WATCHER","items_purchased":["Membership Card","FlurryOfBlows"],"campfire_rested":1,"item_purchase_floors":[8,8],"current_hp_per_floor":[48,47,47,47,42,42,20,20,20,20,9,29,29,17,17,10,54,53,53,44,25,29,29,45,45,45,30,0,0],"gold":273,"neow_bonus":"TRANSFORM_CARD","is_daily":false,"chose_seed":false,"campfire_upgraded":4,"win_rate":0.0,"timestamp":1613714281,"path_taken":["M","M","M","?","M","R","E","$","T","E","?","R","?","M","R","BOSS","M","?","M","?","M","R","M","R","T","M","M"],"items_purchased_type":["Relic","Card"],"build_version":"2020-12-22","purchased_purges":0,"victory":false,"max_hp_per_floor":[68,68,68,68,68,68,68,68,68,68,68,68,68,68,68,68,68,68,68,68,73,73,73,73,73,73,73,73,73],"relic_stats":{"counters":[15,57],"Sundial":[4],"Shuriken":[11],"Gambling Chip":[5],"Letter Opener":[54],"obtain_stats":[{"Sundial":9,"Shuriken":19,"SacredBark":17,"Gambling Chip":26,"Membership Card":8,"Letter Opener":10,"PureWater":0,"White Beast Statue":7},{"Sundial":5,"Shuriken":10,"SacredBark":9,"Gambling Chip":13,"Membership Card":5,"Letter Opener":6,"PureWater":0,"White Beast Statue":5},{"Sundial":17,"Shuriken":39,"SacredBark":36,"Gambling Chip":53,"Membership Card":17,"Letter Opener":22,"PureWater":0,"White Beast Statue":17}]},"card_choices":[{"not_picked":["CrushJoints","LikeWater"],"picked":"TalkToTheHand","floor":1.0},{"not_picked":["JustLucky","Prostrate"],"picked":"FearNoEvil","floor":2.0},{"not_picked":["JustLucky","Evaluate"],"picked":"EmptyFist","floor":3.0},{"not_picked":["Protect","Evaluate","Halt"],"picked":"SKIP","floor":5.0},{"not_picked":["ReachHeaven","Evaluate"],"picked":"CarveReality","floor":7.0},{"not_picked":["JustLucky","SpiritShield"],"picked":"Adaptation","floor":10.0},{"not_picked":["JustLucky","Crescendo","BowlingBash"],"picked":"SKIP","floor":11.0},{"not_picked":["SandsOfTime","JustLucky","CutThroughFate"],"picked":"SKIP","floor":14.0},{"not_picked":["FollowUp","SashWhip","CrushJoints"],"picked":"SKIP","floor":18.0},{"not_picked":["EmptyBody","Weave+1"],"picked":"ForeignInfluence","floor":20.0},{"not_picked":["SignatureMove+1","CarveReality","ThirdEye"],"picked":"SKIP","floor":22},{"not_picked":["FlurryOfBlows","SandsOfTime","Sanctity"],"picked":"SKIP","floor":24},{"not_picked":["Prostrate","EmptyFist","Weave+1"],"picked":"SKIP","floor":27}],"player_experience":1499852,"relics_obtained":[{"floor":7.0,"key":"White Beast Statue"},{"floor":9.0,"key":"Sundial"},{"floor":10.0,"key":"Letter Opener"},{"floor":19.0,"key":"Shuriken"},{"floor":26,"key":"Gambling Chip"}],"event_choices":[{"damage_healed":0.0,"max_hp_gain":0.0,"max_hp_loss":0.0,"gold_gain":0.0,"event_name":"Lab","player_choice":"Got Potions","floor":4.0,"gold_loss":0.0,"damage_taken":0.0},{"damage_healed":0.0,"max_hp_gain":0.0,"max_hp_loss":0.0,"gold_gain":0.0,"cards_transformed":["Strike_P"],"event_name":"Transmorgrifier","player_choice":"Transformed","floor":13.0,"gold_loss":0.0,"damage_taken":0.0,"cards_obtained":["FearNoEvil"]},{"damage_healed":0.0,"max_hp_gain":5.0,"max_hp_loss":0.0,"gold_gain":0.0,"event_name":"Forgotten Altar","player_choice":"Shed Blood","floor":21.0,"gold_loss":0.0,"damage_taken":24.0}],"is_beta":false,"boss_relics":[{"not_picked":["SlaversCollar","Calling Bell"],"picked":"SacredBark"}],"items_purged_floors":[],"is_endless":false,"potions_floor_spawned":[3,10,11,14,16,18,20,22,24,27],"killed_by":"Snake Plant","ascension_level":16}}