{"host":"jwbw4f4imxd0v0b0","time":1613711360,"event":{"mods":["BaseMod","Colored Map","Highlight Path","Minty Spire (QoL Compilation)","Relic Stats","StSLib"],"gold_per_floor":[144,189,189,234,279,279,369,99,124,169,169,259,9,54,54,354,354,399,314,314,359,1,1,91,136,136,226,325,370,83,128,128,437,437,491,491,401,140,185,275,338,338,338,338,383,482,482,536,536,536],"floor_reached":51,"language":"ENG","playtime":2544,"items_purged":["Redo","Pain","Decay","Rebound"],"score":932,"play_id":"228d896e-b3aa-4735-a5f7-696b32516c4f","local_time":"20210218230920","daily_mods":["Insanity","Blue Cards","Midas"],"is_ascension_mode":false,"campfire_choices":[{"floor":15.0,"key":"REST"},{"floor":23.0,"key":"REST"},{"floor":32.0,"key":"REST"},{"floor":42.0,"key":"REST"},{"floor":44.0,"key":"REST"},{"floor":49,"key":"REST"}],"circlet_count":0,"master_deck":["Uppercut","Aggregate","Streamline","Melter","Rebound","Hologram","Twin Strike","Evolve","Headbutt","Coolheaded","Ball Lightning","Go for the Eyes","Warcry","True Grit","Skim","White Noise","Flex","Disarm","Sweeping Beam+1","Gash","Battle Trance","Anger","Compile Driver","Undo","Stack","Stack","Steam","Pummel","Aggregate+1","Rage+1","Rampage","Sweeping Beam","Reprogram","Gash","Ball Lightning","Hologram","Blood for Blood","Heavy Blade","Warcry","Shrug It Off","Anger","Havoc","Rage","Combust","Inflame","Rebound","Reprogram","Turbo","Berserk","Leap+1","Rupture","Hyperbeam","Cleave+1","Reaper+1","True Grit+1","Pummel+1","Sword Boomerang+1","Parasite","Power Through+1","Heavy Blade+1","Beam Cell+1"],"relics":["Burning Blood","Mummified Hand","Lee\u0027s Waffle","Ancient Tea Set","WarpedTongs","Lantern","Bag of Marbles","Mark of Pain","Potion Belt","Brimstone","Pen Nib","CeramicFish","Letter Opener","Molten Egg 2","SacredBark","War Paint","Orichalcum","Shuriken"],"acts_visited":["Exordium","TheCity","TheBeyond"],"potions_floor_usage":[50,50],"damage_taken":[{"damage":0.0,"enemies":"Small Slimes","floor":1.0,"turns":1.0},{"damage":0.0,"enemies":"2 Louse","floor":2.0,"turns":3.0},{"damage":0.0,"enemies":"Cultist","floor":4.0,"turns":3.0},{"damage":0.0,"enemies":"2 Fungi Beasts","floor":5.0,"turns":3.0},{"damage":20.0,"enemies":"Lagavulin","floor":7.0,"turns":5.0},{"damage":2.0,"enemies":"Exordium Thugs","floor":10.0,"turns":3.0},{"damage":9.0,"enemies":"3 Sentries","floor":12.0,"turns":4.0},{"damage":0.0,"enemies":"3 Louse","floor":14.0,"turns":2.0},{"damage":0.0,"enemies":"Slime Boss","floor":16.0,"turns":6.0},{"damage":8.0,"enemies":"Shell Parasite","floor":18.0,"turns":4.0},{"damage":5.0,"enemies":"Chosen","floor":21.0,"turns":3.0},{"damage":3.0,"enemies":"Book of Stabbing","floor":24.0,"turns":3.0},{"damage":4.0,"enemies":"Snake Plant","floor":25.0,"turns":3.0},{"damage":8.0,"enemies":"Slavers","floor":27.0,"turns":2.0},{"damage":16.0,"enemies":"Centurion and Healer","floor":29.0,"turns":2.0},{"damage":0.0,"enemies":"Cultist and Chosen","floor":31.0,"turns":2.0},{"damage":12.0,"enemies":"Automaton","floor":33.0,"turns":6.0},{"damage":9.0,"enemies":"3 Shapes","floor":35.0,"turns":4.0},{"damage":41.0,"enemies":"3 Darklings","floor":39.0,"turns":3.0},{"damage":53.0,"enemies":"Giant Head","floor":40.0,"turns":6.0},{"damage":2.0,"enemies":"Writhing Mass","floor":41.0,"turns":3.0},{"damage":0.0,"enemies":"Transient","floor":45.0,"turns":5.0},{"damage":12.0,"enemies":"Reptomancer","floor":46.0,"turns":5.0},{"damage":0,"enemies":"Spire Growth","floor":48,"turns":2},{"damage":46,"enemies":"Awakened One","floor":50,"turns":6}],"seed_played":"778547550210687013","potions_obtained":[{"floor":1.0,"key":"SpeedPotion"},{"floor":5.0,"key":"Ancient Potion"},{"floor":12.0,"key":"SteroidPotion"},{"floor":16.0,"key":"DuplicationPotion"},{"floor":21.0,"key":"SkillPotion"},{"floor":25.0,"key":"FearPotion"},{"floor":27.0,"key":"LiquidBronze"},{"floor":29.0,"key":"PowerPotion"},{"floor":35.0,"key":"SpeedPotion"},{"floor":41.0,"key":"Swift Potion"},{"floor":45.0,"key":"Fire Potion"}],"is_trial":false,"path_per_floor":["M","M","?","M","M","?","E","$","T","M","?","E","$","M","R","B",null,"M","?","?","M","$","R","E","M","T","E","?","M","$","M","R","B",null,"M","?","?","$","M","E","M","R","T","R","M","E","?","M","R","B",null],"character_chosen":"IRONCLAD","items_purchased":["Lee\u0027s Waffle","Turbo","Bag of Marbles","Brimstone","SteroidPotion","Rupture","Molten Egg 2","Cleave+1","Pummel+1","Sword Boomerang+1"],"campfire_rested":6,"item_purchase_floors":[8,8,13,22,22,22,30,30,38,38],"current_hp_per_floor":[80,80,85,85,85,85,71,92,92,92,92,89,89,92,92,92,92,90,90,90,91,91,92,92,92,92,90,90,80,80,86,92,86,92,89,89,89,89,54,7,11,38,38,65,71,65,65,81,87,47],"gold":536,"neow_bonus":"","is_daily":true,"chose_seed":false,"campfire_upgraded":0,"win_rate":0.0,"timestamp":1613711360,"path_taken":["M","M","?","M","M","?","E","$","T","?","?","E","$","M","R","BOSS","M","?","?","M","$","R","E","?","T","E","?","M","$","M","R","BOSS","M","?","?","$","?","E","M","R","T","R","M","E","?","M","R","BOSS"],"items_purchased_type":["Relic","Card","Relic","Relic","Potion","Card","Relic","Card","Card","Card"],"build_version":"2020-12-22","purchased_purges":4,"victory":true,"max_hp_per_floor":[80,80,85,85,85,85,85,92,92,92,92,92,92,92,92,92,92,92,92,92,92,92,92,92,92,92,92,92,92,92,92,92,92,92,92,92,92,92,92,92,92,92,92,92,92,92,87,87,87,87],"relic_stats":{"Lee\u0027s Waffle":21,"counters":[25,89],"Mummified Hand":[39],"Shuriken":[5],"CeramicFish":81,"Pen Nib":[11],"Letter Opener":[157],"War Paint":["Rage","Aggregate"],"Orichalcum":[24],"obtain_stats":[{"Potion Belt":19,"Lee\u0027s Waffle":8,"Lantern":12,"CeramicFish":26,"SacredBark":34,"Pen Nib":24,"Letter Opener":27,"War Paint":40,"Orichalcum":43,"Ancient Tea Set":9,"Burning Blood":0,"WarpedTongs":11,"Mummified Hand":7,"Brimstone":22,"Shuriken":46,"Molten Egg 2":30,"Mark of Pain":17,"Bag of Marbles":13},{"Potion Belt":10,"Lee\u0027s Waffle":5,"Lantern":7,"CeramicFish":13,"SacredBark":17,"Pen Nib":12,"Letter Opener":14,"War Paint":20,"Orichalcum":21,"Ancient Tea Set":5,"Burning Blood":0,"WarpedTongs":6,"Mummified Hand":5,"Brimstone":11,"Shuriken":23,"Molten Egg 2":15,"Mark of Pain":9,"Bag of Marbles":7},{"Potion Belt":34,"Lee\u0027s Waffle":15,"Lantern":22,"CeramicFish":43,"SacredBark":55,"Pen Nib":40,"Letter Opener":45,"War Paint":68,"Orichalcum":71,"Ancient Tea Set":15,"Burning Blood":0,"WarpedTongs":18,"Mummified Hand":15,"Brimstone":37,"Shuriken":81,"Molten Egg 2":47,"Mark of Pain":30,"Bag of Marbles":22}],"Burning Blood":108,"WarpedTongs":[71]},"card_choices":[{"not_picked":["Consume","Undo"],"picked":"Reprogram","floor":1.0},{"not_picked":["Beam Cell","Cold Snap","Power Through"],"picked":"SKIP","floor":2.0},{"not_picked":["Ball Lightning","Pommel Strike","Body Slam"],"picked":"SKIP","floor":4.0},{"not_picked":["Auto Shields","Armaments","Rainbow"],"picked":"SKIP","floor":5.0},{"not_picked":["Sweeping Beam","Rebound","Heatsinks"],"picked":"SKIP","floor":7.0},{"not_picked":["Fusion","Streamline","Sweeping Beam"],"picked":"SKIP","floor":10.0},{"not_picked":["Ghostly Armor","Compile Driver","Defragment"],"picked":"SKIP","floor":12.0},{"not_picked":["Gash","Cold Snap","FTL"],"picked":"SKIP","floor":14.0},{"not_picked":["Barricade","Brutality"],"picked":"Berserk","floor":16.0},{"not_picked":["Compile Driver","Sweeping Beam"],"picked":"Leap+1","floor":18.0},{"not_picked":["Perfected Strike","Rupture","Clash"],"picked":"SKIP","floor":21.0},{"not_picked":["Clash","Thunderclap","Conserve Battery"],"picked":"SKIP","floor":24.0},{"not_picked":["BootSequence","Turbo"],"picked":"Hyperbeam","floor":25.0},{"not_picked":["Blood for Blood","BootSequence","Entrench+1"],"picked":"SKIP","floor":27.0},{"not_picked":["Armaments","Sweeping Beam+1","Havoc"],"picked":"SKIP","floor":29.0},{"not_picked":["Loop+1","Ball Lightning+1","Blizzard+1"],"picked":"SKIP","floor":31.0},{"not_picked":["Meteor Strike+1","Exhume"],"picked":"Reaper+1","floor":33.0},{"not_picked":["Thunderclap+1","Havoc+1"],"picked":"True Grit+1","floor":35.0},{"not_picked":["Cold Snap+1","Anger+1","Leap"],"picked":"SKIP","floor":39.0},{"not_picked":["Compile Driver+1","Streamline+1","Rupture"],"picked":"SKIP","floor":40.0},{"not_picked":["Storm","Streamline+1"],"picked":"Power Through+1","floor":41.0},{"not_picked":["True Grit","Iron Wave+1","Rebound+1"],"picked":"SKIP","floor":45.0},{"not_picked":["Pommel Strike+1","Armaments"],"picked":"Heavy Blade+1","floor":46.0},{"not_picked":["Cold Snap+1","Armaments+1"],"picked":"Beam Cell+1","floor":48}],"player_experience":1289054,"relics_obtained":[{"floor":7.0,"key":"Mummified Hand"},{"floor":9.0,"key":"Ancient Tea Set"},{"floor":12.0,"key":"Lantern"},{"floor":24.0,"key":"Pen Nib"},{"floor":26.0,"key":"CeramicFish"},{"floor":27.0,"key":"Letter Opener"},{"floor":40.0,"key":"War Paint"},{"floor":43.0,"key":"Orichalcum"},{"floor":46.0,"key":"Shuriken"}],"event_choices":[{"damage_healed":0.0,"max_hp_gain":5.0,"max_hp_loss":0.0,"gold_gain":0.0,"event_name":"Big Fish","player_choice":"Donut","floor":3.0,"gold_loss":0.0,"damage_taken":0.0},{"cards_removed":["Searing Blow"],"damage_healed":0.0,"max_hp_gain":0.0,"max_hp_loss":0.0,"gold_gain":0.0,"event_name":"Bonfire Elementals","player_choice":"Offered Uncommon","floor":6.0,"gold_loss":0.0,"damage_taken":0.0},{"damage_healed":0.0,"max_hp_gain":0.0,"max_hp_loss":0.0,"gold_gain":0.0,"event_name":"Accursed Blacksmith","player_choice":"Rummage","floor":11.0,"gold_loss":0.0,"damage_taken":0.0,"relics_obtained":["WarpedTongs"],"cards_obtained":["Pain"]},{"damage_healed":0.0,"max_hp_gain":0.0,"max_hp_loss":0.0,"gold_gain":0.0,"event_name":"Addict","player_choice":"Obtained Relic","floor":19.0,"gold_loss":85.0,"damage_taken":0.0,"relics_obtained":["Potion Belt"]},{"damage_healed":0.0,"max_hp_gain":0.0,"max_hp_loss":0.0,"gold_gain":0.0,"event_name":"Wheel of Change","player_choice":"Cursed","floor":20.0,"gold_loss":0.0,"damage_taken":0.0,"cards_obtained":["Decay"]},{"damage_healed":0.0,"max_hp_gain":0.0,"max_hp_loss":0.0,"gold_gain":99.0,"event_name":"Nest","player_choice":"Stole From Cult","floor":28.0,"gold_loss":0.0,"damage_taken":0.0},{"damage_healed":0.0,"max_hp_gain":0.0,"max_hp_loss":0.0,"gold_gain":0.0,"event_name":"Tomb of Lord Red Mask","player_choice":"Ignored","floor":36.0,"gold_loss":0.0,"damage_taken":0.0},{"cards_removed":["Streamline"],"damage_healed":0.0,"max_hp_gain":0.0,"max_hp_loss":0.0,"gold_gain":0.0,"event_name":"Designer","player_choice":"Upgrade and Remove","floor":37.0,"gold_loss":90.0,"damage_taken":0.0,"cards_upgraded":["Sweeping Beam"]},{"damage_healed":0.0,"max_hp_gain":0.0,"max_hp_loss":5.0,"gold_gain":0.0,"event_name":"Winding Halls","player_choice":"Max HP","floor":47.0,"gold_loss":0.0,"damage_taken":0.0}],"is_beta":false,"boss_relics":[{"not_picked":["Tiny House","Black Blood"],"picked":"Mark of Pain"},{"not_picked":["Philosopher\u0027s Stone","Runic Dome"],"picked":"SacredBark"}],"items_purged_floors":[8,13,22,38],"is_endless":false,"potions_floor_spawned":[1,5,12,16,21,25,27,29,35,40,41,45,48],"ascension_level":0}}