{"host":"5iakl8p52kfszi0s","time":1613697491,"event":{"mods":["AchievementEnabler","Aspiration","Bard","BaseMod","Beaked The Cultist","Better Altar","Better Match","Better Note","Better Sensory Stone","Better Skull","Better Third Choice","BetterRewards","CCEM2","Card Forge","Clawfect","Colored Map","Conspire","Downfall","GifTheSpireLib","Googly Eyes","Halation","Hermit","Highlight Path","Hubris","Hunter ??","Infinite Spire","Jedi Mod","Jorbs\u0027s Wanderer Trilogy","Mad Scientist","Marisa????????","Mimic Mod","Minty Spire (QoL Compilation)","Permanent Neow","Replay The Spire","Shade Mod","Shop Mod","Spicy Shops","Spikes Relics","StSLib","Stuff the Spire","The Administrix","The Blackbeard","The Bug Knight","The Construct","The Cursed","The Disciple","The Gatherer","The Hierophant","The IronCluck","The Jungle","The Mystic","The Necromancer","The Problem Sleuth","The Runesmith","The Servant 0.9.4","The Spell Scribe","The Witch","Unceasing Turn Reminder","UnlockEverythingMod","[IsaacMod]????","everything is the same but u backflip on backflip","slay the spire mod where everything is the same but ironclad has a cowboy hat"],"gold_per_floor":[119,110,128,141,166,166,166,198,198,229,246,246,263,273,273,273,273],"floor_reached":16,"language":"ENG","playtime":1208,"items_purged":["Defend_B"],"score":212,"play_id":"5892dbd0-807e-4d70-b5ca-884926722a8f","local_time":"20210218201811","is_ascension_mode":false,"campfire_choices":[{"floor":6,"key":"REST"},{"floor":12,"key":"RECALL"},{"floor":15,"key":"REST"}],"circlet_count":0,"master_deck":["Gash","Gash","Gash","Gash","Gash","Defend_B","Defend_B","Defend_B","Defend_B","Gash","Clawfect:Clawter","Clawfect:Clawrage","Clawfect:ClawLightning","Clawfect:ClawLightning","Pot Of Greed","Pot Of Greed","Clawfect:ClawSnap","Clawfect:Clawrage"],"relics":["Clawfect:DRClaw","Hammer of Thor","Seething Fire","Anvil of the Gods","HushsDoor","KeepersGift","DeadEye","hubris:MysteriousPyramids","Regal Pillow","CCEMRelics:LatexGloves","conspire:TopHat","Damocles","Grinning Jar","Ancient Tea Set","Pantograph","MiniBlackHole","hubris:GlazedTorus"],"acts_visited":["Exordium"],"potions_floor_usage":[2],"damage_taken":[{"damage":3,"enemies":"Jaw Worm","floor":1,"turns":4},{"damage":71,"enemies":"Hiden Room Battle","floor":2,"turns":4},{"damage":0,"enemies":"Cultist","floor":3,"turns":3},{"damage":0,"enemies":"conspire:RoseBush","floor":4,"turns":1},{"damage":4,"enemies":"3 Sentries","floor":8,"turns":4},{"damage":0,"enemies":"Lagavulin","floor":10,"turns":3},{"damage":0,"enemies":"Gremlin Gang","floor":11,"turns":1},{"damage":0,"enemies":"Looter","floor":13,"turns":2},{"damage":0,"enemies":"Exordium Thugs","floor":14,"turns":3},{"damage":5,"enemies":"The Guardian","floor":16,"turns":2}],"seed_played":"-8914700739778659036","potions_obtained":[{"floor":1,"key":"FearPotion"},{"floor":3,"key":"Reflective Coating"},{"floor":11,"key":"Strength Potion"},{"floor":13,"key":"jedi:wingpotion"}],"is_trial":false,"path_per_floor":["M","?","M","M","T","R","?","E","T","E","M","R","M","M","R","B"],"character_chosen":"DEFECT","items_purchased":["Gash","Clawfect:Clawter","DeadEye"],"campfire_rested":2,"item_purchase_floors":[0,0,0],"current_hp_per_floor":[72,1,1,1,1,38,23,19,19,19,19,19,19,19,56,0,0],"gold":273,"neow_bonus":"","is_daily":false,"chose_seed":false,"campfire_upgraded":0,"win_rate":0.0,"timestamp":1613697491,"path_taken":["M","?","M","M","?","R","?","E","T","E","M","R","M","M","R","BOSS"],"items_purchased_type":["Card","Card","Relic"],"build_version":"2020-12-22","purchased_purges":1,"victory":false,"max_hp_per_floor":[75,75,75,75,75,75,75,75,75,75,75,75,75,75,75,75,75],"card_choices":[{"not_picked":[],"picked":"Bomb","floor":0},{"not_picked":["Blizzard","ReplaySolidLightProjector"],"picked":"Clawfect:Clawrage","floor":1},{"not_picked":["Heatsinks","jedi:spotbugs"],"picked":"Bomb","floor":2},{"not_picked":["Clawfect:Clawter","FIFO Queue","Capacitor"],"picked":"SKIP","floor":3},{"not_picked":["Clawfect:ClawpileDriver","Force Field"],"picked":"Clawfect:ClawLightning","floor":4},{"not_picked":["StuffTheSpire:ShieldGenerator","Consume"],"picked":"Clawfect:ClawLightning","floor":8},{"not_picked":["aspiration:Polymerization","StuffTheSpire:LaunchingStrike"],"picked":"Bomb","floor":10},{"not_picked":["Genetic Algorithm","Gash","BasicCrystalCard"],"picked":"SKIP","floor":11},{"not_picked":["Clawfect:Clawline","StuffTheSpire:Plugnplay"],"picked":"Clawfect:ClawSnap","floor":13},{"not_picked":["Clawfect:ClawingBeam","StuffTheSpire:GlassShard"],"picked":"Clawfect:Clawrage","floor":14}],"player_experience":275950,"relics_obtained":[{"floor":2,"key":"hubris:MysteriousPyramids"},{"floor":2,"key":"Regal Pillow"},{"floor":5,"key":"CCEMRelics:LatexGloves"},{"floor":8,"key":"Damocles"},{"floor":10,"key":"Grinning Jar"},{"floor":10,"key":"Ancient Tea Set"},{"floor":11,"key":"Pantograph"},{"floor":13,"key":"MiniBlackHole"},{"floor":14,"key":"hubris:GlazedTorus"}],"event_choices":[{"damage_healed":0,"gold_gain":0,"player_choice":"Fight","damage_taken":0,"max_hp_gain":0,"max_hp_loss":0,"event_name":"HidenRoomEvent","floor":2,"gold_loss":0},{"damage_healed":0,"gold_gain":0,"player_choice":"RE ","damage_taken":17,"relics_obtained":["conspire:TopHat"],"max_hp_gain":0,"max_hp_loss":0,"event_name":"betterSkull:BetterSkull","floor":7,"gold_loss":0,"cards_upgraded":[]}],"is_beta":false,"boss_relics":[],"items_purged_floors":[0],"is_endless":false,"potions_floor_spawned":[1,3,11,13],"killed_by":"The Guardian","ascension_level":0}}