{"host":"afy7f4cwlzlk9d39","time":1613727153,"event":{"mods":["Act Like it!","Arknights","BaseMod","Colored Powertips","Energized Spire","Koishi","Minty Spire (QoL Compilation)","Pale of the Ancients","Quick Restart","Reliquary","Remove Card Discount Mod","Replay The Spire","StSLib","【功能Mod】混沌之环修复补丁"],"gold_per_floor":[14,14,14,14,69,69,139,151,178,143,69,104,123,123,123,222,222,222,222],"floor_reached":18,"language":"ZHS","playtime":1503,"items_purged":["Looming Evil","ReplayTheSpireMod:Splinters","Poisoned Strike"],"score":156,"play_id":"1ea8a012-cd81-4346-9822-4990c635bfca","local_time":"20210219173233","is_ascension_mode":false,"campfire_choices":[{"data":"ats:Sword Rain","floor":6,"key":"SMITH"},{"floor":15,"key":"REST"}],"circlet_count":0,"master_deck":["ats:Strike C","ats:Strike G+1","ats:Strike S","ats:Strike V","ats:Armor Crushing Shot","ats:Defend","ats:Defend+1","ats:Defend","ats:Defend","ats:Emotion Absorption","ats:Ignite","ats:Sword Rain+1","ats:Steam Pump+1","ats:Encircling Forest","ats:Overload","ats:Very Hot Blade","ats:Soul Rend"],"relics":["ats:Sanity","Ring of Searing","Ring of Misfortune","Gremlin Food","ats:Originium","Replay:Accelerometer","Philosopher\u0027s Stone"],"acts_visited":["Exordium","TheCity"],"potions_floor_usage":[16,16],"damage_taken":[{"damage":5,"enemies":"Cultist","floor":1,"turns":4},{"damage":0,"enemies":"2 Louse","floor":8,"turns":3},{"damage":19,"enemies":"Gremlin Nob","floor":12,"turns":4},{"damage":5,"enemies":"Small Slimes","floor":13,"turns":2},{"damage":57,"enemies":"Hexaghost","floor":16,"turns":10},{"damage":35,"enemies":"Spheric Guardian","floor":18,"turns":5}],"seed_played":"-923902444557084094","potions_obtained":[{"floor":5,"key":"SneckoOil"},{"floor":8,"key":"ColorlessPotion"},{"floor":16,"key":"Block Potion"}],"is_trial":false,"path_per_floor":["M","$","?","?","?","R","?","M","T","?","$","E","M","?","R","B",null,"M"],"character_chosen":"DOCTOR_CLASS","items_purchased":["ats:Overload"],"campfire_rested":1,"item_purchase_floors":[11],"current_hp_per_floor":[67,67,53,53,53,53,53,53,53,71,71,52,47,47,68,11,72,37,37],"gold":222,"neow_bonus":"RANDOM_COLORLESS_2","is_daily":false,"chose_seed":false,"campfire_upgraded":1,"win_rate":0.0,"timestamp":1613727153,"path_taken":["M","$","?","?","?","R","?","M","T","?","?","E","?","?","R","BOSS","M"],"items_purchased_type":["Card"],"build_version":"2020-12-22","purchased_purges":3,"victory":false,"max_hp_per_floor":[72,72,72,72,72,72,72,72,72,72,72,72,72,72,72,72,72,72,72],"card_choices":[{"not_picked":["The Bomb","Sadistic Nature"],"picked":"Poisoned Strike","floor":0},{"not_picked":["ats:LN2 Cannon","ats:Counter Healing Mode"],"picked":"ats:Ignite","floor":1},{"not_picked":["ats:Ignite","ats:Flexible Camouflage"],"picked":"ats:Sword Rain","floor":5},{"not_picked":["ats:Leaping Hammer","ats:Automatic Cover"],"picked":"ats:Steam Pump","floor":5},{"not_picked":["ats:Volcano","ats:Assault Order"],"picked":"ats:Encircling Forest","floor":8},{"not_picked":["ats:Overload","ats:Ignite"],"picked":"ats:Very Hot Blade","floor":12},{"not_picked":["ats:Red Shift","ats:Sword Rain","ats:Ignite"],"picked":"SKIP","floor":13},{"not_picked":["ats:Fractured Body","ats:Durian"],"picked":"ats:Soul Rend","floor":16}],"player_experience":202070,"relics_obtained":[{"floor":4,"key":"Ring of Searing"},{"floor":4,"key":"Ring of Misfortune"},{"floor":9,"key":"Gremlin Food"},{"floor":12,"key":"ats:Originium"},{"floor":12,"key":"Replay:Accelerometer"}],"event_choices":[{"damage_healed":0,"gold_gain":0,"player_choice":"Entered Light","damage_taken":14,"max_hp_gain":0,"max_hp_loss":0,"event_name":"Shining Light","floor":3,"gold_loss":0,"cards_upgraded":["ats:Strike G","ats:Defend"]},{"damage_healed":0,"gold_gain":70,"player_choice":"Gained Gold","damage_taken":0,"max_hp_gain":0,"max_hp_loss":0,"event_name":"Golden Wing","floor":7,"gold_loss":0},{"damage_healed":18,"gold_gain":0,"player_choice":"Healed","damage_taken":0,"max_hp_gain":0,"max_hp_loss":0,"event_name":"The Cleric","floor":10,"gold_loss":35}],"is_beta":false,"boss_relics":[{"not_picked":["reliquary:RedCape","reliquary:WritOfMandamus"],"picked":"Philosopher\u0027s Stone"}],"items_purged_floors":[11,11,11],"is_endless":false,"potions_floor_spawned":[8,16],"killed_by":"Spheric Guardian","ascension_level":0}}