{"host":"ju66gn9zov5ov15o","time":1613758463,"event":{"mods":["100% Spire Juice","2.2 Compatiblity","Act Like it!","Aspiration","BaseMod","Conspire","Downfall","GifTheSpireLib","Hubris","Lobotomy","LobotomyExtend","Marisa????????","Minty Spire (QoL Compilation)","Pale of the Ancients","Rare Cards Sparkle","Relic Stats","Ruina","Shapeshifter Mod","StSLib","The Alterego","The Animator"],"gold_per_floor":[275,288,301,333,358,398,425,437,473,485,497,497],"floor_reached":11,"language":"ENG","playtime":715,"items_purged":[],"score":105,"play_id":"cf7ad424-60be-430c-9693-1c310bd17072","local_time":"20210219191423","is_ascension_mode":true,"campfire_choices":[{"data":"Limit Break","floor":10,"key":"SMITH"}],"circlet_count":0,"master_deck":["Strike_R","Strike_R","Strike_R","Strike_R","Strike_R","Defend_R","Defend_R","Defend_R","Defend_R","Bash","Clash","Spot Weakness","Cleave","Shrug It Off","Thunderclap","Limit Break+1","Clothesline","Inflame"],"relics":["Burning Blood","LetterFromLob","MawBank","conspire:GiftBox","Vajra"],"acts_visited":["Exordium"],"potions_floor_usage":[4],"damage_taken":[{"damage":12,"enemies":"Jaw Worm","floor":1,"turns":3},{"damage":2,"enemies":"2 Louse","floor":2,"turns":4},{"damage":4,"enemies":"Small Slimes","floor":3,"turns":3},{"damage":24,"enemies":"conspire:MimicChest","floor":4,"turns":4},{"damage":1,"enemies":"3 Louse","floor":5,"turns":3},{"damage":35,"enemies":"3 Sentries","floor":6,"turns":7},{"damage":8,"enemies":"Blue Slaver","floor":7,"turns":2},{"damage":33,"enemies":"Gremlin Nob","floor":11,"turns":3}],"seed_played":"-2400300855321910439","potions_obtained":[{"floor":1,"key":"LiquidMemories"},{"floor":2,"key":"SpeedPotion"},{"floor":6,"key":"hexamod:SoulburnPotion"}],"is_trial":false,"path_per_floor":["M","M","M","?","M","E","M","E","T","R","E"],"character_chosen":"IRONCLAD","items_purchased":[],"campfire_rested":0,"item_purchase_floors":[],"current_hp_per_floor":[66,70,72,54,59,30,28,28,28,28,0,0],"gold":497,"neow_bonus":"","is_daily":false,"chose_seed":false,"campfire_upgraded":1,"win_rate":0.0,"timestamp":1613758463,"path_taken":["M","M","M","?","M","E","M","E","T","R","E"],"items_purchased_type":[],"build_version":"2020-12-22","purchased_purges":0,"victory":false,"max_hp_per_floor":[80,80,80,80,80,80,80,80,80,80,80,80],"relic_stats":{"counters":[8,29],"MawBank":84,"obtain_stats":[{"CogitoBucket":0,"conspire:GiftBox":6,"Vajra":9,"LetterFromLob":1,"MawBank":4,"Burning Blood":0},{"CogitoBucket":0,"conspire:GiftBox":6,"Vajra":7,"LetterFromLob":1,"MawBank":4,"Burning Blood":0},{"CogitoBucket":0,"conspire:GiftBox":24,"Vajra":26,"LetterFromLob":3,"MawBank":14,"Burning Blood":0}],"Burning Blood":42},"card_choices":[{"not_picked":["Carnage","Anger"],"picked":"Clash","floor":1},{"not_picked":["Power Through","Anger"],"picked":"Spot Weakness","floor":2},{"not_picked":["Flame Barrier","Sword Boomerang"],"picked":"Cleave","floor":3},{"not_picked":["Hemokinesis","Heavy Blade"],"picked":"Shrug It Off","floor":4},{"not_picked":["Havoc","Warcry"],"picked":"Thunderclap","floor":5},{"not_picked":["Fiend Fire","Offering"],"picked":"Limit Break","floor":6},{"not_picked":["Flex","hubris:ReadiedAction"],"picked":"Clothesline","floor":6},{"not_picked":["Warcry","Dropkick"],"picked":"Inflame","floor":7}],"player_experience":507868,"relics_obtained":[{"floor":1,"key":"LetterFromLob"},{"floor":4,"key":"MawBank"},{"floor":6,"key":"conspire:GiftBox"},{"floor":9,"key":"Vajra"}],"event_choices":[],"is_beta":false,"boss_relics":[],"items_purged_floors":[],"is_endless":false,"potions_floor_spawned":[1,2,6],"killed_by":"Gremlin Nob","ascension_level":8}}