{"host":"gk9qdtkqd8dwfeg2","time":1613744966,"event":{"mods":["ATMod(°¢èªMod)","Act Like it!","Aspiration","BaseMod","Colored Powertips","Gensokyo","Minty Spire (QoL Compilation)","Quick Restart","Reimu£¨²©ÀöÁéÃÎ£©","Remilia£¨ÀÙÃ×ÀòÑÇ£©","Shop Mod","StSLib","TestMod","The Servant 0.9.4","Waifu the Spire","Youmu£¨»êÆÇÑýÃÎ£©"],"gold_per_floor":[119,119,138,165,265,265,290,304,329,329,360,360,379,77,77,175,175,186,201,211,63,17,50,50,50,50,64,64,93,93,108,108,209,209,223,235,235,249,265,299,299,48,48,73,73,73,106,123,123,123,123,123,42,74,74],"floor_reached":56,"language":"ZHS","playtime":2766,"items_purged":["Strike_Lin:ReiMu"],"score":1565,"play_id":"7a07041c-dc39-4e35-955c-fe24b4d33257","local_time":"20210219222926","is_ascension_mode":true,"campfire_choices":[{"data":"AT_FamilyPortrait","floor":6.0,"key":"SMITH"},{"data":"UniversalSpiritual:ReiMu","floor":10.0,"key":"SMITH"},{"data":"CollectionFlower2:ReiMu","floor":15.0,"key":"SMITH"},{"data":"AT_KingSlayer","floor":25.0,"key":"SMITH"},{"floor":28.0,"key":"REST"},{"data":"CardOfSanctity:ReiMu","floor":32,"key":"SMITH"},{"data":"After Image","floor":41,"key":"SMITH"},{"data":"CeremonyResonance:ReiMu","floor":46,"key":"SMITH"},{"floor":49,"key":"RECALL"},{"data":"CollectionFlower2:ReiMu","floor":52,"key":"SMITH"}],"circlet_count":0,"master_deck":["Defend_Lin:ReiMu","NB:ReiMu","Stagnation:ReiMu","AT_FamilyPortrait+1","UniversalSpiritual:ReiMu+1","SpringWay:ReiMu","CardOfSanctity:ReiMu+1","CollectionFlower2:ReiMu+1","FantasyMoon:ReiMu","CareerPray:ReiMu","AT_KingSlayer+1","RainPray2:ReiMu","ManaGlint:ReiMu","CeremonyResonance:ReiMu+1","PrepareRite:ReiMu+1","CollectionFlower2:ReiMu+1","RainPray2:ReiMu+1","After Image+1","KamiRite:ReiMu+1","RainPray2:ReiMu+1","MikOfLucky:ReiMu"],"relics":["FlyPower:ReiMu","testmod-TestBox","testmod-Justice","NeowsBlessing","AT_ATBox","aspiration:AnachronicSnailShell","testmod-Nyarlathotep","AT_BladeRuinedKing","TurtleShell:ReiMu","MerchantsRug","testmod-Temperance","aspiration:Lifesprig","Meat on the Bone","Gensokyo:DirgeOfMelancholy","Toxic Egg 2","testmod-TurbochargingSystem","Shuriken","Busted Crown","FossilizedHelix","aspiration:SeaSaltIceCream","NeowsBlessing","CrazyTorch:ReiMu","Mercury Hourglass","AT_SpeedBoots"],"acts_visited":["Exordium","Gensokyo:Gensokyo","Gensokyo:Gensokyoer","TheEnding"],"potions_floor_usage":[33,55,55,55],"damage_taken":[{"damage":0.0,"enemies":"Gensokyo:Python","floor":1.0,"turns":1.0},{"damage":0.0,"enemies":"Gensokyo:3_Fairies","floor":3.0,"turns":2.0},{"damage":0.0,"enemies":"Gensokyo:Aya","floor":4.0,"turns":1.0},{"damage":16.0,"enemies":"Gensokyo:Aya","floor":7.0,"turns":7.0},{"damage":7.0,"enemies":"Gensokyo:Gryphon","floor":8.0,"turns":4.0},{"damage":0.0,"enemies":"Gensokyo:Mamizou","floor":11.0,"turns":6.0},{"damage":15.0,"enemies":"Gensokyo:3_Kodama","floor":13.0,"turns":4.0},{"damage":8.0,"enemies":"Gensokyo:Yukari","floor":16.0,"turns":5.0},{"damage":9.0,"enemies":"Gensokyo:CosmicMonolith","floor":18.0,"turns":4.0},{"damage":2.0,"enemies":"Gensokyo:AngelMirror","floor":19.0,"turns":2.0},{"damage":6.0,"enemies":"Gensokyo:Chomper_and_Gloop","floor":20.0,"turns":3.0},{"damage":33.0,"enemies":"Gensokyo:Reisen","floor":23.0,"turns":6.0},{"damage":2.0,"enemies":"Gensokyo:Swordslinger","floor":27.0,"turns":3.0},{"damage":2.0,"enemies":"Gensokyo:Koishi","floor":29.0,"turns":7.0},{"damage":11,"enemies":"Gensokyo:3_Gloops","floor":31,"turns":4},{"damage":1,"enemies":"Gensokyo:Eternal_Rivals","floor":33,"turns":10},{"damage":4,"enemies":"Gensokyo:AncientGuardian","floor":35,"turns":5},{"damage":1,"enemies":"Gensokyo:3_Bats","floor":36,"turns":4},{"damage":5,"enemies":"Gensokyo:Sharpion","floor":38,"turns":3},{"damage":0,"enemies":"Gensokyo:Dusk_and_Dawn","floor":39,"turns":5},{"damage":7,"enemies":"Gensokyo:Kasen","floor":40,"turns":3},{"damage":0,"enemies":"Gensokyo:Doremy","floor":44,"turns":2},{"damage":0,"enemies":"Gensokyo:Kasen","floor":47,"turns":1},{"damage":0,"enemies":"Gensokyo:3_Boulders","floor":48,"turns":1},{"damage":0,"enemies":"Gensokyo:Scarlet_Devils","floor":50,"turns":5},{"damage":20,"enemies":"Shield and Spear","floor":54,"turns":6},{"damage":29,"enemies":"The Heart","floor":55,"turns":7}],"seed_played":"-1832728145945306132","potions_obtained":[{"floor":3.0,"key":"Block Potion"},{"floor":4.0,"key":"PinkPotion:ReiMu"},{"floor":16.0,"key":"PowerPotion"},{"floor":27.0,"key":"testmod-TestPotion"},{"floor":29.0,"key":"Dexterity Potion"},{"floor":33,"key":"Ancient Potion"},{"floor":40,"key":"Strength Potion"}],"is_trial":false,"path_per_floor":["M","?","M","?","?","R","E","M","T","R","E","?","M","$","R","B",null,"M","M","M","$","COS","E","?","R","T","M","R","E","?","M","R","B",null,"M","M","?","M","M","E","R","$","T","E","?","R","E","M","R","B",null,"R","$","E","B",null],"character_chosen":"REIMU","items_purchased":["MerchantsRug","ManaGlint:ReiMu","aspiration:Lifesprig","aspiration:SeaSaltIceCream","MikOfLucky:ReiMu"],"campfire_rested":1,"item_purchase_floors":[14,14,21,42,53],"current_hp_per_floor":[65,65,65,65,65,65,49,42,42,42,42,42,27,27,27,19,65,56,54,48,48,48,15,15,15,15,25,44,42,42,43,43,42,65,61,60,60,55,55,48,48,48,48,48,48,48,48,48,48,48,65,65,65,45,28],"gold":74,"neow_bonus":"THREE_ENEMY_KILL","is_daily":false,"chose_seed":false,"campfire_upgraded":8,"win_rate":0.0,"timestamp":1613744966,"path_taken":["M","?","M","?","?","R","E","M","T","R","E","?","M","$","R","BOSS","M","M","M","?","COS","E","?","R","T","M","R","E","?","M","R","BOSS","M","M","?","M","M","E","R","$","T","E","?","R","E","M","R","BOSS","R","$","E","BOSS"],"items_purchased_type":["Relic","Card","Relic","Relic","Card"],"build_version":"2020-12-22","purchased_purges":1,"victory":true,"max_hp_per_floor":[65,65,65,65,65,65,65,65,65,65,65,65,65,65,65,65,65,65,65,65,65,65,65,65,65,65,65,65,65,65,65,65,65,65,65,65,65,65,65,65,65,65,65,65,65,65,65,65,65,65,65,65,65,65,65],"card_choices":[{"not_picked":["Intuition:ReiMu","NineCharacters:ReiMu"],"picked":"UniversalSpiritual:ReiMu","floor":1.0},{"not_picked":["AlertArray:ReiMu","AirStrike:ReiMu"],"picked":"SpringWay:ReiMu","floor":3.0},{"not_picked":["RainPray2:ReiMu","KamiSacrifice:ReiMu"],"picked":"CardOfSanctity:ReiMu","floor":4.0},{"not_picked":["ShadowOfCrow2:ReiMu","YinYangSign:ReiMu"],"picked":"CollectionFlower2:ReiMu","floor":7.0},{"not_picked":["ForcedLanding:ReiMu","PhosphorusFlame:ReiMu"],"picked":"FantasyMoon:ReiMu","floor":8.0},{"not_picked":["LearningPray:ReiMu","SubAcupoint:ReiMu"],"picked":"CareerPray:ReiMu","floor":11.0},{"not_picked":["AirManeuver:ReiMu","OrbThrow:ReiMu"],"picked":"RainPray2:ReiMu","floor":13.0},{"not_picked":["RunawayExorcism:ReiMu","Dreaming:ReiMu"],"picked":"CeremonyResonance:ReiMu","floor":16.0},{"not_picked":["Crusade:ReiMu+1","SpreadBorder2:ReiMu+1","ShadowOfCrow2:ReiMu+1"],"picked":"SKIP","floor":18.0},{"not_picked":["InherentArray:ReiMu","WonderfulDomain:ReiMu"],"picked":"PrepareRite:ReiMu+1","floor":19.0},{"not_picked":["Intuition:ReiMu","OctopathBindingBorder2:ReiMu"],"picked":"CollectionFlower2:ReiMu","floor":20.0},{"not_picked":["Crusade:ReiMu","SpreadBorder2:ReiMu"],"picked":"ForcedLanding:ReiMu+1","floor":23.0},{"not_picked":["Enchanting:ReiMu+1","AirManeuver:ReiMu+1","Intuition:ReiMu+1"],"picked":"SKIP","floor":27.0},{"not_picked":["NineCharacters:ReiMu","FantasyBorder:ReiMu+1"],"picked":"RainPray2:ReiMu+1","floor":29.0},{"not_picked":["AlertArray:ReiMu+1","TightArray:ReiMu","Dreaming2:ReiMu"],"picked":"SKIP","floor":31},{"not_picked":["RunawayExorcism:ReiMu+1","Dreaming:ReiMu"],"picked":"KamiRite:ReiMu+1","floor":33},{"not_picked":["Enchanting:ReiMu+1"],"picked":"SKIP","floor":35},{"not_picked":["Enchanting:ReiMu+1"],"picked":"SKIP","floor":36},{"not_picked":[],"picked":"RainPray2:ReiMu+1","floor":38},{"not_picked":["Conquer:ReiMu"],"picked":"SKIP","floor":39},{"not_picked":["KamiSacrifice:ReiMu+1"],"picked":"SKIP","floor":40},{"not_picked":["SubcavityInstant:ReiMu+1"],"picked":"SKIP","floor":44},{"not_picked":["Conquer:ReiMu"],"picked":"SKIP","floor":47},{"not_picked":["AirStrike:ReiMu"],"picked":"SKIP","floor":48},{"not_picked":["CareerPray:ReiMu+1"],"picked":"SKIP","floor":54}],"player_experience":792651,"relics_obtained":[{"floor":4.0,"key":"aspiration:AnachronicSnailShell"},{"floor":7.0,"key":"testmod-Nyarlathotep"},{"floor":9.0,"key":"AT_BladeRuinedKing"},{"floor":11.0,"key":"TurtleShell:ReiMu"},{"floor":23.0,"key":"Meat on the Bone"},{"floor":26.0,"key":"Toxic Egg 2"},{"floor":29.0,"key":"testmod-TurbochargingSystem"},{"floor":40,"key":"FossilizedHelix"},{"floor":44,"key":"CrazyTorch:ReiMu"},{"floor":47,"key":"Mercury Hourglass"},{"floor":54,"key":"AT_SpeedBoots"}],"event_choices":[{"damage_healed":0.0,"max_hp_gain":0.0,"max_hp_loss":0.0,"gold_gain":0.0,"event_name":"¸ø×Ô¼ºµÄºÐ×Ó","player_choice":"Swap Relic","floor":2.0,"relics_lost":["AT_ATBox"],"gold_loss":0.0,"damage_taken":0.0,"relics_obtained":["AT_ATBox"]}],"is_beta":false,"boss_relics":[{"not_picked":["testmod-SaigiyounoYou","testmod-DeterminationOfClimber"],"picked":"testmod-Temperance"},{"not_picked":["testmod-IncinerationGenerator","testmod-CardMagician"],"picked":"Busted Crown"}],"items_purged_floors":[14],"is_endless":false,"potions_floor_spawned":[3,4,16,20,27,29,33,40,47,48],"ascension_level":3}}