{"host":"utqe55yv0jihe4d6","time":1613702344,"event":{"mods":["2.2 Compatiblity","AchievementEnabler","BaseMod","Block Reminder","Colored Map","Colored Powertips","Minty Spire (QoL Compilation)","Quick Restart","Rare Cards Sparkle","Relic Stats","SuperFastMode"],"gold_per_floor":[115,115,115,26,101,131,131,165,165,178,191,191,4,22,22,97,97,114,133,146,179,179,179,179,179],"floor_reached":24,"language":"ENG","playtime":570,"items_purged":["Strike_P"],"score":508,"play_id":"ffb5b993-1ee5-4ce1-97f9-75a99a57430f","local_time":"20210218213904","is_ascension_mode":true,"campfire_choices":[{"data":"CrushJoints","floor":7.0,"key":"SMITH"},{"floor":12.0,"key":"REST"},{"data":"1","floor":15.0,"key":"LIFT"},{"data":"2","floor":23,"key":"LIFT"}],"circlet_count":0,"master_deck":["AscendersBane","Strike_P+1","Strike_P","Strike_P","Defend_P","Defend_P+1","Defend_P+1","Eruption","Vigilance","CrushJoints+1","FearNoEvil","EmptyBody","CarveReality","Crescendo","Meditate","FlyingSleeves","TalkToTheHand+1","FlurryOfBlows","ThirdEye","FlurryOfBlows","LessonLearned","ClearTheMind","Meditate","WheelKick","MentalFortress","InnerPeace"],"relics":["PureWater","NeowsBlessing","Turnip","Prayer Wheel","Girya","Philosopher\u0027s Stone","Red Mask"],"acts_visited":["Exordium","TheCity"],"potions_floor_usage":[21,24,24],"damage_taken":[{"damage":0.0,"enemies":"Small Slimes","floor":1.0,"turns":2.0},{"damage":0.0,"enemies":"Gremlin Nob","floor":6.0,"turns":1.0},{"damage":0.0,"enemies":"Lagavulin","floor":8.0,"turns":1.0},{"damage":0.0,"enemies":"Jaw Worm","floor":10.0,"turns":3.0},{"damage":0.0,"enemies":"Cultist","floor":11.0,"turns":2.0},{"damage":4.0,"enemies":"3 Louse","floor":14.0,"turns":4.0},{"damage":21.0,"enemies":"The Guardian","floor":16.0,"turns":11.0},{"damage":6.0,"enemies":"2 Thieves","floor":18.0,"turns":4.0},{"damage":13,"enemies":"Chosen","floor":19,"turns":3},{"damage":17,"enemies":"Centurion and Healer","floor":20,"turns":7},{"damage":0,"enemies":"Masked Bandits","floor":21,"turns":2},{"damage":21,"enemies":"Slavers","floor":24,"turns":1}],"seed_played":"-2825482186400731307","potions_obtained":[{"floor":1.0,"key":"AttackPotion"},{"floor":6.0,"key":"Dexterity Potion"},{"floor":19,"key":"LiquidMemories"},{"floor":21,"key":"Weak Potion"}],"is_trial":false,"path_per_floor":["M","?","?","$","?","E","R","E","T","M","M","R","$","M","R","B",null,"M","M","M","?","?","R","E"],"character_chosen":"WATCHER","items_purchased":["FearNoEvil","FlurryOfBlows","ThirdEye"],"campfire_rested":1,"item_purchase_floors":[4,13,13],"current_hp_per_floor":[61,41,34,34,23,23,23,23,23,23,23,43,43,39,39,18,56,50,37,20,20,20,20,0,0],"gold":179,"neow_bonus":"THREE_ENEMY_KILL","is_daily":false,"chose_seed":false,"campfire_upgraded":1,"win_rate":0.0,"timestamp":1613702344,"path_taken":["M","?","?","$","?","E","R","E","T","M","M","R","$","M","R","BOSS","M","M","M","?","?","R","E"],"items_purchased_type":["Card","Card","Card"],"build_version":"2020-12-22","purchased_purges":1,"victory":false,"max_hp_per_floor":[68,68,68,68,68,68,68,68,68,68,68,68,68,68,68,68,68,68,68,68,68,68,68,68,68],"relic_stats":{"counters":[12,41],"Prayer Wheel":7,"Turnip":[6],"obtain_stats":[{"Girya":9,"NeowsBlessing":0,"Prayer Wheel":8,"Philosopher\u0027s Stone":17,"Turnip":6,"Red Mask":21,"PureWater":0},{"Girya":3,"NeowsBlessing":0,"Prayer Wheel":3,"Philosopher\u0027s Stone":7,"Turnip":2,"Red Mask":11,"PureWater":0},{"Girya":4,"NeowsBlessing":0,"Prayer Wheel":4,"Philosopher\u0027s Stone":24,"Turnip":3,"Red Mask":40,"PureWater":0}]},"card_choices":[{"not_picked":["WreathOfFlame","Evaluate"],"picked":"CrushJoints","floor":1.0},{"not_picked":["SignatureMove","BattleHymn"],"picked":"EmptyBody","floor":6.0},{"not_picked":["FollowUp","Ragnarok"],"picked":"CarveReality","floor":8.0},{"not_picked":["JustLucky","BowlingBash"],"picked":"Crescendo","floor":10.0},{"not_picked":["Vengeance","PathToVictory"],"picked":"Meditate","floor":10.0},{"not_picked":["SashWhip","EmptyFist"],"picked":"FlyingSleeves","floor":11.0},{"not_picked":["FlurryOfBlows","WaveOfTheHand"],"picked":"TalkToTheHand","floor":11.0},{"not_picked":["Prostrate","SashWhip"],"picked":"FlurryOfBlows","floor":14.0},{"not_picked":["Indignation","ConjureBlade","Prostrate"],"picked":"SKIP","floor":14.0},{"not_picked":["DevaForm","MasterReality"],"picked":"LessonLearned","floor":16.0},{"not_picked":["FollowUp","Fasting2"],"picked":"ClearTheMind","floor":18},{"not_picked":["JustLucky","WindmillStrike","FlurryOfBlows"],"picked":"SKIP","floor":18},{"not_picked":["Fasting2","EmptyBody"],"picked":"Meditate","floor":19},{"not_picked":["SandsOfTime","Halt"],"picked":"WheelKick","floor":19},{"not_picked":["SashWhip","ClearTheMind"],"picked":"MentalFortress","floor":20},{"not_picked":["ReachHeaven+1","Weave","Vengeance"],"picked":"SKIP","floor":20},{"not_picked":["Weave+1","SpiritShield"],"picked":"InnerPeace","floor":21}],"player_experience":3090354,"relics_obtained":[{"floor":6.0,"key":"Turnip"},{"floor":8.0,"key":"Prayer Wheel"},{"floor":9.0,"key":"Girya"},{"floor":21,"key":"Red Mask"}],"event_choices":[{"damage_healed":0.0,"max_hp_gain":0.0,"max_hp_loss":0.0,"gold_gain":0.0,"event_name":"Shining Light","player_choice":"Entered Light","floor":2.0,"gold_loss":0.0,"damage_taken":20.0,"cards_upgraded":["Defend_P","Defend_P"]},{"cards_removed":["Defend_P"],"damage_healed":0.0,"max_hp_gain":0.0,"max_hp_loss":0.0,"gold_gain":0.0,"event_name":"Golden Wing","player_choice":"Card Removal","floor":3.0,"gold_loss":0.0,"damage_taken":7.0},{"damage_healed":0.0,"max_hp_gain":0.0,"max_hp_loss":0.0,"gold_gain":75.0,"event_name":"World of Goop","player_choice":"Gather Gold","floor":5.0,"gold_loss":0.0,"damage_taken":11.0},{"damage_healed":0,"gold_gain":0,"player_choice":"Fought Bandits","damage_taken":0,"max_hp_gain":0,"max_hp_loss":0,"event_name":"Masked Bandits","floor":21,"gold_loss":0},{"damage_healed":0,"gold_gain":0,"player_choice":"0 cards matched","damage_taken":0,"max_hp_gain":0,"max_hp_loss":0,"event_name":"Match and Keep!","floor":22,"gold_loss":0,"cards_obtained":[]}],"is_beta":false,"boss_relics":[{"not_picked":["Runic Dome","Coffee Dripper"],"picked":"Philosopher\u0027s Stone"}],"items_purged_floors":[13],"is_endless":false,"potions_floor_spawned":[1,6,11,19,21],"killed_by":"Slavers","ascension_level":20}}