{"host":"1bux2ns9kwx2qu1n","time":1613695946,"event":{"mods":["BaseMod","Colored Map","Colored Powertips","Hermit","Minty Spire (QoL Compilation)","Quick Restart","Relic Sorter","StSLib"],"gold_per_floor":[112,123,123,149,0,39,39,79,79,113,76,119,43,57,57,187,187,205,120,120,120,143,178,178,212,212,256,381,395,395,408,408,529,529,542,542,542,567,628,664,705,749,801,801,362,378,430,281,281,281,281,281,21,54,54],"floor_reached":56,"language":"ENG","playtime":2292,"items_purged":[],"score":1879,"play_id":"24a0c206-f696-46a1-8b28-3600db4cb31a","local_time":"20210218195226","is_ascension_mode":true,"campfire_choices":[{"floor":7.0,"key":"REST"},{"data":"hermit:NoHoldsBarred","floor":15.0,"key":"SMITH"},{"data":"hermit:RoundhouseKick","floor":24.0,"key":"SMITH"},{"floor":32,"key":"REST"},{"floor":44,"key":"RECALL"},{"data":"hermit:EternalForm","floor":49,"key":"SMITH"},{"data":"hermit:BigShot","floor":52,"key":"SMITH"}],"circlet_count":0,"master_deck":["hermit:Strike_Hermit","hermit:Strike_Hermit","hermit:Strike_Hermit","hermit:Defend_Hermit","hermit:Defend_Hermit","hermit:Defend_Hermit","hermit:Snapshot","hermit:EternalForm+1","hermit:EternalForm+1","hermit:PistolWhip+1","hermit:GhostlyPresence","hermit:Deadeye","hermit:FullyLoaded","hermit:RoundhouseKick+1","hermit:Combo","hermit:BigShot+1","hermit:NoHoldsBarred+1","hermit:HighNoon","hermit:Glare+1","hermit:Adapt","hermit:FlashPowder+1","hermit:EternalForm+1","hermit:EyeOfTheStorm+1","hermit:HeroicBravado+1","hermit:EternalForm"],"relics":["Astrolabe","Golden Idol","Oddly Smooth Stone","Potion Belt","Calipers","InkBottle","Strawberry","Runic Dome","Mercury Hourglass","MutagenicStrength","Bag of Preparation","Blood Vial","Toxic Egg 2","Vajra","WingedGreaves","Question Card","Coffee Dripper","hermit:CharredGlove","Happy Flower","Centennial Puzzle","Pocketwatch","Pen Nib","Gambling Chip","Lantern","Bag of Marbles","Medical Kit","Pantograph","Incense Burner"],"acts_visited":["Exordium","TheCity","TheBeyond","TheEnding"],"potions_floor_usage":[28,55,55,55,55,55],"damage_taken":[{"damage":1.0,"enemies":"Cultist","floor":1.0,"turns":3.0},{"damage":2.0,"enemies":"Jaw Worm","floor":2.0,"turns":2.0},{"damage":16.0,"enemies":"Gremlin Nob","floor":6.0,"turns":4.0},{"damage":11.0,"enemies":"3 Sentries","floor":8.0,"turns":9.0},{"damage":6.0,"enemies":"Gremlin Nob","floor":10.0,"turns":3.0},{"damage":0.0,"enemies":"Lagavulin","floor":12.0,"turns":3.0},{"damage":0.0,"enemies":"2 Louse","floor":14.0,"turns":1.0},{"damage":0.0,"enemies":"Slime Boss","floor":16.0,"turns":3.0},{"damage":4.0,"enemies":"Spheric Guardian","floor":18.0,"turns":3.0},{"damage":12.0,"enemies":"Gremlin Leader","floor":23.0,"turns":4.0},{"damage":23.0,"enemies":"Book of Stabbing","floor":25.0,"turns":4.0},{"damage":9,"enemies":"Slavers","floor":27,"turns":3},{"damage":12,"enemies":"Colosseum Slavers","floor":28,"turns":2},{"damage":1,"enemies":"Colosseum Nobs","floor":28,"turns":3},{"damage":0,"enemies":"Chosen","floor":29,"turns":3},{"damage":18,"enemies":"Snake Plant","floor":31,"turns":2},{"damage":0,"enemies":"Champ","floor":33,"turns":4},{"damage":0,"enemies":"Orb Walker","floor":35,"turns":3},{"damage":0,"enemies":"3 Shapes","floor":38,"turns":1},{"damage":34,"enemies":"2 Orb Walkers","floor":39,"turns":5},{"damage":0,"enemies":"Giant Head","floor":40,"turns":4},{"damage":15,"enemies":"Nemesis","floor":41,"turns":3},{"damage":7,"enemies":"Giant Head","floor":42,"turns":4},{"damage":1,"enemies":"Writhing Mass","floor":46,"turns":2},{"damage":6,"enemies":"Donu and Deca","floor":50,"turns":3},{"damage":8,"enemies":"Shield and Spear","floor":54,"turns":2},{"damage":10,"enemies":"The Heart","floor":55,"turns":5}],"seed_played":"-2764122916144075604","potions_obtained":[{"floor":1.0,"key":"SmokeBomb"},{"floor":8.0,"key":"FearPotion"},{"floor":10.0,"key":"SpeedPotion"},{"floor":12.0,"key":"SkillPotion"},{"floor":23.0,"key":"FearPotion"},{"floor":29,"key":"BlessingOfTheForge"},{"floor":35,"key":"SpeedPotion"},{"floor":54,"key":"Energy Potion"}],"is_trial":false,"path_per_floor":["M","M","?","T","$","E","R","E","T","E","$","E","$","M","R","B",null,"M","?","?","$","T","E","R","E","T","E","?","M","?","M","R","B",null,"M","?","?","M","?","E","E","E","T","R","$","M","T","$","R","B",null,"R","$","E","B",null],"character_chosen":"HERMIT","items_purchased":["Oddly Smooth Stone","hermit:Combo","hermit:NoHoldsBarred","Gambling Chip","Lantern","Medical Kit","Pantograph"],"campfire_rested":2,"item_purchase_floors":[5,11,13,45,45,48,53],"current_hp_per_floor":[74,72,54,54,54,38,60,49,49,43,43,50,50,50,50,50,74,70,70,70,70,70,58,58,37,37,30,21,23,23,7,31,33,70,72,72,72,74,42,44,31,26,26,26,26,27,27,27,27,23,64,64,64,58,68],"gold":54,"neow_bonus":"BOSS_RELIC","is_daily":false,"chose_seed":false,"campfire_upgraded":4,"win_rate":0.0,"timestamp":1613695946,"path_taken":["M","?","?","?","$","E","R","E","T","E","?","E","$","M","R","BOSS","M","?","?","$","?","E","R","E","T","E","?","?","?","M","R","BOSS","M","?","?","M","?","E","E","E","T","R","$","?","?","$","R","BOSS","R","$","E","BOSS"],"items_purchased_type":["Relic","Card","Card","Relic","Relic","Relic","Relic"],"build_version":"2020-12-22","purchased_purges":0,"victory":true,"max_hp_per_floor":[75,75,75,75,75,75,75,75,75,75,75,82,82,82,82,82,82,82,82,82,82,82,82,82,82,82,82,82,82,82,82,82,82,82,82,82,78,78,78,78,78,78,78,78,78,78,78,78,78,78,78,78,78,78,78],"card_choices":[{"not_picked":["hermit:Roulette","hermit:Virtue"],"picked":"hermit:GhostlyPresence","floor":1.0},{"not_picked":["hermit:ItchyTrigger","hermit:Misfire","hermit:LowProfile"],"picked":"SKIP","floor":2.0},{"not_picked":["hermit:Vantage","hermit:LowProfile"],"picked":"hermit:Deadeye","floor":6.0},{"not_picked":["hermit:HighCaliber","hermit:Virtue"],"picked":"hermit:FullyLoaded","floor":8.0},{"not_picked":["hermit:Coalescence","hermit:CalledShot"],"picked":"hermit:RoundhouseKick","floor":10.0},{"not_picked":["hermit:Headshot","hermit:Showdown"],"picked":"hermit:BigShot","floor":12.0},{"not_picked":["hermit:Headshot","hermit:Vantage","hermit:ShadowCloak"],"picked":"SKIP","floor":14.0},{"not_picked":["hermit:EternalForm","hermit:OverwhelmingPower"],"picked":"hermit:HighNoon","floor":16.0},{"not_picked":["hermit:Manifest","hermit:Ricochet"],"picked":"hermit:Glare+1","floor":18.0},{"not_picked":["hermit:GoldenBullet","hermit:Scavenge","hermit:Enervate+1"],"picked":"SKIP","floor":23.0},{"not_picked":["hermit:TrackingShot","hermit:Grudge+1"],"picked":"hermit:Adapt","floor":25},{"not_picked":["hermit:Desperado+1","hermit:Feint+1"],"picked":"hermit:FlashPowder+1","floor":27},{"not_picked":["hermit:Manifest+1","hermit:WideOpen","hermit:TakeAim","hermit:Ricochet+1"],"picked":"SKIP","floor":29},{"not_picked":["hermit:Scavenge+1","hermit:Brawl+1","hermit:HighCaliber+1","hermit:Misfire+1"],"picked":"SKIP","floor":31},{"not_picked":["hermit:Adapt","hermit:HighNoon","hermit:Reprieve+1"],"picked":"hermit:EternalForm","floor":33},{"not_picked":["hermit:Dive+1","hermit:GoldenBullet","hermit:Desperado+1","hermit:SprayPray"],"picked":"SKIP","floor":35},{"not_picked":["hermit:Determination","hermit:Feint+1","hermit:Desperado+1","hermit:Vantage+1"],"picked":"SKIP","floor":38},{"not_picked":["hermit:BodyArmor+1","hermit:Quickdraw+1","hermit:Ricochet","hermit:Enervate+1"],"picked":"SKIP","floor":40},{"not_picked":["hermit:Manifest+1","hermit:Enervate+1","hermit:Vantage+1"],"picked":"hermit:EyeOfTheStorm+1","floor":41},{"not_picked":["hermit:WideOpen","hermit:BlackWind","hermit:NoHoldsBarred+1"],"picked":"hermit:HeroicBravado+1","floor":42},{"not_picked":["hermit:Headshot","hermit:Gestalt+1","hermit:CalledShot","hermit:Manifest+1"],"picked":"SKIP","floor":46},{"not_picked":["hermit:Grudge","hermit:Roulette","hermit:Coalescence+1"],"picked":"hermit:EternalForm","floor":54}],"player_experience":859044,"relics_obtained":[{"floor":6.0,"key":"Potion Belt"},{"floor":8.0,"key":"Calipers"},{"floor":9.0,"key":"InkBottle"},{"floor":12.0,"key":"Strawberry"},{"floor":22.0,"key":"Bag of Preparation"},{"floor":23.0,"key":"Blood Vial"},{"floor":26,"key":"Toxic Egg 2"},{"floor":27,"key":"Vajra"},{"floor":28,"key":"WingedGreaves"},{"floor":28,"key":"Question Card"},{"floor":39,"key":"hermit:CharredGlove"},{"floor":40,"key":"Happy Flower"},{"floor":41,"key":"Centennial Puzzle"},{"floor":42,"key":"Pocketwatch"},{"floor":43,"key":"Pen Nib"},{"floor":47,"key":"Bag of Marbles"},{"floor":54,"key":"Incense Burner"}],"event_choices":[{"damage_healed":0.0,"max_hp_gain":0.0,"max_hp_loss":0.0,"gold_gain":0.0,"event_name":"Golden Idol","player_choice":"Take Damage","floor":3.0,"gold_loss":0.0,"damage_taken":18.0,"relics_obtained":["Golden Idol"]},{"damage_healed":0.0,"max_hp_gain":0.0,"max_hp_loss":0.0,"gold_gain":0.0,"event_name":"Addict","player_choice":"Obtained Relic","floor":19.0,"gold_loss":85.0,"damage_taken":0.0,"relics_obtained":["Mercury Hourglass"]},{"damage_healed":0.0,"max_hp_gain":0.0,"max_hp_loss":0.0,"gold_gain":0.0,"event_name":"Drug Dealer","player_choice":"Inject Mutagens","floor":20.0,"gold_loss":0.0,"damage_taken":0.0,"relics_obtained":["MutagenicStrength"]},{"damage_healed":0,"gold_gain":0,"player_choice":"Fight","damage_taken":0,"max_hp_gain":0,"max_hp_loss":0,"event_name":"Colosseum","floor":28,"gold_loss":0},{"damage_healed":0,"gold_gain":0,"player_choice":"Fought Nobs","damage_taken":0,"max_hp_gain":0,"max_hp_loss":0,"event_name":"Colosseum","floor":28,"gold_loss":0},{"damage_healed":0,"gold_gain":0,"player_choice":"Ignored","damage_taken":0,"max_hp_gain":0,"max_hp_loss":0,"event_name":"Beggar","floor":30,"gold_loss":0},{"damage_healed":0,"gold_gain":0,"player_choice":"Ignored","damage_taken":0,"max_hp_gain":0,"max_hp_loss":0,"event_name":"Tomb of Lord Red Mask","floor":36,"gold_loss":0},{"damage_healed":0,"gold_gain":0,"player_choice":"Max HP","damage_taken":0,"max_hp_gain":0,"max_hp_loss":4,"event_name":"Winding Halls","floor":37,"gold_loss":0},{"damage_healed":0,"gold_gain":0,"player_choice":"Fight","damage_taken":0,"max_hp_gain":0,"max_hp_loss":0,"event_name":"Mysterious Sphere","floor":39,"gold_loss":0}],"is_beta":false,"boss_relics":[{"not_picked":["Tiny House","Ectoplasm"],"picked":"Runic Dome"},{"not_picked":["Velvet Choker","Sozu"],"picked":"Coffee Dripper"}],"items_purged_floors":[],"is_endless":false,"potions_floor_spawned":[1,8,10,12,23,28,29,35,38,40,54],"ascension_level":5}}