{"host":"jgl9m63d23sfproq","time":1613706504,"event":{"mods":["Act Like it!","Aspiration","BaseMod","Colored Map","Conspire","Downfall","Hermit","Minty Spire (QoL Compilation)","Replay The Spire","Robot Space Explorer","StSLib","The Bug Knight","The Cursed","The Jungle","The Runesmith","The Servant 0.9.4"],"gold_per_floor":[111,111,125,125,125,169,44,44,69,85,138,156,195,216,216,335,335,356,356,506,506,506,506,525,636,663,687,702,715,728,741,741,741,741],"floor_reached":33,"language":"ZHS","playtime":1187,"items_purged":[],"score":284,"play_id":"42ef97bf-9fb0-4e90-b21f-44cf92ef7e3b","local_time":"20210219114824","is_ascension_mode":false,"campfire_choices":[{"floor":8,"key":"RECALL"},{"floor":15,"key":"REST"},{"data":"A Thousand Cuts","floor":23,"key":"SMITH"},{"floor":32,"key":"REST"}],"circlet_count":0,"master_deck":["Strike_G","Strike_G+2","Strike_G","Strike_G","Strike_G","Defend_G","Defend_G","Defend_G+1","Defend_G","Defend_G","Survivor+1","Neutralize","Cloak And Dagger","Blade Dance","Accuracy","Cloak And Dagger","A Thousand Cuts+1","Hidden Blade","Blade Dance","Adrenaline","Prepared","Cloak And Dagger","conspire:DoublingDagger","PiercingWail","Hidden Blade","conspire:PoisonWeapons","Blur"],"relics":["Ring of the Serpent","NeowsBlessing","Golden Idol","Simple Rune","ReplayTheSpireMod:Lightbulb","Iron Hammer","Nunchaku","Strawberry","Bag of Marbles"],"acts_visited":["Exordium","Exordium"],"potions_floor_usage":[12,27,28,28,28,28,31,31,33],"damage_taken":[{"damage":0,"enemies":"Jaw Worm","floor":1,"turns":1},{"damage":0,"enemies":"Cultist","floor":3,"turns":1},{"damage":0,"enemies":"Gremlin Nob","floor":6,"turns":1},{"damage":2,"enemies":"Small Slimes","floor":10,"turns":3},{"damage":0,"enemies":"Blue Slaver","floor":12,"turns":2},{"damage":6,"enemies":"Lagavulin","floor":13,"turns":6},{"damage":6,"enemies":"Large Slime","floor":14,"turns":3},{"damage":16,"enemies":"Slime Boss","floor":16,"turns":7},{"damage":2,"enemies":"theJungle:5_Spyders","floor":18,"turns":5},{"damage":24,"enemies":"JungleHuntersEvent","floor":22,"turns":4},{"damage":10,"enemies":"Shell Parasite","floor":24,"turns":4},{"damage":22,"enemies":"theJungle:2_Flameangoes","floor":27,"turns":3},{"damage":0,"enemies":"theJungle:Snecko_Cultist_And_Trap","floor":28,"turns":1},{"damage":0,"enemies":"theJungle:Lyon","floor":29,"turns":2},{"damage":0,"enemies":"theJungle:SlimyTreeVines","floor":30,"turns":2},{"damage":16,"enemies":"theJungle:Snecko_Cultist_And_Trap","floor":31,"turns":2},{"damage":30,"enemies":"theJungle:TotemBoss","floor":33,"turns":4}],"seed_played":"-2918705699325007262","potions_obtained":[{"floor":1,"key":"Slimebound:ThreeZeroPotion"},{"floor":6,"key":"FearPotion"},{"floor":12,"key":"AttackPotion"},{"floor":14,"key":"EntropicBrew"},{"floor":18,"key":"Reflective Coating"},{"floor":29,"key":"SteroidPotion"},{"floor":30,"key":"Swift Potion"}],"is_trial":false,"path_per_floor":["M","?","M","?","?","E","$","R","T","M","T","M","E","M","R","B",null,"M","?","?","?","?","R","M","?","T","M","M","M","M","M","R","B"],"character_chosen":"THE_SILENT","items_purchased":["Accuracy","Cloak And Dagger"],"campfire_rested":2,"item_purchase_floors":[7,7],"current_hp_per_floor":[70,70,70,53,39,39,39,39,39,37,37,37,31,25,46,30,70,68,68,68,68,44,44,34,41,41,19,19,19,22,6,29,0,0],"gold":741,"neow_bonus":"THREE_ENEMY_KILL","is_daily":false,"chose_seed":false,"campfire_upgraded":1,"win_rate":0.0,"timestamp":1613706504,"path_taken":["M","?","?","?","?","E","$","R","T","M","?","M","E","M","R","BOSS","M","?","?","?","?","R","M","?","T","?","M","M","?","M","R","BOSS"],"items_purchased_type":["Card","Card"],"build_version":"2020-12-22","purchased_purges":0,"victory":false,"max_hp_per_floor":[70,70,70,70,70,70,70,70,70,70,70,70,70,70,70,70,70,70,70,70,70,70,70,70,77,77,77,77,77,77,77,77,77,77],"card_choices":[{"not_picked":["Flechettes","Flying Knee"],"picked":"Eviscerate","floor":1},{"not_picked":["Quick Slash","Dodge and Roll"],"picked":"Cloak And Dagger","floor":3},{"not_picked":["Prepared","Acrobatics"],"picked":"Blade Dance","floor":6},{"not_picked":["Poisoned Stab","Crippling Poison"],"picked":"A Thousand Cuts","floor":10},{"not_picked":["Poisoned Stab","ReplayTheSpireMod:Tripwire"],"picked":"Hidden Blade","floor":12},{"not_picked":["Backflip","Distraction","Prepared"],"picked":"SKIP","floor":13},{"not_picked":["All Out Attack","Skewer"],"picked":"Blade Dance","floor":14},{"not_picked":["Malaise","aspiration:Lunge"],"picked":"Adrenaline","floor":16},{"not_picked":["Underhanded Strike","Dodge and Roll"],"picked":"Prepared","floor":18},{"not_picked":["All Out Attack+1","Backflip","Underhanded Strike+1"],"picked":"SKIP","floor":24},{"not_picked":["Caltrops","Poisoned Stab+1"],"picked":"Cloak And Dagger","floor":25},{"not_picked":["Finisher","Slice"],"picked":"conspire:DoublingDagger","floor":25},{"not_picked":["Bouncing Flask","Night Terror"],"picked":"PiercingWail","floor":27},{"not_picked":["Bane","Deadly Poison"],"picked":"Hidden Blade","floor":28},{"not_picked":["Underhanded Strike","Blur"],"picked":"conspire:PoisonWeapons","floor":29},{"not_picked":["Quick Slash","Heel Hook","Dagger Throw+1"],"picked":"SKIP","floor":30},{"not_picked":["Prepared","Deadly Poison"],"picked":"Blur","floor":31}],"player_experience":30280,"relics_obtained":[{"floor":6,"key":"Simple Rune"},{"floor":11,"key":"ReplayTheSpireMod:Lightbulb"},{"floor":13,"key":"Iron Hammer"},{"floor":22,"key":"Nunchaku"},{"floor":25,"key":"Strawberry"},{"floor":26,"key":"Bag of Marbles"}],"event_choices":[{"cards_removed":["Eviscerate"],"damage_healed":0,"gold_gain":0,"player_choice":"Offered Uncommon","damage_taken":0,"max_hp_gain":0,"max_hp_loss":0,"event_name":"Bonfire Elementals","floor":2,"gold_loss":0},{"damage_healed":0,"gold_gain":0,"player_choice":"Take Damage","damage_taken":17,"relics_obtained":["Golden Idol"],"max_hp_gain":0,"max_hp_loss":0,"event_name":"Golden Idol","floor":4,"gold_loss":0},{"damage_healed":0,"gold_gain":0,"player_choice":"Entered Light","damage_taken":14,"max_hp_gain":0,"max_hp_loss":0,"event_name":"Shining Light","floor":5,"gold_loss":0,"cards_upgraded":["Strike_G","Survivor"]}],"is_beta":false,"boss_relics":[{"not_picked":["aspiration:SecretTechniqueScroll","ReplayTheSpireMod:DimensionalGlitch"],"picked":"Ring of the Serpent"}],"items_purged_floors":[],"is_endless":false,"potions_floor_spawned":[1,6,12,14,18,29,30],"killed_by":"theJungle:TotemBoss","ascension_level":0}}