{"host":"za9ilm1uiwmpmin1","time":1613727142,"event":{"mods":["AchievementEnabler","Act Like it!","BaseMod","Dota2Spire","Downfall","Friendly Minions","Gensokyo","Lobotomy","LobotomyExtend","Minty Spire (QoL Compilation)","MostiFishMod","StSLib","TestMod","Waifu the Spire"],"gold_per_floor":[115,115,138,138,63,88,488,488,488,525,366,399,426,445,445,755,755,778,778,1028,928,945,976,976,1050,1077,885,907,1255,1474,1539,1539,1651,1651,1706,36,63,63,80,137,161,161,161,198,48,48,102,113,113,159,159,159,159,9,37,74],"floor_reached":57,"language":"ZHS","playtime":1981,"items_purged":["champ:Strike","champ:Strike","champ:Strike","champ:Execute"],"score":2504,"play_id":"418847f5-0536-48d8-a15d-172f1aa119eb","local_time":"20210219173222","is_ascension_mode":true,"campfire_choices":[{"data":"champ:Taunt","floor":8,"key":"SMITH"},{"data":"champ:ShieldThrow","floor":15,"key":"SMITH"},{"data":"champ:EnchantCrown","floor":24,"key":"SMITH"},{"floor":32,"key":"RECALL"},{"floor":46,"key":"DIG"},{"floor":49,"key":"DIG"},{"floor":53,"key":"DIG"}],"circlet_count":0,"master_deck":["AscendersBane","champ:Defend","champ:Defend","champ:Defend","champ:Defend","champ:Taunt+1","champ:ShieldThrow+1","champ:EnchantCrown+1","champ:EnGarde+1","champ:RageSigil+1","champ:Duel+1","Gensokyo:Taser","champ:EnchantShield"],"relics":["testmod-TestBox","GuanYuAspect","testmod-TheFather","SentryEyes","SynthV:TestCard","LetterFromLob","Happy Flower","HollowDreamFlower","Calipers","testmod-RandomTest","Bronze Scales","champ:DefensiveTrainingManual","Tiny Chest","testmod-Nine","TungstenRod","Dota2Spire:HandOfMidas","Shovel","BirthdayGift-Tetrahedron","Dota2Spire:AghanimScepter","xbg","SynthV:MejaisSoulstealer","Anchor","testmod-Antiphasic","Dota2Spire:LotusOrb","Blue Candle","Dota2Spire:BattleFury","Thread and Needle","Regal Pillow","Pantograph","Sundial","Oddly Smooth Stone","Orichalcum"],"acts_visited":["Exordium","Gensokyo:Gensokyo","Gensokyo:Gensokyoer","TheEnding"],"potions_floor_usage":[56],"damage_taken":[{"damage":0.0,"enemies":"Gensokyo:3_Fairies","floor":1.0,"turns":2.0},{"damage":3.0,"enemies":"Gensokyo:Gryphon","floor":3.0,"turns":2.0},{"damage":35,"enemies":"Gensokyo:Mamizou","floor":6,"turns":4},{"damage":0,"enemies":"Gensokyo:Aya","floor":10,"turns":3},{"damage":20,"enemies":"Gensokyo:Mamizou","floor":12,"turns":4},{"damage":0,"enemies":"Gensokyo:Python","floor":14,"turns":2},{"damage":36,"enemies":"Gensokyo:Kokoro","floor":16,"turns":7},{"damage":0,"enemies":"Gensokyo:3_Dogs","floor":18,"turns":2},{"damage":0,"enemies":"Gensokyo:AngelMirror","floor":22,"turns":2},{"damage":9,"enemies":"Gensokyo:Koishi","floor":23,"turns":5},{"damage":9,"enemies":"Gensokyo:Reisen","floor":25,"turns":3},{"damage":23,"enemies":"Gensokyo:Wraith","floor":28,"turns":4},{"damage":0,"enemies":"Gensokyo:Mirror_and_Dog","floor":29,"turns":2},{"damage":0,"enemies":"Gensokyo:Chomper_and_Gloop","floor":30,"turns":3},{"damage":0,"enemies":"Gensokyo:Tenshi","floor":31,"turns":2},{"damage":18,"enemies":"Gensokyo:Eiki","floor":33,"turns":4},{"damage":9,"enemies":"Gensokyo:3_Boulders","floor":35,"turns":1},{"damage":0,"enemies":"Gensokyo:3_Bats","floor":37,"turns":1},{"damage":0,"enemies":"Gensokyo:Sharpion","floor":39,"turns":3},{"damage":0,"enemies":"Gensokyo:Marisa","floor":40,"turns":3},{"damage":0,"enemies":"Gensokyo:Doremy","floor":44,"turns":4},{"damage":0,"enemies":"Gensokyo:3_Boulders","floor":47,"turns":1},{"damage":0,"enemies":"Gensokyo:SeedOfUnknown","floor":48,"turns":2},{"damage":0,"enemies":"Gensokyo:Scarlet_Devils","floor":50,"turns":5},{"damage":0,"enemies":"Shield and Spear","floor":55,"turns":1},{"damage":0,"enemies":"The Heart","floor":56,"turns":4}],"seed_played":"-4580713873115157505","potions_obtained":[{"floor":14,"key":"SteroidPotion"},{"floor":23,"key":"PowerPotion"},{"floor":30,"key":"champ:UltimateStancePotion"},{"floor":47,"key":"champ:UltimateStancePotion"}],"is_trial":false,"path_per_floor":["M","?","M","?","$","E","?","R","T","E","COS","E","T","M","R","B",null,"M","?","?","$","M","E","R","E","T","COS","M","M","M","E","R","B",null,"M","$","M","?","M","E","T","?","T","E","$","R","M","M","R","B",null,null,"R","$","E","B",null],"character_chosen":"THE_CHAMP","items_purchased":["SynthV:MejaisSoulstealer","Anchor","Oddly Smooth Stone"],"campfire_rested":0,"item_purchase_floors":[36,36,54],"current_hp_per_floor":[45,45,42,42,42,25,25,25,25,39,39,38,38,45,45,45,45,45,45,43,43,43,43,43,43,43,43,43,43,43,43,43,43,43,43,43,43,43,43,43,43,39,39,43,43,43,43,43,43,43,43,43,43,43,43,43],"gold":74,"neow_bonus":"BOSS_RELIC","is_daily":false,"chose_seed":false,"campfire_upgraded":3,"win_rate":0.0,"timestamp":1613727142,"path_taken":["M","?","M","?","?","E","?","R","T","E","COS","E","?","M","R","BOSS","M","?","?","$","M","E","R","E","T","COS","M","M","M","E","R","BOSS","M","$","M","?","M","E","?","?","T","E","$","R","M","M","R","BOSS","R","$","E","BOSS"],"items_purchased_type":["Relic","Relic","Relic"],"build_version":"2020-12-22","purchased_purges":4,"victory":true,"max_hp_per_floor":[45,45,45,45,45,45,45,45,45,45,45,45,45,45,45,45,45,45,45,43,43,43,43,43,43,43,43,43,43,43,43,43,43,43,43,43,43,43,43,43,43,43,43,43,43,43,43,43,43,43,43,43,43,43,43,43],"card_choices":[{"not_picked":["champ:ViciousMockery","champ:BerserkersShout"],"picked":"champ:CrownThrow","floor":1.0},{"not_picked":["champ:FlashCut","champ:ViciousMockery","champ:AdrenalArmor","champ:ArenaPreparation","champ:PreciseThrust"],"picked":"SKIP","floor":3.0},{"not_picked":["champ:PerfectedStrike","champ:FocusedDefense","champ:LastStand","champ:Endure"],"picked":"champ:ShieldThrow","floor":6},{"not_picked":["champ:FalseCounter","champ:DefensiveShout","champ:FaceSlap","champ:CalledShot","champ:FlashCut"],"picked":"SKIP","floor":10},{"not_picked":["champ:StanceDance","champ:CrownThrow","champ:HeartStrike","champ:RisingSlash","champ:FanOfKnives"],"picked":"SKIP","floor":12},{"not_picked":["champ:SkillfulDodge","champ:Shatter","champ:RisingSlash","champ:BringItOn","champ:Haymaker"],"picked":"SKIP","floor":14},{"not_picked":["champ:LastStand","champ:CheapShot","champ:IgnorePain","champ:TripleStrike"],"picked":"champ:EnchantCrown","floor":16},{"not_picked":["champ:FaceSlap","champ:BerserkersShout+1","champ:Circumvent+1","champ:TornadoPunch+1"],"picked":"champ:EnGarde+1","floor":18},{"not_picked":["champ:BringItOn+1","champ:AdrenalArmor","champ:PerfectedStrike+1","champ:SkillfulDodge","champ:CalledShot"],"picked":"SKIP","floor":22},{"not_picked":["champ:AdrenalArmor","champ:CalledShot","champ:PreemptiveStrike+1","champ:DefensiveShout+1"],"picked":"champ:RageSigil+1","floor":23},{"not_picked":["champ:PreciseThrust","champ:FalseCounter+1","champ:BladeFlurry+1","champ:RapidStrikes","champ:RageSigil+1"],"picked":"SKIP","floor":25},{"not_picked":["champ:Encircle+1","champ:PerfectedStrike","champ:PreciseThrust","champ:StrikeOfGenius","champ:Haymaker"],"picked":"SKIP","floor":28},{"not_picked":["champ:Circumvent+1","champ:BerserkersShout","champ:TornadoPunch+1","champ:DefensiveShout+1","champ:EndlessRage"],"picked":"SKIP","floor":29},{"not_picked":["champ:BladeFlurry+1","champ:DefensiveShout","champ:AdrenalArmor+1","champ:Lariat+1","champ:BerserkerStyle"],"picked":"SKIP","floor":30},{"not_picked":["champ:UltimateStance","champ:EnragedBash","champ:FlashCut","champ:Parry","champ:SwordSigil+1"],"picked":"SKIP","floor":31},{"not_picked":["champ:Circumvent","champ:CrownThrow","champ:BerserkersShout+1","champ:CalledShot","champ:ShieldSigil+1"],"picked":"SKIP","floor":35},{"not_picked":["champ:Lariat","champ:StanceDance","champ:BerserkerStyle","champ:ShieldWall"],"picked":"champ:Duel+1","floor":37},{"not_picked":["champ:ShieldSigil","champ:StanceDance","champ:FocusedDefense","champ:CrownThrow","champ:EnGarde"],"picked":"SKIP","floor":39},{"not_picked":["champ:LastStand","champ:GladiatorStyle","champ:RapidStrikes+1","champ:EnGarde","champ:Improvising"],"picked":"SKIP","floor":40},{"not_picked":["champ:ShieldSigil","champ:RageSigil","champ:Circumvent+1","champ:EnragedBash","champ:EnchantCrown"],"picked":"SKIP","floor":44},{"not_picked":["champ:CrownThrow","champ:DefensiveShout","champ:RisingSlash","champ:Encircle","champ:RapidStrikes"],"picked":"SKIP","floor":47},{"not_picked":["champ:Backstep+1","champ:RapidStrikes+1","champ:SkillfulDodge+1","champ:CrookedStrike","champ:FanOfKnives+1"],"picked":"SKIP","floor":48},{"not_picked":["champ:RecklessLeap","champ:BladeFlurry","champ:FanOfKnives","champ:PreemptiveStrike+1"],"picked":"champ:EnchantShield","floor":55}],"player_experience":979116,"relics_obtained":[{"floor":1.0,"key":"SynthV:TestCard"},{"floor":1.0,"key":"LetterFromLob"},{"floor":6,"key":"HollowDreamFlower"},{"floor":9,"key":"Calipers"},{"floor":10,"key":"testmod-RandomTest"},{"floor":12,"key":"Bronze Scales"},{"floor":13,"key":"champ:DefensiveTrainingManual"},{"floor":23,"key":"Dota2Spire:HandOfMidas"},{"floor":25,"key":"Shovel"},{"floor":31,"key":"Dota2Spire:AghanimScepter"},{"floor":40,"key":"testmod-Antiphasic"},{"floor":41,"key":"Dota2Spire:LotusOrb"},{"floor":43,"key":"Dota2Spire:BattleFury"},{"floor":44,"key":"Thread and Needle"},{"floor":46,"key":"Regal Pillow"},{"floor":49,"key":"Pantograph"},{"floor":53,"key":"Sundial"},{"floor":55,"key":"Orichalcum"}],"event_choices":[{"damage_healed":0,"gold_gain":400,"player_choice":"Sell","damage_taken":0,"max_hp_gain":0,"max_hp_loss":0,"event_name":"¶÷ÂåË¹µÄÅÌ×Ó","floor":7,"relics_lost":["DaveBox"],"gold_loss":0}],"is_beta":false,"boss_relics":[{"not_picked":["testmod-TimeTraveler","EE1DDrone"],"picked":"testmod-Nine"},{"not_picked":["RhineFirstAidKit","testmod-KeyOfTheVoid"],"picked":"xbg"}],"items_purged_floors":[5,21,36,45],"is_endless":false,"potions_floor_spawned":[12,14,16,18,23,29,30,33,35,37,47,55],"ascension_level":10}}