{"host":"Tuck","time":1613703125,"event":{"mods":["BaseMod","Minty Spire (QoL Compilation)","StSLib"],"gold_per_floor":[116,116,135,135,153,153,179,179,179,220,73,113,125,143,143,254,254,274,274,274,234,252,292,292,312,335,350,374,409,409,437,437,545,545,564,584,599,626,626,663,686,717,789,832,900,927,927,951,951,951,951,951,43,77,77],"floor_reached":56,"language":"ENG","playtime":6976,"items_purged":["Zap","Dualcast"],"score":1792,"play_id":"29c99322-1a4f-48a3-ab97-a09995d6d245","local_time":"20210218195205","is_ascension_mode":true,"campfire_choices":[{"data":"Recycle","floor":6.0,"key":"SMITH"},{"data":"Loop","floor":15.0,"key":"SMITH"},{"data":"White Noise","floor":24.0,"key":"SMITH"},{"data":"Capacitor","floor":30.0,"key":"SMITH"},{"data":"Coolheaded","floor":32.0,"key":"SMITH"},{"data":"Recycle","floor":47.0,"key":"SMITH"},{"floor":49.0,"key":"RECALL"},{"data":"Fission","floor":52,"key":"SMITH"}],"circlet_count":0,"master_deck":["Leap","Cold Snap","Recycle+1","Capacitor+1","Ball Lightning+1","Go for the Eyes","Leap+1","Coolheaded","Echo Form","White Noise+1","Skim","Loop+1","Hologram","Fission+1","Defragment+1","Coolheaded+1","Fusion+1","Multi-Cast","Creative AI","Panacea","Flash of Steel","Bandage Up","Recycle+1","FTL+1","Gash+1","Consume+1","Defragment","Panache","Coolheaded"],"relics":["Pandora\u0027s Box","White Beast Statue","CultistMask","CeramicFish","Symbiotic Virus","Sozu","Nilry\u0027s Codex","WarpedTongs","Shuriken","Smiling Mask","Orichalcum","Question Card","Inserter","Potion Belt","Meat on the Bone","FossilizedHelix","InkBottle","Akabeko","Incense Burner","TungstenRod","Oddly Smooth Stone"],"acts_visited":["Exordium","TheCity","TheBeyond","TheEnding"],"potions_floor_usage":[],"damage_taken":[{"damage":0.0,"enemies":"Cultist","floor":1.0,"turns":3.0},{"damage":0.0,"enemies":"Small Slimes","floor":3.0,"turns":3.0},{"damage":0.0,"enemies":"2 Louse","floor":5.0,"turns":2.0},{"damage":1.0,"enemies":"Lagavulin","floor":7.0,"turns":6.0},{"damage":3.0,"enemies":"Gremlin Nob","floor":10.0,"turns":4.0},{"damage":0.0,"enemies":"Lagavulin","floor":12.0,"turns":7.0},{"damage":0.0,"enemies":"Large Slime","floor":13.0,"turns":5.0},{"damage":0.0,"enemies":"Lots of Slimes","floor":14.0,"turns":3.0},{"damage":0.0,"enemies":"The Guardian","floor":16.0,"turns":7.0},{"damage":6.0,"enemies":"Spheric Guardian","floor":18.0,"turns":6.0},{"damage":1.0,"enemies":"Shell Parasite","floor":22.0,"turns":4.0},{"damage":0.0,"enemies":"Book of Stabbing","floor":23.0,"turns":6.0},{"damage":0.0,"enemies":"Cultist and Chosen","floor":25.0,"turns":5.0},{"damage":0.0,"enemies":"Snake Plant","floor":27.0,"turns":5.0},{"damage":1.0,"enemies":"Chosen and Byrds","floor":28.0,"turns":4.0},{"damage":19.0,"enemies":"Gremlin Leader","floor":29.0,"turns":5.0},{"damage":0.0,"enemies":"Slavers","floor":31.0,"turns":3.0},{"damage":3.0,"enemies":"Champ","floor":33.0,"turns":7.0},{"damage":0.0,"enemies":"Orb Walker","floor":35.0,"turns":5.0},{"damage":4.0,"enemies":"3 Darklings","floor":36.0,"turns":10.0},{"damage":0.0,"enemies":"Writhing Mass","floor":37.0,"turns":6.0},{"damage":13.0,"enemies":"Reptomancer","floor":40.0,"turns":8.0},{"damage":5.0,"enemies":"Sphere and 2 Shapes","floor":41.0,"turns":6.0},{"damage":0.0,"enemies":"Giant Head","floor":42.0,"turns":5.0},{"damage":0.0,"enemies":"Reptomancer","floor":44.0,"turns":5.0},{"damage":0.0,"enemies":"Nemesis","floor":46.0,"turns":9.0},{"damage":0.0,"enemies":"Maw","floor":48.0,"turns":7.0},{"damage":0.0,"enemies":"Awakened One","floor":50.0,"turns":11.0},{"damage":0,"enemies":"Shield and Spear","floor":54,"turns":4},{"damage":0,"enemies":"The Heart","floor":55,"turns":11}],"seed_played":"7984929660864080255","potions_obtained":[{"floor":3.0,"key":"PotionOfCapacity"},{"floor":7.0,"key":"DuplicationPotion"},{"floor":10.0,"key":"SpeedPotion"},{"floor":13.0,"key":"Energy Potion"}],"is_trial":false,"path_per_floor":["M","?","M","?","M","R","E","?","T","E","$","E","M","M","R","B",null,"M","?","?","?","M","E","R","M","T","M","M","E","R","E","R","B",null,"M","M","M","?","?","E","M","E","T","E","T","E","R","M","R","B",null,"R","$","E","B",null],"character_chosen":"DEFECT","items_purchased":["Loop","Defragment","Panache","Incense Burner","TungstenRod","Coolheaded"],"campfire_rested":0,"item_purchase_floors":[11,53,53,53,53,53],"current_hp_per_floor":[75,75,75,75,75,75,74,74,74,71,71,71,71,71,71,71,75,69,69,53,53,52,52,52,52,52,52,51,32,32,32,32,29,75,75,71,71,61,61,52,59,63,63,67,67,71,71,71,71,71,71,71,71,71,71],"gold":77,"neow_bonus":"BOSS_RELIC","is_daily":false,"chose_seed":false,"campfire_upgraded":7,"win_rate":0.0,"timestamp":1613703125,"path_taken":["M","?","?","?","?","R","E","?","T","E","$","E","M","M","R","BOSS","M","?","?","?","M","E","R","M","T","M","M","E","R","E","R","BOSS","M","?","M","?","?","E","M","E","T","E","?","E","R","M","R","BOSS","R","$","E","BOSS"],"items_purchased_type":["Card","Card","Card","Relic","Relic","Card"],"build_version":"2020-12-18","purchased_purges":2,"victory":true,"max_hp_per_floor":[75,75,75,75,75,75,75,75,75,75,75,75,75,75,75,75,75,75,75,75,75,75,75,75,75,75,75,75,75,75,75,75,75,75,75,75,75,75,71,71,71,71,71,71,71,71,71,71,71,71,71,71,71,71,71],"card_choices":[{"not_picked":["Cold Snap","Streamline"],"picked":"Coolheaded","floor":1.0},{"not_picked":["Rip and Tear","Barrage"],"picked":"Compile Driver","floor":3.0},{"not_picked":["Static Discharge","Streamline"],"picked":"Echo Form","floor":5.0},{"not_picked":["Ball Lightning","Aggregate"],"picked":"White Noise","floor":7.0},{"not_picked":["Hello World","Rebound"],"picked":"Skim","floor":10.0},{"not_picked":["Double Energy","Undo"],"picked":"Hologram","floor":12.0},{"not_picked":["Compile Driver","Barrage","Undo"],"picked":"SKIP","floor":13.0},{"not_picked":["Barrage","Darkness","Conserve Battery"],"picked":"SKIP","floor":14.0},{"not_picked":["Biased Cognition","Hyperbeam"],"picked":"Fission","floor":16.0},{"not_picked":["Ball Lightning","BootSequence","Streamline+1"],"picked":"SKIP","floor":18.0},{"not_picked":["Beam Cell","Leap+1","Stack"],"picked":"SKIP","floor":22.0},{"not_picked":["Double Energy","Compile Driver+1"],"picked":"Defragment+1","floor":23.0},{"not_picked":["Doom and Gloom","Sweeping Beam"],"picked":"Coolheaded","floor":25.0},{"not_picked":["Go for the Eyes","Lockon","Chaos+1"],"picked":"SKIP","floor":27.0},{"not_picked":["Compile Driver","Barrage"],"picked":"Fusion+1","floor":28.0},{"not_picked":["Scrape","Steam","Multi-Cast"],"picked":"SKIP","floor":29.0},{"not_picked":["Scrape","Steam"],"picked":"Multi-Cast","floor":29.0},{"not_picked":["Ball Lightning","Leap","Rebound"],"picked":"SKIP","floor":31.0},{"not_picked":["Echo Form","Multi-Cast","Machine Learning"],"picked":"Creative AI","floor":33.0},{"not_picked":["Beam Cell+1","Sweeping Beam","Leap","Rip and Tear+1"],"picked":"SKIP","floor":35.0},{"not_picked":["Rebound+1","Reinforced Body","Tempest+1","Gash"],"picked":"SKIP","floor":36.0},{"not_picked":["Sweeping Beam","FTL","Cold Snap+1","Rebound"],"picked":"SKIP","floor":37.0},{"not_picked":["Mind Blast","Purity","Trip"],"picked":"Panacea","floor":38.0},{"not_picked":["Impatience","PanicButton","Discovery"],"picked":"Flash of Steel","floor":38.0},{"not_picked":["Deep Breath","Dark Shackles","The Bomb"],"picked":"Bandage Up","floor":38.0},{"not_picked":["Reprogram","Compile Driver+1","Rip and Tear+1"],"picked":"Recycle","floor":40.0},{"not_picked":["Sunder+1","Steam+1","Rip and Tear"],"picked":"FTL+1","floor":41.0},{"not_picked":["White Noise","Melter","Electrodynamics","Heatsinks"],"picked":"SKIP","floor":42.0},{"not_picked":["Conserve Battery+1","Streamline+1","Undo+1"],"picked":"Gash+1","floor":44.0},{"not_picked":["Recycle+1","Amplify","Barrage","Leap+1"],"picked":"SKIP","floor":46.0},{"not_picked":["Leap","Compile Driver","Steam"],"picked":"Consume+1","floor":48.0},{"not_picked":["Tempest+1","Redo","Barrage","Genetic Algorithm+1"],"picked":"SKIP","floor":54}],"player_experience":2430395,"relics_obtained":[{"floor":7.0,"key":"White Beast Statue"},{"floor":10.0,"key":"CeramicFish"},{"floor":12.0,"key":"Symbiotic Virus"},{"floor":20.0,"key":"Nilry\u0027s Codex"},{"floor":23.0,"key":"Shuriken"},{"floor":26.0,"key":"Smiling Mask"},{"floor":29.0,"key":"Orichalcum"},{"floor":31.0,"key":"Question Card"},{"floor":42.0,"key":"Potion Belt"},{"floor":43.0,"key":"Meat on the Bone"},{"floor":44.0,"key":"FossilizedHelix"},{"floor":45.0,"key":"InkBottle"},{"floor":46.0,"key":"Akabeko"},{"floor":54,"key":"Oddly Smooth Stone"}],"event_choices":[{"damage_healed":0.0,"max_hp_gain":0.0,"max_hp_loss":0.0,"gold_gain":0.0,"event_name":"The Woman in Blue","player_choice":"Bought 0 Potions","floor":2.0,"gold_loss":0.0,"damage_taken":0.0},{"cards_removed":["Compile Driver"],"damage_healed":5.0,"max_hp_gain":0.0,"max_hp_loss":0.0,"gold_gain":0.0,"event_name":"Bonfire Elementals","player_choice":"Offered Common","floor":4.0,"gold_loss":0.0,"damage_taken":0.0},{"cards_removed":["Compile Driver"],"damage_healed":5.0,"max_hp_gain":0.0,"max_hp_loss":0.0,"gold_gain":0.0,"event_name":"Bonfire Elementals","player_choice":"Offered Special","floor":4.0,"gold_loss":0.0,"damage_taken":0.0},{"damage_healed":0.0,"max_hp_gain":0.0,"max_hp_loss":0.0,"gold_gain":0.0,"event_name":"FaceTrader","player_choice":"Trade","floor":8.0,"gold_loss":0.0,"damage_taken":0.0,"relics_obtained":["CultistMask"]},{"cards_removed":["Lockon"],"damage_healed":0.0,"max_hp_gain":0.0,"max_hp_loss":0.0,"gold_gain":0.0,"event_name":"Back to Basics","player_choice":"Elegance","floor":19.0,"gold_loss":0.0,"damage_taken":0.0},{"damage_healed":0.0,"max_hp_gain":0.0,"max_hp_loss":0.0,"gold_gain":0.0,"event_name":"Cursed Tome","player_choice":"Obtained Book","floor":20.0,"gold_loss":0.0,"damage_taken":16.0},{"damage_healed":0.0,"max_hp_gain":0.0,"max_hp_loss":0.0,"gold_gain":0.0,"event_name":"Designer","player_choice":"Upgraded Two","floor":21.0,"gold_loss":40.0,"damage_taken":0.0,"cards_upgraded":["Ball Lightning","Leap"]},{"damage_healed":0.0,"max_hp_gain":0.0,"max_hp_loss":0.0,"gold_gain":0.0,"event_name":"SensoryStone","player_choice":"Memory 3","floor":38.0,"gold_loss":0.0,"damage_taken":10.0},{"damage_healed":0.0,"max_hp_gain":0.0,"max_hp_loss":4.0,"gold_gain":0.0,"event_name":"Winding Halls","player_choice":"Max HP","floor":39.0,"gold_loss":0.0,"damage_taken":0.0}],"is_beta":true,"boss_relics":[{"not_picked":["Snecko Eye","Busted Crown","Pandora\u0027s Box"]},{"not_picked":["Empty Cage","Tiny House"],"picked":"Inserter"}],"items_purged_floors":[11,53],"is_endless":false,"potions_floor_spawned":[3,7,10,12,13,14,16,18,22,23,25,27,28,29,31,33,35,36,37,40,41,42,44,46,48,54],"ascension_level":1}}