{"host":"7jxhn92mkgyil7o5","time":1613763561,"event":{"mods":["BaseMod","Colored Map","Colored Powertips","Friendly Minions","Hermit","Kiyohime????","Marisa????????","Minty Spire (QoL Compilation)","Permanent Neow","StSLib","The Cursed","The Disciple","The Hierophant","The Poker Player","The Runesmith"],"gold_per_floor":[14,27,27,27,43,43,72,72,72,72,107,121,121,161,161,241,241,241,241,241],"floor_reached":19,"language":"ENG","playtime":1098,"items_purged":[],"score":420,"play_id":"1339d60b-07a2-42a3-b642-28a387900b25","local_time":"20210219203920","is_ascension_mode":true,"campfire_choices":[{"data":"Neutralize","floor":6.0,"key":"SMITH"},{"floor":8.0,"key":"REST"},{"data":"1","floor":10.0,"key":"LIFT"},{"data":"Catalyst","floor":15,"key":"SMITH"}],"circlet_count":0,"master_deck":["AscendersBane","Strike_G","Strike_G+1","Strike_G","Strike_G","Defend_G","Defend_G","Defend_G","Defend_G+1","Defend_G","Survivor","Neutralize+1","Deadly Poison+1","Underhanded Strike","Caltrops","Acrobatics+1","Catalyst+1","Expertise","Slice","Regret","Noxious Fumes","Tools of the Trade"],"relics":["Ring of the Snake","Bird Faced Urn","Girya","StrikeDummy","Happy Flower","War Paint","CeramicFish","Black Star"],"acts_visited":["Exordium","TheCity"],"potions_floor_usage":[11,14,18],"damage_taken":[{"damage":2.0,"enemies":"2 Louse","floor":1.0,"turns":6.0},{"damage":3.0,"enemies":"Small Slimes","floor":2.0,"turns":6.0},{"damage":4.0,"enemies":"Jaw Worm","floor":5.0,"turns":4.0},{"damage":2.0,"enemies":"Lagavulin","floor":7.0,"turns":7.0},{"damage":12,"enemies":"3 Sentries","floor":11,"turns":9},{"damage":4,"enemies":"Blue Slaver","floor":12,"turns":4},{"damage":0,"enemies":"Gremlin Nob","floor":14,"turns":3},{"damage":7,"enemies":"The Guardian","floor":16,"turns":7},{"damage":7,"enemies":"Spheric Guardian","floor":18,"turns":3},{"damage":67,"enemies":"Masked Bandits","floor":19,"turns":3}],"seed_played":"8422685321738648718","potions_obtained":[{"floor":1.0,"key":"LiquidMemories"},{"floor":2.0,"key":"CultistPotion"},{"floor":7.0,"key":"SkillPotion"},{"floor":12,"key":"SmokeBomb"}],"is_trial":false,"path_per_floor":["M","M","?","?","M","R","E","R","T","R","E","M","?","E","R","B",null,"M","?"],"character_chosen":"THE_SILENT","items_purchased":[],"campfire_rested":1,"item_purchase_floors":[],"current_hp_per_floor":[57,54,54,34,32,32,32,51,51,51,41,37,37,39,39,36,59,56,0,0],"gold":241,"neow_bonus":"ONE_RARE_RELIC","is_daily":false,"chose_seed":false,"campfire_upgraded":2,"win_rate":0.0,"timestamp":1613763560,"path_taken":["M","M","?","?","M","R","E","R","T","R","E","M","?","E","R","BOSS","M","?"],"items_purchased_type":[],"build_version":"2020-12-22","purchased_purges":0,"victory":false,"max_hp_per_floor":[66,66,66,66,66,66,66,66,66,66,66,66,66,66,66,66,66,66,66,66],"card_choices":[{"not_picked":["Heel Hook","Tactician"],"picked":"Deadly Poison","floor":1.0},{"not_picked":["Outmaneuver","Escape Plan"],"picked":"Underhanded Strike","floor":2.0},{"not_picked":["Prepared","Cloak And Dagger"],"picked":"Acrobatics","floor":5.0},{"not_picked":["Deflect","Dagger Spray"],"picked":"Catalyst","floor":7.0},{"not_picked":["Quick Slash","Terror"],"picked":"Expertise","floor":11},{"not_picked":["Underhanded Strike","Finisher"],"picked":"Slice","floor":12},{"not_picked":["Blade Dance","Accuracy"],"picked":"Noxious Fumes","floor":14},{"not_picked":["Phantasmal Killer","Doppelganger"],"picked":"Tools of the Trade","floor":16}],"player_experience":2031223,"relics_obtained":[{"floor":7.0,"key":"Girya"},{"floor":9.0,"key":"StrikeDummy"},{"floor":11,"key":"Happy Flower"},{"floor":14,"key":"CeramicFish"}],"event_choices":[{"damage_healed":0.0,"max_hp_gain":0.0,"max_hp_loss":0.0,"gold_gain":0.0,"cards_transformed":["Strike_G"],"event_name":"Living Wall","player_choice":"Change","floor":3.0,"gold_loss":0.0,"damage_taken":0.0,"cards_obtained":["Caltrops"]},{"damage_healed":0.0,"max_hp_gain":0.0,"max_hp_loss":0.0,"gold_gain":0.0,"event_name":"Shining Light","player_choice":"Entered Light","floor":4.0,"gold_loss":0.0,"damage_taken":20.0,"cards_upgraded":["Strike_G","Deadly Poison"]},{"damage_healed":0,"gold_gain":0,"player_choice":"Box","damage_taken":0,"relics_obtained":["War Paint"],"max_hp_gain":0,"max_hp_loss":0,"event_name":"Big Fish","floor":13,"gold_loss":0,"cards_obtained":["Regret"]},{"damage_healed":0,"gold_gain":0,"player_choice":"Fought Bandits","damage_taken":0,"max_hp_gain":0,"max_hp_loss":0,"event_name":"Masked Bandits","floor":19,"gold_loss":0}],"is_beta":false,"boss_relics":[{"not_picked":["SlaversCollar","Ring of the Serpent"],"picked":"Black Star"}],"items_purged_floors":[],"is_endless":false,"potions_floor_spawned":[1,2,7,12],"killed_by":"Masked Bandits","ascension_level":20}}