{"host":"ie50qk0ts9eskyyo","time":1613728463,"event":{"mods":["BaseMod","BetterRewards","Colored Map","Downfall","Friendly Minions","Highlight Path","Hubris","Infinite Spire","Minty Spire (QoL Compilation)","Quick Restart","Reliquary","Replay The Spire","Robot Space Explorer","StSLib","SuperFastMode","The Jungle"],"gold_per_floor":[109,109,31,43,63,63,63,63,112,129,147,164,164,178,178,282,282,302,302,302,302,312,312,312,312,338,338,33,66,66,95,95,199,199,212,230,230,246,259,259,291,291,291,303,303,303,303,49,49,49,49],"floor_reached":50,"language":"ENG","playtime":2253,"items_purged":["hubris:Sloth","Pain"],"score":673,"play_id":"87b02927-5bac-4768-8c25-d92a4c59c441","local_time":"20210219045423","is_ascension_mode":false,"campfire_choices":[{"data":"RobotSpaceExplorer:FreezeRay","floor":6,"key":"SMITH"},{"data":"RobotSpaceExplorer:LaserBurst","floor":8,"key":"SMITH"},{"data":"RobotSpaceExplorer:Strike","floor":15,"key":"PURGE"},{"data":"RobotSpaceExplorer:Asteroid","floor":23,"key":"SMITH"},{"data":"RobotSpaceExplorer:Asteroid","floor":25,"key":"SMITH"},{"data":"ReplayTheSpireMod:Brewmster","floor":30,"key":"SMITH"},{"data":"RobotSpaceExplorer:StarLightning","floor":32,"key":"SMITH"},{"data":"RobotSpaceExplorer:Comet","floor":40,"key":"SMITH"},{"data":"RobotSpaceExplorer:FrostMissile","floor":42,"key":"SMITH"},{"data":"hubris:InfiniteBlow+1","floor":49,"key":"SMITH"},{"data":"hubris:InfiniteBlow+2","floor":49,"key":"SMITH"}],"circlet_count":0,"master_deck":["RobotSpaceExplorer:Scan","RobotSpaceExplorer:MiniLasers","RobotSpaceExplorer:JunkDive","RobotSpaceExplorer:ScrapMissile","RobotSpaceExplorer:MetalStrike","RobotSpaceExplorer:SwiftStep","RobotSpaceExplorer:FreezeRay+1","ReplayTheSpireMod:Brewmster+1","RobotSpaceExplorer:Ammunition","RobotSpaceExplorer:Asteroid+1","RobotSpaceExplorer:LaserBurst+1","RobotSpaceExplorer:MetalStrike","RobotSpaceExplorer:SurgingShield","RobotSpaceExplorer:Asteroid+1","RobotSpaceExplorer:ToxicBomb","RobotSpaceExplorer:ScrapShield","RobotSpaceExplorer:IronShell+1","RobotSpaceExplorer:StunGrenade","RobotSpaceExplorer:ScrapMissile+1","RobotSpaceExplorer:LuckyStrike+1","RobotSpaceExplorer:ChargingLaser+1","RobotSpaceExplorer:StarLightning+1","RobotSpaceExplorer:Pulsar+1","RobotSpaceExplorer:Comet+1","RobotSpaceExplorer:BlastShield","RobotSpaceExplorer:GlueShot","RobotSpaceExplorer:FreezeRay+1","RobotSpaceExplorer:Scanner","RobotSpaceExplorer:FreezeRay+1","RobotSpaceExplorer:Pulsar+1","ReplayTheSpireMod:Brewmster+1","RobotSpaceExplorer:StunGrenade","RobotSpaceExplorer:FrostMissile+1","RobotSpaceExplorer:FranticSearch+1","RobotSpaceExplorer:StunGrenade+1","hubris:InfiniteBlow+3","infinitespire:Fortify"],"relics":["RobotSpaceExplorer:RoboCore","Eternal Feather","Pen Nib","RobotSpaceExplorer:SlideRule","WarpedTongs","ReplayTheSpireMod:CursedCoin","ReplayTheSpireMod:Lightbulb","Astrolabe","hubris:BottledHeart","hubris:Towel","reliquary:RosewoodLute","RobotSpaceExplorer:ToughPlating","reliquary:BallBearing","Durian","hubris:BlackHole","Juzu Bracelet","Replay:Arrowhead","SacredBark","Bird Faced Urn","Gremlin Horn","reliquary:TridentHead","infinitespire:FocusingShard"],"acts_visited":["Exordium","TheCity","TheBeyond"],"potions_floor_usage":[11,11,11,16,16,16,16,16,31,31,33,33,33,33,33,33,33,33,35,38,38,38,38,38,41,41,41,44,50,50,50,50,50,50,50,50,50,50,50,50,50,50],"damage_taken":[{"damage":0,"enemies":"2 Louse","floor":1,"turns":3},{"damage":4,"enemies":"Cultist","floor":4,"turns":3},{"damage":2,"enemies":"Jaw Worm","floor":5,"turns":2},{"damage":0,"enemies":"Looter","floor":10,"turns":2},{"damage":3,"enemies":"3 Louse","floor":11,"turns":4},{"damage":6,"enemies":"Exordium Thugs","floor":12,"turns":3},{"damage":0,"enemies":"2 Fungi Beasts","floor":14,"turns":2},{"damage":35,"enemies":"The Guardian","floor":16,"turns":8},{"damage":3,"enemies":"3 Byrds","floor":18,"turns":4},{"damage":0,"enemies":"Spheric Guardian","floor":22,"turns":4},{"damage":0,"enemies":"Book of Stabbing","floor":29,"turns":5},{"damage":0,"enemies":"Replay:Snechameleon","floor":31,"turns":3},{"damage":0,"enemies":"Collector","floor":33,"turns":9},{"damage":0,"enemies":"3 Shapes","floor":35,"turns":3},{"damage":0,"enemies":"Orb Walker","floor":36,"turns":2},{"damage":0,"enemies":"Maw","floor":38,"turns":5},{"damage":0,"enemies":"Jaw Worm Horde","floor":39,"turns":3},{"damage":0,"enemies":"Nemesis","floor":41,"turns":5},{"damage":0,"enemies":"Writhing Mass","floor":44,"turns":3},{"damage":8,"enemies":"hubris:GrandSnecko","floor":50,"turns":8}],"seed_played":"2523913141761636184","potions_obtained":[{"floor":1,"key":"Block Potion"},{"floor":11,"key":"Slimebound:ThreeZeroPotion"},{"floor":31,"key":"LiquidBronze"},{"floor":36,"key":"DistilledChaos"},{"floor":38,"key":"SkillPotion"},{"floor":39,"key":"LifebloodPotion"}],"is_trial":false,"path_per_floor":["M","?","$","M","M","R","?","R","T","M","M","M","?","M","R_BF","B",null,"M","?","?","?","M","R","?","R","T","?","$","E","R","E","R","B",null,"M","M","?","M","M","R","E","R","T","M","AVR","?","T","$","R","B"],"character_chosen":"RobotSpaceExplorer","items_purchased":["Eternal Feather","Pen Nib","RobotSpaceExplorer:SlideRule","RobotSpaceExplorer:JunkDive","RobotSpaceExplorer:ScrapMissile","RobotSpaceExplorer:MetalStrike","RobotSpaceExplorer:SwiftStep","RobotSpaceExplorer:FreezeRay","ReplayTheSpireMod:Brewmster","ReplayTheSpireMod:CursedCoin","RobotSpaceExplorer:Asteroid","RobotSpaceExplorer:ToughPlating","infinitespire:FocusingShard"],"campfire_rested":0,"item_purchase_floors":[0,0,0,0,0,0,0,0,0,3,3,28,48],"current_hp_per_floor":[40,40,40,36,34,46,46,58,58,58,55,49,49,49,64,29,75,72,1,1,1,1,1,1,1,1,1,1,1,1,1,1,1,1,1,1,1,1,1,1,1,1,1,1,1,1,1,1,1,0,0],"gold":49,"neow_bonus":"","is_daily":false,"chose_seed":false,"campfire_upgraded":10,"win_rate":0.0,"timestamp":1613728463,"path_taken":["M","?","$","?","M","R","?","R","T","M","M","?","?","M","R_BF","BOSS","M","?","?","?","M","R","?","R","T","?","$","E","R","E","R","BOSS","M","M","?","M","M","R","E","R","T","M","AVR","?","?","$","R","BOSS"],"items_purchased_type":["Relic","Relic","Relic","Card","Card","Card","Card","Card","Card","Relic","Card","Relic","Relic"],"build_version":"2020-12-22","purchased_purges":2,"victory":false,"max_hp_per_floor":[75,75,75,75,75,75,75,75,75,75,75,75,75,75,75,75,75,75,1,1,1,1,1,1,1,1,1,1,1,1,1,1,1,1,1,1,1,1,1,1,1,1,1,1,1,1,1,1,1,1,1],"card_choices":[{"not_picked":["RobotSpaceExplorer:SwiftStep","RobotSpaceExplorer:FrostMissile"],"picked":"RobotSpaceExplorer:Ammunition","floor":1},{"not_picked":["RobotSpaceExplorer:Counterblock","RobotSpaceExplorer:Ammunition"],"picked":"RobotSpaceExplorer:LaserBurst","floor":4},{"not_picked":["RobotSpaceExplorer:ShockKick","RobotSpaceExplorer:ScrapShield"],"picked":"RobotSpaceExplorer:MetalStrike","floor":5},{"not_picked":["RobotSpaceExplorer:ImprovisedAttack","RobotSpaceExplorer:SlimeMissile"],"picked":"RobotSpaceExplorer:Asteroid","floor":10},{"not_picked":["RobotSpaceExplorer:ShovelStrike","RobotSpaceExplorer:Counterblock"],"picked":"RobotSpaceExplorer:ToxicBomb","floor":11},{"not_picked":["RobotSpaceExplorer:FrostMissile","RobotSpaceExplorer:FranticSearch"],"picked":"RobotSpaceExplorer:ScrapShield","floor":12},{"not_picked":["RobotSpaceExplorer:MiniDrones","RobotSpaceExplorer:SurgingStrike"],"picked":"RobotSpaceExplorer:StunGrenade","floor":14},{"not_picked":["RobotSpaceExplorer:LaserBurst+1","RobotSpaceExplorer:Counterblock","RobotSpaceExplorer:SlimeMissile+1"],"picked":"SKIP","floor":18},{"not_picked":["RobotSpaceExplorer:Probe","RobotSpaceExplorer:ImprovisedAttack"],"picked":"RobotSpaceExplorer:Pulsar+1","floor":22},{"not_picked":["RobotSpaceExplorer:SwiftStep","RobotSpaceExplorer:ScrapMissile"],"picked":"RobotSpaceExplorer:GlueShot","floor":29},{"not_picked":["RobotSpaceExplorer:SlimeMissile","RobotSpaceExplorer:Asteroid"],"picked":"RobotSpaceExplorer:FreezeRay+1","floor":31},{"not_picked":["RobotSpaceExplorer:BlastShield","RobotSpaceExplorer:ChargingLaser"],"picked":"RobotSpaceExplorer:Scanner","floor":33},{"not_picked":["RobotSpaceExplorer:PowerCollector","RobotSpaceExplorer:Smokescreen"],"picked":"RobotSpaceExplorer:FreezeRay+1","floor":35},{"not_picked":["RobotSpaceExplorer:SurgingStrike+1","RobotSpaceExplorer:SwiftStep"],"picked":"RobotSpaceExplorer:Pulsar+1","floor":36},{"not_picked":["RobotSpaceExplorer:Calculate","RobotSpaceExplorer:IronShell"],"picked":"RobotSpaceExplorer:StunGrenade","floor":38},{"not_picked":["RobotSpaceExplorer:Jetpack+1","RobotSpaceExplorer:MetalStrike"],"picked":"RobotSpaceExplorer:FrostMissile","floor":39},{"not_picked":["RobotSpaceExplorer:Probe+1","RobotSpaceExplorer:SlimeMissile+1"],"picked":"RobotSpaceExplorer:FranticSearch+1","floor":41},{"not_picked":["RobotSpaceExplorer:Ammunition+1","RobotSpaceExplorer:FrostMissile"],"picked":"RobotSpaceExplorer:StunGrenade+1","floor":44}],"player_experience":37844,"relics_obtained":[{"floor":9,"key":"ReplayTheSpireMod:Lightbulb"},{"floor":26,"key":"reliquary:RosewoodLute"},{"floor":29,"key":"reliquary:BallBearing"},{"floor":31,"key":"Durian"},{"floor":41,"key":"Juzu Bracelet"},{"floor":43,"key":"Replay:Arrowhead"},{"floor":46,"key":"Gremlin Horn"},{"floor":47,"key":"reliquary:TridentHead"}],"event_choices":[{"damage_healed":0,"gold_gain":0,"player_choice":"Rummage","damage_taken":0,"relics_obtained":["WarpedTongs"],"max_hp_gain":0,"max_hp_loss":0,"event_name":"Accursed Blacksmith","floor":2,"gold_loss":0,"cards_obtained":["Pain"]},{"damage_healed":0,"gold_gain":0,"cards_transformed":["RobotSpaceExplorer:Strike"],"player_choice":"Transformed","damage_taken":0,"max_hp_gain":0,"max_hp_loss":0,"event_name":"Transmorgrifier","floor":7,"gold_loss":0,"cards_obtained":["RobotSpaceExplorer:SurgingShield"]},{"damage_healed":0,"gold_gain":0,"player_choice":"Read","damage_taken":0,"max_hp_gain":0,"max_hp_loss":0,"event_name":"The Library","floor":21,"gold_loss":0,"cards_obtained":["RobotSpaceExplorer:StarLightning"]},{"damage_healed":0,"gold_gain":0,"cards_transformed":["RobotSpaceExplorer:Defend","RobotSpaceExplorer:Defend"],"player_choice":"Became Test Subject","damage_taken":0,"max_hp_gain":0,"max_hp_loss":0,"event_name":"Drug Dealer","floor":27,"gold_loss":0,"cards_obtained":["RobotSpaceExplorer:Comet","RobotSpaceExplorer:BlastShield"]},{"damage_healed":0,"gold_gain":0,"player_choice":"Copied","damage_taken":0,"max_hp_gain":0,"max_hp_loss":0,"event_name":"Duplicator","floor":37,"gold_loss":0,"cards_obtained":["ReplayTheSpireMod:Brewmster"]},{"damage_healed":0,"gold_gain":0,"player_choice":"Relic","damage_taken":0,"max_hp_gain":0,"max_hp_loss":0,"event_name":"Wheel of Change","floor":46,"gold_loss":0}],"is_beta":false,"boss_relics":[{"not_picked":["SlaversCollar","reliquary:WritOfMandamus"],"picked":"Astrolabe"},{"not_picked":["hubris:GrandSneckoEye","Replay:Fungal Core"],"picked":"hubris:BlackHole"}],"items_purged_floors":[3,45],"is_endless":false,"potions_floor_spawned":[1,11,29,31,36,38,39],"killed_by":"hubris:GrandSnecko","ascension_level":0}}