{"host":"mhzgc0zma59jtmoj","time":1613754431,"event":{"mods":["BaseMod","BetterRewards","Custom Start","Glutton Mod","Ironclad Rager","Minty Spire (QoL Compilation)","Replay The Spire","Somnambulant","StSLib","The Cursed","The Hierophant","The Jungle","Treasure Hunter"],"gold_per_floor":[192,203,203,56,74,74,74,74,74,101,159,159,178,197,197,296,296,312,323,343,343,358,358,113,113,113],"floor_reached":25,"language":"ENG","playtime":1511,"items_purged":["somnambulantmod: Defend_Somnambulant","somnambulantmod: SomnambulantStrike"],"score":253,"play_id":"ba0b0f6c-0e61-4e05-a3f0-51b029c8f626","local_time":"20210219120711","is_ascension_mode":false,"campfire_choices":[{"floor":6,"key":"REST"},{"floor":8,"key":"REST"},{"floor":12,"key":"REST"},{"floor":15,"key":"REST"},{"floor":23,"key":"REST"}],"circlet_count":0,"master_deck":["somnambulantmod: SomnambulantStrike","somnambulantmod: SomnambulantStrike+1","somnambulantmod: SomnambulantStrike+1","somnambulantmod: SomnambulantStrike","somnambulantmod: Defend_Somnambulant","somnambulantmod: Defend_Somnambulant+1","somnambulantmod: Defend_Somnambulant","somnambulantmod: Defend_Somnambulant+1","somnambulantmod: QuickNap+1","somnambulantmod: PrimingPunch+1","Regret","somnambulantmod: HeavyLids","somnambulantmod: DeeperSleep","somnambulantmod: DeeperSleep","somnambulantmod: Mindlessness","somnambulantmod: AllForNothing","somnambulantmod: DarkeningMind","somnambulantmod: Ignorance","somnambulantmod: Reinterpret","somnambulantmod: Harden+1","somnambulantmod: Harden+1","somnambulantmod: HorrificThought+1","somnambulantmod: Reinterpret"],"relics":["somnambulantmod: DreamJournal","Calipers","Prayer Wheel","Peace Pipe","Incense Burner","Pantograph","Fusion Hammer"],"acts_visited":["Exordium","TheCity"],"potions_floor_usage":[14,16,22,22,22],"damage_taken":[{"damage":4,"enemies":"2 Louse","floor":1,"turns":3},{"damage":3,"enemies":"Cultist","floor":2,"turns":3},{"damage":26,"enemies":"Jaw Worm","floor":5,"turns":7},{"damage":44,"enemies":"Lagavulin","floor":10,"turns":7},{"damage":13,"enemies":"2 Fungi Beasts","floor":13,"turns":4},{"damage":9,"enemies":"Exordium Wildlife","floor":14,"turns":4},{"damage":50,"enemies":"The Guardian","floor":16,"turns":11},{"damage":18,"enemies":"3 Byrds","floor":18,"turns":5},{"damage":0,"enemies":"Spheric Guardian","floor":19,"turns":1},{"damage":24,"enemies":"Snake Plant","floor":20,"turns":5},{"damage":37,"enemies":"Chosen and Byrds","floor":22,"turns":7},{"damage":32,"enemies":"Cultist and Chosen","floor":25,"turns":4}],"seed_played":"-8820503416291967046","potions_obtained":[{"floor":2,"key":"LiquidBronze"},{"floor":5,"key":"PowerPotion"},{"floor":11,"key":"CultistPotion"},{"floor":16,"key":"somnambulantmod: BottledDream"},{"floor":18,"key":"Fruit Juice"}],"is_trial":false,"path_per_floor":["M","M","?","$","M","R","T","R","T","E","?","R","M","M","R","B",null,"M","M","M","?","M","R","$","M"],"character_chosen":"THE_SOMNAMBULANT","items_purchased":["somnambulantmod: DeeperSleep","somnambulantmod: Reinterpret"],"campfire_rested":5,"item_purchase_floors":[4,24],"current_hp_per_floor":[66,63,63,63,37,60,60,74,74,30,12,36,23,14,38,13,78,60,60,36,36,4,30,30,0,0],"gold":113,"neow_bonus":"RANDOM_EVENT","is_daily":false,"chose_seed":false,"campfire_upgraded":0,"win_rate":0.0,"timestamp":1613754431,"path_taken":["M","M","?","?","M","R","?","R","T","E","?","R","M","M","R","BOSS","M","?","?","?","M","R","$","M"],"items_purchased_type":["Card","Card"],"build_version":"2020-12-22","purchased_purges":2,"victory":false,"max_hp_per_floor":[70,70,70,70,70,72,72,74,74,74,74,76,76,76,78,78,78,78,78,78,78,83,85,85,85,85],"card_choices":[{"not_picked":["somnambulantmod: Stumble","somnambulantmod: Nosebleed","somnambulantmod: HeadSmack"],"picked":"SKIP","floor":1},{"not_picked":["somnambulantmod: ViralIdea","somnambulantmod: Bruise"],"picked":"somnambulantmod: HeavyLids","floor":2},{"not_picked":["somnambulantmod: RecurringDream","somnambulantmod: Relive"],"picked":"somnambulantmod: DeeperSleep","floor":5},{"not_picked":["somnambulantmod: Bruise","somnambulantmod: Remember"],"picked":"somnambulantmod: Mindlessness","floor":5},{"not_picked":["TH:CursedSword","TH:BikiniMail"],"picked":"SKIP","floor":7},{"not_picked":["TH:CopperCoins","TH:EnergyPotion"],"picked":"SKIP","floor":9},{"not_picked":["TH:Mimic","TH:BikiniMail"],"picked":"SKIP","floor":10},{"not_picked":["somnambulantmod: ShimmeringVeil","somnambulantmod: HeadSmack","somnambulantmod: Stumble"],"picked":"SKIP","floor":10},{"not_picked":["somnambulantmod: Stumble","somnambulantmod: BadIdea"],"picked":"somnambulantmod: AllForNothing","floor":13},{"not_picked":["somnambulantmod: Stimulus","somnambulantmod: LayeredDefense"],"picked":"somnambulantmod: DarkeningMind","floor":13},{"not_picked":["somnambulantmod: UnthoughtKnown","somnambulantmod: Unknow"],"picked":"somnambulantmod: Ignorance","floor":14},{"not_picked":["somnambulantmod: Harden","somnambulantmod: LeechFears","somnambulantmod: BadIdea"],"picked":"SKIP","floor":14},{"not_picked":["somnambulantmod: Unburden","somnambulantmod: Amnausea"],"picked":"somnambulantmod: Reinterpret","floor":16},{"not_picked":["somnambulantmod: HorrificThought+1","somnambulantmod: NightmareFuel"],"picked":"somnambulantmod: Harden+1","floor":18},{"not_picked":["somnambulantmod: Cower","somnambulantmod: NightmareFuel+1","somnambulantmod: DeeperSleep"],"picked":"SKIP","floor":18},{"not_picked":["somnambulantmod: Stimulus+1","somnambulantmod: ViralIdea"],"picked":"somnambulantmod: Harden+1","floor":19},{"not_picked":["somnambulantmod: Repression+1","somnambulantmod: Sleepyhead","somnambulantmod: Unknow"],"picked":"SKIP","floor":19},{"not_picked":["somnambulantmod: Unmake","somnambulantmod: Sleepyhead+1"],"picked":"somnambulantmod: HorrificThought+1","floor":20},{"not_picked":["somnambulantmod: DreamBig","somnambulantmod: MindWave+1","somnambulantmod: TimeCompression"],"picked":"SKIP","floor":20},{"not_picked":["somnambulantmod: Pinch","somnambulantmod: PourItOut","somnambulantmod: BrainFeeder"],"picked":"SKIP","floor":22},{"not_picked":["somnambulantmod: Unknow","somnambulantmod: InLimbo","somnambulantmod: HeavyLids+1"],"picked":"SKIP","floor":22}],"player_experience":304058,"relics_obtained":[{"floor":9,"key":"Peace Pipe"},{"floor":10,"key":"Incense Burner"},{"floor":11,"key":"Pantograph"}],"event_choices":[{"damage_healed":0,"gold_gain":0,"player_choice":"Box","damage_taken":0,"relics_obtained":["Calipers"],"max_hp_gain":0,"max_hp_loss":0,"event_name":"Big Fish","floor":0,"gold_loss":0,"cards_obtained":["Regret"]},{"damage_healed":0,"gold_gain":0,"player_choice":"Upgraded","damage_taken":0,"max_hp_gain":0,"max_hp_loss":0,"event_name":"Upgrade Shrine","floor":3,"gold_loss":0,"cards_upgraded":["somnambulantmod: QuickNap"]},{"damage_healed":0,"gold_gain":0,"player_choice":"Ignored","damage_taken":0,"max_hp_gain":0,"max_hp_loss":0,"event_name":"Ghosts","floor":21,"gold_loss":0}],"is_beta":false,"boss_relics":[{"not_picked":["SlaversCollar","Ring of Chaos"],"picked":"Fusion Hammer"}],"items_purged_floors":[4,24],"is_endless":false,"potions_floor_spawned":[2,5,13,16,18,20],"killed_by":"Cultist and Chosen","ascension_level":0}}