{"host":"yfi73559mxreacvo","time":1613717452,"event":{"mods":["AchievementEnabler","Act Like it!","Aspiration","BaseMod","Better Third Choice","BetterRewards","Colored Map","Conspire","Downfall","Evolution","GifTheSpireLib","Halation","HexUI Lib","Highlight Path","Hubris","Minty Spire (QoL Compilation)","Railgun Mod","Reliquary","Replay The Spire","StSLib","Stuff the Spire","Wandering Minibosses"],"gold_per_floor":[99,113,126,138,138,154,180,180,211,11,111,128,128,153,167,271,271,271,289,300,317,190,190,213,229,229,229,255,355,383,383,401,505,505,505,516,89,118,132,147,229,262,272,172,15,28,44,79,95,95,95,95,95,95],"floor_reached":52,"language":"ENG","playtime":3557,"items_purged":["Slimebound:Strike_Slimebound","Slimebound:Gluttony","Slimebound:SplitMire"],"score":866,"play_id":"06ae5ce9-6835-4003-8acc-7c0d9db1e66d","local_time":"20210219015052","is_ascension_mode":false,"campfire_choices":[{"floor":1,"key":"DIG"},{"data":"Slimebound:Gluttony","floor":10,"key":"SMITH"},{"data":"Slimebound:CorrosiveSpit","floor":13,"key":"SMITH"},{"data":"Slimebound:MegaLick","floor":18,"key":"SMITH"},{"data":"Slimebound:SpikyOuterGoop","floor":27,"key":"SMITH"},{"floor":35,"key":"RECALL"},{"floor":44,"key":"REST"}],"circlet_count":0,"master_deck":["Slimebound:ItLooksTasty","Slimebound:Strike_Slimebound","Slimebound:Tackle","Slimebound:Defend_Slimebound","Slimebound:Defend_Slimebound","Slimebound:Defend_Slimebound","Slimebound:Defend_Slimebound+1","Slimebound:Split","Slimebound:CorrosiveSpit+1","Slimebound:Gluttony+1","Slimebound:LeechingTouch","Slimebound:MegaLick+1","Slimebound:GoopSpray","Slimebound:LeechingTouch","Slimebound:SplitLeeching","Slimebound:GrowthPunch","Slimebound:Schlurp","Slimebound:SamplingLick","Slimebound:SpikyOuterGoop+1","Slimebound:AcidTongue","Slimebound:LeechingTouch+1","Slimebound:SpikyOuterGoop","Slimebound:SplitMire+1"],"relics":["Slimebound:AbsorbEndCombat","EVO:Axolotl","Pen Nib","conspire:InfiniteJournal","StuffTheSpire:Nightcore","downfall:HeartBlessingGreen","downfall:HeartBlessingBlue","hubris:TenFootPole","Black Star","hubris:Towel","Lantern","Slimebound:AggressiveSlimeRelic","TungstenRod","Mercury Hourglass","halation:QuantumPhysicsTextbook","reliquary:Aerogel","StuffTheSpire:Experiment12","Membership Card","hubris:MedicalManual","reliquary:Buckler","conspire:Flyswatter","Akabeko","Blood Vial","downfall:HeartBlessingRed","Oddly Smooth Stone","halation:Pancakes","Durian"],"acts_visited":["Exordium","TheCity","TheBeyond","TheEnding"],"potions_floor_usage":[9,14,21,28,29,37,37,42,43,47,50,50],"damage_taken":[{"damage":6,"enemies":"Jaw Worm","floor":2,"turns":3},{"damage":4,"enemies":"Small Slimes","floor":3,"turns":4},{"damage":0,"enemies":"2 Louse","floor":4,"turns":2},{"damage":8,"enemies":"Red Slaver","floor":6,"turns":4},{"damage":34,"enemies":"3 Sentries","floor":9,"turns":8},{"damage":0,"enemies":"Exordium Wildlife","floor":12,"turns":4},{"damage":2,"enemies":"Gremlin Nob","floor":14,"turns":3},{"damage":6,"enemies":"Large Slime","floor":15,"turns":3},{"damage":36,"enemies":"DF_ARCHETYPE_STREAMLINE","floor":16,"turns":11},{"damage":16,"enemies":"Spheric Guardian","floor":19,"turns":7},{"damage":9,"enemies":"3 Byrds","floor":20,"turns":7},{"damage":12,"enemies":"Snecko","floor":21,"turns":5},{"damage":7,"enemies":"downfall:FleeingMerchant","floor":22,"turns":5},{"damage":11,"enemies":"Centurion and Healer","floor":25,"turns":6},{"damage":24,"enemies":"Gremlin Leader","floor":28,"turns":10},{"damage":0,"enemies":"SI_SHIV_ARCHETYPE","floor":29,"turns":5},{"damage":14,"enemies":"Slavers","floor":30,"turns":5},{"damage":0,"enemies":"3 Cultists","floor":32,"turns":4},{"damage":17,"enemies":"WA_ARCHETYPE_CALM","floor":33,"turns":11},{"damage":24,"enemies":"3 Shapes","floor":36,"turns":3},{"damage":6,"enemies":"downfall:FleeingMerchant","floor":37,"turns":6},{"damage":15,"enemies":"conspire:MimicChest","floor":38,"turns":7},{"damage":3,"enemies":"Orb Walker","floor":39,"turns":3},{"damage":7,"enemies":"4 Shapes","floor":40,"turns":5},{"damage":17,"enemies":"R_Hoarder","floor":42,"turns":8},{"damage":43,"enemies":"Jaw Worm Horde","floor":43,"turns":7},{"damage":5,"enemies":"downfall:FleeingMerchant","floor":45,"turns":4},{"damage":6,"enemies":"3 Darklings","floor":46,"turns":8},{"damage":15,"enemies":"4 Shapes","floor":47,"turns":8},{"damage":31,"enemies":"Nemesis","floor":48,"turns":7},{"damage":30,"enemies":"Writhing Mass","floor":49,"turns":5},{"damage":0,"enemies":"SI_POISON_ARCHETYPE","floor":50,"turns":10},{"damage":105,"enemies":"downfall:CharBossMerchant","floor":52,"turns":8}],"seed_played":"-8808820749792453404","potions_obtained":[{"floor":4,"key":"champ:CounterPotion"},{"floor":6,"key":"SteroidPotion"},{"floor":9,"key":"CultistPotion"},{"floor":19,"key":"Explosive Potion"},{"floor":25,"key":"LifebloodPotion"},{"floor":30,"key":"Dexterity Potion"},{"floor":32,"key":"Adrenaline Potion"},{"floor":36,"key":"ColorlessPotion"},{"floor":38,"key":"Block Potion"},{"floor":39,"key":"BlessingOfTheForge"},{"floor":42,"key":"Venom Potion"},{"floor":46,"key":"ColorlessPotion"}],"is_trial":false,"path_per_floor":["R_BF","M","M","M","?","M","T","?","E","R","?","M","R","E","M","B",null,"R","M","M","M","$","?","T","M","?","R","E","?","E","?","M","B",null,"R","M","?","?","M","M","T","E","M","R","$","M","M","E","M","B",null,"E"],"character_chosen":"SLIMEBOUND","items_purchased":["Slimebound:SpikyOuterGoop","Membership Card","hubris:MedicalManual","Slimebound:SplitMire","Oddly Smooth Stone"],"campfire_rested":1,"item_purchase_floors":[22,37,37,37,45],"current_hp_per_floor":[65,63,65,65,65,61,61,61,35,45,45,53,53,57,59,31,75,75,65,64,60,61,61,61,58,58,58,42,50,44,44,52,43,75,75,57,59,52,53,54,54,45,12,34,39,43,38,65,45,55,80,0,0,0],"gold":95,"neow_bonus":"RANDOM_COMMON_RELIC","is_daily":false,"chose_seed":false,"campfire_upgraded":4,"win_rate":0.0,"timestamp":1613717452,"path_taken":["R_BF","M","M","M","?","M","T","?","E","R","?","?","R","E","M","BOSS","R","M","M","M","$","?","T","M","?","R","E","?","E","?","M","BOSS","R","M","?","?","M","M","T","E","M","R","$","M","M","E","M","BOSS","E"],"items_purchased_type":["Card","Relic","Relic","Card","Relic"],"build_version":"2020-12-22","purchased_purges":3,"victory":false,"max_hp_per_floor":[65,65,65,65,65,65,65,65,65,75,75,75,75,75,75,75,75,75,75,75,75,75,75,75,75,75,75,75,75,75,75,75,75,75,75,75,75,75,75,75,75,75,75,75,75,75,75,80,80,80,80,80,80,80],"card_choices":[{"not_picked":["Slimebound:PressTheAttack","Slimebound:AcidTongue"],"picked":"Slimebound:Gluttony","floor":2},{"not_picked":["Slimebound:GoopSpray","Slimebound:PressTheAttack"],"picked":"Slimebound:LeechingTouch","floor":3},{"not_picked":["Slimebound:SlimeTap","Slimebound:Grow","Slimebound:FinishingTackle"],"picked":"SKIP","floor":4},{"not_picked":["Slimebound:SplitAcid","Slimebound:Prepare"],"picked":"Slimebound:MegaLick","floor":6},{"not_picked":["Slimebound:ProtectTheBoss","Slimebound:SplitMire"],"picked":"Slimebound:GoopSpray","floor":9},{"not_picked":["Slimebound:PressTheAttack","Slimebound:SplitBruiser"],"picked":"Slimebound:LeechingTouch","floor":12},{"not_picked":["Slimebound:DivideAndConquer","Slimebound:WasteNot"],"picked":"Slimebound:Gluttony","floor":14},{"not_picked":["Slimebound:FinishingTackle","Slimebound:LeechingTouch"],"picked":"Slimebound:SplitLeeching","floor":15},{"not_picked":["Slimebound:LivingWall+1","Slimebound:Replication"],"picked":"Slimebound:GrowthPunch","floor":19},{"not_picked":["Slimebound:SplitBruiser+1","Slimebound:ProtectTheBoss+1"],"picked":"Slimebound:Schlurp","floor":20},{"not_picked":["Slimebound:LeechEnergy","Slimebound:SlimeBrawl","Slimebound:SlimeSpikes"],"picked":"SKIP","floor":21},{"not_picked":["Slimebound:Gluttony","Slimebound:RollThrough"],"picked":"Slimebound:SamplingLick","floor":22},{"not_picked":["Slimebound:LeechEnergy","Slimebound:SlimeSpikes","Slimebound:ProtectTheBoss"],"picked":"SKIP","floor":25},{"not_picked":["Slimebound:SplitAcid","Slimebound:SplitMire"],"picked":"Slimebound:AcidTongue","floor":28},{"not_picked":["Slimebound:SlimeSlap","Slimebound:Prepare"],"picked":"Slimebound:LeechingTouch+1","floor":30},{"not_picked":["Slimebound:Equalize","Slimebound:Prepare","Slimebound:ItLooksTasty"],"picked":"SKIP","floor":32},{"not_picked":["Slimebound:RejuvenatingLick","Slimebound:RollThrough","Slimebound:LeechEnergy+1"],"picked":"SKIP","floor":36},{"not_picked":["Slimebound:ForwardTackle","Slimebound:LeechingTouch"],"picked":"Slimebound:SpikyOuterGoop","floor":37},{"not_picked":["Slimebound:Schlurp+1","Slimebound:SamplingLick","Slimebound:SlimeTap"],"picked":"SKIP","floor":39},{"not_picked":["Slimebound:SlimeSpikes+1","Slimebound:SplitAcid","Slimebound:Nibble"],"picked":"SKIP","floor":40},{"not_picked":["Slimebound:ViciousTackle+1","Slimebound:LeechingTouch","Slimebound:OneTwoCombo"],"picked":"SKIP","floor":42},{"not_picked":["Slimebound:SplitAcid","Slimebound:SlimeBarrage","Slimebound:ViciousTackle"],"picked":"SKIP","floor":43},{"not_picked":["Slimebound:DivideAndConquer+1","Slimebound:Nibble+1","Slimebound:LeechingTouch"],"picked":"SKIP","floor":45},{"not_picked":["Slimebound:RollThrough+1","Slimebound:FlameTackle","Slimebound:ForwardTackle"],"picked":"SKIP","floor":46},{"not_picked":["Slimebound:FlameTackle+1","Slimebound:Prepare+1","Slimebound:FinishingTackle"],"picked":"SKIP","floor":47},{"not_picked":["Slimebound:ViciousTackle","Slimebound:CheckThePlaybook","Slimebound:RollThrough"],"picked":"SKIP","floor":48},{"not_picked":["Slimebound:RallyTheTroops","Slimebound:SlimeSpikes","Slimebound:FinishingTackle+1"],"picked":"SKIP","floor":49}],"player_experience":479114,"relics_obtained":[{"floor":1,"key":"conspire:InfiniteJournal"},{"floor":9,"key":"StuffTheSpire:Nightcore"},{"floor":14,"key":"hubris:TenFootPole"},{"floor":24,"key":"Lantern"},{"floor":28,"key":"Slimebound:AggressiveSlimeRelic"},{"floor":28,"key":"TungstenRod"},{"floor":29,"key":"Mercury Hourglass"},{"floor":29,"key":"halation:QuantumPhysicsTextbook"},{"floor":30,"key":"reliquary:Aerogel"},{"floor":30,"key":"StuffTheSpire:Experiment12"},{"floor":38,"key":"reliquary:Buckler"},{"floor":41,"key":"conspire:Flyswatter"},{"floor":42,"key":"Akabeko"},{"floor":42,"key":"Blood Vial"},{"floor":48,"key":"halation:Pancakes"},{"floor":48,"key":"Durian"}],"event_choices":[{"damage_healed":0,"gold_gain":100,"player_choice":"Gold","damage_taken":0,"max_hp_gain":0,"max_hp_loss":0,"event_name":"Wheel of Change","floor":11,"gold_loss":0}],"is_beta":false,"boss_relics":[{"not_picked":["aspiration:DefectSkillbook","hubris:HollowSoul"],"picked":"Black Star"},{"not_picked":["Cursed Key","Runic Dome","hubris:VirtuousBlindfold"]}],"items_purged_floors":[22,37,45],"is_endless":false,"potions_floor_spawned":[4,6,9,19,25,30,32,36,38,39,42,46],"killed_by":"downfall:CharBossMerchant","ascension_level":0}}