{"host":"1ycuxm9gov0tl9zf","time":1613768074,"event":{"mods":["AchievementEnabler","Act Like it!","BaseMod","Colored Powertips","Downfall","Gensokyo","GifTheSpireLib","Hallownest","Marisa£®ÏF”Í°°ƒß¿Ì…≥£©","Minty Spire (QoL Compilation)","Quick Restart","Remilia£®¿Ÿ√◊¿Ú—«£©","Replay The Spire","Shop Mod","StSLib","The Administrix","The Animator","The Bug Knight"],"gold_per_floor":[112,122,139,153,172,172,198,211,237,262,262,273,273,273,273,374,374,390,405,355,375,103,103,135,135,135],"floor_reached":25,"language":"ZHS","playtime":34663,"items_purged":["Strike_G"],"score":235,"play_id":"7a68faf6-7492-49cf-9014-f29b6518a9da","local_time":"20210220045434","is_ascension_mode":false,"campfire_choices":[{"data":"ReplayTheSpireMod:Scrap Shanks","floor":6,"key":"SMITH"},{"data":"Dagger Throw","floor":11,"key":"SMITH"},{"data":"Accuracy","floor":13,"key":"SMITH"},{"floor":15,"key":"RECALL"},{"data":"Noxious Fumes","floor":23,"key":"SMITH"}],"circlet_count":0,"master_deck":["Strike_G","Strike_G","Strike_G","Strike_G","Defend_G","Defend_G","Defend_G","Defend_G","Defend_G","Survivor","Neutralize","Flying Knee","ReplayTheSpireMod:Scrap Shanks+1","Poisoned Stab","Cloak And Dagger+1","Dodge and Roll","Tactician","Dagger Throw","Dagger Throw+1","Accuracy+1","Phantasmal Killer","Noxious Fumes+1","Flying Knee","Deadly Poison","Underhanded Strike"],"relics":["Honey Jar","Incense Burner","Vajra","Lizard Tail","Busted Crown","Membership Card","Gremlin Food","Replay:Mystery Machine"],"acts_visited":["Exordium","TheCity"],"potions_floor_usage":[5,7,12],"damage_taken":[{"damage":0,"enemies":"2 Louse","floor":1,"turns":3},{"damage":0,"enemies":"Jaw Worm","floor":2,"turns":4},{"damage":0,"enemies":"Cultist","floor":3,"turns":3},{"damage":0,"enemies":"2 Fungi Beasts","floor":4,"turns":3},{"damage":4,"enemies":"Exordium Thugs","floor":5,"turns":6},{"damage":26,"enemies":"Gremlin Nob","floor":7,"turns":4},{"damage":4,"enemies":"Blue Slaver","floor":8,"turns":3},{"damage":6,"enemies":"3 Sentries","floor":10,"turns":6},{"damage":4,"enemies":"Gremlin Gang","floor":12,"turns":3},{"damage":1,"enemies":"Hexaghost","floor":16,"turns":8},{"damage":3,"enemies":"3 Byrds","floor":18,"turns":4},{"damage":14,"enemies":"Spheric Guardian","floor":19,"turns":4},{"damage":5,"enemies":"Centurion and Healer","floor":21,"turns":4},{"damage":28,"enemies":"Gremlin Leader","floor":24,"turns":4},{"damage":20,"enemies":"Shelled Parasite and Fungi","floor":25,"turns":4}],"seed_played":"2168857927898337637","potions_obtained":[{"floor":1,"key":"PowerPotion"},{"floor":2,"key":"Swift Potion"},{"floor":3,"key":"Adrenaline Potion"},{"floor":7,"key":"FearPotion"},{"floor":12,"key":"Milkshake"},{"floor":24,"key":"Adrenaline Potion"}],"is_trial":false,"path_per_floor":["M","M","M","M","M","R","E","M","T","E","R","M","R","?","R","B",null,"M","M","?","M","$","R","E","M"],"character_chosen":"THE_SILENT","items_purchased":["Membership Card","Gremlin Food"],"campfire_rested":0,"item_purchase_floors":[22,22],"current_hp_per_floor":[70,70,70,70,66,66,40,36,36,30,30,26,26,26,26,25,70,67,53,53,48,48,48,20,35,35],"gold":135,"neow_bonus":"BOSS_RELIC","is_daily":false,"chose_seed":false,"campfire_upgraded":4,"win_rate":0.0,"timestamp":1613768074,"path_taken":["M","M","M","M","M","R","E","M","T","E","R","M","R","?","R","BOSS","M","M","?","?","$","R","E","M"],"items_purchased_type":["Relic","Relic"],"build_version":"2020-12-22","purchased_purges":1,"victory":false,"max_hp_per_floor":[70,70,70,70,70,70,70,70,70,70,70,70,70,70,70,70,70,70,70,70,70,70,70,70,70,70],"card_choices":[{"not_picked":["Calculated Gamble","Bouncing Flask","Slice"],"picked":"Flying Knee","floor":1},{"not_picked":["Hidden Blade","Sucker Punch","Dash"],"picked":"ReplayTheSpireMod:Scrap Shanks","floor":2},{"not_picked":["Outmaneuver","Cloak And Dagger","Sucker Punch"],"picked":"Poisoned Stab","floor":3},{"not_picked":["Outmaneuver","Terror","Blade Dance"],"picked":"Cloak And Dagger","floor":4},{"not_picked":["Dagger Spray","Bullet Time","Outmaneuver"],"picked":"Dodge and Roll","floor":5},{"not_picked":["Heel Hook","Dagger Spray","Cloak And Dagger"],"picked":"Tactician","floor":7},{"not_picked":["Deadly Poison","PiercingWail","Tactician"],"picked":"Dagger Throw","floor":8},{"not_picked":["ReplayTheSpireMod:From All Sides","Phantasmal Killer","Deadly Poison"],"picked":"Dagger Throw","floor":10},{"not_picked":["Distraction","Poisoned Stab","Terror"],"picked":"Accuracy","floor":12},{"not_picked":["Atom Bomb","Venomology","Wraith Form v2"],"picked":"Phantasmal Killer","floor":16},{"not_picked":["Dodge and Roll"],"picked":"Noxious Fumes","floor":18},{"not_picked":["Cloak And Dagger"],"picked":"Flying Knee","floor":19},{"not_picked":["Escape Plan"],"picked":"Deadly Poison","floor":21},{"not_picked":["PiercingWail"],"picked":"Underhanded Strike","floor":24}],"player_experience":71483,"relics_obtained":[{"floor":7,"key":"Incense Burner"},{"floor":9,"key":"Vajra"},{"floor":10,"key":"Lizard Tail"},{"floor":24,"key":"Replay:Mystery Machine"}],"event_choices":[{"damage_healed":0,"gold_gain":0,"player_choice":"Bet on Murderer","damage_taken":0,"max_hp_gain":0,"max_hp_loss":0,"event_name":"The Joust","floor":20,"gold_loss":50}],"is_beta":false,"boss_relics":[{"not_picked":["SlaversCollar","Runic Dome"],"picked":"Busted Crown"}],"items_purged_floors":[22],"is_endless":false,"potions_floor_spawned":[1,2,3,7,12,24],"killed_by":"Shelled Parasite and Fungi","ascension_level":0}}