{"host":"xurz8oye0j2lsa2k","time":1613767143,"event":{"mods":["AchievementEnabler","Aspiration","BaseMod","Bestiary","BetterRewards","Colored Map","Downfall","Hubris","Minty Spire (QoL Compilation)","Permanent Neow","Replay The Spire","Spicy Shops","StSLib","The Servant 0.9.4","UnlockEverythingMod"],"gold_per_floor":[111,211,229,259,280,322,322,302,352,377,400,439,465,489,489,603,603,631,631,653,676,591,591,591,628,655,302,350,91,91,120,120,238,303,329,329,357,388,114,114,156,187,210,239,272,272,340,19,19,19,19,19,19,69,69,69],"floor_reached":55,"language":"ENG","playtime":3056,"items_purged":["Spreading Infection","downfall:Haunted","downfall:Malfunctioning","Overencumbered","Parasite"],"score":1200,"play_id":"540ff600-188f-4ca9-a4f4-4fc9b1bf4fe7","local_time":"20210219153903","is_ascension_mode":false,"campfire_choices":[{"floor":7,"key":"REST"},{"floor":30,"key":"RECALL"},{"data":"Draining Mist","floor":32,"key":"SMITH"},{"data":"downfall:Haunted","floor":52,"key":"PURGE"}],"circlet_count":0,"master_deck":["Strike_S","Defend_S","Defend_S","Defend_S","KidneyShot","Exchange","ShatteredReality+1","ShatteredReality+1","GearUp+1","hubris:Greed","Embodiment+1","hubris:Greed","Dilation","Ricochet","Ricochet","ShatteredReality","FastForward+1","Heel Hook","Heel Hook","Draining Mist+1","Revamp+1","hubris:Greed","Solidify","Moonlight","TimeWarp","Rewind+1","Rearm","SoulSculpture","hubris:DuctTapeCard","Shuttle","hubris:Greed","hubris:Greed","hubris:Greed"],"relics":["Uniform","Pan","Du-Vu Doll","hubris:GlazedTorus","ReplayTheSpireMod:TigerMarble","Simple Rune","bronze:MakeshiftBattery","Spirit Poop","ReplayFunnel","Smiling Mask","Vajra","ReplayTheSpireMod:CursedCoin","hubris:FunFungus","War Paint","MawBank","Nunchaku","Guide Book","Tiny House","Chemical X","Replay:Multitool","aspiration:AnachronicSnailShell","Counterbalance","hubris:DuctTape","Pen Nib","Kunai"],"acts_visited":["Exordium","TheCity","TheBeyond","TheEnding"],"potions_floor_usage":[8,16,16,16,18,21,28,35,54,55,55],"damage_taken":[{"damage":2,"enemies":"Small Slimes","floor":1,"turns":2},{"damage":0,"enemies":"Jaw Worm","floor":3,"turns":2},{"damage":0,"enemies":"Cultist","floor":4,"turns":1},{"damage":8,"enemies":"Blue Slaver","floor":5,"turns":3},{"damage":36,"enemies":"Gremlin Nob","floor":6,"turns":5},{"damage":0,"enemies":"Gremlin Gang","floor":10,"turns":2},{"damage":0,"enemies":"Lots of Slimes","floor":11,"turns":2},{"damage":12,"enemies":"3 Sentries","floor":12,"turns":4},{"damage":6,"enemies":"Exordium Wildlife","floor":13,"turns":3},{"damage":0,"enemies":"Blue Slaver","floor":14,"turns":1},{"damage":0,"enemies":"Fading Forest","floor":16,"turns":11},{"damage":0,"enemies":"2 Thieves","floor":18,"turns":2},{"damage":0,"enemies":"Chosen","floor":20,"turns":2},{"damage":0,"enemies":"Snake Plant","floor":21,"turns":1},{"damage":11,"enemies":"Book of Stabbing","floor":25,"turns":4},{"damage":4,"enemies":"Slavers","floor":28,"turns":3},{"damage":0,"enemies":"Cultist and Chosen","floor":31,"turns":3},{"damage":0,"enemies":"Champ","floor":33,"turns":7},{"damage":10,"enemies":"Orb Walker","floor":35,"turns":2},{"damage":21,"enemies":"3 Darklings","floor":37,"turns":3},{"damage":18,"enemies":"Writhing Mass","floor":38,"turns":4},{"damage":1,"enemies":"Nemesis","floor":41,"turns":7},{"damage":6,"enemies":"Sphere and 2 Shapes","floor":42,"turns":3},{"damage":17,"enemies":"Jaw Worm Horde","floor":44,"turns":3},{"damage":12,"enemies":"4 Shapes","floor":45,"turns":1},{"damage":0,"enemies":"2 Orb Walkers","floor":47,"turns":2},{"damage":27,"enemies":"Time Eater","floor":50,"turns":11},{"damage":42,"enemies":"Shield and Spear","floor":54,"turns":5},{"damage":47,"enemies":"The Heart","floor":55,"turns":3}],"seed_played":"2247881991425885846","potions_obtained":[{"floor":5,"key":"LifebloodPotion"},{"floor":6,"key":"SkillPotion"},{"floor":8,"key":"Fruit Juice"},{"floor":10,"key":"BlessingOfTheForge"},{"floor":11,"key":"Elixir"},{"floor":16,"key":"Fire Potion"},{"floor":18,"key":"Swift Potion"},{"floor":21,"key":"Explosive Potion"},{"floor":28,"key":"Energy Potion"},{"floor":34,"key":"Doom Potion"},{"floor":38,"key":"Toxic Potion"},{"floor":41,"key":"Cursed Concoction"},{"floor":54,"key":"Block Potion"}],"is_trial":false,"path_per_floor":["M","?","M","M","M","E","R","?","T","M","M","E","M","M","R_BF","B",null,"M","?","M","M","?","?","?","E","T","$","E","$","R","M","R","B",null,"M","?","M","M","$","R","E","M","T","M","M","?","?","$","R","B",null,"R","$","E","B"],"character_chosen":"THE_SERVANT","items_purchased":["ShatteredReality","Pan","ReplayTheSpireMod:CursedCoin","hubris:FunFungus","War Paint","Nunchaku","Guide Book","Chemical X","Replay:Multitool","hubris:DuctTape","Pen Nib"],"campfire_rested":1,"item_purchase_floors":[0,0,27,27,27,29,29,39,39,48,48],"current_hp_per_floor":[55,60,60,60,52,16,37,42,42,42,42,30,24,24,46,46,75,75,75,75,75,75,75,75,64,64,64,63,63,63,65,65,71,80,70,70,49,35,35,59,65,61,61,44,32,32,32,32,55,45,77,77,77,36,0,0],"gold":69,"neow_bonus":"","is_daily":false,"chose_seed":false,"campfire_upgraded":1,"win_rate":0.0,"timestamp":1613767143,"path_taken":["M","?","M","M","M","E","R","?","T","M","?","E","M","M","R_BF","BOSS","M","?","?","?","?","?","?","E","T","$","E","$","R","M","R","BOSS","M","?","M","M","$","R","E","M","T","?","M","?","?","$","R","BOSS","R","$","E","BOSS"],"items_purchased_type":["Card","Relic","Relic","Relic","Relic","Relic","Relic","Relic","Relic","Relic","Relic"],"build_version":"2020-12-22","purchased_purges":5,"victory":false,"max_hp_per_floor":[65,70,70,70,70,70,70,75,75,75,75,75,75,75,75,75,75,75,75,75,75,75,75,75,75,75,75,75,75,75,75,75,75,80,80,80,80,80,80,80,80,80,80,80,80,80,80,77,77,77,77,77,77,77,77,77],"card_choices":[{"not_picked":["Replace","Defy"],"picked":"GearUp","floor":1},{"not_picked":["Read","Desolation","Revamp"],"picked":"SKIP","floor":3},{"not_picked":["Rearm","Potential"],"picked":"Dilation","floor":4},{"not_picked":["DoubleEdge","Barrier"],"picked":"Ricochet","floor":5},{"not_picked":["Defy","Potential","Rewind"],"picked":"SKIP","floor":6},{"not_picked":["FastForward","SpecialFormula"],"picked":"Ricochet","floor":10},{"not_picked":["Replace","Potential","Alleviate"],"picked":"SKIP","floor":11},{"not_picked":["DoubleEdge","ShatteredReality","Moondial"],"picked":"SKIP","floor":12},{"not_picked":["DoubleEdge","ShatteredReality","Moondial"],"picked":"SKIP","floor":12},{"not_picked":["FastForward","Manipulate"],"picked":"ShatteredReality","floor":13},{"not_picked":["BottledTime","Ricochet"],"picked":"TimeWarp","floor":14},{"not_picked":["Deny","SoulSculpture"],"picked":"KillingDoll","floor":16},{"not_picked":["Alleviate","Advance","Comet"],"picked":"SKIP","floor":18},{"not_picked":["Sabotage","Potential","Defy"],"picked":"SKIP","floor":20},{"not_picked":["Snipe","Unruled"],"picked":"FastForward+1","floor":21},{"not_picked":["ShiftingGears","Potential"],"picked":"Revamp","floor":25},{"not_picked":["Advance","Snipe"],"picked":"SilverBlades","floor":28},{"not_picked":["Manipulate","ForgedInTime","DoubleEdge"],"picked":"SKIP","floor":31},{"not_picked":["Sunlight","MurderousAura"],"picked":"Solidify","floor":33},{"not_picked":["FastForward+1","Rearm","DoubleEdge"],"picked":"SKIP","floor":35},{"not_picked":["FastForward+1","Replace+1"],"picked":"TimeWarp","floor":37},{"not_picked":["Misdirection+1","Luminosity+1"],"picked":"Rewind+1","floor":38},{"not_picked":["MurderousAura","Rewind","Manipulate"],"picked":"SKIP","floor":41},{"not_picked":["Alleviate+1","Revamp+1"],"picked":"Rearm","floor":42},{"not_picked":["BestPractice","ReturningBlade+1","ShatteredReality+1"],"picked":"SKIP","floor":44},{"not_picked":["GearUp","Unruled","Alleviate"],"picked":"SKIP","floor":45},{"not_picked":["DoubleEdge","SpecialFormula"],"picked":"SoulSculpture","floor":47},{"not_picked":["Rewind+1","Sabotage+1"],"picked":"Shuttle","floor":54}],"player_experience":597165,"relics_obtained":[{"floor":6,"key":"hubris:GlazedTorus"},{"floor":9,"key":"ReplayTheSpireMod:TigerMarble"},{"floor":12,"key":"Simple Rune"},{"floor":25,"key":"Smiling Mask"},{"floor":26,"key":"Vajra"},{"floor":28,"key":"MawBank"},{"floor":41,"key":"aspiration:AnachronicSnailShell"},{"floor":47,"key":"Counterbalance"},{"floor":54,"key":"Kunai"}],"event_choices":[{"damage_healed":0,"gold_gain":0,"player_choice":"Bought 1 Potion","damage_taken":0,"max_hp_gain":0,"max_hp_loss":0,"event_name":"The Woman in Blue","floor":8,"gold_loss":0},{"cards_removed":["ReplayTheSpireMod:Splinters"],"damage_healed":0,"gold_gain":0,"player_choice":"Offered Curse","damage_taken":0,"relics_obtained":["Spirit Poop"],"max_hp_gain":0,"max_hp_loss":0,"event_name":"Bonfire Elementals","floor":19,"gold_loss":0},{"damage_healed":0,"gold_gain":0,"player_choice":"Obtained Relic","damage_taken":0,"relics_obtained":["ReplayFunnel"],"max_hp_gain":0,"max_hp_loss":0,"event_name":"Addict","floor":22,"gold_loss":85},{"damage_healed":0,"gold_gain":0,"player_choice":"Ignored","damage_taken":0,"max_hp_gain":0,"max_hp_loss":0,"event_name":"Vampires","floor":23,"gold_loss":0},{"damage_healed":0,"gold_gain":0,"player_choice":"2 cards matched","damage_taken":0,"max_hp_gain":0,"max_hp_loss":0,"event_name":"Match and Keep!","floor":36,"gold_loss":0,"cards_obtained":["Moonlight","Overencumbered"]},{"cards_removed":["TimeWarp"],"damage_healed":0,"gold_gain":0,"player_choice":"Removed Attack","damage_taken":0,"max_hp_gain":0,"max_hp_loss":0,"event_name":"Falling","floor":46,"gold_loss":0},{"damage_healed":0,"gold_gain":0,"player_choice":"Fight","damage_taken":0,"max_hp_gain":0,"max_hp_loss":0,"event_name":"Mysterious Sphere","floor":47,"gold_loss":0}],"is_beta":false,"boss_relics":[{"not_picked":["Honey Jar","hubris:TerracottaHorce"],"picked":"bronze:MakeshiftBattery"},{"not_picked":["hubris:RunicObelisk","Busted Crown"],"picked":"Tiny House"}],"items_purged_floors":[0,27,29,39,48],"is_endless":false,"potions_floor_spawned":[5,6,10,11,16,18,21,28,38,41,54],"killed_by":"The Heart","ascension_level":0}}