{"host":"gvmmh8a4dbuurnvz","time":1613712413,"event":{"mods":["100% Spire Juice","AchievementEnabler","Aspiration","BaseMod","Better Vampires","BetterRewards","Colored Powertips","Highlight Path","Marisa£®ÏF”Í°°ƒß¿Ì…≥£©","Minty Spire (QoL Compilation)","MostiFishMod","Remilia£®¿Ÿ√◊¿Ú—«£©","Spicy Shops","StSLib","The Cursed","The Runesmith","The Servant 0.9.4","Youmu£®ªÍ∆«—˝√Œ£©","°æ“≈ŒÔø®≈∆°øREMEMod"],"gold_per_floor":[116,116,127,127,137,137,162,162,162,173,184,184,218,234,234,331,331,351,361,62,82,10,10,36,66,66,66,66,84,98,98,98,199,199,215,215,90,0,0,28,81,98,98,123,123,136,171,51,51,51,51,51,51,78,78],"floor_reached":56,"language":"ZHS","playtime":2521,"items_purged":["Moonworks:Strike","Normality","Moonworks:Strike"],"score":1538,"play_id":"a8fdabfb-c5d2-4942-8dde-1ef185b0f9ec","local_time":"20210219132653","is_ascension_mode":false,"campfire_choices":[{"data":"MostiFishMod:SephirahHod","floor":6.0,"key":"SMITH"},{"floor":8.0,"key":"RECALL"},{"data":"Moonworks:JonathanRush","floor":12.0,"key":"SMITH"},{"data":"Moonworks:CloudOfSeagulls","floor":15.0,"key":"SMITH"},{"data":"Moonworks:JonathanRush","floor":23.0,"key":"SMITH"},{"data":"Moonworks:JonathanRush","floor":32.0,"key":"SMITH"},{"data":"Moonworks:CloudOfSeagulls","floor":49,"key":"SMITH"},{"data":"REME_FirmDetermination","floor":52,"key":"SMITH"}],"circlet_count":0,"master_deck":["Moonworks:Strike","Moonworks:Strike","Moonworks:Defend","Moonworks:Defend","Moonworks:Defend","Moonworks:Defend","Moonworks:Ambush","Moonworks:LongDistanceShot","MostiFishMod:SephirahHod+1","Moonworks:CloudOfSeagulls+1","Moonworks:ForcedRevival+1","Moonworks:EvilSpyWorkPreparation+1","Moonworks:JonathanRush+1","Moonworks:CloudOfSeagulls+1","Moonworks:JonathanRush+1","Moonworks:JonathanRush+1","REME_FirmDetermination+1","Moonworks:BigMagnum+1","Moonworks:CookingTime+1"],"relics":["Moonworks:BrokenBomb","Moonworks:Homemark","DaveBox","REME_ComplimentaryCards","MostiFishMod:Hod","Turnip","ChiLing","Chi","Ling","Toxic Egg 2","Bag of Preparation","SynthV:TestCard","Happy Flower","PreservedInsect","REME_LowDesire","Bag of Marbles","Regal Pillow","Anchor","BionicSphere","Ancient Tea Set","InkBottle","Strawberry","aspiration:RitualStick","GreenFoldingFan","Red Mask","MealTicket","CatCart","Pantograph","Runesmith:AutoHammer","Vajra"],"acts_visited":["Exordium","TheCity","TheBeyond","TheEnding"],"potions_floor_usage":[47,50,55],"damage_taken":[{"damage":1.0,"enemies":"Cultist","floor":1.0,"turns":1.0},{"damage":1.0,"enemies":"2 Louse","floor":3.0,"turns":1.0},{"damage":2.0,"enemies":"Jaw Worm","floor":5.0,"turns":2.0},{"damage":3.0,"enemies":"Lagavulin","floor":7.0,"turns":2.0},{"damage":3.0,"enemies":"Blue Slaver","floor":10.0,"turns":1.0},{"damage":2.0,"enemies":"2 Fungi Beasts","floor":11.0,"turns":1.0},{"damage":3.0,"enemies":"3 Sentries","floor":13.0,"turns":2.0},{"damage":3.0,"enemies":"Looter","floor":14.0,"turns":1.0},{"damage":29.0,"enemies":"Hexaghost","floor":16.0,"turns":6.0},{"damage":2.0,"enemies":"Shell Parasite","floor":18.0,"turns":2.0},{"damage":2.0,"enemies":"Chosen","floor":19.0,"turns":3.0},{"damage":3.0,"enemies":"Centurion and Healer","floor":21.0,"turns":2.0},{"damage":2.0,"enemies":"Slavers","floor":25.0,"turns":1.0},{"damage":3.0,"enemies":"Snecko","floor":29.0,"turns":2.0},{"damage":3.0,"enemies":"Cultist and Chosen","floor":30.0,"turns":2.0},{"damage":43.0,"enemies":"Automaton","floor":33.0,"turns":3.0},{"damage":5.0,"enemies":"Orb Walker","floor":35.0,"turns":1.0},{"damage":11.0,"enemies":"Giant Head","floor":40.0,"turns":3.0},{"damage":15.0,"enemies":"Orin","floor":41.0,"turns":6.0},{"damage":3.0,"enemies":"3 Shapes","floor":42.0,"turns":1.0},{"damage":9.0,"enemies":"Nemesis","floor":44.0,"turns":3.0},{"damage":7.0,"enemies":"Jaw Worm Horde","floor":46.0,"turns":2.0},{"damage":12,"enemies":"Reptomancer","floor":47,"turns":2},{"damage":49,"enemies":"Time Eater","floor":50,"turns":8},{"damage":13,"enemies":"Shield and Spear","floor":54,"turns":2},{"damage":131,"enemies":"The Heart","floor":55,"turns":7}],"seed_played":"5357839731951865592","potions_obtained":[{"floor":3.0,"key":"CultistPotion"},{"floor":10.0,"key":"Strength Potion"},{"floor":13.0,"key":"Regen Potion"},{"floor":14.0,"key":"Moonworks:OneHundredPercentOrangeJuicePotion"},{"floor":19.0,"key":"REME_GoldPotion"},{"floor":21.0,"key":"Swift Potion"},{"floor":35.0,"key":"PowerPotion"},{"floor":42.0,"key":"AttackPotion"},{"floor":46.0,"key":"ColorlessPotion"},{"floor":54,"key":"DistilledChaos"}],"is_trial":false,"path_per_floor":["M","$","M","?","M","R","E","R","T","M","M","R","E","M","R","B",null,"M","M","$","M","$","R","T","E","T","$","?","M","M","?","R","B",null,"M","?","$","?","$","E","?","M","T","E","?","M","E","$","R","B",null,"R","$","E","B",null],"character_chosen":"THE_STARBREAKER","items_purchased":["Turnip","ChiLing","Moonworks:CloudOfSeagulls","Toxic Egg 2","Bag of Preparation","Moonworks:ForcedRevival+1","Anchor","BionicSphere","Moonworks:JonathanRush"],"campfire_rested":0,"item_purchase_floors":[0,0,0,0,0,0,20,20,22],"current_hp_per_floor":[60,60,59,59,58,58,58,58,58,60,58,58,55,52,52,31,60,60,59,59,58,58,58,58,56,63,63,63,66,63,50,50,15,67,67,67,67,67,67,66,65,67,67,67,67,67,67,67,67,28,67,67,67,64,16],"gold":78,"neow_bonus":"","is_daily":false,"chose_seed":false,"campfire_upgraded":7,"win_rate":0.0,"timestamp":1613712413,"path_taken":["M","$","?","?","?","R","E","R","T","M","M","R","E","M","R","BOSS","M","M","$","M","?","R","?","E","T","$","?","M","?","?","R","BOSS","M","?","$","?","$","E","?","?","T","E","?","M","E","$","R","BOSS","R","$","E","BOSS"],"items_purchased_type":["Relic","Relic","Card","Relic","Relic","Card","Relic","Relic","Card"],"build_version":"2020-12-22","purchased_purges":3,"victory":true,"max_hp_per_floor":[60,60,60,60,60,60,60,60,60,60,60,60,60,60,60,60,60,60,60,60,60,60,60,60,60,67,67,67,67,67,67,67,67,67,67,67,67,67,67,67,67,67,67,67,67,67,67,67,67,67,67,67,67,67,67],"card_choices":[{"not_picked":["Moonworks:BigMagnum+1","Moonworks:CloudOfSeagulls"],"picked":"Moonworks:EvilSpyWorkPreparation+1","floor":1.0},{"not_picked":["Moonworks:DeployBits+1","Moonworks:AngelHand+1","Moonworks:UnluckyCharm+1","Moonworks:NicePresent+1","Moonworks:RagingMadness"],"picked":"SKIP","floor":3.0},{"not_picked":["Moonworks:IndiscriminateFireSupport","Moonworks:Assault","Moonworks:ImOnFire+1","Moonworks:SakisCookie+1"],"picked":"Moonworks:JonathanRush","floor":5.0},{"not_picked":["Moonworks:NicePresent+1","Moonworks:x16BigRocket","Moonworks:EvilSpyWorkPreparation+1","Moonworks:SubspaceTunnel+1","Moonworks:BigMagnum+1"],"picked":"SKIP","floor":7.0},{"not_picked":["Moonworks:RedAndBlue+1","Moonworks:BindingChains+1","Moonworks:SakisCookie+1","Moonworks:StiffCrystal+1","Moonworks:LuckyCharm+1"],"picked":"SKIP","floor":10.0},{"not_picked":["Moonworks:DevilHand","Moonworks:Heat300Percent+1","Moonworks:BigMagnum+1","Moonworks:JonathanRush","Moonworks:TacticalRetreat+1"],"picked":"SKIP","floor":11.0},{"not_picked":["Moonworks:CrystalBarrier","Moonworks:JonathanRush","Moonworks:FinalSurgery","Moonworks:IndiscriminateFireSupport","Moonworks:DeployBits+1"],"picked":"SKIP","floor":13.0},{"not_picked":["Moonworks:ForcedRevival+1","Moonworks:BigMagnum+1","Moonworks:SakisCookie+1","Moonworks:AccelHyper+1","Moonworks:DeployBits+1"],"picked":"SKIP","floor":14.0},{"not_picked":["Moonworks:EvilSpyWorkPreparation+1","Moonworks:Flamethrower+1","Moonworks:IndiscriminateFireSupport","Moonworks:SelfDestruct+1","Chrysalis+1"],"picked":"Moonworks:CloudOfSeagulls","floor":18.0},{"not_picked":["Moonworks:LulusLuckyEgg+1","Moonworks:CloudOfSeagulls","Moonworks:EvilSpyWorkPreparation+1","Moonworks:IntelligenceOfficer+1","REME_FirmDetermination"],"picked":"Moonworks:JonathanRush","floor":19.0},{"not_picked":["Moonworks:MixPhenomenon+1","Moonworks:UnpaidWork+1","Moonworks:DeployBits+1","Moonworks:BigMagnum+1","Moonworks:MetallicMonocoque","REME_Flogging"],"picked":"SKIP","floor":21.0},{"not_picked":["Moonworks:SakisCookie+1","Moonworks:CloudOfSeagulls","Moonworks:IndiscriminateFireSupport","Moonworks:ImOnFire+1","Moonworks:PlushieMaster+1","Panache"],"picked":"SKIP","floor":25.0},{"not_picked":["Moonworks:UnluckyCharm+1","Moonworks:MiracleRedBeanIceCream+1","Moonworks:SakisCookie+1","Moonworks:IndiscriminateFireSupport+1","Moonworks:AwakeningOfTalent","REME_WheelOfFate+1"],"picked":"SKIP","floor":29.0},{"not_picked":["Moonworks:NicePresent+1","Moonworks:ReproductionOfRecords+1","Moonworks:DeployBits+1","Moonworks:LulusLuckyEgg+1","Moonworks:ImOnFire+1","Panache"],"picked":"SKIP","floor":30.0},{"not_picked":["Moonworks:NicePresent+1","Moonworks:JonathanRush","Moonworks:EvilSpyWorkPreparation+1","Moonworks:SealedMemories+1","Moonworks:DeployBits+1","Finesse+1"],"picked":"SKIP","floor":35.0},{"not_picked":["Madness+1","MostiFishMod:Kaleido+1","Good Instincts+1","REME_TheoryOfElimination+1"],"picked":"REME_FirmDetermination","floor":36.0},{"not_picked":["Moonworks:CloudOfSeagulls","Moonworks:Accelerator","Moonworks:IndiscriminateFireSupport","Moonworks:DeployBits+1","Moonworks:EvilSpyWorkPreparation+1","REME_Flogging"],"picked":"SKIP","floor":40.0},{"not_picked":["Moonworks:DeployBits+1","Moonworks:RagingMadness+1","Moonworks:ExtendedPhotonRifle+1","Moonworks:SakisCookie+1","Moonworks:Heat300Percent+1","REME_EyeOfCthun"],"picked":"SKIP","floor":42.0},{"not_picked":["Moonworks:CrystalBarrier","Moonworks:IndiscriminateFireSupport+1","Moonworks:JonathanRush","Moonworks:NicePresent+1","Moonworks:RagingMadness","Impatience+1"],"picked":"SKIP","floor":44.0},{"not_picked":["Moonworks:ScrambledEve+1","Moonworks:DeployBits+1","Moonworks:JonathanRush+1","Moonworks:CloudOfSeagulls+1","HandOfGreed"],"picked":"Moonworks:BigMagnum+1","floor":46.0},{"not_picked":["Moonworks:BigMagnum+1","Moonworks:Flamethrower+1","Moonworks:SweetBattle+1","Moonworks:UnpaidWork+1","Moonworks:WindyEnchantment+1","REME_TwoStrings+1"],"picked":"SKIP","floor":47},{"not_picked":["Moonworks:IndiscriminateFireSupport","Moonworks:DevilHand+1","Moonworks:LulusLuckyEgg+1","Moonworks:DeployBits+1","MostiFishMod:OneDayCity+1"],"picked":"Moonworks:CookingTime+1","floor":54}],"player_experience":352758,"relics_obtained":[{"floor":1.0,"key":"SynthV:TestCard"},{"floor":7.0,"key":"Happy Flower"},{"floor":13.0,"key":"PreservedInsect"},{"floor":17.0,"key":"Bag of Marbles"},{"floor":17.0,"key":"Regal Pillow"},{"floor":24.0,"key":"Ancient Tea Set"},{"floor":25.0,"key":"InkBottle"},{"floor":26.0,"key":"Strawberry"},{"floor":40.0,"key":"MealTicket"},{"floor":41.0,"key":"CatCart"},{"floor":43.0,"key":"Pantograph"},{"floor":44.0,"key":"Runesmith:AutoHammer"},{"floor":54,"key":"Vajra"}],"event_choices":[{"damage_healed":0.0,"max_hp_gain":0.0,"max_hp_loss":0.0,"gold_gain":0.0,"event_name":"The Woman in Blue","player_choice":"Bought 0 Potions","floor":4.0,"gold_loss":0.0,"damage_taken":0.0},{"damage_healed":0.0,"max_hp_gain":0.0,"max_hp_loss":0.0,"gold_gain":0.0,"event_name":"Cursed Tome","player_choice":"Ignored","floor":28.0,"gold_loss":0.0,"damage_taken":0.0},{"damage_healed":0.0,"max_hp_gain":0.0,"max_hp_loss":0.0,"gold_gain":0.0,"event_name":"SensoryStone","player_choice":"Memory 1","floor":36.0,"gold_loss":0.0,"damage_taken":0.0},{"damage_healed":0.0,"max_hp_gain":0.0,"max_hp_loss":0.0,"gold_gain":0.0,"event_name":"Tomb of Lord Red Mask","player_choice":"Paid","floor":38.0,"gold_loss":90.0,"damage_taken":0.0,"relics_obtained":["Red Mask"]},{"damage_healed":0.0,"max_hp_gain":0.0,"max_hp_loss":0.0,"gold_gain":0.0,"event_name":"OrinTheCat","player_choice":"Fight","floor":41.0,"gold_loss":0.0,"damage_taken":0.0},{"damage_healed":0.0,"max_hp_gain":0.0,"max_hp_loss":0.0,"gold_gain":0.0,"event_name":"NoteForYourself","player_choice":"Ignored","floor":45.0,"gold_loss":0.0,"damage_taken":0.0}],"is_beta":false,"boss_relics":[{"not_picked":["MoonlightInvasionPlan","Coffee Dripper"],"picked":"REME_LowDesire"},{"not_picked":["REME_ChargedStone","aspiration:MarisaSkillbook"],"picked":"GreenFoldingFan"}],"items_purged_floors":[0,20,37],"is_endless":false,"potions_floor_spawned":[3,10,13,14,16,19,21,25,35,42,44,46,54],"ascension_level":0}}