{"host":"l3lzhw5qete3bz2v","time":1613742528,"event":{"mods":["BaseMod","Colored Map","Colored Powertips","Minty Spire (QoL Compilation)","StSLib","SuperFastMode"],"gold_per_floor":[99,28,28,28,28,28,28,28,28,28,28,28,28,28,28,28,28,0,0,0,0,0,0,0,0,0,0,0,0,0,0,0,0,0,0,0,0,0,0,0,0,0,0,0,0,0,0,0,0,0],"floor_reached":51,"language":"JPN","playtime":2910,"items_purged":[],"score":1031,"play_id":"c72b6ecc-d1fb-4b51-bc57-668626428fd9","local_time":"20210219224848","is_ascension_mode":true,"campfire_choices":[{"data":"Streamline","floor":6.0,"key":"SMITH"},{"data":"Barrage","floor":11.0,"key":"SMITH"},{"data":"Biased Cognition","floor":15.0,"key":"SMITH"},{"data":"Turbo","floor":24.0,"key":"SMITH"},{"floor":28.0,"key":"REST"},{"floor":32.0,"key":"REST"},{"floor":42,"key":"REST"},{"data":"Injury","floor":44,"key":"PURGE"},{"floor":49,"key":"REST"}],"circlet_count":0,"master_deck":["Strike_B","Strike_B","Defend_B","Defend_B","Defend_B","Defend_B","Zap","Dualcast","Lockon","Barrage+1","Streamline+1","Core Surge","Cold Snap","White Noise","Hologram","Reinforced Body","Biased Cognition+1","Reboot","Turbo+1","Ball Lightning","Ball Lightning","Consume+1","Tempest","FTL+1","Core Surge","Glacier+1","Defragment+1","Undo","Hologram+1","Chill","FTL+1"],"relics":["Ectoplasm","Akabeko","CeramicFish","Ice Cream","Inserter","Pen Nib","Red Mask","Centennial Puzzle","Dream Catcher","Cursed Key","Peace Pipe","Dead Branch","Bottled Tornado","Bottled Flame"],"acts_visited":["Exordium","TheCity","TheBeyond"],"potions_floor_usage":[33,33,50,50,50],"damage_taken":[{"damage":1.0,"enemies":"Cultist","floor":1.0,"turns":4.0},{"damage":7.0,"enemies":"Jaw Worm","floor":3.0,"turns":3.0},{"damage":14.0,"enemies":"Gremlin Nob","floor":8.0,"turns":3.0},{"damage":8.0,"enemies":"Lagavulin","floor":12.0,"turns":5.0},{"damage":0.0,"enemies":"Small Slimes","floor":13.0,"turns":2.0},{"damage":2.0,"enemies":"Red Slaver","floor":14.0,"turns":2.0},{"damage":0.0,"enemies":"Hexaghost","floor":16.0,"turns":8.0},{"damage":19.0,"enemies":"2 Thieves","floor":18.0,"turns":4.0},{"damage":12.0,"enemies":"Chosen","floor":19.0,"turns":4.0},{"damage":11.0,"enemies":"Snecko","floor":20.0,"turns":5.0},{"damage":4.0,"enemies":"Gremlin Leader","floor":23.0,"turns":8.0},{"damage":10.0,"enemies":"Masked Bandits","floor":25.0,"turns":3.0},{"damage":3.0,"enemies":"Sentry and Sphere","floor":27.0,"turns":4.0},{"damage":12.0,"enemies":"Centurion and Healer","floor":29.0,"turns":4.0},{"damage":24.0,"enemies":"Slavers","floor":30.0,"turns":4.0},{"damage":0.0,"enemies":"Snake Plant","floor":31.0,"turns":1.0},{"damage":9,"enemies":"Automaton","floor":33,"turns":8},{"damage":6,"enemies":"3 Shapes","floor":35,"turns":5},{"damage":0,"enemies":"Mind Bloom Boss Battle","floor":36,"turns":4},{"damage":3,"enemies":"Orb Walker","floor":38,"turns":2},{"damage":29,"enemies":"Reptomancer","floor":40,"turns":6},{"damage":0,"enemies":"Maw","floor":45,"turns":6},{"damage":11,"enemies":"Jaw Worm Horde","floor":46,"turns":4},{"damage":2,"enemies":"Transient","floor":47,"turns":5},{"damage":8,"enemies":"Nemesis","floor":48,"turns":5},{"damage":0,"enemies":"Donu and Deca","floor":50,"turns":7}],"seed_played":"-8458630807295758872","potions_obtained":[{"floor":8.0,"key":"Weak Potion"},{"floor":13.0,"key":"BlessingOfTheForge"},{"floor":16.0,"key":"SteroidPotion"},{"floor":18.0,"key":"CultistPotion"},{"floor":29.0,"key":"Regen Potion"},{"floor":31.0,"key":"Strength Potion"},{"floor":40,"key":"FocusPotion"},{"floor":45,"key":"Dexterity Potion"},{"floor":47,"key":"SpeedPotion"}],"is_trial":false,"path_per_floor":["M","$","M","?","?","R","?","E","T","$","R","E","M","M","R","B",null,"M","M","M","?","?","E","R","?","T","M","R","M","E","M","R","B",null,"M","?","?","M","T","E","?","R","T","R","M","M","M","E","R","B",null],"character_chosen":"DEFECT","items_purchased":["Fire Potion","Barrage"],"campfire_rested":4,"item_purchase_floors":[2,2],"current_hp_per_floor":[74,74,67,67,60,60,60,46,46,46,46,38,38,36,36,36,65,46,34,23,9,35,31,31,21,21,18,42,30,18,18,42,33,68,62,62,62,59,59,30,30,54,54,54,54,43,41,33,57,57],"gold":0,"neow_bonus":"BOSS_RELIC","is_daily":false,"chose_seed":false,"campfire_upgraded":4,"win_rate":0.0,"timestamp":1613742528,"path_taken":["M","$","M","?","?","R","?","E","T","$","R","E","M","?","R","BOSS","M","?","M","?","?","E","R","?","T","M","R","M","E","M","R","BOSS","M","?","?","?","?","E","?","R","T","R","M","M","M","E","R","BOSS"],"items_purchased_type":["Potion","Card"],"build_version":"2020-12-22","purchased_purges":0,"victory":true,"max_hp_per_floor":[75,75,75,75,75,75,75,75,75,75,75,75,75,75,75,75,75,75,75,75,80,80,80,80,80,80,80,80,80,80,80,80,80,80,80,80,80,80,80,80,80,80,80,80,80,80,80,80,80,80],"card_choices":[{"not_picked":["Gash","Streamline"],"picked":"Lockon","floor":1.0},{"not_picked":["Stack","Coolheaded"],"picked":"Streamline","floor":3.0},{"not_picked":["Coolheaded","Cold Snap"],"picked":"Hologram","floor":8.0},{"not_picked":["Melter","Barrage","Steam"],"picked":"SKIP","floor":12.0},{"not_picked":["Redo","Scrape"],"picked":"Reinforced Body","floor":13.0},{"not_picked":["Tempest","Cold Snap"],"picked":"Biased Cognition","floor":14.0},{"not_picked":["Creative AI","Amplify"],"picked":"Reboot","floor":16.0},{"not_picked":["Hologram","Barrage"],"picked":"Turbo","floor":18.0},{"not_picked":["Redo","Capacitor","Gash+1"],"picked":"SKIP","floor":19.0},{"not_picked":["Rip and Tear","Sweeping Beam","Rebound"],"picked":"SKIP","floor":20.0},{"not_picked":["Darkness","Steam"],"picked":"Ball Lightning","floor":23.0},{"not_picked":["Stack+1","Reboot"],"picked":"Ball Lightning","floor":25.0},{"not_picked":["Rebound","Storm"],"picked":"Consume","floor":27.0},{"not_picked":["Compile Driver","Go for the Eyes"],"picked":"Tempest","floor":29.0},{"not_picked":["Streamline","Tempest","Compile Driver"],"picked":"SKIP","floor":30.0},{"not_picked":["Redo","Force Field","Sweeping Beam"],"picked":"SKIP","floor":31.0},{"not_picked":["Loop","Static Discharge"],"picked":"FTL+1","floor":32.0},{"not_picked":["Thunder Strike","Fission"],"picked":"Core Surge","floor":33},{"not_picked":["Sweeping Beam+1","Self Repair+1"],"picked":"Glacier+1","floor":35},{"not_picked":["Steam","Turbo"],"picked":"Defragment+1","floor":36},{"not_picked":["Consume","Chill"],"picked":"Undo","floor":38},{"not_picked":["Coolheaded+1","Barrage"],"picked":"Hologram+1","floor":40},{"not_picked":["White Noise","Sweeping Beam+1","Defragment"],"picked":"SKIP","floor":45},{"not_picked":["Steam Power+1","Rebound+1"],"picked":"Chill","floor":46},{"not_picked":["Beam Cell+1","Core Surge","Conserve Battery"],"picked":"SKIP","floor":47},{"not_picked":["Sweeping Beam+1","Rebound+1"],"picked":"FTL+1","floor":48}],"player_experience":116451,"relics_obtained":[{"floor":8.0,"key":"Akabeko"},{"floor":9.0,"key":"CeramicFish"},{"floor":12.0,"key":"Ice Cream"},{"floor":23.0,"key":"Pen Nib"},{"floor":25.0,"key":"Red Mask"},{"floor":26.0,"key":"Centennial Puzzle"},{"floor":30.0,"key":"Dream Catcher"},{"floor":36,"key":"Peace Pipe"},{"floor":40,"key":"Dead Branch"},{"floor":43,"key":"Bottled Tornado"},{"floor":48,"key":"Bottled Flame"}],"event_choices":[{"damage_healed":0.0,"max_hp_gain":0.0,"max_hp_loss":0.0,"gold_gain":0.0,"event_name":"Liars Game","player_choice":"Ignored","floor":4.0,"gold_loss":0.0,"damage_taken":0.0},{"cards_removed":["Strike_B"],"damage_healed":0.0,"max_hp_gain":0.0,"max_hp_loss":0.0,"gold_gain":0.0,"event_name":"Golden Wing","player_choice":"Card Removal","floor":5.0,"gold_loss":0.0,"damage_taken":7.0},{"damage_healed":0.0,"max_hp_gain":0.0,"max_hp_loss":0.0,"gold_gain":0.0,"event_name":"Match and Keep!","player_choice":"3 cards matched","floor":7.0,"gold_loss":0.0,"damage_taken":0.0,"cards_obtained":["Core Surge","Cold Snap","White Noise"]},{"damage_healed":0.0,"max_hp_gain":5.0,"max_hp_loss":0.0,"gold_gain":0.0,"event_name":"Forgotten Altar","player_choice":"Shed Blood","floor":21.0,"gold_loss":0.0,"damage_taken":19.0},{"damage_healed":26.0,"max_hp_gain":0.0,"max_hp_loss":0.0,"gold_gain":0.0,"event_name":"The Library","player_choice":"Heal","floor":22.0,"gold_loss":0.0,"damage_taken":0.0},{"damage_healed":0.0,"max_hp_gain":0.0,"max_hp_loss":0.0,"gold_gain":0.0,"event_name":"Masked Bandits","player_choice":"Fought Bandits","floor":25.0,"gold_loss":0.0,"damage_taken":0.0},{"damage_healed":0,"gold_gain":0,"player_choice":"Fight","damage_taken":0,"max_hp_gain":0,"max_hp_loss":0,"event_name":"MindBloom","floor":36,"gold_loss":0},{"damage_healed":0,"gold_gain":0,"player_choice":"Upgraded","damage_taken":0,"max_hp_gain":0,"max_hp_loss":0,"event_name":"Upgrade Shrine","floor":37,"gold_loss":0,"cards_upgraded":["Consume"]},{"cards_removed":["Strike_B"],"damage_healed":0,"gold_gain":0,"player_choice":"Purged","damage_taken":0,"max_hp_gain":0,"max_hp_loss":0,"event_name":"Purifier","floor":41,"gold_loss":0}],"is_beta":false,"boss_relics":[{"not_picked":["Nuclear Battery","Busted Crown"],"picked":"Inserter"},{"not_picked":["Philosopher\u0027s Stone","Runic Dome"],"picked":"Cursed Key"}],"items_purged_floors":[],"is_endless":false,"potions_floor_spawned":[8,13,16,18,29,31,40,45,47,48],"ascension_level":5}}