{"host":"oigynbtg272c19pw","time":1613753478,"event":{"mods":["BaseMod","Colored Map","Minty Spire (QoL Compilation)","Relic Stats","Slay the Relics Exporter","StSLib"],"gold_per_floor":[109,109,128,47,58,58,91,91,173,173,192,219,243,24,24,24,24],"floor_reached":16,"playtime":449,"items_purged":[],"score":216,"play_id":"f22b6455-0c28-4622-b96d-748dbc4683cc","local_time":"20210219175118","is_ascension_mode":true,"campfire_choices":[{"data":"Cold Snap","floor":6,"key":"SMITH"},{"floor":10,"key":"REST"},{"floor":15,"key":"REST"}],"circlet_count":0,"master_deck":["AscendersBane","Strike_B","Strike_B","Strike_B","Defend_B","Defend_B","Defend_B","Defend_B","Zap","Dualcast","Cold Snap+1","Lockon","Chill","Beam Cell","Compile Driver","Multi-Cast","Loop","Ball Lightning+1"],"relics":["Cracked Core","PreservedInsect","Unceasing Top","Molten Egg 2","Toy Ornithopter","Omamori","ClockworkSouvenir"],"acts_visited":["Exordium"],"potions_floor_usage":[7,16,16],"damage_taken":[{"damage":1,"enemies":"Cultist","floor":1,"turns":3},{"damage":2,"enemies":"Jaw Worm","floor":3,"turns":3},{"damage":0,"enemies":"Small Slimes","floor":5,"turns":3},{"damage":29,"enemies":"Gremlin Nob","floor":7,"turns":4},{"damage":7,"enemies":"Blue Slaver","floor":11,"turns":3},{"damage":21,"enemies":"Lagavulin","floor":12,"turns":6},{"damage":39,"enemies":"Slime Boss","floor":16,"turns":5}],"seed_played":"-6545204889374266650","potions_obtained":[{"floor":3,"key":"Dexterity Potion"},{"floor":5,"key":"EssenceOfSteel"},{"floor":12,"key":"DistilledChaos"}],"is_trial":false,"path_per_floor":["M","?","M","$","M","R","E","?","T","R","M","E","T","$","R","B"],"character_chosen":"DEFECT","items_purchased":["Chill","ClockworkSouvenir","Ball Lightning+1"],"campfire_rested":2,"item_purchase_floors":[4,14,14],"current_hp_per_floor":[70,63,61,61,61,61,32,6,6,29,22,1,1,1,24,0,0],"gold":24,"neow_bonus":"TEN_PERCENT_HP_BONUS","is_daily":false,"chose_seed":false,"campfire_upgraded":1,"win_rate":0.0,"timestamp":1613753478,"path_taken":["M","?","M","?","M","R","E","?","T","R","M","E","?","$","R","BOSS"],"items_purchased_type":["Card","Relic","Card"],"build_version":"2020-12-13","purchased_purges":0,"victory":false,"max_hp_per_floor":[78,78,78,78,78,78,78,78,78,78,78,78,78,78,78,78,78],"relic_stats":{"counters":[7,27],"PreservedInsect":29,"obtain_stats":[{"Molten Egg 2":9,"PreservedInsect":7,"Omamori":13,"Cracked Core":0,"Unceasing Top":8,"Toy Ornithopter":12,"ClockworkSouvenir":14},{"Molten Egg 2":4,"PreservedInsect":4,"Omamori":6,"Cracked Core":0,"Unceasing Top":4,"Toy Ornithopter":6,"ClockworkSouvenir":6},{"Molten Egg 2":13,"PreservedInsect":13,"Omamori":22,"Cracked Core":0,"Unceasing Top":13,"Toy Ornithopter":22,"ClockworkSouvenir":22}],"Unceasing Top":[1],"Toy Ornithopter":10},"card_choices":[{"not_picked":["Steam","Rip and Tear"],"picked":"Cold Snap","floor":1},{"not_picked":["Hologram","Double Energy"],"picked":"Lockon","floor":3},{"not_picked":["Melter","Barrage"],"picked":"Beam Cell","floor":5},{"not_picked":["Storm","Force Field"],"picked":"Compile Driver","floor":7},{"not_picked":["Hologram","Steam"],"picked":"Multi-Cast","floor":11},{"not_picked":["Force Field","Machine Learning"],"picked":"Loop","floor":12}],"player_experience":1628293,"relics_obtained":[{"floor":7,"key":"PreservedInsect"},{"floor":9,"key":"Molten Egg 2"},{"floor":12,"key":"Toy Ornithopter"},{"floor":13,"key":"Omamori"}],"event_choices":[{"cards_removed":["Strike_B"],"damage_healed":0,"gold_gain":0,"player_choice":"Card Removal","damage_taken":7,"max_hp_gain":0,"max_hp_loss":0,"event_name":"Golden Wing","floor":2,"gold_loss":0},{"damage_healed":0,"gold_gain":0,"player_choice":"Success","damage_taken":26,"relics_obtained":["Unceasing Top"],"max_hp_gain":0,"max_hp_loss":0,"event_name":"Scrap Ooze","floor":8,"gold_loss":0}],"is_beta":false,"boss_relics":[],"items_purged_floors":[],"is_endless":false,"potions_floor_spawned":[3,5,12],"killed_by":"Slime Boss","ascension_level":20}}