{"host":"7tncuco8wmu6m2y5","time":1613750995,"event":{"mods":["AchievementEnabler","BaseMod","Better Note","Card Forge","Colored Map","Colored Powertips","Minty Spire (QoL Compilation)","Permanent Neow","Quick Restart","Rare Cards Sparkle","Remove Card Discount Mod","Spire Birthday Party","StSLib","SuperFastMode","The IronCluck","everything is the same but u backflip on backflip"],"gold_per_floor":[112,112,112,130,148,148,148,148,194,205,232,87,103,52,52,153,153,164,344,344,198,198,227,247,247,247,94,194,194,204,222,222,317,317,334,334,353,376,387,420,470,470,495,520,122,122,136,39,39,39,39,39,39,71,71],"floor_reached":56,"language":"ENG","playtime":2068,"items_purged":[],"score":1546,"play_id":"7782a7d5-55da-41cf-87c0-9945486f8cc4","local_time":"20210219160955","is_ascension_mode":false,"campfire_choices":[{"floor":6.0,"key":"RECALL"},{"floor":15.0,"key":"REST"},{"floor":25,"key":"REST"},{"floor":29,"key":"REST"},{"floor":32,"key":"REST"},{"floor":42,"key":"DIG"},{"floor":49,"key":"DIG"},{"floor":52,"key":"DIG"}],"circlet_count":0,"master_deck":["Limit Break+1","Heavy Blade+1","Inflame+1","Wraith Form v2+1","Feed+1","Barricade","Impervious+1","Impervious+1","Impervious+1","Infernal Blade+1","Adrenaline+1","Wraith Form v2","Finesse+1","Insight+1","BecomeAlmighty"],"relics":["Burning Blood","Hammer of Thor","Seething Fire","Anvil of the Gods","NeowsBlessing","Lantern","Toy Ornithopter","SlaversCollar","MealTicket","Shuriken","War Paint","Bronze Scales","Toolbox","Dream Catcher","Toxic Egg 2","Shovel","PreservedInsect","Regal Pillow","Bag of Marbles","Gremlin Horn","Strawberry","White Beast Statue","Nunchaku","Paper Frog","Boot"],"acts_visited":["Exordium","TheCity","TheBeyond","TheEnding"],"potions_floor_usage":[16,23,33,50,55,55,55,55],"damage_taken":[{"damage":1.0,"enemies":"2 Louse","floor":1.0,"turns":2.0},{"damage":5.0,"enemies":"Small Slimes","floor":4.0,"turns":2.0},{"damage":0.0,"enemies":"Cultist","floor":5.0,"turns":2.0},{"damage":11.0,"enemies":"Lots of Slimes","floor":10.0,"turns":4.0},{"damage":22.0,"enemies":"3 Sentries","floor":11.0,"turns":5.0},{"damage":0.0,"enemies":"Red Slaver","floor":13.0,"turns":2.0},{"damage":3,"enemies":"The Guardian","floor":16,"turns":3},{"damage":10,"enemies":"3 Byrds","floor":18,"turns":3},{"damage":18,"enemies":"Book of Stabbing","floor":23,"turns":3},{"damage":3,"enemies":"Shell Parasite","floor":24,"turns":3},{"damage":0,"enemies":"Snecko","floor":30,"turns":2},{"damage":4,"enemies":"Centurion and Healer","floor":31,"turns":3},{"damage":0,"enemies":"Champ","floor":33,"turns":4},{"damage":1,"enemies":"3 Shapes","floor":35,"turns":5},{"damage":4,"enemies":"3 Darklings","floor":37,"turns":4},{"damage":9,"enemies":"4 Shapes","floor":39,"turns":4},{"damage":2,"enemies":"Giant Head","floor":40,"turns":4},{"damage":0,"enemies":"Mind Bloom Boss Battle","floor":41,"turns":2},{"damage":15,"enemies":"Nemesis","floor":44,"turns":5},{"damage":2,"enemies":"Spire Growth","floor":47,"turns":4},{"damage":38,"enemies":"Donu and Deca","floor":50,"turns":5},{"damage":0,"enemies":"Shield and Spear","floor":54,"turns":4},{"damage":0,"enemies":"The Heart","floor":55,"turns":7}],"seed_played":"-211029180351969649","potions_obtained":[{"floor":4.0,"key":"Weak Potion"},{"floor":10.0,"key":"Swift Potion"},{"floor":11.0,"key":"SneckoOil"},{"floor":16,"key":"SkillPotion"},{"floor":18,"key":"SpeedPotion"},{"floor":30,"key":"DuplicationPotion"},{"floor":37,"key":"SneckoOil"},{"floor":44,"key":"Fire Potion"},{"floor":54,"key":"Dexterity Potion"}],"is_trial":false,"path_per_floor":["M","?","?","M","M","R","?","?","T","M","E","$","M","$","R","B",null,"M","?","?","$","T","E","M","R","T","$","?","R","M","M","R","B",null,"M","?","M","T","M","E","?","R","T","E","$","?","M","$","R","B",null,"R","$","E","B",null],"character_chosen":"IRONCLAD","items_purchased":["Toy Ornithopter","Strength Potion","MealTicket","Toolbox","Gremlin Horn","Strawberry","EntropicBrew"],"campfire_rested":4,"item_purchase_floors":[12,14,21,27,45,45,48],"current_hp_per_floor":[80,85,85,85,85,85,85,85,85,80,64,64,75,75,85,85,85,81,62,62,62,62,55,58,83,83,85,85,85,85,85,85,85,85,85,85,85,85,82,85,85,85,85,80,96,96,96,96,96,68,100,100,100,104,104],"gold":71,"neow_bonus":"THREE_ENEMY_KILL","is_daily":false,"chose_seed":false,"campfire_upgraded":0,"win_rate":0.0,"timestamp":1613750995,"path_taken":["M","?","?","M","M","R","?","?","T","?","E","?","M","$","R","BOSS","M","?","?","$","?","E","M","R","T","$","?","R","?","M","R","BOSS","M","?","M","?","?","E","?","R","T","E","$","?","M","$","R","BOSS","R","$","E","BOSS"],"items_purchased_type":["Relic","Potion","Relic","Relic","Relic","Relic","Potion"],"build_version":"2020-12-22","purchased_purges":0,"victory":true,"max_hp_per_floor":[80,85,85,85,85,85,85,85,85,85,85,85,85,85,85,85,85,85,85,85,85,85,85,85,85,85,85,85,85,85,85,85,85,85,85,85,85,85,85,85,85,85,85,89,96,96,96,96,96,100,100,100,100,104,104],"card_choices":[{"not_picked":["Clash","Rupture","Ghostly Armor"],"picked":"SKIP","floor":1.0},{"not_picked":["Whirlwind","Havoc","Sever Soul"],"picked":"SKIP","floor":4.0},{"not_picked":["Warcry","Hemokinesis","Anger"],"picked":"SKIP","floor":5.0},{"not_picked":["Wild Strike","Perfected Strike","Power Through"],"picked":"SKIP","floor":10.0},{"not_picked":["Perfected Strike","Ghostly Armor","Heavy Blade"],"picked":"SKIP","floor":11.0},{"not_picked":["Power Through","Heavy Blade","Havoc"],"picked":"SKIP","floor":13.0},{"not_picked":["Iron Wave","Armaments","Perfected Strike"],"picked":"SKIP","floor":18},{"not_picked":["Uppercut","Searing Blow+1","Dropkick"],"picked":"SKIP","floor":23},{"not_picked":["Uppercut","Searing Blow+1","Dropkick"],"picked":"SKIP","floor":23},{"not_picked":["Evolve","Battle Trance","Heavy Blade"],"picked":"SKIP","floor":24},{"not_picked":["Ghostly Armor","Wild Strike+1","Flex"],"picked":"SKIP","floor":30},{"not_picked":["Sever Soul+1","Twin Strike+1","Iron Wave"],"picked":"SKIP","floor":31},{"not_picked":["Clothesline+1","Shrug It Off","Thunderclap"],"picked":"SKIP","floor":35},{"not_picked":["Twin Strike","Wild Strike","Anger"],"picked":"SKIP","floor":37},{"not_picked":["Seeing Red","Shrug It Off+1","Anger"],"picked":"SKIP","floor":39},{"not_picked":["Rupture+1","Cleave","Anger+1"],"picked":"SKIP","floor":40},{"not_picked":["Rupture+1","Battle Trance+1","Hemokinesis+1"],"picked":"SKIP","floor":44},{"not_picked":["Rupture+1","Battle Trance+1","Hemokinesis+1"],"picked":"SKIP","floor":44},{"not_picked":["Inflame+1","Wild Strike+1","Carnage"],"picked":"SKIP","floor":47},{"not_picked":["Body Slam","Dropkick+1","Inflame"],"picked":"SKIP","floor":54}],"player_experience":290263,"relics_obtained":[{"floor":11.0,"key":"Lantern"},{"floor":22,"key":"Shuriken"},{"floor":23,"key":"War Paint"},{"floor":26,"key":"Bronze Scales"},{"floor":38,"key":"Dream Catcher"},{"floor":40,"key":"Toxic Egg 2"},{"floor":41,"key":"Shovel"},{"floor":42,"key":"PreservedInsect"},{"floor":43,"key":"Regal Pillow"},{"floor":44,"key":"Bag of Marbles"},{"floor":49,"key":"Nunchaku"},{"floor":52,"key":"Paper Frog"},{"floor":54,"key":"Boot"}],"event_choices":[{"damage_healed":0.0,"max_hp_gain":5.0,"max_hp_loss":0.0,"gold_gain":0.0,"event_name":"Big Fish","player_choice":"Donut","floor":2.0,"gold_loss":0.0,"damage_taken":0.0},{"damage_healed":0.0,"max_hp_gain":0.0,"max_hp_loss":0.0,"gold_gain":0.0,"event_name":"The Cleric","player_choice":"Leave","floor":3.0,"gold_loss":0.0,"damage_taken":0.0},{"cards_removed":["Omega"],"damage_healed":0.0,"max_hp_gain":0.0,"max_hp_loss":0.0,"gold_gain":0.0,"event_name":"Living Wall","player_choice":"Forget","floor":7.0,"gold_loss":0.0,"damage_taken":0.0},{"damage_healed":0.0,"max_hp_gain":0.0,"max_hp_loss":0.0,"gold_gain":0.0,"event_name":"Transmorgrifier","player_choice":"Ignored","floor":8.0,"gold_loss":0.0,"damage_taken":0.0},{"damage_healed":0,"gold_gain":180,"player_choice":"GOLD GOLD ","damage_taken":19,"max_hp_gain":0,"max_hp_loss":0,"event_name":"Knowing Skull","floor":19,"potions_obtained":[],"gold_loss":0,"cards_obtained":[]},{"damage_healed":0,"gold_gain":0,"player_choice":"Ignored","damage_taken":0,"max_hp_gain":0,"max_hp_loss":0,"event_name":"betterNote:BetterNote","floor":20,"gold_loss":0,"cards_obtained":["Prepared"]},{"damage_healed":0,"gold_gain":100,"player_choice":"Pray","damage_taken":0,"max_hp_gain":0,"max_hp_loss":0,"event_name":"Golden Shrine","floor":28,"gold_loss":0},{"damage_healed":0,"gold_gain":0,"player_choice":"Memory 1","damage_taken":0,"max_hp_gain":0,"max_hp_loss":0,"event_name":"SensoryStone","floor":36,"gold_loss":0},{"damage_healed":0,"gold_gain":0,"player_choice":"Fight","damage_taken":0,"max_hp_gain":0,"max_hp_loss":0,"event_name":"MindBloom","floor":41,"gold_loss":0},{"damage_healed":0,"gold_gain":0,"player_choice":"Gave Potion","damage_taken":0,"relics_obtained":["White Beast Statue"],"max_hp_gain":0,"max_hp_loss":0,"event_name":"WeMeetAgain","floor":46,"gold_loss":0}],"is_beta":false,"boss_relics":[{"not_picked":["Pandora\u0027s Box","Philosopher\u0027s Stone"],"picked":"SlaversCollar"},{"not_picked":["Empty Cage","Mark of Pain","Snecko Eye"]}],"items_purged_floors":[],"is_endless":false,"potions_floor_spawned":[4,10,11,16,18,30,37,44,47,54],"ascension_level":0}}