{"host":"siagz6a7l016lv9o","time":1613760811,"event":{"mods":["AchievementEnabler","BaseMod","Colored Map","Downfall","Minty Spire (QoL Compilation)","Quick Restart","StSLib"],"gold_per_floor":[111,186,202,216,72,72,102,102,102,122,122,149,167,182,182,286,286,303,33,33,52,62,62,97,117,117,117,147,147,179,196,196,297,297,315,315,326,339,355,355,355],"floor_reached":40,"language":"ENG","playtime":1572,"items_purged":["Strike_R"],"score":483,"play_id":"f5fe103a-b23b-449b-91de-71649ec9b2f8","local_time":"20210219195331","is_ascension_mode":true,"campfire_choices":[{"data":"Mayhem","floor":6.0,"key":"SMITH"},{"data":"Whirlwind","floor":8.0,"key":"SMITH"},{"data":"Bash","floor":15,"key":"SMITH"},{"data":"Mayhem","floor":23,"key":"SMITH"},{"data":"Heavy Blade","floor":27,"key":"SMITH"},{"data":"Spot Weakness","floor":29,"key":"SMITH"},{"floor":32,"key":"REST"}],"circlet_count":0,"master_deck":["Strike_R","Strike_R","Strike_R","Defend_R","Defend_R","Defend_R","Defend_R","Bash+1","Mayhem+1","Shrug It Off","Shrug It Off","Flex","Whirlwind+1","Spot Weakness+1","Shockwave","Flex","Demon Form","Sword Boomerang","Mayhem+1","Pummel","Pummel","Heavy Blade+1","Spot Weakness","Thunderclap","True Grit+1","Limit Break"],"relics":["Burning Blood","Letter Opener","Darkstone Periapt","Kunai","Sozu","WarpedTongs","Ancient Tea Set","White Beast Statue","Paper Frog","Pen Nib","Empty Cage"],"acts_visited":["Exordium","TheCity","TheBeyond"],"potions_floor_usage":[],"damage_taken":[{"damage":5.0,"enemies":"2 Louse","floor":1.0,"turns":4.0},{"damage":2.0,"enemies":"Cultist","floor":3.0,"turns":4.0},{"damage":3.0,"enemies":"Jaw Worm","floor":4.0,"turns":5.0},{"damage":27.0,"enemies":"Gremlin Nob","floor":7.0,"turns":5.0},{"damage":0.0,"enemies":"Exordium Wildlife","floor":10.0,"turns":3.0},{"damage":13,"enemies":"3 Sentries","floor":12,"turns":3},{"damage":4,"enemies":"Red Slaver","floor":13,"turns":5},{"damage":9,"enemies":"Looter","floor":14,"turns":3},{"damage":46,"enemies":"The Guardian","floor":16,"turns":13},{"damage":2,"enemies":"3 Byrds","floor":18,"turns":3},{"damage":12,"enemies":"Spheric Guardian","floor":21,"turns":4},{"damage":13,"enemies":"Centurion and Healer","floor":22,"turns":3},{"damage":16,"enemies":"Gremlin Leader","floor":24,"turns":4},{"damage":2,"enemies":"3 Cultists","floor":25,"turns":3},{"damage":6,"enemies":"Slavers","floor":28,"turns":2},{"damage":16,"enemies":"Book of Stabbing","floor":30,"turns":4},{"damage":38,"enemies":"Shelled Parasite and Fungi","floor":31,"turns":3},{"damage":6,"enemies":"Collector","floor":33,"turns":4},{"damage":36,"enemies":"3 Shapes","floor":35,"turns":4},{"damage":10,"enemies":"Orb Walker","floor":37,"turns":3},{"damage":12,"enemies":"3 Darklings","floor":38,"turns":4},{"damage":0,"enemies":"4 Shapes","floor":39,"turns":1},{"damage":54,"enemies":"Reptomancer","floor":40,"turns":5}],"seed_played":"-525300326103034790","potions_obtained":[{"floor":3.0,"key":"Swift Potion"},{"floor":10.0,"key":"SpeedPotion"},{"floor":12,"key":"SpeedPotion"}],"is_trial":false,"path_per_floor":["M","?","M","M","$","R","E","R","T","M","?","E","M","M","R","B",null,"M","$","?","M","M","R","E","M","T","R","E","R","E","M","R","B",null,"M","?","M","M","M","E"],"character_chosen":"IRONCLAD","items_purchased":["Whirlwind","Mayhem","Pummel"],"campfire_rested":1,"item_purchase_floors":[5,19,19],"current_hp_per_floor":[72,65,69,72,72,72,51,51,51,57,62,55,57,54,54,14,77,77,77,83,77,70,70,60,64,64,64,64,64,54,22,46,46,83,53,53,49,43,49,0,0],"gold":355,"neow_bonus":"RANDOM_COLORLESS_2","is_daily":false,"chose_seed":false,"campfire_upgraded":6,"win_rate":0.0,"timestamp":1613760811,"path_taken":["M","?","M","M","$","R","E","R","T","?","?","E","M","M","R","BOSS","M","$","?","M","?","R","E","M","T","R","E","R","E","M","R","BOSS","M","?","?","M","M","E"],"items_purchased_type":["Card","Card","Card"],"build_version":"2020-12-22","purchased_purges":1,"victory":false,"max_hp_per_floor":[72,72,72,72,72,72,72,72,72,72,77,77,77,77,77,77,77,77,77,83,83,83,83,83,83,83,83,83,83,83,83,83,83,83,83,83,83,83,83,83,83],"card_choices":[{"not_picked":["Master of Strategy","Sadistic Nature"],"picked":"Mayhem","floor":0.0},{"not_picked":["Headbutt","Anger"],"picked":"Shrug It Off","floor":1.0},{"not_picked":["Armaments","Iron Wave"],"picked":"Shrug It Off","floor":3.0},{"not_picked":["Ghostly Armor","Sword Boomerang"],"picked":"Flex","floor":4.0},{"not_picked":["Thunderclap","Rage"],"picked":"Spot Weakness","floor":7.0},{"not_picked":["Clothesline","Berserk"],"picked":"Battle Trance","floor":10.0},{"not_picked":["Whirlwind","Pommel Strike"],"picked":"Shockwave","floor":12},{"not_picked":["Body Slam","Metallicize"],"picked":"Flex","floor":13},{"not_picked":["Anger","Shrug It Off","Body Slam"],"picked":"SKIP","floor":14},{"not_picked":["Brutality","Feed"],"picked":"Demon Form","floor":16},{"not_picked":["Armaments","Twin Strike"],"picked":"Sword Boomerang","floor":18},{"not_picked":["Battle Trance+1","Power Through"],"picked":"Pummel","floor":21},{"not_picked":["Armaments","Pummel"],"picked":"Heavy Blade","floor":22},{"not_picked":["Clash","Impervious"],"picked":"Spot Weakness","floor":24},{"not_picked":["Body Slam","Battle Trance"],"picked":"Thunderclap","floor":25},{"not_picked":["Burning Pact+1","Dual Wield","Warcry"],"picked":"SKIP","floor":28},{"not_picked":["Shockwave","Blood for Blood"],"picked":"True Grit+1","floor":30},{"not_picked":["Perfected Strike","Dual Wield+1","Seeing Red"],"picked":"SKIP","floor":31},{"not_picked":["Reaper","Brutality"],"picked":"Limit Break","floor":33},{"not_picked":["Shockwave","Pommel Strike","Hemokinesis"],"picked":"SKIP","floor":35},{"not_picked":["Anger+1","Clothesline","Rupture+1"],"picked":"SKIP","floor":37},{"not_picked":["Reckless Charge","Shockwave","Clothesline+1"],"picked":"SKIP","floor":38},{"not_picked":["Clothesline+1","Iron Wave+1","True Grit"],"picked":"SKIP","floor":39}],"player_experience":5932,"relics_obtained":[{"floor":7.0,"key":"Letter Opener"},{"floor":9.0,"key":"Darkstone Periapt"},{"floor":12,"key":"Kunai"},{"floor":24,"key":"Ancient Tea Set"},{"floor":26,"key":"White Beast Statue"},{"floor":28,"key":"Paper Frog"},{"floor":30,"key":"Pen Nib"}],"event_choices":[{"damage_healed":0.0,"max_hp_gain":0.0,"max_hp_loss":0.0,"gold_gain":75.0,"event_name":"FaceTrader","player_choice":"Touch","floor":2.0,"gold_loss":0.0,"damage_taken":7.0},{"damage_healed":0,"gold_gain":0,"player_choice":"Donut","damage_taken":0,"max_hp_gain":5,"max_hp_loss":0,"event_name":"Big Fish","floor":11,"gold_loss":0},{"damage_healed":0,"gold_gain":0,"player_choice":"Rummage","damage_taken":0,"relics_obtained":["WarpedTongs"],"max_hp_gain":0,"max_hp_loss":0,"event_name":"Accursed Blacksmith","floor":20,"gold_loss":0,"cards_obtained":["Pain"]},{"cards_removed":["Strike_R"],"damage_healed":0,"gold_gain":0,"player_choice":"Offered Basic","damage_taken":0,"max_hp_gain":0,"max_hp_loss":0,"event_name":"Bonfire Elementals","floor":36,"gold_loss":0}],"is_beta":false,"boss_relics":[{"not_picked":["Calling Bell","Runic Pyramid"],"picked":"Sozu"},{"not_picked":["Snecko Eye","SacredBark"],"picked":"Empty Cage"}],"items_purged_floors":[5],"is_endless":false,"potions_floor_spawned":[3,10,12,18,22,28,30,31,33,35,37,38,39],"killed_by":"Reptomancer","ascension_level":1}}