{"host":"ace4y8wgj0fxngh2","time":1613751714,"event":{"mods":["BaseMod","Colored Map","Colored Powertips","Minty Spire (QoL Compilation)","StSLib"],"gold_per_floor":[109,125,141,14,31,64,77,77,147,322,397,417,89,104,104,201,201,221,250,270,270,287,287,321,331,356,367,157,157,157,177,177,273,273,285,45,45,63,63,92,118,118,118,118,151,168,198,214,214,214,214],"floor_reached":50,"language":"ENG","playtime":3394,"items_purged":["Strike_G","Doubt","Defend_G","Defend_G"],"score":604,"play_id":"86315d55-c5a2-425b-85c6-adb4d5be2037","local_time":"20210219112154","is_ascension_mode":false,"campfire_choices":[{"data":"Terror","floor":8,"key":"SMITH"},{"data":"Corpse Explosion","floor":15,"key":"SMITH"},{"floor":23,"key":"REST"},{"floor":30,"key":"REST"},{"data":"Accuracy","floor":32,"key":"SMITH"},{"floor":42,"key":"RECALL"},{"data":"Catalyst","floor":44,"key":"SMITH"},{"floor":49,"key":"REST"}],"circlet_count":0,"master_deck":["Strike_G","Strike_G+1","Defend_G","Defend_G","Survivor","Neutralize+1","Flying Knee","Slice+1","Bane","Poisoned Stab","Terror+1","Corpse Explosion+1","Deadly Poison","Escape Plan","Accuracy","Bouncing Flask","Accuracy+1","Adrenaline","Blade Dance","Backflip","Infinite Blades","Noxious Fumes+1","Noxious Fumes+1","Infinite Blades","Backstab+1","PiercingWail+1","Noxious Fumes+1","Catalyst+1","Madness","Catalyst+1","Parasite"],"relics":["Ring of the Snake","Juzu Bracelet","Singing Bowl","Membership Card","Black Star","Red Mask","Incense Burner","Regal Pillow","PreservedInsect","Bronze Scales","MealTicket","Astrolabe","The Specimen","StoneCalendar","Vajra","Anchor","Ninja Scroll","The Courier","Darkstone Periapt","Paper Crane","Whetstone"],"acts_visited":["Exordium","TheCity","TheBeyond"],"potions_floor_usage":[19,22,24,24,25,27,33],"damage_taken":[{"damage":0,"enemies":"Jaw Worm","floor":1,"turns":5},{"damage":0,"enemies":"Small Slimes","floor":2,"turns":3},{"damage":0,"enemies":"Cultist","floor":3,"turns":3},{"damage":2,"enemies":"Looter","floor":5,"turns":2},{"damage":18,"enemies":"3 Sentries","floor":6,"turns":9},{"damage":0,"enemies":"Large Slime","floor":7,"turns":3},{"damage":0,"enemies":"Blue Slaver","floor":12,"turns":3},{"damage":0,"enemies":"Red Slaver","floor":14,"turns":3},{"damage":22,"enemies":"Hexaghost","floor":16,"turns":8},{"damage":17,"enemies":"Spheric Guardian","floor":18,"turns":4},{"damage":5,"enemies":"Masked Bandits","floor":19,"turns":3},{"damage":7,"enemies":"Shell Parasite","floor":20,"turns":4},{"damage":27,"enemies":"Snecko","floor":22,"turns":5},{"damage":29,"enemies":"Book of Stabbing","floor":24,"turns":4},{"damage":1,"enemies":"Chosen and Byrds","floor":25,"turns":4},{"damage":14,"enemies":"Centurion and Healer","floor":27,"turns":4},{"damage":15,"enemies":"Snake Plant","floor":31,"turns":3},{"damage":26,"enemies":"Champ","floor":33,"turns":9},{"damage":5,"enemies":"3 Darklings","floor":35,"turns":2},{"damage":12,"enemies":"3 Shapes","floor":38,"turns":4},{"damage":28,"enemies":"Nemesis","floor":40,"turns":5},{"damage":5,"enemies":"Giant Head","floor":45,"turns":6},{"damage":0,"enemies":"3 Darklings","floor":46,"turns":1},{"damage":15,"enemies":"Reptomancer","floor":47,"turns":4},{"damage":0,"enemies":"Writhing Mass","floor":48,"turns":3},{"damage":104,"enemies":"Awakened One","floor":50,"turns":7}],"seed_played":"-7694791192296337749","potions_obtained":[{"floor":1,"key":"Regen Potion"},{"floor":2,"key":"DuplicationPotion"},{"floor":3,"key":"SkillPotion"},{"floor":20,"key":"Weak Potion"},{"floor":22,"key":"Ancient Potion"},{"floor":24,"key":"Poison Potion"},{"floor":27,"key":"Swift Potion"},{"floor":35,"key":"FearPotion"},{"floor":45,"key":"Weak Potion"}],"is_trial":false,"path_per_floor":["M","M","M","$","M","E","M","R","T","?","?","M","$","M","R","B",null,"M","?","M","?","M","R","E","M","T","M","$","?","R","M","R","B",null,"M","$","?","M","?","E","T","R","T","R","E","M","E","M","R","B"],"character_chosen":"THE_SILENT","items_purchased":["Poisoned Stab","Membership Card","Accuracy","Bouncing Flask","Bronze Scales","MealTicket","Catalyst","The Specimen"],"campfire_rested":3,"item_purchase_floors":[4,13,13,13,28,28,36,36],"current_hp_per_floor":[70,70,70,70,68,50,50,50,50,50,39,39,39,39,39,17,70,55,52,45,45,18,40,22,23,23,9,9,9,47,32,32,8,80,77,82,72,62,62,34,34,34,34,34,31,33,20,28,72,0,0],"gold":214,"neow_bonus":"UPGRADE_CARD","is_daily":false,"chose_seed":false,"campfire_upgraded":4,"win_rate":0.0,"timestamp":1613751714,"path_taken":["M","M","M","$","M","E","M","R","T","?","?","M","$","M","R","BOSS","M","?","M","?","M","R","E","M","T","M","$","?","R","M","R","BOSS","M","$","?","M","?","E","?","R","T","R","E","M","E","M","R","BOSS"],"items_purchased_type":["Card","Relic","Card","Card","Relic","Relic","Card","Relic"],"build_version":"2020-12-22","purchased_purges":4,"victory":false,"max_hp_per_floor":[70,70,70,70,70,70,70,70,70,70,70,70,70,70,70,70,70,72,74,74,74,74,74,76,78,78,78,78,78,78,78,78,80,80,82,82,82,84,84,84,84,84,84,84,86,88,90,98,98,98,98],"card_choices":[{"not_picked":["Dash","Acrobatics"],"picked":"Flying Knee","floor":1},{"not_picked":["Leg Sweep","Caltrops"],"picked":"Slice","floor":2},{"not_picked":["Leg Sweep","Well Laid Plans"],"picked":"Bane","floor":3},{"not_picked":["Riddle With Holes","Dodge and Roll"],"picked":"Terror","floor":5},{"not_picked":["Backstab","PiercingWail"],"picked":"Corpse Explosion","floor":6},{"not_picked":["Cloak And Dagger","Leg Sweep"],"picked":"Deadly Poison","floor":7},{"not_picked":["Acrobatics","Infinite Blades"],"picked":"Escape Plan","floor":12},{"not_picked":["Blade Dance","Acrobatics"],"picked":"Accuracy","floor":14},{"not_picked":["Malaise","Die Die Die"],"picked":"Adrenaline","floor":16},{"not_picked":["Prepared","Deflect","Reflex"],"picked":"Singing Bowl","floor":18},{"not_picked":["Bane+1","Bouncing Flask","Dagger Throw"],"picked":"Singing Bowl","floor":19},{"not_picked":["All Out Attack","Well Laid Plans+1"],"picked":"Blade Dance","floor":20},{"not_picked":["Deflect+1","Outmaneuver"],"picked":"Noxious Fumes+1","floor":22},{"not_picked":["Flying Knee+1","Backflip","Expertise+1"],"picked":"Singing Bowl","floor":24},{"not_picked":["Dagger Throw","Blade Dance","Underhanded Strike"],"picked":"Singing Bowl","floor":25},{"not_picked":["Blade Dance+1","Doppelganger"],"picked":"Noxious Fumes+1","floor":27},{"not_picked":["Dodge and Roll","Blur"],"picked":"Infinite Blades","floor":31},{"not_picked":["Doppelganger","Wraith Form v2","Venomology"],"picked":"Singing Bowl","floor":33},{"not_picked":["Finisher+1","All Out Attack","Backflip"],"picked":"Singing Bowl","floor":35},{"not_picked":["Prepared","Slice+1","Terror"],"picked":"Singing Bowl","floor":38},{"not_picked":["PiercingWail","Calculated Gamble+1"],"picked":"Catalyst+1","floor":40},{"not_picked":["Outmaneuver","Prepared","Crippling Poison+1"],"picked":"Singing Bowl","floor":45},{"not_picked":["Expertise+1","Outmaneuver+1","Deadly Poison+1"],"picked":"Singing Bowl","floor":46},{"not_picked":["Sucker Punch","Flying Knee","Deflect+1"],"picked":"Singing Bowl","floor":47},{"not_picked":["Underhanded Strike","PiercingWail","All Out Attack"],"picked":"Singing Bowl","floor":48}],"player_experience":159806,"relics_obtained":[{"floor":6,"key":"Juzu Bracelet"},{"floor":9,"key":"Singing Bowl"},{"floor":19,"key":"Red Mask"},{"floor":24,"key":"Incense Burner"},{"floor":24,"key":"Regal Pillow"},{"floor":26,"key":"PreservedInsect"},{"floor":40,"key":"StoneCalendar"},{"floor":40,"key":"Vajra"},{"floor":41,"key":"Anchor"},{"floor":43,"key":"Ninja Scroll"},{"floor":45,"key":"The Courier"},{"floor":45,"key":"Darkstone Periapt"},{"floor":47,"key":"Paper Crane"},{"floor":47,"key":"Whetstone"}],"event_choices":[{"damage_healed":0,"gold_gain":175,"player_choice":"AGREE","damage_taken":0,"max_hp_gain":0,"max_hp_loss":0,"event_name":"Liars Game","floor":10,"gold_loss":0,"cards_obtained":["Doubt"]},{"damage_healed":0,"gold_gain":75,"player_choice":"Gather Gold","damage_taken":11,"max_hp_gain":0,"max_hp_loss":0,"event_name":"World of Goop","floor":11,"gold_loss":0},{"damage_healed":0,"gold_gain":0,"player_choice":"Fought Bandits","damage_taken":0,"max_hp_gain":0,"max_hp_loss":0,"event_name":"Masked Bandits","floor":19,"gold_loss":0},{"damage_healed":0,"gold_gain":0,"player_choice":"2 cards matched","damage_taken":0,"max_hp_gain":0,"max_hp_loss":0,"event_name":"Match and Keep!","floor":21,"gold_loss":0,"cards_obtained":["Backflip","Infinite Blades"]},{"damage_healed":0,"gold_gain":0,"player_choice":"Ignored","damage_taken":0,"max_hp_gain":0,"max_hp_loss":0,"event_name":"Ghosts","floor":29,"gold_loss":0},{"damage_healed":0,"gold_gain":0,"player_choice":"Embrace Madness","damage_taken":10,"max_hp_gain":0,"max_hp_loss":0,"event_name":"Winding Halls","floor":37,"gold_loss":0,"cards_obtained":["Madness","Madness"]},{"cards_removed":["Madness"],"damage_healed":0,"gold_gain":0,"player_choice":"Removed Skill","damage_taken":0,"max_hp_gain":0,"max_hp_loss":0,"event_name":"Falling","floor":39,"gold_loss":0}],"is_beta":false,"boss_relics":[{"not_picked":["Runic Dome","HoveringKite"],"picked":"Black Star"},{"not_picked":["Cursed Key","Snecko Eye"],"picked":"Astrolabe"}],"items_purged_floors":[4,13,28,36],"is_endless":false,"potions_floor_spawned":[1,2,3,6,14,20,22,24,27,35,45],"killed_by":"Awakened One","ascension_level":0}}