{"host":"l2lylj0omvglf5x0","time":1613723805,"event":{"mods":["2.2 Compatiblity","BaseMod","Bestiary","Block Reminder","Colored Map","Colored Powertips","Curses Come First","Highlight Path","Keyboard Shortcuts","Minty Spire (QoL Compilation)","Relic Sorter","Relic Stats","Slay the Relics Exporter","StSLib","SuperFastMode"],"gold_per_floor":[119,119,119,194,13,13,42,42,42,67,87,103,113,142,142,240,240,251,251,283,28,10,10,10],"floor_reached":23,"language":"ENG","playtime":617,"items_purged":["Strike_R"],"score":473,"play_id":"a903c319-b981-4cb3-b8da-2af4b3b9b69c","local_time":"20210219093645","is_ascension_mode":true,"campfire_choices":[{"data":"Bash","floor":6,"key":"SMITH"},{"data":"Headbutt","floor":8,"key":"SMITH"},{"data":"Inflame","floor":15,"key":"SMITH"}],"circlet_count":0,"master_deck":["AscendersBane","Strike_R","Defend_R","Defend_R","Defend_R","Defend_R","Bash+1","Headbutt+1","Dark Embrace","Combust","Reckless Charge+1","Sword Boomerang+1","Uppercut+1","Iron Wave+1","Inflame+1","Shrug It Off","Berserk","Exhume","Ghostly Armor"],"relics":["Burning Blood","NeowsBlessing","Molten Egg 2","Ancient Tea Set","Incense Burner","Shuriken","Mango","Omamori","Empty Cage","Red Mask","Membership Card","Vajra"],"acts_visited":["Exordium","TheCity"],"potions_floor_usage":[14,23,23],"damage_taken":[{"damage":0,"enemies":"Small Slimes","floor":1,"turns":1},{"damage":0,"enemies":"Lagavulin","floor":7,"turns":1},{"damage":0,"enemies":"Gremlin Nob","floor":10,"turns":1},{"damage":9,"enemies":"2 Louse","floor":11,"turns":2},{"damage":9,"enemies":"Jaw Worm","floor":12,"turns":3},{"damage":2,"enemies":"Large Slime","floor":13,"turns":4},{"damage":19,"enemies":"Lagavulin","floor":14,"turns":6},{"damage":4,"enemies":"Slime Boss","floor":16,"turns":7},{"damage":2,"enemies":"Chosen","floor":18,"turns":3},{"damage":58,"enemies":"Masked Bandits","floor":20,"turns":4},{"damage":42,"enemies":"Gremlin Leader","floor":23,"turns":5}],"seed_played":"1600328109844328680","potions_obtained":[{"floor":12,"key":"Weak Potion"},{"floor":13,"key":"Dexterity Potion"},{"floor":16,"key":"LiquidBronze"},{"floor":18,"key":"Energy Potion"}],"is_trial":false,"path_per_floor":["M","?","?","?","$","R","E","R","T","E","M","M","M","E","R","B",null,"M","?","?","$","$","E"],"character_chosen":"IRONCLAD","items_purchased":["Ancient Tea Set","Combust","Membership Card","Vajra","Ghostly Armor"],"campfire_rested":0,"item_purchase_floors":[5,5,21,21,22],"current_hp_per_floor":[78,78,75,64,64,64,70,70,70,90,87,84,88,75,75,77,90,94,94,42,42,42,0,0],"gold":10,"neow_bonus":"THREE_ENEMY_KILL","is_daily":false,"chose_seed":false,"campfire_upgraded":3,"win_rate":0.0,"timestamp":1613723805,"path_taken":["M","?","?","?","$","R","E","R","T","E","M","M","M","E","R","BOSS","M","?","?","?","$","E"],"items_purchased_type":["Relic","Card","Relic","Relic","Card"],"build_version":"2020-12-22","purchased_purges":1,"victory":false,"max_hp_per_floor":[80,80,80,80,80,80,80,80,80,94,94,94,94,94,94,94,94,94,94,94,94,94,94,94],"relic_stats":{"counters":[11,37],"Shuriken":[8],"obtain_stats":[{"NeowsBlessing":0,"Shuriken":9,"Vajra":21,"Molten Egg 2":3,"Mango":10,"Incense Burner":7,"Omamori":14,"Red Mask":20,"Membership Card":21,"Ancient Tea Set":5,"Empty Cage":17,"Burning Blood":0},{"NeowsBlessing":0,"Shuriken":2,"Vajra":10,"Molten Egg 2":1,"Mango":3,"Incense Burner":2,"Omamori":7,"Red Mask":10,"Membership Card":10,"Ancient Tea Set":1,"Empty Cage":8,"Burning Blood":0},{"NeowsBlessing":0,"Shuriken":2,"Vajra":32,"Molten Egg 2":1,"Mango":3,"Incense Burner":2,"Omamori":18,"Red Mask":32,"Membership Card":32,"Ancient Tea Set":1,"Empty Cage":25,"Burning Blood":0}],"Burning Blood":60},"card_choices":[{"not_picked":["Pommel Strike","Flex"],"picked":"Headbutt","floor":1},{"not_picked":["Dual Wield","Intimidate"],"picked":"Reckless Charge+1","floor":7},{"not_picked":["True Grit","Anger+1"],"picked":"Sword Boomerang+1","floor":10},{"not_picked":["Havoc","Iron Wave+1"],"picked":"Uppercut+1","floor":11},{"not_picked":["Ghostly Armor","Sword Boomerang+1"],"picked":"Iron Wave+1","floor":12},{"not_picked":["Burning Pact","Armaments"],"picked":"Inflame","floor":13},{"not_picked":["Warcry","Infernal Blade"],"picked":"Shrug It Off","floor":14},{"not_picked":["Impervious","Reaper+1"],"picked":"Berserk","floor":16},{"not_picked":["Clothesline+1","Shrug It Off","Pommel Strike+1"],"picked":"SKIP","floor":18},{"not_picked":["Shrug It Off","Pommel Strike+1"],"picked":"Exhume","floor":20}],"player_experience":994302,"relics_obtained":[{"floor":7,"key":"Incense Burner"},{"floor":9,"key":"Shuriken"},{"floor":10,"key":"Mango"},{"floor":14,"key":"Omamori"},{"floor":20,"key":"Red Mask"}],"event_choices":[{"damage_healed":0,"gold_gain":0,"cards_transformed":["Strike_R"],"player_choice":"Change","damage_taken":0,"max_hp_gain":0,"max_hp_loss":0,"event_name":"Living Wall","floor":2,"gold_loss":0,"cards_obtained":["Dark Embrace"]},{"damage_healed":0,"gold_gain":0,"player_choice":"Success","damage_taken":3,"relics_obtained":["Molten Egg 2"],"max_hp_gain":0,"max_hp_loss":0,"event_name":"Scrap Ooze","floor":3,"gold_loss":0},{"damage_healed":0,"gold_gain":75,"player_choice":"Gather Gold","damage_taken":11,"max_hp_gain":0,"max_hp_loss":0,"event_name":"World of Goop","floor":4,"gold_loss":0},{"damage_healed":0,"gold_gain":0,"player_choice":"Ignored","damage_taken":0,"max_hp_gain":0,"max_hp_loss":0,"event_name":"Ghosts","floor":19,"gold_loss":0},{"damage_healed":0,"gold_gain":0,"player_choice":"Fought Bandits","damage_taken":0,"max_hp_gain":0,"max_hp_loss":0,"event_name":"Masked Bandits","floor":20,"gold_loss":0}],"is_beta":false,"boss_relics":[{"not_picked":["Fusion Hammer","Black Blood"],"picked":"Empty Cage"}],"items_purged_floors":[21],"is_endless":false,"potions_floor_spawned":[12,13,16,18],"killed_by":"Gremlin Leader","ascension_level":11}}