{"host":"x8s7139x96bc3le0","time":1613769157,"event":{"mods":["AchievementEnabler","BaseMod","Bestiary","Minty Spire (QoL Compilation)","Relic Stats","ojb\u0027s Better Paths Mod","ojb\u0027s Info Mod"],"gold_per_floor":[114,189,189,200,220,220,251,265,311,339,353,386,386,399,399,399,399],"floor_reached":16,"language":"ENG","playtime":818,"items_purged":[],"score":195,"play_id":"460f60b6-b092-44b0-8187-9300b53c0489","local_time":"20210219221237","is_ascension_mode":true,"campfire_choices":[{"data":"Neutralize","floor":6.0,"key":"SMITH"},{"floor":15,"key":"REST"}],"circlet_count":0,"master_deck":["AscendersBane","Strike_G","Strike_G","Strike_G","Strike_G","Strike_G","Defend_G","Defend_G","Defend_G","Defend_G","Defend_G","Survivor","Neutralize+1","Dagger Spray","Deadly Poison","Blade Dance","Flying Knee","Bane","Sucker Punch"],"relics":["Ring of the Snake","Snake Skull","HornCleat","Nunchaku","Centennial Puzzle","Ornamental Fan"],"acts_visited":["Exordium"],"potions_floor_usage":[12,16],"damage_taken":[{"damage":1.0,"enemies":"Small Slimes","floor":1.0,"turns":4.0},{"damage":4.0,"enemies":"Jaw Worm","floor":4.0,"turns":4.0},{"damage":0.0,"enemies":"Cultist","floor":5.0,"turns":3.0},{"damage":23.0,"enemies":"Lagavulin","floor":7.0,"turns":6.0},{"damage":1.0,"enemies":"Large Slime","floor":8.0,"turns":6.0},{"damage":10.0,"enemies":"Gremlin Nob","floor":10.0,"turns":4.0},{"damage":0.0,"enemies":"2 Fungi Beasts","floor":11.0,"turns":3.0},{"damage":12,"enemies":"3 Sentries","floor":12,"turns":7},{"damage":0,"enemies":"Blue Slaver","floor":14,"turns":3},{"damage":24,"enemies":"Hexaghost","floor":16,"turns":11}],"seed_played":"7282432292868123050","potions_obtained":[{"floor":3.0,"key":"AttackPotion"},{"floor":3.0,"key":"Explosive Potion"},{"floor":7.0,"key":"DistilledChaos"},{"floor":8.0,"key":"PowerPotion"},{"floor":14,"key":"ColorlessPotion"}],"is_trial":false,"path_per_floor":["M","?","?","M","M","R","E","M","T","E","M","E","?","M","R","B"],"character_chosen":"THE_SILENT","items_purchased":[],"campfire_rested":1,"item_purchase_floors":[],"current_hp_per_floor":[62,51,51,47,47,47,24,23,23,13,13,1,1,1,22,0,0],"gold":399,"neow_bonus":"RANDOM_COMMON_RELIC","is_daily":false,"chose_seed":false,"campfire_upgraded":1,"win_rate":0.0,"timestamp":1613769157,"path_taken":["M","?","?","M","M","R","E","M","T","E","?","E","?","M","R","BOSS"],"items_purchased_type":[],"build_version":"2020-12-22","purchased_purges":0,"victory":false,"max_hp_per_floor":[70,70,70,70,70,70,70,70,70,70,70,70,70,70,70,70,70],"relic_stats":{"Nunchaku":[8],"Centennial Puzzle":[6],"counters":[10,51],"Ornamental Fan":[40],"Snake Skull":[12],"obtain_stats":[{"Nunchaku":9,"Centennial Puzzle":10,"HornCleat":7,"Ornamental Fan":12,"Snake Skull":0,"Ring of the Snake":0},{"Nunchaku":5,"Centennial Puzzle":6,"HornCleat":4,"Ornamental Fan":8,"Snake Skull":0,"Ring of the Snake":0},{"Nunchaku":23,"Centennial Puzzle":27,"HornCleat":17,"Ornamental Fan":37,"Snake Skull":0,"Ring of the Snake":0}],"Ring of the Snake":[20]},"card_choices":[{"not_picked":["Bane","Prepared"],"picked":"Dagger Spray","floor":1.0},{"not_picked":["Setup","Backflip"],"picked":"Deadly Poison","floor":4.0},{"not_picked":["Distraction","Blur"],"picked":"Blade Dance","floor":5.0},{"not_picked":["Acrobatics","Footwork","Choke"],"picked":"SKIP","floor":7.0},{"not_picked":["All Out Attack","Accuracy"],"picked":"Flying Knee","floor":8.0},{"not_picked":["Reflex","Sucker Punch"],"picked":"Bane","floor":10.0},{"not_picked":["Concentrate","Choke","Dodge and Roll"],"picked":"SKIP","floor":11.0},{"not_picked":["Infinite Blades","Deflect","Unload"],"picked":"SKIP","floor":12},{"not_picked":["Underhanded Strike","Acrobatics"],"picked":"Sucker Punch","floor":14}],"player_experience":867945,"relics_obtained":[{"floor":7.0,"key":"HornCleat"},{"floor":9.0,"key":"Nunchaku"},{"floor":10.0,"key":"Centennial Puzzle"},{"floor":12,"key":"Ornamental Fan"}],"event_choices":[{"damage_healed":0.0,"max_hp_gain":0.0,"max_hp_loss":0.0,"gold_gain":75.0,"event_name":"World of Goop","player_choice":"Gather Gold","floor":2.0,"gold_loss":0.0,"damage_taken":11.0},{"damage_healed":0.0,"max_hp_gain":0.0,"max_hp_loss":0.0,"gold_gain":0.0,"event_name":"Lab","player_choice":"Got Potions","floor":3.0,"gold_loss":0.0,"damage_taken":0.0},{"damage_healed":0,"gold_gain":0,"player_choice":"Ignored","damage_taken":0,"max_hp_gain":0,"max_hp_loss":0,"event_name":"Liars Game","floor":13,"gold_loss":0}],"is_beta":false,"boss_relics":[],"items_purged_floors":[],"is_endless":false,"potions_floor_spawned":[7,8,14],"killed_by":"Hexaghost","ascension_level":12}}