{"host":"rkogaz10iou00zbv","time":1613755427,"event":{"mods":["2.2 Compatiblity","BaseMod","Hermit","Minty Spire (QoL Compilation)","Quick Restart","StSLib","The Blackbeard","The Death Knight","The Necromancer"],"gold_per_floor":[111,111,43,118,134,134,134,166,192,211,42,55,55,75,75,75,75],"floor_reached":16,"language":"ENG","playtime":464,"items_purged":[],"score":100,"play_id":"ae7822e7-13f3-4df7-94da-ae5af0ff589e","local_time":"20210220012347","is_ascension_mode":false,"campfire_choices":[{"data":"hermit:BigShot","floor":6,"key":"SMITH"},{"floor":15,"key":"REST"}],"circlet_count":0,"master_deck":["hermit:Strike_Hermit","hermit:Strike_Hermit","hermit:Strike_Hermit","hermit:Strike_Hermit","hermit:Defend_Hermit","hermit:Defend_Hermit","hermit:Defend_Hermit","hermit:Defend_Hermit","hermit:Snapshot","hermit:Covet","hermit:ItchyTrigger+1","hermit:BigShot+1","hermit:ShadowCloak","hermit:Vantage","hermit:CalledShot","hermit:CalledShot","hermit:Snapshot","hermit:Enervate","hermit:HoleUp"],"relics":["hermit:Momento","Shuriken","Juzu Bracelet","DollysMirror","Golden Idol"],"acts_visited":["Exordium"],"potions_floor_usage":[],"damage_taken":[{"damage":4.0,"enemies":"Cultist","floor":1.0,"turns":4.0},{"damage":12,"enemies":"Small Slimes","floor":5,"turns":6},{"damage":13,"enemies":"3 Sentries","floor":8,"turns":8},{"damage":0,"enemies":"2 Louse","floor":10,"turns":1},{"damage":7,"enemies":"Gremlin Gang","floor":12,"turns":5},{"damage":0,"enemies":"3 Louse","floor":14,"turns":3},{"damage":62,"enemies":"The Guardian","floor":16,"turns":6}],"seed_played":"-4109725933335742495","potions_obtained":[{"floor":5,"key":"Strength Potion"},{"floor":8,"key":"SpeedPotion"},{"floor":14,"key":"SkillPotion"}],"is_trial":false,"path_per_floor":["M","?","$","?","M","R","?","E","T","M","$","M","?","M","R","B"],"character_chosen":"HERMIT","items_purchased":["hermit:BigShot","hermit:CalledShot","DollysMirror"],"campfire_rested":1,"item_purchase_floors":[3,11,11],"current_hp_per_floor":[64,64,64,53,41,41,78,65,65,65,65,58,39,39,62,0,0],"gold":75,"neow_bonus":"RANDOM_COLORLESS_2","is_daily":false,"chose_seed":false,"campfire_upgraded":1,"win_rate":0.0,"timestamp":1613755427,"path_taken":["M","?","?","?","M","R","?","E","T","M","$","M","?","M","R","BOSS"],"items_purchased_type":["Card","Card","Relic"],"build_version":"2020-12-22","purchased_purges":0,"victory":false,"max_hp_per_floor":[68,68,68,68,68,68,78,78,78,78,78,78,78,78,78,78,78],"card_choices":[{"not_picked":["Secret Weapon","Metamorphosis"],"picked":"Magnetism","floor":0.0},{"not_picked":["hermit:WideOpen","hermit:FlashPowder"],"picked":"hermit:ItchyTrigger","floor":1.0},{"not_picked":["hermit:SprayPray","hermit:Manifest"],"picked":"hermit:ShadowCloak","floor":5},{"not_picked":["hermit:Gestalt","hermit:LuckOfTheDraw"],"picked":"hermit:Vantage","floor":8},{"not_picked":["hermit:SprayPray","hermit:Roulette"],"picked":"hermit:CalledShot","floor":10},{"not_picked":["hermit:LuckOfTheDraw","hermit:HighCaliber"],"picked":"hermit:Enervate","floor":12},{"not_picked":["hermit:Feint","hermit:ItchyTrigger"],"picked":"hermit:HoleUp","floor":14}],"player_experience":669447,"relics_obtained":[{"floor":8,"key":"Shuriken"},{"floor":9,"key":"Juzu Bracelet"}],"event_choices":[{"damage_healed":0.0,"max_hp_gain":0.0,"max_hp_loss":0.0,"gold_gain":0.0,"event_name":"Accursed Blacksmith","player_choice":"Forge","floor":2.0,"gold_loss":0.0,"damage_taken":0.0,"cards_upgraded":["hermit:ItchyTrigger"]},{"damage_healed":0.0,"max_hp_gain":0.0,"max_hp_loss":0.0,"gold_gain":75.0,"event_name":"World of Goop","player_choice":"Gather Gold","floor":4.0,"gold_loss":0.0,"damage_taken":11.0},{"cards_removed":["Magnetism"],"damage_healed":27,"gold_gain":0,"player_choice":"Offered Rare","damage_taken":0,"max_hp_gain":10,"max_hp_loss":0,"event_name":"Bonfire Elementals","floor":7,"gold_loss":0},{"damage_healed":0,"gold_gain":0,"player_choice":"Take Damage","damage_taken":19,"relics_obtained":["Golden Idol"],"max_hp_gain":0,"max_hp_loss":0,"event_name":"Golden Idol","floor":13,"gold_loss":0}],"is_beta":false,"boss_relics":[],"items_purged_floors":[],"is_endless":false,"potions_floor_spawned":[5,8,14],"killed_by":"The Guardian","ascension_level":0}}