{"host":"ve5hox67eka4rdnb","time":1613737832,"event":{"mods":["ATMod(∞¢Ë™Mod)","AchievementEnabler","Act Like it!","BaseMod","Downfall","Hermit","Lobotomy","LobotomyExtend","Marisa£®ÏF”Í°°ƒß¿Ì…≥£©","Minty Spire (QoL Compilation)","Quick Restart","Remilia£®¿Ÿ√◊¿Ú—«£©","Replay The Spire","Shop Mod","StSLib"],"gold_per_floor":[111,186,199,210,222,255,255,295,349,388,413,413,428,451,451,579,579,598,76,76,100,100,144,144,177,177,177,201,235,235,235],"floor_reached":30,"language":"ZHS","playtime":1555,"items_purged":["SpecialBullet"],"score":479,"play_id":"b5816d9e-e93f-44a2-b183-c553fc61c3fe","local_time":"20210219203032","is_ascension_mode":true,"campfire_choices":[{"floor":24,"key":"REST"}],"circlet_count":0,"master_deck":["SpecialBullet","SpecialBullet","SpecialBullet","SpecialBullet","SpecialBullet","SpecialBullet","DisciplinaryCode","CentralCode","ControlCode","AT_Desolate","Logging","Twilight","UniverseFragment","Moonlight+1","SpiderBud","Hypocrisy","BlackSwan","CENSORED_ego","Twilight","ParadiseLost","GoldRush"],"relics":["CogitoBucket","AT_ATBox","LetterFromLob","RedMistMask","Bottled Tornado","Golden Idol","Onion Ring","ReplayTheSpireMod:TigerMarble","War Paint","AspirationHeart","SlaversCollar","TungstenRod","BackwardClock","Ginger","Replay:Baseball","Garlic","Bronze Scales"],"acts_visited":["Exordium","TheCity"],"potions_floor_usage":[29],"damage_taken":[{"damage":0.0,"enemies":"2 Louse","floor":1.0,"turns":2.0},{"damage":12.0,"enemies":"Small Slimes","floor":3.0,"turns":2.0},{"damage":6.0,"enemies":"Jaw Worm","floor":4.0,"turns":2.0},{"damage":22.0,"enemies":"Lots of Slimes","floor":5.0,"turns":2.0},{"damage":0.0,"enemies":"Gremlin Nob","floor":6.0,"turns":2.0},{"damage":0.0,"enemies":"Lagavulin","floor":8.0,"turns":3.0},{"damage":0.0,"enemies":"3 Sentries","floor":10.0,"turns":2.0},{"damage":9.0,"enemies":"2 Fungi Beasts","floor":11.0,"turns":5.0},{"damage":0.0,"enemies":"Blue Slaver","floor":13.0,"turns":2.0},{"damage":0,"enemies":"Exordium Thugs","floor":14,"turns":2},{"damage":8,"enemies":"Fading Forest","floor":16,"turns":11},{"damage":0,"enemies":"Spheric Guardian","floor":18,"turns":1},{"damage":67,"enemies":"Shell Parasite","floor":21,"turns":7},{"damage":0,"enemies":"Slavers","floor":23,"turns":2},{"damage":15,"enemies":"Gremlin Leader","floor":25,"turns":3},{"damage":0,"enemies":"3 Cultists","floor":28,"turns":2},{"damage":5,"enemies":"Slavers","floor":29,"turns":3},{"damage":2,"enemies":"Sentry and Sphere","floor":30,"turns":2}],"seed_played":"7431796739661079260","potions_obtained":[{"floor":5.0,"key":"AttackPotion"},{"floor":8.0,"key":"Explosive Potion"},{"floor":13,"key":"Weak Potion"},{"floor":16,"key":"Energy Potion"},{"floor":18,"key":"DuplicationPotion"},{"floor":25,"key":"SteroidPotion"},{"floor":29,"key":"Dexterity Potion"}],"is_trial":false,"path_per_floor":["M","?","M","M","M","E","?","E","T","E","M","R","M","M","R","B",null,"M","$","?","M","?","E","R","E","T","R","M","E","M"],"character_chosen":"Angela","items_purchased":["Twilight","TungstenRod"],"campfire_rested":1,"item_purchase_floors":[19,19],"current_hp_per_floor":[70,59,47,41,19,19,19,19,19,19,20,20,20,20,20,14,75,75,75,75,8,8,8,30,19,19,19,19,18,16,16],"gold":235,"neow_bonus":"REMOVE_CARD","is_daily":false,"chose_seed":false,"campfire_upgraded":0,"win_rate":0.0,"timestamp":1613737832,"path_taken":["M","?","M","M","M","E","?","E","T","E","M","R","M","M","R","BOSS","M","$","?","M","?","E","R","E","T","R","?","E","M"],"items_purchased_type":["Card","Relic"],"build_version":"2020-12-22","purchased_purges":1,"victory":false,"max_hp_per_floor":[70,70,70,70,70,70,65,65,65,65,75,75,75,75,75,75,75,75,75,75,75,75,75,75,75,75,75,75,75,75,75],"card_choices":[{"not_picked":["Beak","SomewhereSpear"],"picked":"SKIP","floor":1.0},{"not_picked":["CUTE","Harmony"],"picked":"SKIP","floor":3.0},{"not_picked":["WristCuter"],"picked":"Logging","floor":4.0},{"not_picked":["TodaysExpression","RapturousDream"],"picked":"SKIP","floor":5.0},{"not_picked":["Penitence","Beak"],"picked":"SKIP","floor":6.0},{"not_picked":["Loneliness"],"picked":"Twilight","floor":8.0},{"not_picked":["VoidDream","DreamingCurrent"],"picked":"UniverseFragment","floor":10.0},{"not_picked":["Christmas"],"picked":"Moonlight","floor":10.0},{"not_picked":["Murderer","FairyFestival"],"picked":"SpiderBud","floor":11.0},{"not_picked":["Harvest","Reverberation"],"picked":"SKIP","floor":11.0},{"not_picked":["CherryBlossom"],"picked":"Hypocrisy","floor":13},{"not_picked":["Moonlight","MagicBullet"],"picked":"SKIP","floor":14},{"not_picked":["MeatLantern","HeroicMonk"],"picked":"BlackSwan","floor":16},{"not_picked":["ParadiseLost"],"picked":"CENSORED_ego","floor":16},{"not_picked":["Laetitia_ego","Lantern+1"],"picked":"SKIP","floor":18},{"not_picked":["Gaze+1","FourthMatchFlame+1"],"picked":"SKIP","floor":21},{"not_picked":["BlueScar","CherryBlossom"],"picked":"SKIP","floor":23},{"not_picked":["FourthMatchFlame+1"],"picked":"ParadiseLost","floor":25},{"not_picked":["Wingbeat","Lantern"],"picked":"SKIP","floor":28},{"not_picked":["BlueScar"],"picked":"GoldRush","floor":29}],"player_experience":235392,"relics_obtained":[{"floor":1.0,"key":"LetterFromLob"},{"floor":1.0,"key":"RedMistMask"},{"floor":6.0,"key":"Bottled Tornado"},{"floor":8.0,"key":"Onion Ring"},{"floor":9.0,"key":"ReplayTheSpireMod:TigerMarble"},{"floor":10.0,"key":"War Paint"},{"floor":23,"key":"Ginger"},{"floor":25,"key":"Replay:Baseball"},{"floor":26,"key":"Garlic"},{"floor":29,"key":"Bronze Scales"}],"event_choices":[{"damage_healed":0.0,"max_hp_gain":0.0,"max_hp_loss":0.0,"gold_gain":75.0,"event_name":"World of Goop","player_choice":"Gather Gold","floor":2.0,"gold_loss":0.0,"damage_taken":11.0},{"damage_healed":0.0,"max_hp_gain":0.0,"max_hp_loss":5.0,"gold_gain":0.0,"event_name":"Golden Idol","player_choice":"Lose Max HP","floor":7.0,"gold_loss":0.0,"damage_taken":0.0,"relics_obtained":["Golden Idol"]},{"damage_healed":0,"gold_gain":0,"player_choice":"Forge","damage_taken":0,"max_hp_gain":0,"max_hp_loss":0,"event_name":"Accursed Blacksmith","floor":22,"gold_loss":0,"cards_upgraded":["Moonlight"]}],"is_beta":false,"boss_relics":[{"not_picked":["Fusion Hammer","Sozu"],"picked":"SlaversCollar"}],"items_purged_floors":[19],"is_endless":false,"potions_floor_spawned":[5,8,13,16,18,25,29],"killed_by":"Sentry and Sphere","ascension_level":2}}