{"host":"ormi09wwzv7sq47a","time":1613702924,"event":{"mods":["2.2 Compatiblity","AchievementEnabler","Act Like it!","BaseMod","Bestiary","Better Altar","Better Note","Better Sensory Stone","Better Silent Start","Better Skull","Better Third Choice","Better Vampires","BetterRewards","Block Reminder","Card Forge","Colored Map","Colored Powertips","Curses Come First","DeckTracker","Downfall","Highlight Path","Minty Spire (QoL Compilation)","Permanent Neow","Quick Restart","Rare Cards Sparkle","Relic Stats","Shop Mod","StSLib","The Jungle"],"gold_per_floor":[111,111,127,140,155,155,6,6,6,6,36,46,46,81,81,158,158,173,173,173,183,199,232,232,267,290,300,300,311,330,342,342,342,342],"floor_reached":33,"language":"ENG","playtime":1751,"items_purged":["Strike_B","Strike_B","Strike_B"],"score":923,"play_id":"cdea1c12-687f-437c-95b0-010011fb91d5","local_time":"20210219004844","is_ascension_mode":true,"campfire_choices":[{"data":"Doom and Gloom","floor":6,"key":"SMITH"},{"data":"Heatsinks","floor":8,"key":"SMITH"},{"data":"Defragment","floor":15,"key":"SMITH"},{"data":"Reinforced Body","floor":24,"key":"SMITH"},{"data":"Stack","floor":28,"key":"SMITH"},{"floor":32,"key":"REST"}],"circlet_count":0,"master_deck":["AscendersBane","Strike_B+1","Defend_B+1","Defend_B+1","Defend_B+1","Defend_B+1","Zap","Dualcast","BootSequence","Master of Strategy","Heatsinks+1","Flash of Steel","White Noise","Turbo","Hello World","Doom and Gloom+1","Stack+1","Gash","Double Energy","Gash","Defragment+1","Gash","Capacitor","All For One","Skim","Coolheaded","Gash","Reinforced Body+1","Aggregate","Reinforced Body","Scrape","Beam Cell"],"relics":["Cracked Core","Hammer of Thor","Seething Fire","Anvil of the Gods","Pocketwatch","PreservedInsect","Guardian:GemstoneGun","Bronze Scales","hexamod:CandleOfCauterizing","Matryoshka","Letter Opener","Mercury Hourglass","Philosopher\u0027s Stone","Gremlin Horn","Boot","Ancient Tea Set"],"acts_visited":["Exordium","TheCity"],"potions_floor_usage":[1,11,11,16,22,23,29,33,33],"damage_taken":[{"damage":0,"enemies":"Cultist","floor":1,"turns":3},{"damage":0,"enemies":"2 Louse","floor":3,"turns":2},{"damage":2,"enemies":"Jaw Worm","floor":4,"turns":3},{"damage":1,"enemies":"Large Slime","floor":5,"turns":2},{"damage":2,"enemies":"3 Sentries","floor":11,"turns":3},{"damage":0,"enemies":"Exordium Wildlife","floor":12,"turns":2},{"damage":0,"enemies":"Lagavulin","floor":14,"turns":5},{"damage":9,"enemies":"Slime Boss","floor":16,"turns":6},{"damage":2,"enemies":"Spheric Guardian","floor":18,"turns":3},{"damage":0,"enemies":"3 Byrds","floor":21,"turns":1},{"damage":7,"enemies":"Centurion and Healer","floor":22,"turns":6},{"damage":5,"enemies":"Slavers","floor":23,"turns":3},{"damage":0,"enemies":"Gremlin Leader","floor":25,"turns":4},{"damage":5,"enemies":"Snake Plant","floor":27,"turns":4},{"damage":24,"enemies":"Shelled Parasite and Fungi","floor":29,"turns":3},{"damage":0,"enemies":"3 Cultists","floor":30,"turns":3},{"damage":0,"enemies":"Cultist and Chosen","floor":31,"turns":4},{"damage":66,"enemies":"Champ","floor":33,"turns":6}],"seed_played":"3872498519288507704","potions_obtained":[{"floor":5,"key":"FocusPotion"},{"floor":11,"key":"Weak Potion"},{"floor":14,"key":"Explosive Potion"},{"floor":18,"key":"BlessingOfTheForge"},{"floor":23,"key":"Explosive Potion"},{"floor":29,"key":"LiquidBronze"},{"floor":31,"key":"Dexterity Potion"}],"is_trial":false,"path_per_floor":["M","T","M","M","M","R","$","R","T","$","E","M","$","E","R","B",null,"M","?","?","M","M","E","R","E","T","M","R","M","M","M","R","B"],"character_chosen":"DEFECT","items_purchased":["BootSequence","Master of Strategy","Heatsinks","PreservedInsect","Bronze Scales","Flash of Steel","White Noise","Turbo","Hello World","Doom and Gloom","Slimebound:ThreeZeroPotion","SpeedPotion","Gash"],"campfire_rested":1,"item_purchase_floors":[0,0,0,0,0,0,0,0,0,0,0,0,7],"current_hp_per_floor":[29,29,29,27,26,26,26,26,26,26,24,24,24,24,24,15,57,55,55,55,55,48,43,43,43,43,38,38,14,14,14,35,0,0],"gold":342,"neow_bonus":"","is_daily":false,"chose_seed":false,"campfire_upgraded":5,"win_rate":0.0,"timestamp":1613702924,"path_taken":["M","?","M","M","?","R","$","R","T","$","E","?","?","E","R","BOSS","M","?","?","M","M","E","R","E","T","M","R","M","M","M","R","BOSS"],"items_purchased_type":["Card","Card","Card","Relic","Relic","Card","Card","Card","Card","Card","Potion","Potion","Card"],"build_version":"2020-12-22","purchased_purges":3,"victory":false,"max_hp_per_floor":[71,71,71,71,71,71,71,71,71,71,71,71,71,71,71,71,71,71,71,71,71,71,71,71,71,71,71,71,71,71,71,71,71,71],"relic_stats":{"Gremlin Horn":[7,7],"counters":[74,240],"Bronze Scales":[339],"PreservedInsect":153,"Letter Opener":[241],"Boot":[34],"obtain_stats":[{"Regal Pillow":21,"Calipers":0,"Gremlin Horn":23,"Nilry\u0027s Codex":19,"Hammer of Thor":0,"Whetstone":21,"Ginger":36,"Cursed Key":34,"Boot":25,"Ancient Tea Set":26,"FrozenCore":17,"Dream Catcher":7,"Matryoshka":9,"Slimebound:StickyStick":42,"Prayer Wheel":0,"Philosopher\u0027s Stone":17,"Kunai":41,"Cracked Core":0,"InkBottle":30,"bronze:DonusWashers":21,"hexamod:CandleOfCauterizing":2,"Pear":9,"Guardian:GemstoneGun":0,"Oddly Smooth Stone":9,"Thread and Needle":0,"champ:DeflectingBracers":23,"The Courier":24,"PreservedInsect":0,"Guardian:PocketSentry":0,"Seething Fire":0,"Letter Opener":11,"War Paint":39,"Mercury Hourglass":14,"Busted Crown":34,"Anvil of the Gods":0,"MutagenicStrength":20,"Bronze Scales":26,"Pandora\u0027s Box":17,"Slimebound:PreparedRelic":26,"Bag of Marbles":28,"hexamod:BolsterEngine":53,"FossilizedHelix":0,"Toy Ornithopter":40,"Pocketwatch":0},{"Regal Pillow":11,"Calipers":29,"Gremlin Horn":68,"Nilry\u0027s Codex":39,"Hammer of Thor":0,"Whetstone":11,"Ginger":21,"Cursed Key":19,"Boot":69,"Ancient Tea Set":69,"FrozenCore":38,"Dream Catcher":33,"Matryoshka":60,"Slimebound:StickyStick":50,"Prayer Wheel":0,"Philosopher\u0027s Stone":64,"Kunai":24,"Cracked Core":0,"InkBottle":17,"bronze:DonusWashers":11,"hexamod:CandleOfCauterizing":57,"Pear":6,"Guardian:GemstoneGun":56,"Oddly Smooth Stone":33,"Thread and Needle":29,"champ:DeflectingBracers":13,"The Courier":42,"PreservedInsect":56,"Guardian:PocketSentry":29,"Seething Fire":0,"Letter Opener":61,"War Paint":48,"Mercury Hourglass":63,"Busted Crown":45,"Anvil of the Gods":0,"MutagenicStrength":39,"Bronze Scales":42,"Pandora\u0027s Box":10,"Slimebound:PreparedRelic":14,"Bag of Marbles":43,"hexamod:BolsterEngine":55,"FossilizedHelix":0,"Toy Ornithopter":49,"Pocketwatch":56},{"Regal Pillow":29,"Calipers":84,"Gremlin Horn":217,"Nilry\u0027s Codex":113,"Hammer of Thor":0,"Whetstone":29,"Ginger":56,"Cursed Key":51,"Boot":221,"Ancient Tea Set":221,"FrozenCore":109,"Dream Catcher":91,"Matryoshka":190,"Slimebound:StickyStick":160,"Prayer Wheel":0,"Philosopher\u0027s Stone":206,"Kunai":70,"Cracked Core":0,"InkBottle":44,"bronze:DonusWashers":29,"hexamod:CandleOfCauterizing":183,"Pear":14,"Guardian:GemstoneGun":180,"Oddly Smooth Stone":91,"Thread and Needle":84,"champ:DeflectingBracers":35,"The Courier":122,"PreservedInsect":180,"Guardian:PocketSentry":84,"Seething Fire":0,"Letter Opener":193,"War Paint":148,"Mercury Hourglass":200,"Busted Crown":139,"Anvil of the Gods":0,"MutagenicStrength":113,"Bronze Scales":122,"Pandora\u0027s Box":26,"Slimebound:PreparedRelic":38,"Bag of Marbles":127,"hexamod:BolsterEngine":177,"FossilizedHelix":0,"Toy Ornithopter":153,"Pocketwatch":180}],"Pocketwatch":[9],"Mercury Hourglass":[177]},"card_choices":[{"not_picked":["Conserve Battery","Chill","Doom and Gloom"],"picked":"SKIP","floor":1},{"not_picked":["Turbo","Coolheaded"],"picked":"Stack","floor":3},{"not_picked":["Scrape","White Noise"],"picked":"Gash","floor":4},{"not_picked":["Turbo","Thunder Strike"],"picked":"Double Energy","floor":5},{"not_picked":["Streamline","Coolheaded"],"picked":"Defragment","floor":11},{"not_picked":["Ball Lightning","Leap"],"picked":"Gash","floor":12},{"not_picked":["Chill","Streamline"],"picked":"Capacitor","floor":14},{"not_picked":["Rainbow","Creative AI"],"picked":"All For One","floor":16},{"not_picked":["Barrage","Ball Lightning"],"picked":"Skim","floor":18},{"not_picked":["Chaos","Leap"],"picked":"Coolheaded","floor":21},{"not_picked":["Turbo","Barrage"],"picked":"Gash","floor":22},{"not_picked":["Hyperbeam","Coolheaded+1"],"picked":"Reinforced Body","floor":23},{"not_picked":["Conserve Battery","Compile Driver","Auto Shields+1"],"picked":"SKIP","floor":25},{"not_picked":["Sweeping Beam","Turbo"],"picked":"Aggregate","floor":27},{"not_picked":["Auto Shields","Cold Snap"],"picked":"Reinforced Body","floor":29},{"not_picked":["Sunder","Conserve Battery"],"picked":"Scrape","floor":30},{"not_picked":["Fission","Doom and Gloom"],"picked":"Beam Cell","floor":31}],"player_experience":1113526,"relics_obtained":[{"floor":2,"key":"hexamod:CandleOfCauterizing"},{"floor":9,"key":"Matryoshka"},{"floor":11,"key":"Letter Opener"},{"floor":14,"key":"Mercury Hourglass"},{"floor":23,"key":"Gremlin Horn"},{"floor":25,"key":"Boot"},{"floor":26,"key":"Ancient Tea Set"}],"event_choices":[{"damage_healed":0,"gold_gain":0,"player_choice":"Ignored","damage_taken":0,"max_hp_gain":0,"max_hp_loss":0,"event_name":"Ghosts","floor":19,"gold_loss":0},{"damage_healed":0,"gold_gain":0,"player_choice":"Simplicity","damage_taken":0,"max_hp_gain":0,"max_hp_loss":5,"event_name":"betterThird:BetterWriting","floor":20,"gold_loss":0}],"is_beta":false,"boss_relics":[{"not_picked":["Coffee Dripper","SlaversCollar"],"picked":"Philosopher\u0027s Stone"}],"items_purged_floors":[0,0,7],"is_endless":false,"potions_floor_spawned":[5,11,14,18,23,29,31],"killed_by":"Champ","ascension_level":20}}