{"host":"o3b7ow6d1xe49css","time":1613712664,"event":{"mods":["Aspiration","BaseMod","Better Altar","Better Match","Better Note","Better Sensory Stone","Better Skull","Better Third Choice","Colored Powertips","Conspire","Energized Spire","Force Act Four","GifTheSpireLib","Halation","Hubris","Lobotomy","Minty Spire (QoL Compilation)","Relic Filter Mod","Reliquary","Replay The Spire","Spicy Shops","Spikes Relics","StSLib","Stuff the Spire","The Blue Laboratory","Together in Spire"],"gold_per_floor":[109,120,133,133,133,133,162,162,162,162,182,195,195,230,230,237,256,267,284,33,33,55,80,80,80,116,126,10,25,25,131,131,148,157,177,188,211,251,251,278,278,278,292,292,109,134,134,134,134,134,10,38,38],"floor_reached":54,"language":"ENG","playtime":2211,"items_purged":["Strike_P","Decay","Parasite"],"score":874,"play_id":"c7c40b07-95c7-404f-93da-59dfa4c71235","local_time":"20210218203104","is_ascension_mode":false,"campfire_choices":[{"floor":6,"key":"REST"},{"data":"BattleHymn","floor":8,"key":"SMITH"},{"data":"StuffTheSpire:CelestialWarden","floor":10,"key":"SMITH"},{"data":"Eruption","floor":15,"key":"SMITH"},{"data":"Crescendo","floor":21,"key":"SMITH"},{"floor":25,"key":"RECALL"},{"floor":30,"key":"DIG"},{"data":"StuffTheSpire:BrainWave","floor":39,"key":"SMITH"},{"data":"Wallop","floor":42,"key":"SMITH"},{"data":"Dash","floor":44,"key":"SMITH"},{"data":"Finisher","floor":47,"key":"SMITH"},{"data":"Establishment","floor":50,"key":"SMITH"}],"circlet_count":0,"master_deck":["Defend_P+1","Defend_P+1","Defend_P+1","Defend_P+1","Eruption+1","Vigilance","EmptyMind","BattleHymn+1","StuffTheSpire:CelestialWarden+1","BowlingBash","Crescendo+1","Wireheading+1","Protect","Protect","Perseverance+1","Wallop+1","Trip","Trip","Establishment+1","StuffTheSpire:BrainWave+1","Meditate+1","Finisher+1","Dash+1","Slice"],"relics":["reliquary:RoseTintedGlasses","Anchor","StuffTheSpire:Mouthbags","CeramicFish","HolyWater","Sling","Nunchaku","Replay:Ringing Soul","Blue Doll","Membership Card","halation:BottledLove","ChewingGum","StuffTheSpire:DarkSteelAnvil","Replay:Bottled Eggs","hubris:BottledRain","reliquary:Buckler","Sling","reliquary:PrincelyHelmet"],"acts_visited":["Exordium","TheCity","TheBeyond","TheEnding"],"potions_floor_usage":[7,31,31,37,53,53,53],"damage_taken":[{"damage":0,"enemies":"Small Slimes","floor":1,"turns":1},{"damage":0,"enemies":"Jaw Worm","floor":2,"turns":2},{"damage":0,"enemies":"Cultist","floor":3,"turns":2},{"damage":16,"enemies":"Gremlin Nob","floor":7,"turns":3},{"damage":0,"enemies":"Gremlin Gang","floor":11,"turns":1},{"damage":0,"enemies":"Red Slaver","floor":12,"turns":1},{"damage":0,"enemies":"Lagavulin","floor":14,"turns":4},{"damage":0,"enemies":"2 Thieves","floor":16,"turns":2},{"damage":0,"enemies":"Spheric Guardian","floor":17,"turns":3},{"damage":0,"enemies":"Snecko","floor":18,"turns":3},{"damage":0,"enemies":"Centurion and Healer","floor":19,"turns":2},{"damage":1,"enemies":"conspire:HollyBat","floor":22,"turns":5},{"damage":0,"enemies":"Slavers","floor":23,"turns":3},{"damage":0,"enemies":"Book of Stabbing","floor":26,"turns":3},{"damage":0,"enemies":"Sentry and Sphere","floor":27,"turns":4},{"damage":0,"enemies":"Snake Plant","floor":29,"turns":2},{"damage":0,"enemies":"Champ","floor":31,"turns":6},{"damage":2,"enemies":"3 Shapes","floor":33,"turns":2},{"damage":0,"enemies":"3 Darklings","floor":35,"turns":3},{"damage":0,"enemies":"Maw","floor":36,"turns":4},{"damage":0,"enemies":"Writhing Mass","floor":37,"turns":3},{"damage":7,"enemies":"Giant Head","floor":38,"turns":5},{"damage":0,"enemies":"Transient","floor":43,"turns":1},{"damage":0,"enemies":"Reptomancer","floor":46,"turns":2},{"damage":2,"enemies":"Donu and Deca","floor":48,"turns":5},{"damage":14,"enemies":"Shield and Spear","floor":52,"turns":3},{"damage":35,"enemies":"The Heart","floor":53,"turns":6}],"seed_played":"-7356979376107446418","potions_obtained":[{"floor":1,"key":"Milkshake"},{"floor":3,"key":"Elixir"},{"floor":7,"key":"blueLaboratory:PhilterOfMotion"},{"floor":12,"key":"blueLaboratory:BottleOfRum"},{"floor":17,"key":"blueLaboratory:FaithlessPotion"},{"floor":22,"key":"LiquidBronze"},{"floor":27,"key":"AttackPotion"},{"floor":31,"key":"blueLaboratory:BottledTrinity"},{"floor":36,"key":"blueLaboratory:AlphaPotion"},{"floor":46,"key":"StancePotion"}],"is_trial":false,"path_per_floor":["M","M","M","?","?","R","E","R","T","R","M","M","?","E","R","M","M","M","M","$","R","M","E","T","R","E","M","$","M","R","B",null,"M","?","M","M","M","E","R","?","T","R","M","R","$","E","R","B",null,"R","$","E","B",null],"character_chosen":"WATCHER","items_purchased":["Sling","Protect","Membership Card","Trip","hubris:BottledRain","reliquary:SculptingSteel"],"campfire_rested":1,"item_purchase_floors":[20,20,28,28,45,51],"current_hp_per_floor":[72,72,72,72,39,60,44,44,44,44,44,44,44,44,72,72,72,72,72,72,72,71,71,71,71,74,74,77,77,77,80,81,79,76,76,76,79,75,75,78,78,78,78,78,78,78,78,76,82,82,82,68,33],"gold":38,"neow_bonus":"RANDOM_EVENT","is_daily":false,"chose_seed":false,"campfire_upgraded":9,"win_rate":0.0,"timestamp":1613712664,"path_taken":["M","M","M","?","?","R","E","R","T","R","M","M","?","E","R","M","M","?","M","$","R","M","E","T","R","E","?","?","?","R","BOSS","M","?","M","M","M","E","R","?","T","R","?","R","$","E","R","BOSS","R","$","E","BOSS"],"items_purchased_type":["Relic","Card","Relic","Card","Relic","Relic"],"build_version":"2020-12-22","purchased_purges":3,"victory":true,"max_hp_per_floor":[72,72,72,72,72,72,72,72,72,72,72,72,72,72,72,72,72,72,72,72,72,72,72,72,72,75,75,78,78,78,81,81,81,76,76,76,79,82,82,85,85,85,85,85,82,82,82,82,82,82,82,82,82],"card_choices":[{"not_picked":["Swivel","LikeWater"],"picked":"EmptyMind","floor":1},{"not_picked":["SignatureMove","Nirvana","Swivel"],"picked":"SKIP","floor":2},{"not_picked":["EmptyFist","BowlingBash"],"picked":"BattleHymn","floor":3},{"not_picked":["StuffTheSpire:Innocence","StuffTheSpire:Perfection"],"picked":"StuffTheSpire:CelestialWarden","floor":4},{"not_picked":["Wireheading","Study"],"picked":"BowlingBash","floor":7},{"not_picked":["WindmillStrike","PathToVictory","Nirvana"],"picked":"SKIP","floor":11},{"not_picked":["Replay:ManipulateFuture","FlurryOfBlows"],"picked":"Crescendo","floor":12},{"not_picked":["Replay:DivineShield","Replay:Hum","CutThroughFate"],"picked":"SKIP","floor":14},{"not_picked":["FollowUp+1","EmptyBody"],"picked":"Wireheading","floor":16},{"not_picked":["EmptyBody","Replay:BluntJabs","FlyingSleeves+1"],"picked":"SKIP","floor":17},{"not_picked":["ReachHeaven","FearNoEvil","FollowUp"],"picked":"SKIP","floor":18},{"not_picked":["Replay:BluntJabs","Evaluate","EmptyFist"],"picked":"SKIP","floor":19},{"not_picked":["Perseverance+1","PathToVictory+1","CrushJoints"],"picked":"SKIP","floor":22},{"not_picked":["PathToVictory+1","CrushJoints"],"picked":"Perseverance+1","floor":22},{"not_picked":["Ragnarok","BattleHymn+1","WindmillStrike"],"picked":"SKIP","floor":23},{"not_picked":["SashWhip+1","Consecrate"],"picked":"Wallop","floor":26},{"not_picked":["Halt","Evaluate","CutThroughFate+1"],"picked":"SKIP","floor":27},{"not_picked":["Crescendo","Replay:BluntJabs","Nirvana"],"picked":"SKIP","floor":29},{"not_picked":["Scrawl","Brilliance"],"picked":"Establishment","floor":31},{"not_picked":["WindmillStrike","Nirvana","Evaluate"],"picked":"SKIP","floor":33},{"not_picked":["Conclude+1","CutThroughFate","Replay:BluntJabs"],"picked":"SKIP","floor":35},{"not_picked":["CrushJoints+1","Tantrum","CutThroughFate+1"],"picked":"SKIP","floor":36},{"not_picked":["Study","WreathOfFlame","ReachHeaven"],"picked":"SKIP","floor":37},{"not_picked":["EmptyMind","BowlingBash+1"],"picked":"Meditate","floor":38},{"not_picked":["FollowUp","Consecrate","Replay:AllIn"],"picked":"SKIP","floor":43},{"not_picked":["Replay:Anticipation","FlyingSleeves","Replay:BluntJabs"],"picked":"SKIP","floor":46},{"not_picked":["EmptyFist","Crescendo","Perseverance"],"picked":"SKIP","floor":52}],"player_experience":1344040,"relics_obtained":[{"floor":7,"key":"Anchor"},{"floor":9,"key":"StuffTheSpire:Mouthbags"},{"floor":14,"key":"CeramicFish"},{"floor":23,"key":"Nunchaku"},{"floor":24,"key":"Replay:Ringing Soul"},{"floor":26,"key":"Blue Doll"},{"floor":30,"key":"halation:BottledLove"},{"floor":38,"key":"StuffTheSpire:DarkSteelAnvil"},{"floor":41,"key":"Replay:Bottled Eggs"},{"floor":46,"key":"reliquary:Buckler"},{"floor":52,"key":"reliquary:PrincelyHelmet"}],"event_choices":[{"damage_healed":0,"gold_gain":0,"player_choice":"Box","damage_taken":0,"relics_obtained":["Happy Flower"],"max_hp_gain":0,"max_hp_loss":0,"event_name":"Big Fish","floor":0,"gold_loss":0,"cards_obtained":["Regret"]},{"damage_healed":0,"gold_gain":0,"player_choice":"Relic ","damage_taken":33,"max_hp_gain":0,"max_hp_loss":0,"event_name":"betterThird:BetterScrap","floor":5,"gold_loss":0,"cards_obtained":["Finisher"]},{"cards_removed":["Regret"],"damage_healed":0,"gold_gain":0,"player_choice":"Removed Curses","damage_taken":0,"max_hp_gain":0,"max_hp_loss":0,"event_name":"Fountain of Cleansing","floor":13,"gold_loss":0}],"is_beta":false,"boss_relics":[{"not_picked":["Replay:Wanted Poster","hubris:CrackedHourglass"],"picked":"ChewingGum"}],"items_purged_floors":[20,28,45],"is_endless":false,"potions_floor_spawned":[1,3,7,12,17,18,22,27,31,36,46,52],"ascension_level":0}}