{"host":"mydft8i2zzydgggw","time":1613725833,"event":{"mods":["AchievementEnabler","BaseMod","Colored Map","Colored Powertips","DeckTracker","Keyboard Shortcuts","Minty Spire (QoL Compilation)","Rare Cards Sparkle","Relic Stats","StSLib","SuperFastMode","Together in Spire","everything is the same but u backflip on backflip"],"gold_per_floor":[116,134,151,151,151,151,162,162,162,162,175,191,208,208,208,208,208],"floor_reached":16,"language":"KOR","playtime":283,"items_purged":[],"score":179,"play_id":"ba025be3-bab1-48b6-a2f2-e8905308639a","local_time":"20210219181033","is_ascension_mode":true,"campfire_choices":[{"data":"Self Repair","floor":6,"key":"SMITH"},{"data":"Go for the Eyes","floor":8,"key":"SMITH"},{"data":"Zap","floor":10,"key":"SMITH"},{"floor":15,"key":"REST"}],"circlet_count":0,"master_deck":["AscendersBane","Strike_B","Strike_B","Defend_B","Defend_B","Defend_B","Defend_B","Zap+1","Dualcast","Self Repair+1","Go for the Eyes+1","Recycle+1","Streamline","Genetic Algorithm","Heatsinks","Defragment"],"relics":["Cracked Core","Mummified Hand","Ice Cream","Bottled Lightning"],"acts_visited":["Exordium"],"potions_floor_usage":[12,16],"damage_taken":[{"damage":11,"enemies":"Small Slimes","floor":1,"turns":4},{"damage":1,"enemies":"Cultist","floor":2,"turns":4},{"damage":7,"enemies":"Jaw Worm","floor":3,"turns":3},{"damage":18,"enemies":"3 Louse","floor":7,"turns":5},{"damage":12,"enemies":"Blue Slaver","floor":11,"turns":3},{"damage":17,"enemies":"Large Slime","floor":12,"turns":5},{"damage":11,"enemies":"2 Fungi Beasts","floor":13,"turns":4},{"damage":39,"enemies":"Hexaghost","floor":16,"turns":9}],"seed_played":"-826281575812266668","potions_obtained":[{"floor":3,"key":"Swift Potion"},{"floor":12,"key":"LiquidMemories"}],"is_trial":false,"path_per_floor":["M","M","M","?","?","R","M","R","T","R","M","M","M","?","R","B"],"character_chosen":"DEFECT","items_purchased":[],"campfire_rested":1,"item_purchase_floors":[],"current_hp_per_floor":[35,41,41,41,41,41,33,33,33,33,31,24,23,16,37,0,0],"gold":208,"neow_bonus":"ONE_RARE_RELIC","is_daily":false,"chose_seed":false,"campfire_upgraded":3,"win_rate":0.0,"timestamp":1613725833,"path_taken":["M","M","M","?","?","R","?","R","T","R","?","?","M","?","R","BOSS"],"items_purchased_type":[],"build_version":"2020-12-22","purchased_purges":0,"victory":false,"max_hp_per_floor":[71,71,71,71,71,71,71,71,71,71,71,71,71,71,71,71,71],"relic_stats":{"counters":[8,37],"Mummified Hand":[10],"obtain_stats":[{"Ice Cream":0,"Mummified Hand":0,"Bottled Lightning":9,"Cracked Core":0},{"Ice Cream":0,"Mummified Hand":0,"Bottled Lightning":4,"Cracked Core":0},{"Ice Cream":0,"Mummified Hand":0,"Bottled Lightning":16,"Cracked Core":0}]},"card_choices":[{"not_picked":["Compile Driver","Recycle"],"picked":"Self Repair","floor":1},{"not_picked":["Sweeping Beam","Streamline"],"picked":"Go for the Eyes","floor":2},{"not_picked":["Sweeping Beam","Barrage"],"picked":"Recycle","floor":3},{"not_picked":["Rip and Tear","Turbo"],"picked":"Streamline","floor":7},{"not_picked":["Gash","Go for the Eyes"],"picked":"Genetic Algorithm","floor":11},{"not_picked":["Hologram","Lockon"],"picked":"Heatsinks","floor":12},{"not_picked":["Reprogram","Turbo"],"picked":"Defragment","floor":13}],"player_experience":287127,"relics_obtained":[{"floor":9,"key":"Bottled Lightning"}],"event_choices":[{"cards_removed":["Strike_B"],"damage_healed":0,"gold_gain":0,"player_choice":"Forget","damage_taken":0,"max_hp_gain":0,"max_hp_loss":0,"event_name":"Living Wall","floor":4,"gold_loss":0},{"damage_healed":0,"gold_gain":0,"player_choice":"Forge","damage_taken":0,"max_hp_gain":0,"max_hp_loss":0,"event_name":"Accursed Blacksmith","floor":5,"gold_loss":0,"cards_upgraded":["Recycle"]},{"cards_removed":["Strike_B"],"damage_healed":0,"gold_gain":0,"player_choice":"Card Removal","damage_taken":7,"max_hp_gain":0,"max_hp_loss":0,"event_name":"Golden Wing","floor":14,"gold_loss":0}],"is_beta":false,"boss_relics":[],"items_purged_floors":[],"is_endless":false,"potions_floor_spawned":[3,12],"killed_by":"Hexaghost","ascension_level":18}}