{"host":"bxdue9bkfm2khp2x","time":1613705993,"event":{"mods":["ATMod(阿瑾Mod)","Aspiration","BaseMod","Better Vampires","Challenge The Spire","Colored Map","Colored Powertips","Conspire","Decade(王小明)","Dota2Spire","Downfall","Good Game Mod","Highlight Path","Minty Spire (QoL Compilation)","MostiFishMod","Reliquary","Remilia（蕾米莉亚）","Replay The Spire","RumiaBox-露米娅的神秘盒子","Ryuuou龙王","Spicy Shops","StSLib","The Alterego","The Bug Knight","The Cursed","Waifu the Spire","WarShipGirlsR/战舰少女R mod","Wide Potions","noobMod","【功能Mod】混沌之环修复补丁","残留之物","篝火指南"],"gold_per_floor":[113,132,132,132,142,169,169,36,106,106,170,187,245,262,33,159,159],"floor_reached":16,"language":"ZHS","playtime":1406,"items_purged":["Writhe","PlaceholderMod:BaseStrike"],"score":314,"play_id":"ba8606a3-a93a-4054-968d-c983bfac7c2b","local_time":"20210219113953","is_ascension_mode":true,"campfire_choices":[{"data":"alterego_mod:Rake","floor":7,"key":"SMITH"},{"data":"PlaceholderMod:Crystal","floor":10,"key":"SMITH"}],"circlet_count":0,"master_deck":["PlaceholderMod:BaseStrike","PlaceholderMod:BaseStrike","PlaceholderMod:BaseStrike","PlaceholderMod:BaseStrike","PlaceholderMod:BaseDefend","PlaceholderMod:BaseDefend","PlaceholderMod:BaseDefend","PlaceholderMod:BaseDefend","PlaceholderMod:BaseDefend+1","PlaceholderMod:Crystal+1","alterego_mod:Rake+1","PlaceholderMod:RadicalHit","PlaceholderMod:HardStrike","PlaceholderMod:DiffusionPoison","PlaceholderMod:ThreeBenzyolStart","PlaceholderMod:DiffusionChemical","PlaceholderMod:HardStrike"],"relics":["PlaceholderMod:Tancle","DaveBox","ice","AT_ATBox","REME:ComplimentaryCards","Civilization","SynthV:TestCard","Dota2Spire:HandOfMidas","aspiration:FrozenJewel","Replay:Wax Seal","Replay:Baseball"],"acts_visited":["Exordium"],"potions_floor_usage":[16,16],"damage_taken":[{"damage":0.0,"enemies":"Cultist","floor":1.0,"turns":3.0},{"damage":0.0,"enemies":"Small Slimes","floor":2.0,"turns":3.0},{"damage":0,"enemies":"2 Louse","floor":5,"turns":2},{"damage":0,"enemies":"Replay:BlueRogue","floor":6,"turns":5},{"damage":0,"enemies":"Gremlin Nob","floor":11,"turns":4},{"damage":0,"enemies":"2 Fungi Beasts","floor":12,"turns":2},{"damage":2,"enemies":"Lagavulin","floor":13,"turns":6},{"damage":0,"enemies":"Red Slaver","floor":14,"turns":2},{"damage":7,"enemies":"Hexaghost","floor":16,"turns":6}],"seed_played":"-2312826615779504830","potions_obtained":[{"floor":6,"key":"Languid Potion"},{"floor":11,"key":"Slimebound:ThreeZeroPotion"},{"floor":16,"key":"SteroidPotion"}],"is_trial":false,"path_per_floor":["M","M","?","?","M","E","R","$","T","R","E","M","E","M","R_BF","B"],"character_chosen":"THE_PLACEHOLDER","items_purchased":["Dota2Spire:HandOfMidas","PlaceholderMod:DiffusionChemical","PlaceholderMod:HardStrike"],"campfire_rested":0,"item_purchase_floors":[8,15,15],"current_hp_per_floor":[79,82,82,82,87,92,92,92,92,92,97,102,105,110,110,108,108],"gold":159,"neow_bonus":"RANDOM_EVENT","is_daily":false,"chose_seed":false,"campfire_upgraded":2,"win_rate":0.0,"timestamp":1613705993,"path_taken":["M","M","?","?","M","E","R","$","T","R","E","M","E","M","R_BF","BOSS"],"items_purchased_type":["Relic","Card","Card"],"build_version":"2020-12-22","purchased_purges":2,"victory":false,"max_hp_per_floor":[79,82,82,82,87,92,92,92,92,92,97,102,107,112,112,117,117],"card_choices":[{"not_picked":["PlaceholderMod:Hard","PlaceholderMod:Hyperplasia","PlaceholderMod:SeverePoisonStrike"],"picked":"SKIP","floor":1.0},{"not_picked":["PlaceholderMod:ComplexForm","PlaceholderMod:ConsolidateHit","PlaceholderMod:HornyBlast","PlaceholderMod:SprayAttack"],"picked":"PlaceholderMod:RadicalHit","floor":2.0},{"not_picked":["PlaceholderMod:SevereHeat","PlaceholderMod:PoisonBlast","PlaceholderMod:Polyp","PlaceholderMod:DissolvingSpikes","PlaceholderMod:UnpureUse"],"picked":"SKIP","floor":5},{"not_picked":["PlaceholderMod:SeverePoisonStrike","PlaceholderMod:Hard","PlaceholderMod:ConsolidateHit","PlaceholderMod:DirectingGroup","PlaceholderMod:ContinueSpray"],"picked":"SKIP","floor":6},{"not_picked":["PlaceholderMod:DissolvingSpikes","PlaceholderMod:ComplexForm","PlaceholderMod:PoisonExcitation","PlaceholderMod:StressReaction"],"picked":"PlaceholderMod:HardStrike","floor":11},{"not_picked":["PlaceholderMod:SpinBlade","PlaceholderMod:ThreeBenzyolStart","PlaceholderMod:Stable","PlaceholderMod:HealingAttack"],"picked":"PlaceholderMod:DiffusionPoison","floor":12},{"not_picked":["PlaceholderMod:AngryAttack","PlaceholderMod:PoisonBlast","PlaceholderMod:Internalization","PlaceholderMod:ConsolidateHit","PlaceholderMod:Colorful"],"picked":"SKIP","floor":13},{"not_picked":["PlaceholderMod:AttackAsDefend","PlaceholderMod:HardStinger","PlaceholderMod:Sweep","PlaceholderMod:PoisonBlast"],"picked":"PlaceholderMod:ThreeBenzyolStart","floor":14}],"player_experience":920512,"relics_obtained":[{"floor":1.0,"key":"SynthV:TestCard"},{"floor":9,"key":"aspiration:FrozenJewel"},{"floor":11,"key":"Replay:Wax Seal"},{"floor":13,"key":"Replay:Baseball"}],"event_choices":[{"damage_healed":0,"gold_gain":0,"player_choice":"Ignored","damage_taken":0,"max_hp_gain":0,"max_hp_loss":0,"event_name":"Shining Light","floor":3,"gold_loss":0},{"cards_removed":["PlaceholderMod:PoisonWhip"],"damage_healed":0,"gold_gain":0,"player_choice":"Offered Basic","damage_taken":0,"max_hp_gain":0,"max_hp_loss":0,"event_name":"Bonfire Elementals","floor":4,"gold_loss":0}],"is_beta":false,"boss_relics":[],"items_purged_floors":[8,15],"is_endless":false,"potions_floor_spawned":[6,11,14,16],"killed_by":"Hexaghost","ascension_level":4}}