{"host":"lqrb1yojfbnm12si","time":1613744653,"event":{"mods":["A Penny For Your Troubles","AchievementEnabler","BaseMod","Bestiary","Better Third Choice","Block Reminder","Colored Map","Hermit","Keyboard Shortcuts","Minty Spire (QoL Compilation)","Shapeshifter Mod","StSLib"],"gold_per_floor":[118,136,45,65,65,65,82,82,108,108,40,56,90,110,110,215,215,229,239,258,268,18,28,28,28,28],"floor_reached":25,"language":"ENG","playtime":1875,"items_purged":[],"score":207,"play_id":"a6a658f2-e8b3-4312-933b-1ed4c21f203c","local_time":"20210219152413","is_ascension_mode":false,"campfire_choices":[{"data":"StSShapeShifter:BarkSkin","floor":6,"key":"SMITH"},{"data":"StSShapeShifter:StormGryphonForm","floor":8,"key":"SMITH"},{"data":"StSShapeShifter:BloomingSlash","floor":10,"key":"SMITH"},{"floor":15,"key":"REST"},{"floor":24,"key":"REST"}],"circlet_count":0,"master_deck":["StSShapeShifter:ShapeShifter_Strike","StSShapeShifter:ShapeShifter_Strike","StSShapeShifter:ShapeShifter_Strike","StSShapeShifter:ShapeShifter_Strike+1","StSShapeShifter:ShapeShifter_Strike","StSShapeShifter:ShapeShifter_Defend","StSShapeShifter:ShapeShifter_Defend","StSShapeShifter:ShapeShifter_Defend","StSShapeShifter:ShapeShifter_Defend","StSShapeShifter:ShapeShifter_Defend","Dramatic Entrance+1","StSShapeShifter:BarkSkin+1","StSShapeShifter:BloomingSlash+1","StSShapeShifter:PantherForm","StSShapeShifter:HummingbirdForm","StSShapeShifter:StormGryphonForm+1","StSShapeShifter:SpiritOfTheEarth","StSShapeShifter:DeerForm","StSShapeShifter:BurstOfLifeEscapeDeath","StSShapeShifter:RhinoCalfForm","StSShapeShifter:WolfForm+1","StSShapeShifter:PoisonIvy+1","StSShapeShifter:BaskInBloom","StSShapeShifter:ReplenishingNectar"],"relics":["StSShapeShifter:AnimalHeart","StSShapeShifter:TheShapeShiftersMagnolia","Omamori","Whetstone","Black Star","StSShapeShifter:WristwrapsOfDiscovery"],"acts_visited":["Exordium","TheCity"],"potions_floor_usage":[16,20,20,23],"damage_taken":[{"damage":0,"enemies":"2 Louse","floor":1,"turns":1},{"damage":0,"enemies":"Small Slimes","floor":2,"turns":2},{"damage":6,"enemies":"Cultist","floor":4,"turns":3},{"damage":5,"enemies":"3 Louse","floor":7,"turns":2},{"damage":0,"enemies":"Large Slime","floor":12,"turns":5},{"damage":7,"enemies":"Gremlin Nob","floor":13,"turns":4},{"damage":12,"enemies":"Blue Slaver","floor":14,"turns":2},{"damage":7,"enemies":"Hexaghost","floor":16,"turns":7},{"damage":16,"enemies":"3 Byrds","floor":18,"turns":4},{"damage":29,"enemies":"Spheric Guardian","floor":19,"turns":6},{"damage":6,"enemies":"Snake Plant","floor":20,"turns":5},{"damage":11,"enemies":"Snecko","floor":21,"turns":5},{"damage":51,"enemies":"Sentry and Sphere","floor":23,"turns":8},{"damage":28,"enemies":"Centurion and Healer","floor":25,"turns":7}],"seed_played":"-5960240460555213453","potions_obtained":[{"floor":1,"key":"Strength Potion"},{"floor":12,"key":"PowerPotion"},{"floor":13,"key":"FairyPotion"},{"floor":14,"key":"CultistPotion"},{"floor":18,"key":"GamblersBrew"},{"floor":21,"key":"EssenceOfSteel"}],"is_trial":false,"path_per_floor":["M","M","$","M","?","R","M","R","T","R","$","M","E","M","R","B",null,"M","M","M","M","$","M","R","M"],"character_chosen":"SHAPESHIFTER","items_purchased":["StSShapeShifter:BloomingSlash","StSShapeShifter:PantherForm","StSShapeShifter:SpiritOfTheEarth","StSShapeShifter:WristwrapsOfDiscovery"],"campfire_rested":2,"item_purchase_floors":[3,3,11,22],"current_hp_per_floor":[78,78,78,72,65,65,60,60,60,60,60,60,53,41,64,57,78,62,33,27,16,16,1,24,0,0],"gold":28,"neow_bonus":"RANDOM_COLORLESS","is_daily":false,"chose_seed":false,"campfire_upgraded":3,"win_rate":0.0,"timestamp":1613744653,"path_taken":["M","M","$","M","?","R","M","R","T","R","$","M","E","M","R","BOSS","M","M","M","M","$","M","R","M"],"items_purchased_type":["Card","Card","Card","Relic"],"build_version":"2020-12-22","purchased_purges":0,"victory":false,"max_hp_per_floor":[78,78,78,78,78,78,78,78,78,78,78,78,78,78,78,78,78,78,78,78,78,78,78,78,78,78],"card_choices":[{"not_picked":["Finesse","Enlightenment"],"picked":"Dramatic Entrance","floor":0},{"not_picked":["StSShapeShifter:SunflowerShuriken","StSShapeShifter:AdaptiveStrikes"],"picked":"StSShapeShifter:BarkSkin","floor":1},{"not_picked":["StSShapeShifter:FallingLeaves","StSShapeShifter:Consume","StSShapeShifter:Roar"],"picked":"SKIP","floor":2},{"not_picked":["StSShapeShifter:OakBlade","StSShapeShifter:MagicMushrooms"],"picked":"StSShapeShifter:HummingbirdForm","floor":4},{"not_picked":["StSShapeShifter:Roar","StSShapeShifter:ShiftingStrike","StSShapeShifter:SunflowerShuriken"],"picked":"SKIP","floor":7},{"not_picked":["StSShapeShifter:ThornToss","StSShapeShifter:FallingLeaves"],"picked":"StSShapeShifter:DeerForm","floor":12},{"not_picked":["StSShapeShifter:RestoreBalance","StSShapeShifter:DeerForm"],"picked":"StSShapeShifter:BurstOfLifeEscapeDeath","floor":13},{"not_picked":["StSShapeShifter:MultiSpiritedStrike","StSShapeShifter:FlowerShield","StSShapeShifter:PoisonIvy"],"picked":"SKIP","floor":14},{"not_picked":["StSShapeShifter:HydraForm","StSShapeShifter:FullMoon"],"picked":"StSShapeShifter:RhinoCalfForm","floor":16},{"not_picked":["StSShapeShifter:Rest","StSShapeShifter:EagleForm"],"picked":"StSShapeShifter:WolfForm+1","floor":18},{"not_picked":["StSShapeShifter:VileMushroom","StSShapeShifter:ThrashAbout"],"picked":"StSShapeShifter:PoisonIvy+1","floor":19},{"not_picked":["StSShapeShifter:EagleForm","StSShapeShifter:MultiSpiritedStrike","StSShapeShifter:Roar+1"],"picked":"SKIP","floor":20},{"not_picked":["StSShapeShifter:DeerForm","StSShapeShifter:Sapling+1"],"picked":"StSShapeShifter:BaskInBloom","floor":21},{"not_picked":["StSShapeShifter:RockSlide","StSShapeShifter:HippoForm"],"picked":"StSShapeShifter:ReplenishingNectar","floor":23}],"player_experience":101133,"relics_obtained":[{"floor":9,"key":"Omamori"},{"floor":13,"key":"Whetstone"}],"event_choices":[],"is_beta":false,"boss_relics":[{"not_picked":["Fusion Hammer","Cursed Key"],"picked":"Black Star"}],"items_purged_floors":[],"is_endless":false,"potions_floor_spawned":[1,12,13,14,18,21],"killed_by":"Centurion and Healer","ascension_level":0}}