{"host":"lxihx0b6awoz2w1j","time":1613693336,"event":{"mods":["BaseMod","Better Third Choice","BetterRewards","CapriCore","Colored Powertips","Conspire","Downfall","Fox Events","Hubris","Infinite Spire","Melee Mod","Minty Spire (QoL Compilation)","Permanent Neow","Quick Restart","Relic Stats","Reliquary","Replay The Spire","Spicy Shops","StSLib","The Alterego","The Blue Laboratory","The Death Knight","The Forsaken","The Jungle","Waifu the Spire"],"gold_per_floor":[115,129,146,221,232,232,267,267,267,284,84,84,99,110,110,215,215,232,232,245,245,100,127,127,127,154,168,168,199,209,221,221,366,366,377,55,74,91,91,91,91,91],"floor_reached":41,"language":"ENG","playtime":2177,"items_purged":[],"score":635,"play_id":"dcb7f543-9ab3-4e01-97f5-65e2ece124db","local_time":"20210219010856","is_ascension_mode":false,"campfire_choices":[{"floor":6.0,"key":"REST"},{"data":"DeathKnight:BludPresence","floor":6.0,"key":"SMITH"},{"floor":8.0,"key":"REST"},{"data":"DeathKnight:RuneStrike","floor":8.0,"key":"SMITH"},{"floor":15.0,"key":"DIG"},{"floor":25.0,"key":"REST"},{"data":"DeathKnight:MarkOfBlood","floor":25.0,"key":"SMITH"},{"floor":28.0,"key":"REST"},{"data":"DeathKnight:Hysteria","floor":28.0,"key":"SMITH"},{"floor":32.0,"key":"REST"},{"data":"DeathKnight:Frostscythe","floor":32.0,"key":"SMITH"},{"floor":40,"key":"REST"},{"data":"DeathKnight:IcyTouch","floor":40,"key":"SMITH"}],"circlet_count":0,"master_deck":["DeathKnight:Strike_DeathKnight","DeathKnight:Strike_DeathKnight","DeathKnight:Strike_DeathKnight","DeathKnight:Strike_DeathKnight","DeathKnight:Strike_DeathKnight","DeathKnight:Defend_DeathKnight","DeathKnight:Defend_DeathKnight","DeathKnight:Defend_DeathKnight","DeathKnight:Defend_DeathKnight","DeathKnight:Defend_DeathKnight","DeathKnight:RuneStrike+1","DeathKnight:BludPresence+1","DeathKnight:HartStrike","DeathKnight:ThirstingStrike","DeathKnight:DeathAndDecay","DeathKnight:MindFreeze","DeathKnight:Razorice","DeathKnight:HowlingBlast","DeathKnight:HartStrike","DeathKnight:BloodBoil","DeathKnight:BludPresence+1","DeathKnight:Hysteria","DeathKnight:MarkOfBlood+1","DeathKnight:BladedArmor","DeathKnight:PillarOfFrost","infinitespire:Fortify","DeathKnight:Hysteria+1","DeathKnight:HowlingBlast","infinitespire:NeuralNetwork","DeathKnight:IceboundArmor+1","DeathKnight:DeathRune","DeathKnight:Frostscythe+1","DeathKnight:FrosPresence+1","DeathKnight:IcyTouch+1","DeathKnight:Razorice","DeathKnight:BloodPact","DeathKnight:BloodTap","Parasite"],"relics":["DeathKnight:ReforgedRuneblade","infinitespire:Golems Mask","infinitespire:Magic Flask","hubris:BottledRain","reliquary:RedPaperclip","Durian","hubris:MobiusCoin","Potion Belt","DeathKnight:Scourgestone","Ring of Chaos","StrikeDummy"],"acts_visited":["Exordium","TheCity","TheBeyond"],"potions_floor_usage":[],"damage_taken":[{"damage":1.0,"enemies":"2 Louse","floor":1.0,"turns":2.0},{"damage":0.0,"enemies":"Small Slimes","floor":2.0,"turns":3.0},{"damage":1.0,"enemies":"Cultist","floor":3.0,"turns":3.0},{"damage":12.0,"enemies":"Looter","floor":5.0,"turns":4.0},{"damage":16.0,"enemies":"Lagavulin","floor":7.0,"turns":6.0},{"damage":5.0,"enemies":"3 Louse","floor":10.0,"turns":3.0},{"damage":0.0,"enemies":"Blue Slaver","floor":13.0,"turns":2.0},{"damage":0.0,"enemies":"Looter","floor":14.0,"turns":3.0},{"damage":32.0,"enemies":"Hexaghost","floor":16.0,"turns":9.0},{"damage":7.0,"enemies":"3 Byrds","floor":18.0,"turns":4.0},{"damage":18.0,"enemies":"2 Thieves","floor":20.0,"turns":5.0},{"damage":13.0,"enemies":"Nightmare","floor":23.0,"turns":6.0},{"damage":12.0,"enemies":"Shelled Parasite and Fungi","floor":27.0,"turns":3.0},{"damage":0.0,"enemies":"conspire:Head Lice","floor":29.0,"turns":7.0},{"damage":18.0,"enemies":"Snake Plant","floor":30.0,"turns":4.0},{"damage":3.0,"enemies":"Cultist and Chosen","floor":31.0,"turns":6.0},{"damage":21.0,"enemies":"Pondfish","floor":33.0,"turns":8.0},{"damage":17,"enemies":"Orb Walker","floor":35,"turns":3},{"damage":8,"enemies":"3 Shapes","floor":37,"turns":4},{"damage":1,"enemies":"Writhing Mass","floor":38,"turns":7},{"damage":86,"enemies":"Nemesis","floor":41,"turns":7}],"seed_played":"7976632090685738867","potions_obtained":[{"floor":1.0,"key":"DeathKnight:RimePotion"},{"floor":5.0,"key":"Elixir"},{"floor":13.0,"key":"LiquidMemories"},{"floor":27.0,"key":"GamblersBrew"},{"floor":29.0,"key":"sneckomod:MuddlingPotion"},{"floor":30.0,"key":"LiquidMemories"},{"floor":38,"key":"champ:CounterPotion"}],"is_trial":false,"path_per_floor":["M","M","M","?","M","R","E","R","T","M","$","?","M","M","R","B",null,"M","?","M","AVR","$","NM","?","R","T","M","R","E","M","M","R","B",null,"M","$","M","M","?","R","E"],"character_chosen":"DEATH_KNIGHT","items_purchased":["DeathKnight:BludPresence","infinitespire:Golems Mask","infinitespire:Magic Flask","DeathKnight:HartStrike","DeathKnight:BloodBoil","DeathKnight:BludPresence","DeathKnight:Hysteria","DeathKnight:HowlingBlast","StrikeDummy","DeathKnight:BloodPact"],"campfire_rested":6,"item_purchase_floors":[0,0,0,11,11,11,22,22,36,36],"current_hp_per_floor":[66,66,65,54,42,64,48,70,70,65,65,65,65,65,65,33,75,68,68,50,55,55,42,42,66,66,54,78,78,60,57,80,59,80,63,63,55,54,54,78,0,0],"gold":91,"neow_bonus":"","is_daily":false,"chose_seed":false,"campfire_upgraded":6,"win_rate":0.0,"timestamp":1613693336,"path_taken":["M","M","M","?","M","R","E","R","T","M","$","?","M","M","R","BOSS","M","?","M","AVR","?","NM","?","R","T","M","R","E","M","M","R","BOSS","M","$","M","M","?","R","E"],"items_purchased_type":["Card","Relic","Relic","Card","Card","Card","Card","Card","Relic","Card"],"build_version":"2020-12-22","purchased_purges":0,"victory":false,"max_hp_per_floor":[75,75,75,75,75,75,75,75,75,75,75,75,75,75,75,75,75,75,75,75,80,80,80,80,80,80,80,80,80,80,80,80,80,80,80,80,80,80,80,80,80,80],"relic_stats":{"counters":[21,99],"obtain_stats":[{"Potion Belt":26,"hubris:MobiusCoin":23,"Ring of Chaos":34,"Omamori":7,"infinitespire:Magic Flask":0,"DeathKnight:ReforgedRuneblade":24,"reliquary:RedPaperclip":17,"DeathKnight:Scourgestone":29,"infinitespire:Golems Mask":0,"Durian":21,"StrikeDummy":36,"DeathKnight:BrokenRuneblade":0,"infinitespire:PuzzleCube":9,"hubris:BottledRain":15},{"Potion Belt":12,"hubris:MobiusCoin":12,"Ring of Chaos":17,"Omamori":5,"infinitespire:Magic Flask":0,"DeathKnight:ReforgedRuneblade":12,"reliquary:RedPaperclip":9,"DeathKnight:Scourgestone":14,"infinitespire:Golems Mask":0,"Durian":11,"StrikeDummy":18,"DeathKnight:BrokenRuneblade":0,"infinitespire:PuzzleCube":5,"hubris:BottledRain":8},{"Potion Belt":50,"hubris:MobiusCoin":50,"Ring of Chaos":78,"Omamori":18,"infinitespire:Magic Flask":0,"DeathKnight:ReforgedRuneblade":50,"reliquary:RedPaperclip":35,"DeathKnight:Scourgestone":60,"infinitespire:Golems Mask":0,"Durian":44,"StrikeDummy":81,"DeathKnight:BrokenRuneblade":0,"infinitespire:PuzzleCube":18,"hubris:BottledRain":26}]},"card_choices":[{"not_picked":["DeathKnight:Hysteria","DeathKnight:GargoyleSkin"],"picked":"DeathKnight:HartStrike","floor":1.0},{"not_picked":["DeathKnight:Lichborne","DeathKnight:FoulBulwark"],"picked":"DeathKnight:ThirstingStrike","floor":2.0},{"not_picked":["DeathKnight:Pestilence","DeathKnight:RaiseAlly"],"picked":"DeathKnight:DeathAndDecay","floor":3.0},{"not_picked":["DeathKnight:DeathsAdvance","DeathKnight:HartStrike"],"picked":"DeathKnight:MindFreeze","floor":5.0},{"not_picked":["DeathKnight:BludPresence","DeathKnight:ChainsOfIce"],"picked":"DeathKnight:Razorice","floor":7.0},{"not_picked":["DeathKnight:BladedArmor","DeathKnight:BloodTap"],"picked":"DeathKnight:HowlingBlast","floor":10.0},{"not_picked":["DeathKnight:ShatteringStrikes","DeathKnight:BludPresence"],"picked":"DeathKnight:Hysteria","floor":13.0},{"not_picked":["DeathKnight:DeathGrip","DeathKnight:Outbreak","DeathKnight:BoneSpear"],"picked":"SKIP","floor":14.0},{"not_picked":["DeathKnight:ReapingStrike","DeathKnight:RunicDetonation"],"picked":"DeathKnight:MarkOfBlood","floor":16.0},{"not_picked":["DeathKnight:BoneSpear","DeathKnight:DeathCoil"],"picked":"DeathKnight:BladedArmor","floor":18.0},{"not_picked":["DeathKnight:Runeguard","DeathKnight:Lichborne"],"picked":"DeathKnight:PillarOfFrost","floor":20.0},{"not_picked":["ReplayTheSpireMod:Book of Names","hubris:Fate"],"picked":"infinitespire:NeuralNetwork","floor":23.0},{"not_picked":["DeathKnight:ScourgeStrike+1","DeathKnight:DreadStrike"],"picked":"DeathKnight:IceboundArmor+1","floor":23.0},{"not_picked":["DeathKnight:FoulBulwark+1","DeathKnight:Rot"],"picked":"DeathKnight:DeathRune","floor":27.0},{"not_picked":["DeathKnight:Runeguard","DeathKnight:Parry"],"picked":"DeathKnight:Frostscythe","floor":29.0},{"not_picked":["DeathKnight:ShatteringStrikes+1","DeathKnight:Obliterate+1"],"picked":"DeathKnight:FrosPresence+1","floor":30.0},{"not_picked":["DeathKnight:DeathRune","DeathKnight:BloodBoil+1"],"picked":"DeathKnight:IcyTouch","floor":31.0},{"not_picked":["DeathKnight:Outbreak","DeathKnight:VampiricBlood"],"picked":"DeathKnight:Razorice","floor":33.0},{"not_picked":["DeathKnight:Obliterate","DeathKnight:DeathAndDecay","DeathKnight:ShatteringStrikes"],"picked":"SKIP","floor":35},{"not_picked":["DeathKnight:ChainsOfIce","DeathKnight:Rot"],"picked":"DeathKnight:BloodTap","floor":37},{"not_picked":["DeathKnight:BloodPact","DeathKnight:IceboundArmor","DeathKnight:DreadStrike+1"],"picked":"SKIP","floor":38}],"player_experience":613946,"relics_obtained":[{"floor":7.0,"key":"Omamori"},{"floor":9.0,"key":"infinitespire:PuzzleCube"},{"floor":15.0,"key":"hubris:BottledRain"},{"floor":23.0,"key":"hubris:MobiusCoin"},{"floor":26.0,"key":"Potion Belt"},{"floor":29.0,"key":"DeathKnight:Scourgestone"}],"event_choices":[{"damage_healed":0.0,"max_hp_gain":0.0,"max_hp_loss":0.0,"gold_gain":75.0,"event_name":"betterThird:BetterGoop","player_choice":"Gold","floor":4.0,"gold_loss":0.0,"damage_taken":11.0},{"damage_healed":0.0,"max_hp_gain":0.0,"max_hp_loss":0.0,"gold_gain":0.0,"event_name":"Living Wall","player_choice":"Grow","floor":12.0,"gold_loss":0.0,"damage_taken":0.0,"cards_upgraded":["DeathKnight:BludPresence"]},{"damage_healed":0.0,"max_hp_gain":0.0,"max_hp_loss":0.0,"gold_gain":0.0,"event_name":"Purifier","player_choice":"Ignored","floor":19.0,"gold_loss":0.0,"damage_taken":0.0},{"cards_removed":["DeathKnight:RuneTap"],"damage_healed":0,"gold_gain":0,"player_choice":"Removed Skill","damage_taken":0,"max_hp_gain":0,"max_hp_loss":0,"event_name":"Falling","floor":39,"gold_loss":0}],"is_beta":false,"boss_relics":[{"not_picked":["Coffee Dripper","DeathKnight:Shadowmourne"],"picked":"reliquary:RedPaperclip"},{"not_picked":["Runic Pyramid","SacredBark"],"picked":"Ring of Chaos"}],"items_purged_floors":[],"is_endless":true,"potions_floor_spawned":[1,5,13,16,23,27,29,30,38],"killed_by":"Nemesis","ascension_level":0}}