{"host":"y4a3sxyjdefykvlo","time":1613720055,"event":{"mods":["AchievementEnabler","BaseMod","Colored Map","Colored Powertips","Googly Eyes","Highlight Path","Minty Spire (QoL Compilation)","StSLib"],"gold_per_floor":[109,121,121,121,137,163,20,20,20,45,10,45,120,140,140,241,241,256,268,367,367,367,401,401,429,429,429,440,440,450,467,467,566,566,576,590,590,600,614,647,647,682,763,763,813,0,0,27,27,27],"floor_reached":51,"language":"ENG","playtime":2897,"items_purged":["Defend_B"],"score":1021,"play_id":"4539a35b-3a6c-4dda-8490-20e094ef747c","local_time":"20210219013415","is_ascension_mode":true,"campfire_choices":[{"data":"Genetic Algorithm","floor":8.0,"key":"SMITH"},{"floor":15.0,"key":"REST"},{"data":"Sunder","floor":24.0,"key":"SMITH"},{"data":"Redo","floor":27.0,"key":"SMITH"},{"data":"Ball Lightning","floor":29.0,"key":"SMITH"},{"data":"Glacier","floor":32.0,"key":"SMITH"},{"data":"Loop","floor":41,"key":"SMITH"},{"data":"Fission","floor":44,"key":"SMITH"},{"data":"Reboot","floor":49,"key":"SMITH"}],"circlet_count":0,"master_deck":["Defend_B","Defend_B","Defend_B","Zap","Dualcast","Redo+1","Ball Lightning+1","Genetic Algorithm+1","Loop+1","Electrodynamics+1","Sunder+1","BootSequence","Reboot+1","Leap","Buffer+1","Self Repair+1","Ball Lightning","Static Discharge+1","Glacier+1","Machine Learning+1","Heatsinks+1","Electrodynamics+1","Lockon+1","Fission+1","Buffer+1"],"relics":["Cracked Core","HornCleat","Regal Pillow","Art of War","Frozen Egg 2","Girya","Vajra","SlaversCollar","Incense Burner","Anchor","Sundial","Inserter","Question Card","Juzu Bracelet","InkBottle","FossilizedHelix","Strange Spoon","Calipers","CaptainsWheel","Molten Egg 2"],"acts_visited":["Exordium","TheCity","TheBeyond"],"potions_floor_usage":[39,40,50,50],"damage_taken":[{"damage":0.0,"enemies":"Cultist","floor":1.0,"turns":4.0},{"damage":2.0,"enemies":"Jaw Worm","floor":2.0,"turns":3.0},{"damage":3.0,"enemies":"2 Louse","floor":5.0,"turns":2.0},{"damage":15.0,"enemies":"Lagavulin","floor":6.0,"turns":7.0},{"damage":18.0,"enemies":"Gremlin Nob","floor":10.0,"turns":4.0},{"damage":5.0,"enemies":"3 Sentries","floor":12.0,"turns":4.0},{"damage":0.0,"enemies":"Large Slime","floor":14.0,"turns":4.0},{"damage":45.0,"enemies":"The Guardian","floor":16.0,"turns":9.0},{"damage":7.0,"enemies":"Chosen","floor":18.0,"turns":4.0},{"damage":9.0,"enemies":"Shell Parasite","floor":19.0,"turns":5.0},{"damage":19.0,"enemies":"Book of Stabbing","floor":23.0,"turns":7.0},{"damage":0.0,"enemies":"Slavers","floor":25.0,"turns":3.0},{"damage":0.0,"enemies":"Centurion and Healer","floor":28.0,"turns":4.0},{"damage":0.0,"enemies":"Snake Plant","floor":30.0,"turns":4.0},{"damage":0.0,"enemies":"Shelled Parasite and Fungi","floor":31.0,"turns":4.0},{"damage":14.0,"enemies":"Champ","floor":33.0,"turns":14.0},{"damage":3.0,"enemies":"Orb Walker","floor":35.0,"turns":5.0},{"damage":0.0,"enemies":"3 Darklings","floor":36.0,"turns":3.0},{"damage":0.0,"enemies":"Maw","floor":38.0,"turns":9.0},{"damage":0,"enemies":"Transient","floor":39,"turns":5},{"damage":25,"enemies":"Nemesis","floor":40,"turns":9},{"damage":0,"enemies":"Giant Head","floor":42,"turns":8},{"damage":17,"enemies":"Mind Bloom Boss Battle","floor":45,"turns":5},{"damage":0,"enemies":"Nemesis","floor":48,"turns":5},{"damage":0,"enemies":"Donu and Deca","floor":50,"turns":11}],"seed_played":"8618062600448893379","potions_obtained":[{"floor":5.0,"key":"GamblersBrew"},{"floor":10.0,"key":"GamblersBrew"},{"floor":14.0,"key":"Weak Potion"},{"floor":18.0,"key":"EssenceOfDarkness"},{"floor":23.0,"key":"Explosive Potion"},{"floor":28.0,"key":"PowerPotion"},{"floor":33.0,"key":"DuplicationPotion"},{"floor":36.0,"key":"SkillPotion"},{"floor":40,"key":"FearPotion"},{"floor":45,"key":"ColorlessPotion"}],"is_trial":false,"path_per_floor":["M","M","?","?","M","E","$","R","T","E","?","E","?","M","R","B",null,"M","M","?","?","?","E","R","E","T","R","M","R","M","M","R","B",null,"M","M","?","M","M","E","R","E","T","R","?","$","?","E","R","B",null],"character_chosen":"DEFECT","items_purchased":["Art of War","Strange Spoon","Calipers","CaptainsWheel"],"campfire_rested":1,"item_purchase_floors":[7,46,46,46],"current_hp_per_floor":[75,73,55,48,45,30,30,30,30,12,30,25,14,14,51,6,75,68,59,59,59,59,40,40,50,50,50,60,60,70,75,75,71,75,75,75,75,75,75,60,60,70,70,70,63,63,63,73,73,75],"gold":27,"neow_bonus":"REMOVE_CARD","is_daily":false,"chose_seed":false,"campfire_upgraded":8,"win_rate":0.0,"timestamp":1613720055,"path_taken":["M","M","?","?","M","E","$","R","T","E","?","E","?","M","R","BOSS","M","M","?","?","?","E","R","E","T","R","M","R","M","?","R","BOSS","M","M","?","?","M","E","R","E","T","R","?","$","?","E","R","BOSS"],"items_purchased_type":["Relic","Relic","Relic","Relic"],"build_version":"2020-12-22","purchased_purges":1,"victory":true,"max_hp_per_floor":[75,75,75,75,75,75,75,75,75,75,75,75,75,75,75,75,75,75,75,75,75,75,75,75,75,75,75,75,75,75,75,75,75,75,75,75,75,75,75,75,75,75,75,75,75,75,75,75,75,75],"card_choices":[{"not_picked":["Leap","Barrage"],"picked":"Redo","floor":1.0},{"not_picked":["Coolheaded","Go for the Eyes"],"picked":"Ball Lightning","floor":2.0},{"not_picked":["Go for the Eyes","Compile Driver"],"picked":"Genetic Algorithm","floor":5.0},{"not_picked":["Beam Cell","Conserve Battery"],"picked":"Loop","floor":6.0},{"not_picked":["Conserve Battery","Go for the Eyes"],"picked":"Electrodynamics+1","floor":10.0},{"not_picked":["Compile Driver","Hologram"],"picked":"Sunder","floor":12.0},{"not_picked":["Cold Snap","Stack"],"picked":"BootSequence","floor":14.0},{"not_picked":["All For One","Seek"],"picked":"Reboot","floor":16.0},{"not_picked":["Sweeping Beam","Steam","Turbo+1"],"picked":"SKIP","floor":18.0},{"not_picked":["Leap","Steam","Rebound"],"picked":"SKIP","floor":19.0},{"not_picked":["Genetic Algorithm","Blizzard+1"],"picked":"Self Repair+1","floor":23.0},{"not_picked":["Aggregate+1","FTL+1"],"picked":"Ball Lightning","floor":25.0},{"not_picked":["Sunder","Reprogram+1"],"picked":"Static Discharge+1","floor":28.0},{"not_picked":["Go for the Eyes+1","Cold Snap","Gash+1"],"picked":"SKIP","floor":30.0},{"not_picked":["Compile Driver+1","Streamline"],"picked":"Glacier","floor":31.0},{"not_picked":["Rainbow","Multi-Cast"],"picked":"Machine Learning+1","floor":33.0},{"not_picked":["Stack","Go for the Eyes+1"],"picked":"Heatsinks+1","floor":35.0},{"not_picked":["Streamline","Rebound+1","Amplify"],"picked":"SKIP","floor":36.0},{"not_picked":["FTL","Turbo","Chaos"],"picked":"SKIP","floor":38.0},{"not_picked":["Darkness","Turbo","Steam Power"],"picked":"SKIP","floor":39},{"not_picked":["Leap+1","Sweeping Beam+1"],"picked":"Lockon+1","floor":40},{"not_picked":["Glacier","Streamline+1","Aggregate+1"],"picked":"Fission","floor":42},{"not_picked":["Ball Lightning+1","Consume","Reinforced Body+1"],"picked":"Buffer+1","floor":48}],"player_experience":118846,"relics_obtained":[{"floor":6.0,"key":"Regal Pillow"},{"floor":9.0,"key":"Frozen Egg 2"},{"floor":10.0,"key":"Girya"},{"floor":12.0,"key":"Vajra"},{"floor":23.0,"key":"Incense Burner"},{"floor":25.0,"key":"Anchor"},{"floor":26.0,"key":"Sundial"},{"floor":40,"key":"Question Card"},{"floor":42,"key":"Juzu Bracelet"},{"floor":43,"key":"InkBottle"},{"floor":45,"key":"FossilizedHelix"},{"floor":48,"key":"Molten Egg 2"}],"event_choices":[{"damage_healed":0.0,"max_hp_gain":0.0,"max_hp_loss":0.0,"gold_gain":0.0,"event_name":"Scrap Ooze","player_choice":"Success","floor":3.0,"gold_loss":0.0,"damage_taken":18.0,"relics_obtained":["HornCleat"]},{"cards_removed":["Strike_B"],"damage_healed":0.0,"max_hp_gain":0.0,"max_hp_loss":0.0,"gold_gain":0.0,"event_name":"Golden Wing","player_choice":"Card Removal","floor":4.0,"gold_loss":0.0,"damage_taken":7.0},{"damage_healed":18.0,"max_hp_gain":0.0,"max_hp_loss":0.0,"gold_gain":0.0,"event_name":"The Cleric","player_choice":"Healed","floor":11.0,"gold_loss":35.0,"damage_taken":0.0},{"damage_healed":0.0,"max_hp_gain":0.0,"max_hp_loss":0.0,"gold_gain":75.0,"event_name":"World of Goop","player_choice":"Gather Gold","floor":13.0,"gold_loss":0.0,"damage_taken":11.0},{"damage_healed":0.0,"max_hp_gain":0.0,"max_hp_loss":0.0,"gold_gain":99.0,"event_name":"Nest","player_choice":"Stole From Cult","floor":20.0,"gold_loss":0.0,"damage_taken":0.0},{"damage_healed":0.0,"max_hp_gain":0.0,"max_hp_loss":0.0,"gold_gain":0.0,"event_name":"Vampires","player_choice":"Ignored","floor":21.0,"gold_loss":0.0,"damage_taken":0.0},{"damage_healed":0.0,"max_hp_gain":0.0,"max_hp_loss":0.0,"gold_gain":0.0,"cards_transformed":["Strike_B","Strike_B"],"event_name":"Drug Dealer","player_choice":"Became Test Subject","floor":22.0,"gold_loss":0.0,"damage_taken":0.0,"cards_obtained":["Leap","Buffer"]},{"damage_healed":0.0,"max_hp_gain":0.0,"max_hp_loss":0.0,"gold_gain":0.0,"event_name":"Duplicator","player_choice":"Copied","floor":37.0,"gold_loss":0.0,"damage_taken":0.0,"cards_obtained":["Electrodynamics"]},{"damage_healed":0,"gold_gain":0,"player_choice":"Fight","damage_taken":0,"max_hp_gain":0,"max_hp_loss":0,"event_name":"MindBloom","floor":45,"gold_loss":0},{"damage_healed":0,"gold_gain":0,"player_choice":"0 cards matched","damage_taken":0,"max_hp_gain":0,"max_hp_loss":0,"event_name":"Match and Keep!","floor":47,"gold_loss":0,"cards_obtained":[]}],"is_beta":false,"boss_relics":[{"not_picked":["Philosopher\u0027s Stone","Ectoplasm"],"picked":"SlaversCollar"},{"not_picked":["Sozu","Runic Pyramid"],"picked":"Inserter"}],"items_purged_floors":[46],"is_endless":false,"potions_floor_spawned":[5,10,14,18,23,28,33,36,40,45],"ascension_level":3}}