{"host":"zdahj580pq9zy75i","time":1613766686,"event":{"mods":["BaseMod","Colored Map","Minty Spire (QoL Compilation)","StSLib"],"gold_per_floor":[118,43,43,55,65,65,97,97,122,153,240,32,57,57,57,155,155,180,30,46,46,46,77,96,96,96,114,39,39,79,133,133,229,229,243,261,261,286,47,47,47],"floor_reached":40,"language":"ENG","playtime":2224,"items_purged":["Clumsy"],"score":864,"play_id":"011f8811-2d63-49bc-9f81-e89c41c86c3a","local_time":"20210219153126","is_ascension_mode":true,"campfire_choices":[{"data":"Conserve Battery","floor":6,"key":"SMITH"},{"data":"Glacier","floor":8,"key":"SMITH"},{"data":"White Noise","floor":15,"key":"SMITH"},{"floor":25,"key":"REST"},{"floor":29,"key":"REST"},{"data":"Go for the Eyes","floor":32,"key":"SMITH"}],"circlet_count":0,"master_deck":["AscendersBane","Dualcast","Conserve Battery+1","White Noise+1","Glacier+1","Cold Snap","FTL","Machine Learning","Buffer","Barrage","Chill","Gash","FTL","Glacier","Electrodynamics","All For One","Go for the Eyes+1","Conserve Battery","Go for the Eyes","Echo Form","Doom and Gloom","Heatsinks+1","Compile Driver","FTL","Turbo"],"relics":["Cracked Core","StoneCalendar","Vajra","MawBank","Lee\u0027s Waffle","Ancient Tea Set","Golden Idol","Pandora\u0027s Box","Bottled Tornado","Sundial","Centennial Puzzle","Cursed Key"],"acts_visited":["Exordium","TheCity","TheBeyond"],"potions_floor_usage":[7,13,24,27,30,33],"damage_taken":[{"damage":1,"enemies":"Cultist","floor":1,"turns":3},{"damage":7,"enemies":"Jaw Worm","floor":4,"turns":3},{"damage":9,"enemies":"Small Slimes","floor":5,"turns":4},{"damage":20,"enemies":"3 Sentries","floor":7,"turns":7},{"damage":1,"enemies":"Exordium Thugs","floor":10,"turns":5},{"damage":13,"enemies":"Gremlin Nob","floor":13,"turns":4},{"damage":30,"enemies":"The Guardian","floor":16,"turns":16},{"damage":21,"enemies":"Shell Parasite","floor":18,"turns":6},{"damage":0,"enemies":"Chosen","floor":20,"turns":4},{"damage":26,"enemies":"Book of Stabbing","floor":23,"turns":7},{"damage":0,"enemies":"3 Cultists","floor":24,"turns":4},{"damage":0,"enemies":"Centurion and Healer","floor":27,"turns":6},{"damage":23,"enemies":"Gremlin Leader","floor":30,"turns":5},{"damage":1,"enemies":"Champ","floor":33,"turns":12},{"damage":10,"enemies":"3 Darklings","floor":35,"turns":4},{"damage":11,"enemies":"3 Shapes","floor":36,"turns":6},{"damage":6,"enemies":"Transient","floor":38,"turns":6},{"damage":43,"enemies":"Reptomancer","floor":40,"turns":5}],"seed_played":"3587516299248226114","potions_obtained":[{"floor":1,"key":"EssenceOfDarkness"},{"floor":10,"key":"Swift Potion"},{"floor":18,"key":"Swift Potion"},{"floor":24,"key":"FocusPotion"},{"floor":30,"key":"AttackPotion"}],"is_trial":false,"path_per_floor":["M","$","?","M","M","R","E","R","T","M","?","$","E","?","R","B",null,"M","$","M","?","$","E","M","R","T","M","?","R","E","T","R","B",null,"M","M","?","M","$","E"],"character_chosen":"DEFECT","items_purchased":["Lee\u0027s Waffle","SteroidPotion","All For One","EssenceOfDarkness","FTL","Turbo"],"campfire_rested":2,"item_purchase_floors":[12,12,19,39,39,39],"current_hp_per_floor":[63,63,63,56,47,47,27,27,27,26,15,78,65,38,38,8,61,40,40,40,40,40,14,14,37,37,37,37,60,37,37,37,36,68,58,47,47,41,41,0,0],"gold":47,"neow_bonus":"ONE_RARE_RELIC","is_daily":false,"chose_seed":false,"campfire_upgraded":4,"win_rate":0.0,"timestamp":1613766686,"path_taken":["M","$","?","M","M","R","E","R","T","M","?","$","E","?","R","BOSS","M","$","M","?","?","E","M","R","T","M","?","R","E","?","R","BOSS","M","M","?","M","$","E"],"items_purchased_type":["Relic","Potion","Card","Potion","Card","Card"],"build_version":"2020-12-22","purchased_purges":1,"victory":false,"max_hp_per_floor":[71,71,71,71,71,71,71,71,71,71,71,78,78,78,78,78,78,78,78,78,78,78,78,78,78,78,78,78,78,78,78,78,78,78,78,78,78,78,78,78,78],"card_choices":[{"not_picked":["Beam Cell","Recycle","Heatsinks"],"picked":"SKIP","floor":1},{"not_picked":["Streamline","Redo"],"picked":"Conserve Battery","floor":4},{"not_picked":["Redo","Reboot"],"picked":"White Noise","floor":5},{"not_picked":["Self Repair","Lockon"],"picked":"Glacier","floor":7},{"not_picked":["Tempest","Steam"],"picked":"Cold Snap","floor":10},{"not_picked":["Turbo","Coolheaded"],"picked":"FTL","floor":13},{"not_picked":["Seek","Fission"],"picked":"Machine Learning","floor":16},{"not_picked":["Fusion","Leap","Skim"],"picked":"SKIP","floor":18},{"not_picked":["Skim","Ball Lightning"],"picked":"Go for the Eyes","floor":20},{"not_picked":["Beam Cell","Sunder","Skim"],"picked":"SKIP","floor":23},{"not_picked":["Blizzard","Ball Lightning"],"picked":"Conserve Battery","floor":24},{"not_picked":["Glacier","Recycle","Cold Snap"],"picked":"SKIP","floor":27},{"not_picked":["Echo Form","Hologram"],"picked":"Go for the Eyes","floor":30},{"not_picked":["Core Surge","All For One"],"picked":"Echo Form","floor":33},{"not_picked":["Scrape","Coolheaded"],"picked":"Doom and Gloom","floor":35},{"not_picked":["Stack","Hologram"],"picked":"Heatsinks+1","floor":36},{"not_picked":["Conserve Battery","Self Repair+1"],"picked":"Compile Driver","floor":38}],"player_experience":785402,"relics_obtained":[{"floor":7,"key":"Vajra"},{"floor":9,"key":"MawBank"},{"floor":13,"key":"Ancient Tea Set"},{"floor":23,"key":"Bottled Tornado"},{"floor":30,"key":"Sundial"},{"floor":31,"key":"Centennial Puzzle"}],"event_choices":[{"damage_healed":0,"gold_gain":0,"player_choice":"Ignored","damage_taken":0,"max_hp_gain":0,"max_hp_loss":0,"event_name":"Liars Game","floor":3,"gold_loss":0},{"damage_healed":0,"gold_gain":75,"player_choice":"Gather Gold","damage_taken":11,"max_hp_gain":0,"max_hp_loss":0,"event_name":"World of Goop","floor":11,"gold_loss":0},{"damage_healed":0,"gold_gain":0,"player_choice":"Take Damage","damage_taken":27,"relics_obtained":["Golden Idol"],"max_hp_gain":0,"max_hp_loss":0,"event_name":"Golden Idol","floor":14,"gold_loss":0},{"damage_healed":0,"gold_gain":0,"player_choice":"0 cards matched","damage_taken":0,"max_hp_gain":0,"max_hp_loss":0,"event_name":"Match and Keep!","floor":21,"gold_loss":0,"cards_obtained":[]},{"cards_removed":["Zap"],"damage_healed":0,"gold_gain":0,"player_choice":"Gave Gold","damage_taken":0,"max_hp_gain":0,"max_hp_loss":0,"event_name":"Beggar","floor":28,"gold_loss":75},{"cards_removed":["Recycle"],"damage_healed":0,"gold_gain":0,"player_choice":"Purged","damage_taken":0,"max_hp_gain":0,"max_hp_loss":0,"event_name":"Purifier","floor":37,"gold_loss":0}],"is_beta":false,"boss_relics":[{"not_picked":["Philosopher\u0027s Stone","Velvet Choker"],"picked":"Pandora\u0027s Box"},{"not_picked":["SacredBark","Astrolabe"],"picked":"Cursed Key"}],"items_purged_floors":[2],"is_endless":false,"potions_floor_spawned":[1,10,18,24,30],"killed_by":"Reptomancer","ascension_level":20}}