{"host":"usjourxcwdhnany9","time":1613706316,"event":{"mods":["AchievementEnabler","BaseMod","Colored Map","Faster Ascension Climbing","Minty Spire (QoL Compilation)","Relic Stats"],"gold_per_floor":[114,126,8,8,18,50,68,68,144,173,260,283,312,349,361,447,459,482,494,526,552,26,56,73,73,147,147,147,147],"floor_reached":28,"language":"ENG","playtime":3257,"items_purged":["Strike_G","Strike_G"],"score":520,"play_id":"2a77253e-3430-4b35-8c14-fd6727a710e1","local_time":"20210218194516","is_ascension_mode":true,"campfire_choices":[{"floor":8.0,"key":"REST"},{"data":"Noxious Fumes","floor":15.0,"key":"SMITH"},{"data":"Crippling Poison","floor":27,"key":"SMITH"}],"circlet_count":0,"master_deck":["AscendersBane","Strike_G","Strike_G","Strike_G","Defend_G","Defend_G","Defend_G","Defend_G","Defend_G","Survivor","Neutralize","Envenom","Blade Dance","Backflip","Noxious Fumes+1","Calculated Gamble","Dagger Spray","Crippling Poison","Well Laid Plans","Endless Agony","Crippling Poison+1","Catalyst+1","Phantasmal Killer","Blur","Finisher","Infinite Blades+1","Footwork","Backstab+1","Burst","Caltrops","Backflip","Ghostly","Ghostly","Ghostly"],"relics":["Ring of the Snake","Thread and Needle","Meat on the Bone","MawBank","The Courier","SlaversCollar","Orrery","Pantograph","Snake Skull","Frozen Egg 2"],"acts_visited":["Exordium","TheCity"],"potions_floor_usage":[23,28,28],"damage_taken":[{"damage":6.0,"enemies":"Cultist","floor":1.0,"turns":4.0},{"damage":2.0,"enemies":"2 Louse","floor":2.0,"turns":4.0},{"damage":4.0,"enemies":"Jaw Worm","floor":5.0,"turns":7.0},{"damage":27.0,"enemies":"3 Sentries","floor":6.0,"turns":8.0},{"damage":0.0,"enemies":"Lots of Slimes","floor":7.0,"turns":4.0},{"damage":11.0,"enemies":"Lagavulin","floor":10.0,"turns":8.0},{"damage":0.0,"enemies":"3 Louse","floor":12.0,"turns":3.0},{"damage":0.0,"enemies":"Looter","floor":13.0,"turns":4.0},{"damage":15.0,"enemies":"3 Sentries","floor":14.0,"turns":8.0},{"damage":35.0,"enemies":"Slime Boss","floor":16.0,"turns":9.0},{"damage":9.0,"enemies":"3 Byrds","floor":18.0,"turns":4.0},{"damage":12.0,"enemies":"Chosen","floor":20.0,"turns":5.0},{"damage":17.0,"enemies":"3 Cultists","floor":21.0,"turns":5.0},{"damage":15,"enemies":"Book of Stabbing","floor":23,"turns":5},{"damage":18,"enemies":"Centurion and Healer","floor":24,"turns":8},{"damage":17,"enemies":"Slavers","floor":28,"turns":4}],"seed_played":"1152003207409644991","potions_obtained":[{"floor":5.0,"key":"DuplicationPotion"},{"floor":6.0,"key":"Explosive Potion"},{"floor":7.0,"key":"Ancient Potion"},{"floor":13.0,"key":"Regen Potion"},{"floor":20.0,"key":"GhostInAJar"},{"floor":24,"key":"Swift Potion"}],"is_trial":false,"path_per_floor":["M","M","$","?","M","E","M","R","T","E","?","M","M","E","R","B",null,"M","?","M","M","$","E","M","?","T","R","E"],"character_chosen":"THE_SILENT","items_purchased":["Noxious Fumes","Orrery","Pantograph","Caltrops","SkillPotion","Fire Potion"],"campfire_rested":1,"item_purchase_floors":[3,22,22,22,22,22],"current_hp_per_floor":[53,51,51,51,47,20,20,38,38,39,28,40,40,37,37,29,52,43,43,31,26,26,23,17,17,17,17,0,0],"gold":147,"neow_bonus":"THREE_RARE_CARDS","is_daily":false,"chose_seed":false,"campfire_upgraded":2,"win_rate":0.0,"timestamp":1613706316,"path_taken":["M","M","$","?","M","E","M","R","T","E","?","M","M","E","R","BOSS","M","?","?","M","$","E","M","?","T","R","E"],"items_purchased_type":["Card","Relic","Relic","Card","Potion","Potion"],"build_version":"2020-12-22","purchased_purges":2,"victory":false,"max_hp_per_floor":[60,60,60,60,60,60,60,60,60,60,60,60,60,60,60,60,60,60,60,60,60,60,60,60,30,30,30,30,30],"relic_stats":{"counters":[16,90],"Pantograph":0,"Snake Skull":[16],"MawBank":144,"obtain_stats":[{"SlaversCollar":17,"Pantograph":22,"Orrery":22,"Thread and Needle":6,"The Courier":14,"Snake Skull":23,"Frozen Egg 2":26,"MawBank":10,"Ring of the Snake":0,"Meat on the Bone":9},{"SlaversCollar":10,"Pantograph":13,"Orrery":13,"Thread and Needle":4,"The Courier":9,"Snake Skull":14,"Frozen Egg 2":15,"MawBank":6,"Ring of the Snake":0,"Meat on the Bone":5},{"SlaversCollar":59,"Pantograph":73,"Orrery":73,"Thread and Needle":23,"The Courier":50,"Snake Skull":78,"Frozen Egg 2":86,"MawBank":35,"Ring of the Snake":0,"Meat on the Bone":27}],"Ring of the Snake":[33],"Meat on the Bone":84},"card_choices":[{"not_picked":["Night Terror","Storm of Steel"],"picked":"Envenom","floor":0.0},{"not_picked":["Sucker Punch","Quick Slash"],"picked":"Blade Dance","floor":1.0},{"not_picked":["Slice","Expertise"],"picked":"Backflip","floor":2.0},{"not_picked":["Deadly Poison","PiercingWail"],"picked":"Calculated Gamble","floor":5.0},{"not_picked":["Bane","Masterful Stab"],"picked":"Dagger Spray","floor":6.0},{"not_picked":["Bane","Cloak And Dagger"],"picked":"Crippling Poison","floor":7.0},{"not_picked":["Eviscerate","Backflip"],"picked":"Well Laid Plans","floor":10.0},{"not_picked":["Sucker Punch","Masterful Stab"],"picked":"Endless Agony","floor":12.0},{"not_picked":["Burst","Dagger Spray"],"picked":"Crippling Poison","floor":13.0},{"not_picked":["Finisher","Slice"],"picked":"Catalyst","floor":14.0},{"not_picked":["Bullet Time","Malaise"],"picked":"Phantasmal Killer","floor":16.0},{"not_picked":["Concentrate","Dagger Throw","Underhanded Strike"],"picked":"SKIP","floor":18.0},{"not_picked":["Leg Sweep","PiercingWail"],"picked":"Blur","floor":20.0},{"not_picked":["Acrobatics","Bane"],"picked":"Finisher","floor":21.0},{"not_picked":["Quick Slash","Dash"],"picked":"Infinite Blades+1","floor":22},{"not_picked":["Accuracy","Endless Agony"],"picked":"Footwork","floor":22},{"not_picked":["Underhanded Strike","Deadly Poison"],"picked":"Backstab+1","floor":22},{"not_picked":["PiercingWail","Dodge and Roll"],"picked":"Burst","floor":22},{"not_picked":["Calculated Gamble","Outmaneuver+1","Glass Knife"],"picked":"SKIP","floor":23},{"not_picked":["Deadly Poison","Dagger Spray"],"picked":"Backflip","floor":24}],"player_experience":187681,"relics_obtained":[{"floor":6.0,"key":"Thread and Needle"},{"floor":9.0,"key":"Meat on the Bone"},{"floor":10.0,"key":"MawBank"},{"floor":14.0,"key":"The Courier"},{"floor":23,"key":"Snake Skull"},{"floor":26,"key":"Frozen Egg 2"}],"event_choices":[{"damage_healed":0.0,"max_hp_gain":0.0,"max_hp_loss":0.0,"gold_gain":0.0,"event_name":"Liars Game","player_choice":"Ignored","floor":4.0,"gold_loss":0.0,"damage_taken":0.0},{"damage_healed":0.0,"max_hp_gain":0.0,"max_hp_loss":0.0,"gold_gain":75.0,"event_name":"World of Goop","player_choice":"Gather Gold","floor":11.0,"gold_loss":0.0,"damage_taken":11.0},{"damage_healed":0.0,"max_hp_gain":0.0,"max_hp_loss":0.0,"gold_gain":0.0,"event_name":"Upgrade Shrine","player_choice":"Upgraded","floor":19.0,"gold_loss":0.0,"damage_taken":0.0,"cards_upgraded":["Catalyst"]},{"damage_healed":0,"gold_gain":0,"player_choice":"Became a Ghost","damage_taken":0,"max_hp_gain":0,"max_hp_loss":30,"event_name":"Ghosts","floor":25,"gold_loss":0,"cards_obtained":["Ghostly","Ghostly","Ghostly"]}],"is_beta":false,"boss_relics":[{"not_picked":["Tiny House","Empty Cage"],"picked":"SlaversCollar"}],"items_purged_floors":[3,22],"is_endless":false,"potions_floor_spawned":[5,6,7,10,13,14,20,24],"killed_by":"Slavers","ascension_level":20}}