{"host":"pmmuxs046gii331m","time":1613761578,"event":{"mods":["AchievementEnabler","BaseMod","Colored Powertips","Downfall","Gold Saver","Infinite Spire","Minty Spire (QoL Compilation)","Permanent Neow","Quick Restart","StSLib"],"gold_per_floor":[833,846,858,783,783,783,783],"floor_reached":6,"language":"ENG","playtime":434,"items_purged":["Strike_R"],"score":47,"play_id":"97403edc-8984-4e7d-8aa5-4528248afcbe","local_time":"20210219140618","is_ascension_mode":true,"campfire_choices":[],"circlet_count":0,"master_deck":["Strike_R","Strike_R","Strike_R","Strike_R","Defend_R","Defend_R","Defend_R","Defend_R","Bash","Parasite","Fire Breathing","Shrug It Off","Barricade","Armaments"],"relics":["Burning Blood","Prayer Wheel"],"acts_visited":["Exordium"],"potions_floor_usage":[6],"damage_taken":[{"damage":23,"enemies":"Jaw Worm","floor":1,"turns":4},{"damage":3,"enemies":"Cultist","floor":2,"turns":4},{"damage":3,"enemies":"2 Louse","floor":3,"turns":3},{"damage":49,"enemies":"Gremlin Nob","floor":6,"turns":6}],"seed_played":"-2698314973643989855","potions_obtained":[{"floor":2,"key":"Swift Potion"}],"is_trial":false,"path_per_floor":["M","M","M","$","?","E"],"character_chosen":"IRONCLAD","items_purchased":[],"campfire_rested":0,"item_purchase_floors":[],"current_hp_per_floor":[55,58,61,61,61,12,12],"gold":783,"neow_bonus":"ONE_RARE_RELIC","is_daily":false,"chose_seed":false,"campfire_upgraded":0,"win_rate":0.0,"timestamp":1613761578,"path_taken":["M","M","M","$","?","E"],"items_purchased_type":[],"build_version":"2020-12-22","purchased_purges":1,"victory":false,"max_hp_per_floor":[80,80,80,80,80,80,80],"card_choices":[{"not_picked":["Sword Boomerang","Cleave"],"picked":"Fire Breathing","floor":1},{"not_picked":["Sentinel","Warcry"],"picked":"Shrug It Off","floor":1},{"not_picked":["Sword Boomerang","Rupture"],"picked":"Barricade","floor":2},{"not_picked":["Wild Strike","Pommel Strike"],"picked":"Armaments","floor":2},{"not_picked":["infinitespire:OneForAll","Clash","Flex"],"picked":"SKIP","floor":3},{"not_picked":["Sword Boomerang","Perfected Strike","Feel No Pain"],"picked":"SKIP","floor":3}],"player_experience":571418,"relics_obtained":[],"event_choices":[{"damage_healed":0,"gold_gain":0,"player_choice":"Ignored","damage_taken":0,"max_hp_gain":0,"max_hp_loss":0,"event_name":"Fountain of Cleansing","floor":5,"gold_loss":0}],"is_beta":false,"boss_relics":[],"items_purged_floors":[4],"is_endless":false,"potions_floor_spawned":[2],"killed_by":"Gremlin Nob","ascension_level":6}}