{"host":"8elhr9pirthjn68a","time":1613750129,"event":{"mods":["ATMod(阿瑾Mod)","Act Like it!","Arknights","BaseMod","HumanHunterMod(怪物杀人mod)","Marisa（F雨　魔理沙）","Minty Spire (QoL Compilation)","Reimu（博丽灵梦）","RumiaBox-露米娅的神秘盒子","Ryuuou龙王","StSLib","TestMod","【功能Mod】聪明的最终Boss","【遗物卡牌】REMEMod"],"gold_per_floor":[114,127,47,47,57,83,101,101,101],"floor_reached":8,"language":"ZHS","playtime":400,"items_purged":[],"score":58,"play_id":"62bb5a64-1343-4f74-b3b7-fcddaea5cbbc","local_time":"20210219235529","is_ascension_mode":false,"campfire_choices":[],"circlet_count":0,"master_deck":["Strike_B","Strike_B","Strike_B","Strike_B","Defend_B","Defend_B","Defend_B","Defend_B","Zap","Dualcast","Scrawl","AT_RightCognition","AT_ThunderBolt","Force Field","Coolheaded","Rebound","Regret","Turbo","Hologram","Capacitor"],"relics":["Cracked Core","REME_ComplimentaryCards","testmod-TestBox","AT_ATBox","testmod-BouquetWithThorns","NeowsBlessing","Baka","Turnip","Juzu Bracelet"],"acts_visited":["Exordium"],"potions_floor_usage":[8],"damage_taken":[{"damage":0,"enemies":"Small Slimes","floor":1,"turns":1},{"damage":0,"enemies":"Cultist","floor":2,"turns":1},{"damage":0,"enemies":"Jaw Worm","floor":5,"turns":1},{"damage":58,"enemies":"Gremlin Nob","floor":6,"turns":7},{"damage":0,"enemies":"Red Slaver","floor":7,"turns":1},{"damage":21,"enemies":"Lagavulin","floor":8,"turns":5}],"seed_played":"-2343093085802260104","potions_obtained":[{"floor":7,"key":"ColorlessPotion"}],"is_trial":false,"path_per_floor":["M","M","$","?","M","E","M","E"],"character_chosen":"DEFECT","items_purchased":["Coolheaded","Rebound"],"campfire_rested":0,"item_purchase_floors":[3,3],"current_hp_per_floor":[75,75,75,75,75,17,17,0,0],"gold":101,"neow_bonus":"THREE_ENEMY_KILL","is_daily":false,"chose_seed":false,"campfire_upgraded":0,"win_rate":0.0,"timestamp":1613750129,"path_taken":["M","M","$","?","M","E","M","E"],"items_purchased_type":["Card","Card"],"build_version":"2020-12-22","purchased_purges":0,"victory":false,"max_hp_per_floor":[75,75,75,75,75,75,75,75,75],"card_choices":[{"not_picked":["Stack","Fusion","Aggregate"],"picked":"SKIP","floor":1},{"not_picked":["Sweeping Beam","Beam Cell"],"picked":"Force Field","floor":2},{"not_picked":["BootSequence","AT_HeatAcrobatics"],"picked":"Turbo","floor":5},{"not_picked":["Fusion","Rip and Tear"],"picked":"Hologram","floor":6},{"not_picked":["Self Repair","Go for the Eyes"],"picked":"Capacitor","floor":7}],"player_experience":131541,"relics_obtained":[{"floor":1,"key":"Baka"},{"floor":6,"key":"Juzu Bracelet"}],"event_choices":[{"damage_healed":0,"gold_gain":0,"player_choice":"Box","damage_taken":0,"relics_obtained":["Turnip"],"max_hp_gain":0,"max_hp_loss":0,"event_name":"Big Fish","floor":4,"gold_loss":0,"cards_obtained":["Regret"]}],"is_beta":false,"boss_relics":[],"items_purged_floors":[],"is_endless":false,"potions_floor_spawned":[7],"killed_by":"Lagavulin","ascension_level":0}}