{"host":"u21q392b5xaj11fl","time":1613696421,"event":{"mods":["2.2 Compatiblity","Bard","BaseMod","Better Note","Colored Map","Colored Powertips","Conspire","Custom Start","Downfall","Faster Ascension Climbing","GifTheSpireLib","Gremlin Skip","Highlight Path","Hubris","Infinite Spire","Mad Scientist","Marisa????????","Mimic Mod","Minty Spire (QoL Compilation)","Monster B Gone","Permanent Neow","Potionbrewer","Quick Restart","READ ME - Guardian Mod","Relic Sorter","Replay The Spire","Shop Mod","Somnambulant","StSLib","Stuff the Spire","SuperFastMode","The Construct","The Disciple","The Servant 0.9.4"],"gold_per_floor":[115,115,142,73,88,88,120,120,193,221,221,38,49,78,78,156,156,171,171,182,182,198,198,230,96,96,96,111,111,138,48,48,125,125,138,154,61,78,78,78,113,113,113,113,113],"floor_reached":44,"language":"ENG","playtime":2495,"items_purged":["construct:AttackMode"],"score":912,"play_id":"312e5a49-49c1-4fdb-a317-98abbf16d8fb","local_time":"20210218190021","is_ascension_mode":true,"campfire_choices":[{"data":"construct:Boost","floor":6.0,"key":"SMITH"},{"data":"construct:Boost+1","floor":8.0,"key":"SMITH"},{"data":"construct:ReactiveShield","floor":11.0,"key":"SMITH"},{"data":"construct:ReactiveShield+1","floor":15.0,"key":"SMITH"},{"data":"construct:ShieldBurst+1","floor":23.0,"key":"SMITH"},{"data":"construct:Accumulate+1","floor":27.0,"key":"SMITH"},{"data":"construct:ShieldGenerator","floor":29.0,"key":"SMITH"},{"data":"construct:ShieldGenerator+1","floor":32.0,"key":"SMITH"},{"data":"construct:Reinforce","floor":40,"key":"SMITH"},{"data":"construct:Hazardproof","floor":42,"key":"SMITH"}],"circlet_count":0,"master_deck":["AscendersBane","construct:Strike_Gold+1","construct:Strike_Gold","construct:Strike_Gold","construct:Strike_Gold","construct:Strike_Gold","construct:Defend_Gold","construct:Defend_Gold","construct:Defend_Gold","construct:Defend_Gold","construct:Defend_Gold","construct:DefenseMode","construct:Boost+2","construct:ReactiveShield+2","construct:PowerUp","construct:ShieldGenerator+2","hubris:Despair","construct:ShieldBurst+2","ReplayTheSpireMod:Haul","construct:Accumulate+2","construct:Hazardproof+1","construct:MetalShell+1","construct:Reinforce+1"],"relics":["construct:ClockworkPhoenix","Pen Nib","PreservedInsect","Meat on the Bone","MerchantsRug","FaceOfCleric","Medical Kit","Calipers","Darkstone Periapt"],"acts_visited":["Exordium","TheCity","TheBeyond"],"potions_floor_usage":[33,44],"damage_taken":[{"damage":4.0,"enemies":"Jaw Worm","floor":1.0,"turns":4.0},{"damage":6.0,"enemies":"Cultist","floor":5.0,"turns":4.0},{"damage":16.0,"enemies":"Lagavulin","floor":7.0,"turns":6.0},{"damage":20.0,"enemies":"3 Sentries","floor":10.0,"turns":8.0},{"damage":2.0,"enemies":"Small Slimes","floor":13.0,"turns":5.0},{"damage":2.0,"enemies":"Looter","floor":14.0,"turns":3.0},{"damage":25.0,"enemies":"The Guardian","floor":16.0,"turns":11.0},{"damage":6.0,"enemies":"Chosen","floor":18.0,"turns":4.0},{"damage":29.0,"enemies":"2 Thieves","floor":20.0,"turns":4.0},{"damage":22.0,"enemies":"Centurion and Healer","floor":22.0,"turns":5.0},{"damage":28.0,"enemies":"Slavers","floor":24.0,"turns":2.0},{"damage":5.0,"enemies":"3 Cultists","floor":28.0,"turns":3.0},{"damage":4.0,"enemies":"Gremlin Leader","floor":30.0,"turns":5.0},{"damage":39,"enemies":"Collector","floor":33,"turns":10},{"damage":14,"enemies":"3 Darklings","floor":35,"turns":5},{"damage":21,"enemies":"Orb Walker","floor":36,"turns":3},{"damage":24,"enemies":"Spire Growth","floor":38,"turns":5},{"damage":11,"enemies":"R_Hoarder","floor":41,"turns":13},{"damage":56,"enemies":"Transient","floor":44,"turns":4}],"seed_played":"-2842248012815811776","potions_obtained":[{"floor":5.0,"key":"champ:CounterPotion"},{"floor":7.0,"key":"potionbrewer:CleansingPotion"},{"floor":10.0,"key":"LiquidBronze"},{"floor":13.0,"key":"potionbrewer:MidasPotion"},{"floor":18.0,"key":"potionbrewer:DiscountPotion"},{"floor":20.0,"key":"potionbrewer:AcidPotion"},{"floor":24.0,"key":"conspire:TimeTravelPotion"},{"floor":36,"key":"potionbrewer:AcidPotion"},{"floor":41,"key":"SpeedPotion"}],"is_trial":false,"path_per_floor":["M","?","T","$","M","R","E","R","T","E","R","$","M","M","R","B",null,"M","?","M","?","M","R","E","$","T","R","M","R","E","?","R","B",null,"M","M","$","M","?","R","E","R","T","M"],"character_chosen":"THE_CONSTRUCT_MOD","items_purchased":["construct:ReactiveShield","MerchantsRug","Medical Kit","Potion Belt","Calipers"],"campfire_rested":0,"item_purchase_floors":[4,12,25,25,37],"current_hp_per_floor":[68,80,80,80,74,74,65,65,65,45,45,45,55,53,53,40,75,69,69,52,52,43,43,28,28,28,28,36,36,59,59,59,50,92,79,59,59,48,48,48,50,50,50,0,0],"gold":113,"neow_bonus":"RANDOM_COMMON_RELIC","is_daily":false,"chose_seed":false,"campfire_upgraded":10,"win_rate":0.0,"timestamp":1613696421,"path_taken":["M","?","?","$","?","R","E","R","T","E","R","$","M","M","R","BOSS","M","?","M","?","M","R","E","$","T","R","M","R","E","?","R","BOSS","M","M","$","M","?","R","E","R","T","M"],"items_purchased_type":["Card","Relic","Relic","Relic","Relic"],"build_version":"2020-12-22","purchased_purges":1,"victory":false,"max_hp_per_floor":[80,80,80,80,80,80,87,87,87,87,87,87,87,87,87,87,87,87,87,87,87,88,88,89,89,89,89,90,90,105,105,105,106,106,107,108,108,109,109,109,110,110,110,110,110],"card_choices":[{"not_picked":["construct:Stasis","construct:CripplingShot"],"picked":"construct:Boost","floor":1.0},{"not_picked":["construct:SaveState","construct:ClusterMines","construct:Forcefield"],"picked":"SKIP","floor":5.0},{"not_picked":["construct:SweepLaser","construct:SaveState"],"picked":"construct:PowerUp","floor":7.0},{"not_picked":["construct:Impenetrable","construct:FlakBarrage"],"picked":"construct:GoldenBullet","floor":10.0},{"not_picked":["construct:SweepLaser","construct:ScrapCannon","construct:Boost"],"picked":"SKIP","floor":13.0},{"not_picked":["construct:FocusedBeam","construct:VentSteam","construct:FierceBash"],"picked":"SKIP","floor":14.0},{"not_picked":["construct:HyperBeam","construct:HammerDown"],"picked":"construct:ShieldGenerator","floor":16.0},{"not_picked":["construct:ClockworkEgg","construct:MassProduction"],"picked":"construct:ShieldBurst","floor":17.0},{"not_picked":["Replay:Sssssssssstrike","Swift Strike"],"picked":"Survey Options","floor":17.0},{"not_picked":["infinitespire:FinalStrike","ReplayTheSpireMod:Echoes of Time"],"picked":"ReplayTheSpireMod:Haul","floor":17.0},{"not_picked":["construct:ShiftingStance","construct:Overcharge","construct:OmegaCannon"],"picked":"SKIP","floor":18.0},{"not_picked":["construct:Synchronize","construct:Enhance"],"picked":"construct:Accumulate+1","floor":20.0},{"not_picked":["construct:SweepLaser","construct:SaveState"],"picked":"construct:Hazardproof","floor":22.0},{"not_picked":["construct:Accumulate","construct:SweepLaser","construct:Tumble"],"picked":"SKIP","floor":24.0},{"not_picked":["construct:ShiftStrike","construct:ScrapCannon","construct:ClusterMines"],"picked":"SKIP","floor":28.0},{"not_picked":["construct:HeavyBolt","construct:HardReboot"],"picked":"construct:MetalShell+1","floor":30.0},{"not_picked":["construct:SweepLaser+1","construct:SuppressiveFire","construct:Boost"],"picked":"SKIP","floor":35},{"not_picked":["construct:FlakBarrage","construct:UnbalancingBlast","construct:PointDefense+1"],"picked":"SKIP","floor":36},{"not_picked":["construct:SyphonStrike","construct:Autoturret"],"picked":"construct:Reinforce","floor":38},{"not_picked":["construct:LongRangeLance","construct:Forcefield","construct:SweepLaser+1"],"picked":"SKIP","floor":41}],"player_experience":291170,"relics_obtained":[{"floor":3.0,"key":"PreservedInsect"},{"floor":7.0,"key":"Strawberry"},{"floor":9.0,"key":"Meat on the Bone"},{"floor":24.0,"key":"infinitespire:Lucky Rock"},{"floor":26.0,"key":"potionbrewer:SlideRule"},{"floor":30.0,"key":"Mango"},{"floor":41,"key":"Darkstone Periapt"}],"event_choices":[{"damage_healed":0.0,"max_hp_gain":0.0,"max_hp_loss":0.0,"gold_gain":0.0,"event_name":"Accursed Blacksmith","player_choice":"Forge","floor":19.0,"gold_loss":0.0,"damage_taken":0.0,"cards_upgraded":["construct:ShieldBurst"]},{"damage_healed":0.0,"max_hp_gain":0.0,"max_hp_loss":0.0,"gold_gain":0.0,"event_name":"FaceTrader","player_choice":"Trade","floor":21.0,"gold_loss":0.0,"damage_taken":0.0,"relics_obtained":["FaceOfCleric"]},{"cards_removed":["construct:GoldenBullet"],"damage_healed":0.0,"max_hp_gain":0.0,"max_hp_loss":0.0,"gold_gain":0.0,"event_name":"Designer","player_choice":"Upgrade and Remove","floor":31.0,"gold_loss":90.0,"damage_taken":0.0,"cards_upgraded":["construct:Strike_Gold"]},{"cards_removed":["Survey Options"],"damage_healed":0,"gold_gain":0,"player_choice":"Removed Skill","damage_taken":0,"max_hp_gain":0,"max_hp_loss":0,"event_name":"Falling","floor":39,"gold_loss":0}],"is_beta":false,"boss_relics":[{"not_picked":["StuffTheSpire:ModemDavis","Ring of Chaos"],"picked":"ReplayTheSpireMod:SealedPack"},{"not_picked":["Cursed Key","SacredBark"],"picked":"expansioncontent:StudyCardRelic"}],"items_purged_floors":[12],"is_endless":false,"potions_floor_spawned":[5,7,10,13,18,20,24,36,41],"killed_by":"Transient","ascension_level":14}}