{"host":"bxn2em57qlx5u4i0","time":1613777261,"event":{"mods":["BaseMod","Colored Map","Colored Powertips","Highlight Path","Minty Spire (QoL Compilation)","Random Character Button","Relic Sorter","Relic Stats","StSLib","SuperFastMode"],"gold_per_floor":[11,11,86,1,1,29,29,46,46,100,100,133,147,147,147,147,147],"floor_reached":16,"language":"ENG","playtime":364,"items_purged":[],"score":232,"play_id":"5b9ebe19-6281-4e46-9e62-ae6002ee1a3c","local_time":"20210219182741","is_ascension_mode":true,"campfire_choices":[{"floor":7.0,"key":"REST"},{"data":"Deadly Poison","floor":11.0,"key":"SMITH"},{"data":"Dagger Spray","floor":15.0,"key":"SMITH"}],"circlet_count":0,"master_deck":["AscendersBane","Strike_G","Strike_G","Strike_G+1","Strike_G","Defend_G","Defend_G+1","Defend_G","Defend_G","Survivor","Neutralize+1","Blur","Deadly Poison+1","Blade Dance","Poisoned Stab","Backstab","Burst","Dagger Spray+1"],"relics":["Ring of the Snake","Oddly Smooth Stone","Letter Opener","Anchor","Bottled Flame"],"acts_visited":["Exordium"],"potions_floor_usage":[16],"damage_taken":[{"damage":2.0,"enemies":"Small Slimes","floor":1.0,"turns":6.0},{"damage":24.0,"enemies":"Lagavulin","floor":6.0,"turns":9.0},{"damage":0.0,"enemies":"2 Louse","floor":8.0,"turns":3.0},{"damage":4.0,"enemies":"Gremlin Nob","floor":10.0,"turns":3.0},{"damage":11.0,"enemies":"3 Sentries","floor":12.0,"turns":10.0},{"damage":0.0,"enemies":"Cultist","floor":13.0,"turns":2.0},{"damage":35,"enemies":"Slime Boss","floor":16,"turns":9}],"seed_played":"-7710864860251818079","potions_obtained":[{"floor":6.0,"key":"ColorlessPotion"},{"floor":12.0,"key":"Dexterity Potion"}],"is_trial":false,"path_per_floor":["M","?","?","$","?","E","R","M","T","E","R","E","M","?","R","B"],"character_chosen":"THE_SILENT","items_purchased":["Deadly Poison","Blade Dance"],"campfire_rested":1,"item_purchase_floors":[4,4],"current_hp_per_floor":[57,57,46,46,26,2,21,21,21,17,17,6,6,28,28,0,0],"gold":147,"neow_bonus":"REMOVE_TWO","is_daily":false,"chose_seed":false,"campfire_upgraded":2,"win_rate":0.0,"timestamp":1613777261,"path_taken":["M","?","?","$","?","E","R","M","T","E","R","E","M","?","R","BOSS"],"items_purchased_type":["Card","Card"],"build_version":"2020-12-22","purchased_purges":0,"victory":false,"max_hp_per_floor":[66,66,66,66,66,66,66,66,66,66,66,66,66,66,66,66,66],"relic_stats":{"counters":[7,42],"Letter Opener":[15],"obtain_stats":[{"Anchor":10,"Bottled Flame":12,"Oddly Smooth Stone":6,"Letter Opener":9,"Ring of the Snake":0},{"Anchor":4,"Bottled Flame":5,"Oddly Smooth Stone":2,"Letter Opener":3,"Ring of the Snake":0},{"Anchor":21,"Bottled Flame":31,"Oddly Smooth Stone":15,"Letter Opener":18,"Ring of the Snake":0}],"Ring of the Snake":[14]},"card_choices":[{"not_picked":["PiercingWail","Cloak And Dagger"],"picked":"Blur","floor":1.0},{"not_picked":["Underhanded Strike","Grand Finale","Sucker Punch"],"picked":"SKIP","floor":6.0},{"not_picked":["Cloak And Dagger","Outmaneuver"],"picked":"Poisoned Stab","floor":8.0},{"not_picked":["Expertise","Poisoned Stab"],"picked":"Backstab","floor":10.0},{"not_picked":["PiercingWail","Dagger Spray"],"picked":"Burst","floor":12.0},{"not_picked":["Underhanded Strike","Heel Hook"],"picked":"Dagger Spray","floor":13.0}],"player_experience":3045451,"relics_obtained":[{"floor":6.0,"key":"Oddly Smooth Stone"},{"floor":9.0,"key":"Letter Opener"},{"floor":10.0,"key":"Anchor"},{"floor":12.0,"key":"Bottled Flame"}],"event_choices":[{"damage_healed":0.0,"max_hp_gain":0.0,"max_hp_loss":0.0,"gold_gain":0.0,"event_name":"Living Wall","player_choice":"Grow","floor":2.0,"gold_loss":0.0,"damage_taken":0.0,"cards_upgraded":["Neutralize"]},{"damage_healed":0.0,"max_hp_gain":0.0,"max_hp_loss":0.0,"gold_gain":75.0,"event_name":"World of Goop","player_choice":"Gather Gold","floor":3.0,"gold_loss":0.0,"damage_taken":11.0},{"damage_healed":0.0,"max_hp_gain":0.0,"max_hp_loss":0.0,"gold_gain":0.0,"event_name":"Shining Light","player_choice":"Entered Light","floor":5.0,"gold_loss":0.0,"damage_taken":20.0,"cards_upgraded":["Strike_G","Defend_G"]},{"damage_healed":22.0,"max_hp_gain":0.0,"max_hp_loss":0.0,"gold_gain":0.0,"event_name":"Big Fish","player_choice":"Banana","floor":14.0,"gold_loss":0.0,"damage_taken":0.0}],"is_beta":false,"boss_relics":[],"items_purged_floors":[],"is_endless":false,"potions_floor_spawned":[6,12],"killed_by":"Slime Boss","ascension_level":20}}