{"host":"5ezk7t18wcb10u1o","time":1613727003,"event":{"mods":["BaseMod","Bestiary","Colored Powertips","Minty Spire (QoL Compilation)","Relic Sorter"],"gold_per_floor":[361,378,453,471,471,482,482,494,494,520,445,445,477,477,477,477,477],"floor_reached":16,"language":"ENG","playtime":698,"items_purged":["Defend_B"],"score":200,"play_id":"991e792f-afdd-4b5b-9d37-802361ea1399","local_time":"20210219093003","is_ascension_mode":true,"campfire_choices":[{"floor":7.0,"key":"REST"},{"floor":12.0,"key":"REST"},{"data":"Reinforced Body","floor":15.0,"key":"SMITH"}],"circlet_count":0,"master_deck":["AscendersBane","Strike_B","Strike_B","Strike_B","Defend_B","Defend_B","Defend_B","Zap","Dualcast","Compile Driver","Reinforced Body","Loop","Reinforced Body+1","Go for the Eyes","Cold Snap"],"relics":["Cracked Core","Eternal Feather","Odd Mushroom","Meat on the Bone"],"acts_visited":["Exordium"],"potions_floor_usage":[],"damage_taken":[{"damage":0.0,"enemies":"2 Louse","floor":1.0,"turns":2.0},{"damage":4.0,"enemies":"Small Slimes","floor":2.0,"turns":3.0},{"damage":2.0,"enemies":"Jaw Worm","floor":4.0,"turns":3.0},{"damage":18.0,"enemies":"Exordium Wildlife","floor":6.0,"turns":5.0},{"damage":7.0,"enemies":"3 Louse","floor":8.0,"turns":4.0},{"damage":17.0,"enemies":"The Mushroom Lair","floor":10.0,"turns":3.0},{"damage":9.0,"enemies":"Gremlin Nob","floor":13.0,"turns":4.0},{"damage":37,"enemies":"Slime Boss","floor":16,"turns":10}],"seed_played":"-246130906526128968","potions_obtained":[{"floor":1.0,"key":"SpeedPotion"},{"floor":2.0,"key":"FocusPotion"},{"floor":10.0,"key":"BlessingOfTheForge"}],"is_trial":false,"path_per_floor":["M","M","?","M","?","M","R","M","T","?","$","R","E","$","R","B"],"character_chosen":"DEFECT","items_purchased":[],"campfire_rested":2,"item_purchase_floors":[],"current_hp_per_floor":[46,42,31,29,22,4,25,18,18,1,1,28,19,19,28,0,0],"gold":477,"neow_bonus":"TWO_FIFTY_GOLD","is_daily":false,"chose_seed":false,"campfire_upgraded":1,"win_rate":0.0,"timestamp":1613727003,"path_taken":["M","M","?","M","?","M","R","M","T","?","?","R","E","$","R","BOSS"],"items_purchased_type":[],"build_version":"2020-12-22","purchased_purges":1,"victory":false,"max_hp_per_floor":[71,71,71,71,71,71,71,71,71,71,71,71,71,71,71,71,71],"card_choices":[{"not_picked":["White Noise","Barrage"],"picked":"Compile Driver","floor":1.0},{"not_picked":["Stack","Reprogram"],"picked":"Reinforced Body","floor":2.0},{"not_picked":["Aggregate","Steam"],"picked":"Loop","floor":4.0},{"not_picked":["Rebound","Steam"],"picked":"Reinforced Body","floor":6.0},{"not_picked":["Consume","Ball Lightning"],"picked":"Go for the Eyes","floor":8.0},{"not_picked":["Beam Cell","Storm"],"picked":"Cold Snap","floor":13.0}],"player_experience":1234935,"relics_obtained":[{"floor":9.0,"key":"Eternal Feather"},{"floor":10.0,"key":"Odd Mushroom"},{"floor":13.0,"key":"Meat on the Bone"}],"event_choices":[{"damage_healed":0.0,"max_hp_gain":0.0,"max_hp_loss":0.0,"gold_gain":75.0,"event_name":"World of Goop","player_choice":"Gather Gold","floor":3.0,"gold_loss":0.0,"damage_taken":11.0},{"cards_removed":["Strike_B"],"damage_healed":0.0,"max_hp_gain":0.0,"max_hp_loss":0.0,"gold_gain":0.0,"event_name":"Golden Wing","player_choice":"Card Removal","floor":5.0,"gold_loss":0.0,"damage_taken":7.0},{"damage_healed":0.0,"max_hp_gain":0.0,"max_hp_loss":0.0,"gold_gain":0.0,"event_name":"Mushrooms","player_choice":"Fought Mushrooms","floor":10.0,"gold_loss":0.0,"damage_taken":0.0}],"is_beta":false,"boss_relics":[],"items_purged_floors":[11],"is_endless":false,"potions_floor_spawned":[1,2,10],"killed_by":"Slime Boss","ascension_level":20}}