{"host":"lxu17chzujqn8whl","time":1613768060,"event":{"mods":["BaseMod","Minty Spire (QoL Compilation)","Relic Stats","StSLib"],"gold_per_floor":[114,126,126,137,154,188,188,188,238,238,257,257,273,323,323,455,455,478,478,478],"floor_reached":19,"language":"ENG","playtime":387,"items_purged":[],"score":179,"play_id":"a3e4699f-e8e2-4eea-8485-b6e54179306e","local_time":"20210219125420","is_ascension_mode":false,"campfire_choices":[{"data":"Sunder","floor":7,"key":"SMITH"},{"data":"Streamline","floor":12,"key":"SMITH"},{"floor":15,"key":"REST"}],"circlet_count":0,"master_deck":["Strike_B","Strike_B","Strike_B","Strike_B","Defend_B","Defend_B","Defend_B","Zap","Dualcast","Glacier","Sunder+1","Sweeping Beam","Streamline+1","Injury","Conserve Battery","Melter","Buffer","Hologram"],"relics":["Cracked Core","Symbiotic Virus","Boot","Golden Idol","CeramicFish","Black Star"],"acts_visited":["Exordium","TheCity"],"potions_floor_usage":[6],"damage_taken":[{"damage":0.0,"enemies":"Cultist","floor":1.0,"turns":4.0},{"damage":2.0,"enemies":"2 Louse","floor":2.0,"turns":3.0},{"damage":0.0,"enemies":"Small Slimes","floor":4.0,"turns":3.0},{"damage":2.0,"enemies":"3 Louse","floor":5.0,"turns":3.0},{"damage":14,"enemies":"Lagavulin","floor":6,"turns":7},{"damage":9,"enemies":"2 Fungi Beasts","floor":11,"turns":3},{"damage":9,"enemies":"Exordium Thugs","floor":13,"turns":3},{"damage":20,"enemies":"Gremlin Nob","floor":14,"turns":4},{"damage":17,"enemies":"Slime Boss","floor":16,"turns":6},{"damage":17,"enemies":"3 Byrds","floor":18,"turns":5},{"damage":5,"enemies":"Chosen","floor":19,"turns":4}],"seed_played":"5884231843412670921","potions_obtained":[{"floor":1.0,"key":"BlessingOfTheForge"},{"floor":2.0,"key":"EssenceOfSteel"},{"floor":5.0,"key":"Dexterity Potion"},{"floor":11,"key":"FearPotion"}],"is_trial":false,"path_per_floor":["M","M","?","M","M","E","R","?","T","?","M","R","M","E","R","B",null,"M","M"],"character_chosen":"DEFECT","items_purchased":[],"campfire_rested":1,"item_purchase_floors":[],"current_hp_per_floor":[82,80,80,80,78,64,64,69,69,69,60,60,51,31,57,40,87,70,65,65],"gold":478,"neow_bonus":"TEN_PERCENT_HP_BONUS","is_daily":false,"chose_seed":false,"campfire_upgraded":2,"win_rate":0.0,"timestamp":1613768060,"path_taken":["M","?","?","?","M","E","R","?","T","?","M","R","M","E","R","BOSS","M","M"],"items_purchased_type":[],"build_version":"2020-12-22","purchased_purges":0,"victory":false,"max_hp_per_floor":[82,82,82,82,82,82,82,87,87,87,87,87,87,87,87,87,87,87,87,87],"relic_stats":{"counters":[11,45],"Golden Idol":43,"CeramicFish":27,"Black Star":0,"Boot":[9],"obtain_stats":[{"Golden Idol":10,"CeramicFish":14,"Black Star":17,"Cracked Core":0,"Symbiotic Virus":6,"Boot":9},{"Golden Idol":5,"CeramicFish":8,"Black Star":9,"Cracked Core":0,"Symbiotic Virus":5,"Boot":5},{"Golden Idol":20,"CeramicFish":30,"Black Star":36,"Cracked Core":0,"Symbiotic Virus":20,"Boot":20}]},"card_choices":[{"not_picked":["Rip and Tear","BootSequence"],"picked":"Glacier","floor":1.0},{"not_picked":["Leap","Rebound","Reinforced Body"],"picked":"SKIP","floor":2.0},{"not_picked":["Aggregate","Darkness"],"picked":"Sunder","floor":4.0},{"not_picked":["Beam Cell","BootSequence"],"picked":"Sweeping Beam","floor":5.0},{"not_picked":["Reprogram","Beam Cell"],"picked":"Streamline","floor":6},{"not_picked":["Gash","Scrape","Undo"],"picked":"SKIP","floor":11},{"not_picked":["Sweeping Beam","Cold Snap"],"picked":"Conserve Battery","floor":13},{"not_picked":["Gash","Go for the Eyes"],"picked":"Melter","floor":14},{"not_picked":["All For One","Meteor Strike"],"picked":"Buffer","floor":16},{"not_picked":["Static Discharge","Chaos"],"picked":"Hologram","floor":18}],"player_experience":716446,"relics_obtained":[{"floor":6,"key":"Symbiotic Virus"},{"floor":9,"key":"Boot"},{"floor":14,"key":"CeramicFish"}],"event_choices":[{"cards_removed":["Defend_B"],"damage_healed":0.0,"max_hp_gain":0.0,"max_hp_loss":0.0,"gold_gain":0.0,"event_name":"Purifier","player_choice":"Purged","floor":3.0,"gold_loss":0.0,"damage_taken":0.0},{"damage_healed":0,"gold_gain":0,"player_choice":"Donut","damage_taken":0,"max_hp_gain":5,"max_hp_loss":0,"event_name":"Big Fish","floor":8,"gold_loss":0},{"damage_healed":0,"gold_gain":0,"player_choice":"Take Wound","damage_taken":0,"relics_obtained":["Golden Idol"],"max_hp_gain":0,"max_hp_loss":0,"event_name":"Golden Idol","floor":10,"gold_loss":0,"cards_obtained":["Injury"]}],"is_beta":false,"boss_relics":[{"not_picked":["Coffee Dripper","Snecko Eye"],"picked":"Black Star"}],"items_purged_floors":[],"is_endless":false,"potions_floor_spawned":[1,2,5,11,14],"killed_by":"Chosen","ascension_level":0}}