{"host":"81iaqqr1ryudmr11","time":1613726566,"event":{"mods":["BaseMod","Highlight Path","Minty Spire (QoL Compilation)","Relic Stats"],"gold_per_floor":[110,35,35,35,35,75,75,119,119,132,132,160,176,207,207,337,337,357,357,376,75,89,89,89],"floor_reached":23,"language":"ENG","playtime":1171,"items_purged":["Strike_R","Strike_R"],"score":398,"play_id":"e37e3c36-0f70-4c18-9429-db7814c15b22","local_time":"20210219102246","is_ascension_mode":true,"campfire_choices":[{"data":"Bash","floor":7,"key":"SMITH"},{"data":"Inflame","floor":11,"key":"SMITH"},{"data":"Uppercut","floor":15,"key":"SMITH"}],"circlet_count":0,"master_deck":["AscendersBane","Strike_R","Strike_R","Strike_R","Defend_R","Defend_R","Defend_R","Defend_R","Bash+1","Shrug It Off","Inflame+1","Cleave","Uppercut+1","Feed","True Grit+1","Pummel","Sword Boomerang"],"relics":["Burning Blood","NeowsBlessing","Art of War","Golden Idol","Boot","Juzu Bracelet","Regal Pillow","Odd Mushroom","InkBottle","Cursed Key","Red Skull"],"acts_visited":["Exordium","TheCity"],"potions_floor_usage":[10,14,16,16,23],"damage_taken":[{"damage":0,"enemies":"Cultist","floor":1,"turns":1},{"damage":0,"enemies":"Gremlin Nob","floor":6,"turns":1},{"damage":0,"enemies":"Lagavulin","floor":8,"turns":1},{"damage":11,"enemies":"2 Louse","floor":10,"turns":4},{"damage":23,"enemies":"The Mushroom Lair","floor":12,"turns":7},{"damage":0,"enemies":"Jaw Worm","floor":13,"turns":3},{"damage":2,"enemies":"Gremlin Nob","floor":14,"turns":3},{"damage":50,"enemies":"Slime Boss","floor":16,"turns":10},{"damage":17,"enemies":"Spheric Guardian","floor":18,"turns":4},{"damage":27,"enemies":"2 Thieves","floor":20,"turns":5},{"damage":9,"enemies":"Centurion and Healer","floor":22,"turns":4},{"damage":34,"enemies":"Book of Stabbing","floor":23,"turns":4}],"seed_played":"-8270325807489378306","potions_obtained":[{"floor":1,"key":"Weak Potion"},{"floor":10,"key":"LiquidMemories"},{"floor":12,"key":"Explosive Potion"},{"floor":14,"key":"SkillPotion"}],"is_trial":false,"path_per_floor":["M","$","?","?","$","E","R","E","T","M","R","?","M","E","R","B",null,"M","?","M","$","M","E"],"character_chosen":"IRONCLAD","items_purchased":["Red Skull","SteroidPotion"],"campfire_rested":0,"item_purchase_floors":[21,21],"current_hp_per_floor":[78,78,66,66,66,72,72,74,74,69,69,52,58,62,62,18,60,52,52,34,34,34,0,0],"gold":89,"neow_bonus":"THREE_ENEMY_KILL","is_daily":false,"chose_seed":false,"campfire_upgraded":3,"win_rate":0.0,"timestamp":1613726566,"path_taken":["M","$","?","?","?","E","R","E","T","M","R","?","M","E","R","BOSS","M","?","M","$","M","E"],"items_purchased_type":["Relic","Potion"],"build_version":"2020-12-22","purchased_purges":2,"victory":false,"max_hp_per_floor":[80,80,80,74,74,74,74,74,74,74,74,74,74,74,74,74,74,77,77,80,80,83,83,83],"relic_stats":{"Regal Pillow":0,"counters":[12,47],"Golden Idol":72,"Art of War":[5],"Juzu Bracelet":0,"Boot":[4],"Cursed Key":0,"obtain_stats":[{"Regal Pillow":9,"NeowsBlessing":0,"Golden Idol":4,"Art of War":3,"Juzu Bracelet":8,"Odd Mushroom":12,"Boot":6,"Cursed Key":17,"Burning Blood":0,"InkBottle":14,"Red Skull":21},{"Regal Pillow":3,"NeowsBlessing":0,"Golden Idol":1,"Art of War":1,"Juzu Bracelet":3,"Odd Mushroom":5,"Boot":2,"Cursed Key":8,"Burning Blood":0,"InkBottle":7,"Red Skull":10},{"Regal Pillow":3,"NeowsBlessing":0,"Golden Idol":1,"Art of War":1,"Juzu Bracelet":3,"Odd Mushroom":14,"Boot":2,"Cursed Key":30,"Burning Blood":0,"InkBottle":20,"Red Skull":39}],"Burning Blood":62,"InkBottle":[8]},"card_choices":[{"not_picked":["Sever Soul","Perfected Strike","Headbutt"],"picked":"SKIP","floor":1},{"not_picked":["Headbutt","Carnage"],"picked":"Shrug It Off","floor":6},{"not_picked":["Intimidate","Second Wind"],"picked":"Inflame","floor":8},{"not_picked":["Rage","Sword Boomerang","Pommel Strike"],"picked":"SKIP","floor":10},{"not_picked":["Juggernaut","Perfected Strike"],"picked":"Cleave","floor":12},{"not_picked":["Warcry","Headbutt","Power Through"],"picked":"SKIP","floor":13},{"not_picked":["Perfected Strike","Clash"],"picked":"Uppercut","floor":14},{"not_picked":["Berserk","Juggernaut"],"picked":"Feed","floor":16},{"not_picked":["Anger+1","Shrug It Off"],"picked":"True Grit+1","floor":18},{"not_picked":["Second Wind+1","Thunderclap"],"picked":"Pummel","floor":20},{"not_picked":["Reckless Charge+1","Wild Strike"],"picked":"Sword Boomerang","floor":22}],"player_experience":231235,"relics_obtained":[{"floor":6,"key":"Boot"},{"floor":8,"key":"Juzu Bracelet"},{"floor":9,"key":"Regal Pillow"},{"floor":12,"key":"Odd Mushroom"},{"floor":14,"key":"InkBottle"}],"event_choices":[{"damage_healed":0,"gold_gain":0,"player_choice":"Success","damage_taken":12,"relics_obtained":["Art of War"],"max_hp_gain":0,"max_hp_loss":0,"event_name":"Scrap Ooze","floor":3,"gold_loss":0},{"damage_healed":0,"gold_gain":0,"player_choice":"Lose Max HP","damage_taken":0,"relics_obtained":["Golden Idol"],"max_hp_gain":0,"max_hp_loss":6,"event_name":"Golden Idol","floor":4,"gold_loss":0},{"damage_healed":0,"gold_gain":0,"player_choice":"Fought Mushrooms","damage_taken":0,"max_hp_gain":0,"max_hp_loss":0,"event_name":"Mushrooms","floor":12,"gold_loss":0},{"damage_healed":0,"gold_gain":0,"player_choice":"Ignored","damage_taken":0,"max_hp_gain":0,"max_hp_loss":0,"event_name":"Ghosts","floor":19,"gold_loss":0}],"is_beta":false,"boss_relics":[{"not_picked":["Astrolabe","Empty Cage"],"picked":"Cursed Key"}],"items_purged_floors":[2,21],"is_endless":false,"potions_floor_spawned":[1,10,12,14],"killed_by":"Book of Stabbing","ascension_level":11}}