{"host":"0v07cr0k93jhgkpm","time":1613760557,"event":{"mods":["BaseMod","Colored Map","DeckTracker","Minty Spire (QoL Compilation)","Quick Restart","SuperFastMode"],"gold_per_floor":[364,378,46,46,60,60,93,93,93,119,137,137,153,163,163,235,235,252,279,296,11,11,11,27,40,40,40,40],"floor_reached":27,"language":"KOR","playtime":1073,"items_purged":["Defend_R","Strike_R"],"score":550,"play_id":"2a6fd84f-fc6d-4535-abf5-0cde85247db7","local_time":"20210220034917","is_ascension_mode":true,"campfire_choices":[{"data":"Berserk","floor":6.0,"key":"SMITH"},{"data":"Body Slam","floor":8.0,"key":"SMITH"},{"data":"True Grit","floor":12.0,"key":"SMITH"},{"data":"Rampage","floor":15.0,"key":"SMITH"},{"floor":23.0,"key":"REST"}],"circlet_count":0,"master_deck":["AscendersBane","Strike_R","Strike_R","Strike_R","Strike_R","Defend_R","Defend_R","Defend_R","Bash","Rampage+1","Berserk+1","Apotheosis+1","Shrug It Off","True Grit+1","Body Slam+1","Shrug It Off","Pommel Strike","Headbutt","Corruption","Sentinel","Fire Breathing","Panacea","Evolve"],"relics":["Burning Blood","Nunchaku","InkBottle","Art of War","Cursed Key","Red Mask"],"acts_visited":["Exordium","TheCity"],"potions_floor_usage":[],"damage_taken":[{"damage":1.0,"enemies":"Cultist","floor":1.0,"turns":3.0},{"damage":7.0,"enemies":"2 Louse","floor":2.0,"turns":3.0},{"damage":19.0,"enemies":"Jaw Worm","floor":5.0,"turns":4.0},{"damage":4.0,"enemies":"Lagavulin","floor":7.0,"turns":6.0},{"damage":10.0,"enemies":"3 Sentries","floor":10.0,"turns":8.0},{"damage":12.0,"enemies":"Looter","floor":11.0,"turns":3.0},{"damage":3.0,"enemies":"Exordium Wildlife","floor":13.0,"turns":4.0},{"damage":7.0,"enemies":"Large Slime","floor":14.0,"turns":5.0},{"damage":0.0,"enemies":"Slime Boss","floor":16.0,"turns":6.0},{"damage":16.0,"enemies":"Spheric Guardian","floor":18.0,"turns":4.0},{"damage":63.0,"enemies":"Masked Bandits","floor":19.0,"turns":4.0},{"damage":14.0,"enemies":"Shell Parasite","floor":20.0,"turns":5.0},{"damage":11.0,"enemies":"Chosen and Byrds","floor":24.0,"turns":5.0},{"damage":16.0,"enemies":"Shelled Parasite and Fungi","floor":25.0,"turns":5.0},{"damage":60,"enemies":"Slavers","floor":27,"turns":3}],"seed_played":"8813204681358863286","potions_obtained":[{"floor":1.0,"key":"FairyPotion"},{"floor":2.0,"key":"Fire Potion"},{"floor":16.0,"key":"PowerPotion"},{"floor":19.0,"key":"Block Potion"},{"floor":20.0,"key":"EntropicBrew"},{"floor":24.0,"key":"FairyPotion"}],"is_trial":false,"path_per_floor":["M","M","$","?","M","R","E","R","T","E","M","R","M","M","R","B",null,"M","?","M","$","?","R","M","M","T","E"],"character_chosen":"IRONCLAD","items_purchased":["Apotheosis","Shrug It Off","Fire Breathing","Panacea"],"campfire_rested":1,"item_purchase_floors":[3,3,21,21],"current_hp_per_floor":[55,54,54,54,41,41,43,43,43,39,33,33,36,35,35,41,67,57,27,19,19,19,41,36,26,26,0,0],"gold":40,"neow_bonus":"TWO_FIFTY_GOLD","is_daily":false,"chose_seed":false,"campfire_upgraded":4,"win_rate":0.0,"timestamp":1613760557,"path_taken":["M","M","$","?","M","R","E","R","T","E","M","R","?","M","R","BOSS","M","?","M","$","?","R","M","M","T","E"],"items_purchased_type":["Card","Card","Card","Card"],"build_version":"2020-12-22","purchased_purges":2,"victory":false,"max_hp_per_floor":[75,75,75,75,75,75,75,75,75,75,75,75,75,75,75,75,75,75,75,75,75,75,75,75,75,75,75,75],"card_choices":[{"not_picked":["Clothesline","Anger"],"picked":"Rampage","floor":1.0},{"not_picked":["Thunderclap","Battle Trance"],"picked":"Berserk","floor":2.0},{"not_picked":["Dark Embrace","Warcry"],"picked":"True Grit","floor":5.0},{"not_picked":["Havoc","Sword Boomerang"],"picked":"Body Slam","floor":7.0},{"not_picked":["Perfected Strike","Cleave","Clothesline"],"picked":"SKIP","floor":10.0},{"not_picked":["Clash","Sentinel"],"picked":"Shrug It Off","floor":11.0},{"not_picked":["Wild Strike","Shrug It Off"],"picked":"Pommel Strike","floor":13.0},{"not_picked":["Limit Break","Twin Strike"],"picked":"Headbutt","floor":14.0},{"not_picked":["Exhume","Impervious"],"picked":"Corruption","floor":16.0},{"not_picked":["True Grit","Clash"],"picked":"Sentinel","floor":18.0},{"not_picked":["Warcry","Heavy Blade","Iron Wave"],"picked":"SKIP","floor":20.0},{"not_picked":["Thunderclap","Cleave+1"],"picked":"Evolve","floor":24.0},{"not_picked":["Armaments","Havoc","Second Wind+1"],"picked":"SKIP","floor":25.0}],"player_experience":2516679,"relics_obtained":[{"floor":7.0,"key":"Nunchaku"},{"floor":9.0,"key":"InkBottle"},{"floor":10.0,"key":"Art of War"},{"floor":19.0,"key":"Red Mask"}],"event_choices":[{"damage_healed":0.0,"max_hp_gain":0.0,"max_hp_loss":0.0,"gold_gain":0.0,"event_name":"Upgrade Shrine","player_choice":"Upgraded","floor":4.0,"gold_loss":0.0,"damage_taken":0.0,"cards_upgraded":["Apotheosis"]},{"damage_healed":0.0,"max_hp_gain":0.0,"max_hp_loss":0.0,"gold_gain":0.0,"event_name":"Masked Bandits","player_choice":"Fought Bandits","floor":19.0,"gold_loss":0.0,"damage_taken":0.0},{"damage_healed":0.0,"max_hp_gain":0.0,"max_hp_loss":0.0,"gold_gain":0.0,"event_name":"N\u0027loth","player_choice":"Ignored","floor":22.0,"gold_loss":0.0,"damage_taken":0.0}],"is_beta":false,"boss_relics":[{"not_picked":["Philosopher\u0027s Stone","Coffee Dripper"],"picked":"Cursed Key"}],"items_purged_floors":[3,21],"is_endless":false,"potions_floor_spawned":[1,2,7,13,16,19,20,24],"killed_by":"Slavers","ascension_level":20}}