{"host":"Oniwa","time":1613734022,"event":{"mods":["BaseMod","Colored Map","Colored Powertips","Minty Spire (QoL Compilation)","Relic Stats","SpireBot","StSLib","Twitch Utils","ojb\u0027s Better Paths Mod","ojb\u0027s Info Mod"],"gold_per_floor":[99,99,99,99,99,99,99,99,99,14,14,14,14],"floor_reached":12,"language":"JPN","playtime":835,"items_purged":[],"score":144,"play_id":"6c8ffdb3-6630-45a2-86ac-d94cf45dac95","local_time":"20210219202702","is_ascension_mode":true,"campfire_choices":[{"data":"Self Repair","floor":6,"key":"SMITH"}],"circlet_count":0,"master_deck":["AscendersBane","Strike_B","Strike_B","Strike_B","Strike_B","Defend_B","Defend_B","Defend_B","Defend_B","Zap","Dualcast","Coolheaded","Cold Snap","Self Repair+1","Compile Driver","Creative AI","Doom and Gloom","Consume"],"relics":["Ectoplasm","Oddly Smooth Stone","Omamori"],"acts_visited":["Exordium"],"potions_floor_usage":[11,12,12],"damage_taken":[{"damage":7,"enemies":"Jaw Worm","floor":1,"turns":3},{"damage":3,"enemies":"2 Louse","floor":3,"turns":3},{"damage":0,"enemies":"Cultist","floor":5,"turns":4},{"damage":11,"enemies":"Blue Slaver","floor":7,"turns":5},{"damage":20,"enemies":"Large Slime","floor":8,"turns":6},{"damage":23,"enemies":"Gremlin Gang","floor":11,"turns":6},{"damage":26,"enemies":"Gremlin Nob","floor":12,"turns":3}],"seed_played":"7308966896783564438","potions_obtained":[{"floor":7,"key":"Ancient Potion"},{"floor":8,"key":"PowerPotion"},{"floor":11,"key":"GamblersBrew"}],"is_trial":false,"path_per_floor":["M","?","M","?","M","R","M","M","T","$","M","E"],"character_chosen":"DEFECT","items_purchased":["Doom and Gloom"],"campfire_rested":0,"item_purchase_floors":[10],"current_hp_per_floor":[57,52,49,49,49,49,48,38,38,38,25,0,0],"gold":14,"neow_bonus":"BOSS_RELIC","is_daily":false,"chose_seed":false,"campfire_upgraded":1,"win_rate":0.0,"timestamp":1613734022,"path_taken":["M","?","M","?","M","R","M","M","T","$","M","E"],"items_purchased_type":["Card"],"build_version":"2020-12-18","purchased_purges":0,"victory":false,"max_hp_per_floor":[71,71,71,71,71,71,71,71,71,71,71,71,71],"relic_stats":{"counters":[7,30],"Ectoplasm":116,"obtain_stats":[{"Oddly Smooth Stone":2,"Ectoplasm":0,"Omamori":9,"Cracked Core":0},{"Oddly Smooth Stone":1,"Ectoplasm":0,"Omamori":5,"Cracked Core":0},{"Oddly Smooth Stone":3,"Ectoplasm":0,"Omamori":21,"Cracked Core":0}]},"card_choices":[{"not_picked":["Steam","Barrage"],"picked":"Coolheaded","floor":1},{"not_picked":["Go for the Eyes","Loop"],"picked":"Cold Snap","floor":3},{"not_picked":["Hologram","Turbo"],"picked":"Self Repair","floor":5},{"not_picked":["Hologram","Steam Power"],"picked":"Compile Driver","floor":7},{"not_picked":["Skim","Compile Driver"],"picked":"Creative AI","floor":8},{"not_picked":["Undo","Sweeping Beam"],"picked":"Consume","floor":11}],"player_experience":2743327,"relics_obtained":[{"floor":9,"key":"Omamori"}],"event_choices":[{"damage_healed":0,"gold_gain":0,"player_choice":"Success","damage_taken":5,"relics_obtained":["Oddly Smooth Stone"],"max_hp_gain":0,"max_hp_loss":0,"event_name":"Scrap Ooze","floor":2,"gold_loss":0},{"damage_healed":0,"gold_gain":0,"player_choice":"Ignored","damage_taken":0,"max_hp_gain":0,"max_hp_loss":0,"event_name":"Liars Game","floor":4,"gold_loss":0}],"is_beta":true,"boss_relics":[],"items_purged_floors":[],"is_endless":false,"potions_floor_spawned":[7,8,11],"killed_by":"Gremlin Nob","ascension_level":20}}