{"host":"h3ogdo6no3ehk88q","time":1613756916,"event":{"mods":["AchievementEnabler","BaseMod","Hermit","Marisa????????","Minty Spire (QoL Compilation)","StSLib","SuperFastMode","The Bug Knight","The Cursed","The Disciple","The Necromancer","The Servant 0.9.4"],"gold_per_floor":[365,380,393,393,407,35,61,79,107,107,107,107,121,132,132,157,107,107,107,107],"floor_reached":19,"language":"ENG","playtime":417,"items_purged":[],"score":219,"play_id":"97ab0381-c858-40b0-9318-c9f5261ad1bf","local_time":"20210219124836","is_ascension_mode":true,"campfire_choices":[{"data":"Bludgeon","floor":12.0,"key":"SMITH"},{"data":"True Grit","floor":15.0,"key":"SMITH"},{"data":"Flame Barrier","floor":18,"key":"SMITH"}],"circlet_count":0,"master_deck":["AscendersBane","Strike_R","Strike_R","Strike_R","Strike_R","Defend_R","Defend_R","Defend_R","Defend_R","Bash","Cleave","Bludgeon+1","Flame Barrier+1","True Grit+1","Shrug It Off","Whirlwind+1","Battle Trance","Ghostly Armor","Bloodletting"],"relics":["Burning Blood","Bag of Preparation","Ice Cream","Question Card","Molten Egg 2","Peace Pipe","Sundial","Odd Mushroom"],"acts_visited":["Exordium"],"potions_floor_usage":[19],"damage_taken":[{"damage":6.0,"enemies":"Cultist","floor":1.0,"turns":3.0},{"damage":5.0,"enemies":"2 Louse","floor":2.0,"turns":3.0},{"damage":6.0,"enemies":"Jaw Worm","floor":3.0,"turns":4.0},{"damage":11.0,"enemies":"Looter","floor":5.0,"turns":2.0},{"damage":23.0,"enemies":"Lagavulin","floor":7.0,"turns":4.0},{"damage":8.0,"enemies":"3 Louse","floor":8.0,"turns":4.0},{"damage":8.0,"enemies":"Gremlin Nob","floor":9.0,"turns":3.0},{"damage":1.0,"enemies":"Large Slime","floor":13.0,"turns":3.0},{"damage":0.0,"enemies":"2 Fungi Beasts","floor":14.0,"turns":2.0},{"damage":1.0,"enemies":"The Mushroom Lair","floor":16.0,"turns":3.0},{"damage":82,"enemies":"Hexaghost","floor":19,"turns":12}],"seed_played":"768457151972079524","potions_obtained":[{"floor":2.0,"key":"Dexterity Potion"},{"floor":5.0,"key":"Energy Potion"},{"floor":7.0,"key":"FearPotion"},{"floor":9.0,"key":"Regen Potion"},{"floor":14.0,"key":"GamblersBrew"},{"floor":16.0,"key":"Fruit Juice"}],"is_trial":false,"path_per_floor":["M","M","M","?","M","$","E","M","E","T","T","R","M","M","R","?","?","R","B"],"character_chosen":"IRONCLAD","items_purchased":["Ice Cream","Flame Barrier"],"campfire_rested":0,"item_purchase_floors":[6,6],"current_hp_per_floor":[68,68,68,68,63,63,46,44,42,42,42,42,47,53,53,63,63,63,0,0],"gold":107,"neow_bonus":"TWO_FIFTY_GOLD","is_daily":false,"chose_seed":false,"campfire_upgraded":3,"win_rate":0.0,"timestamp":1613756916,"path_taken":["M","?","M","?","M","$","E","M","E","T","T","R","?","M","R","?","?","R","BOSS"],"items_purchased_type":["Relic","Card"],"build_version":"2020-12-22","purchased_purges":0,"victory":false,"max_hp_per_floor":[68,68,68,68,68,68,68,68,68,68,68,68,68,68,68,73,73,73,73,73],"card_choices":[{"not_picked":["Evolve","Twin Strike"],"picked":"Cleave","floor":1.0},{"not_picked":["Rupture","Evolve","Thunderclap"],"picked":"SKIP","floor":2.0},{"not_picked":["Fire Breathing","True Grit"],"picked":"Bludgeon","floor":3.0},{"not_picked":["Flex","Thunderclap","Pommel Strike"],"picked":"SKIP","floor":5.0},{"not_picked":["Dual Wield","Uppercut"],"picked":"True Grit","floor":7.0},{"not_picked":["Carnage","Rupture","Sever Soul"],"picked":"Shrug It Off","floor":8.0},{"not_picked":["Flex","Clash+1","Power Through"],"picked":"Whirlwind+1","floor":9.0},{"not_picked":["Seeing Red","Pommel Strike+1","Body Slam+1"],"picked":"Battle Trance","floor":13.0},{"not_picked":["Armaments","Warcry","Bludgeon+1"],"picked":"Ghostly Armor","floor":14.0},{"not_picked":["Thunderclap+1","Anger+1","Infernal Blade"],"picked":"Bloodletting","floor":16.0}],"player_experience":913626,"relics_obtained":[{"floor":7.0,"key":"Question Card"},{"floor":9.0,"key":"Molten Egg 2"},{"floor":10.0,"key":"Peace Pipe"},{"floor":11.0,"key":"Sundial"},{"floor":16.0,"key":"Odd Mushroom"}],"event_choices":[{"damage_healed":0.0,"max_hp_gain":0.0,"max_hp_loss":0.0,"gold_gain":0.0,"event_name":"WeMeetAgain","player_choice":"Gave Potion","floor":4.0,"gold_loss":0.0,"damage_taken":0.0,"relics_obtained":["Bag of Preparation"]},{"damage_healed":0.0,"max_hp_gain":0.0,"max_hp_loss":0.0,"gold_gain":0.0,"event_name":"Mushrooms","player_choice":"Fought Mushrooms","floor":16.0,"gold_loss":0.0,"damage_taken":0.0},{"cards_removed":["Strike_R"],"damage_healed":0.0,"max_hp_gain":0.0,"max_hp_loss":0.0,"gold_gain":0.0,"event_name":"The Cleric","player_choice":"Card Removal","floor":17.0,"gold_loss":50.0,"damage_taken":0.0}],"is_beta":false,"boss_relics":[],"items_purged_floors":[],"is_endless":false,"potions_floor_spawned":[2,5,7,9,14,16],"killed_by":"Hexaghost","ascension_level":14}}