{"host":"c64dsqyrqv0ei9yn","time":1613727011,"event":{"mods":["BaseMod","Bestiary","Colored Map","Colored Powertips","Curses Come First","Downfall","Hermit","Koishi","LagranYue(ùfäiòNÅEåé)","MarisaÅiñ∂âJÅ@ñÇóùçπÅj","Minty Spire (QoL Compilation)","Prisma Mod","Random Character Button","ReimuÅiîé??öÎÅj","RemiliaÅiÂQïƒ‰ª?Åj","StSLib","The Alterego","The Marked","The Saiyan","The Senshi","The Servant 0.9.4","The Wild Card","TheSwordswoman","Waifu the Spire","WarShipGirlsR/??è≠èóR mod","slay the spire mod where everything is the same but ironclad has a cowboy hat"],"gold_per_floor":[99,110,121,140,155,170,170,155,155,175,175,175,192,192,207,312,312,312,329,341,356,369,369,369,385,400,400,400,400,420,34,44,44,44,44],"floor_reached":33,"language":"ENG","playtime":2077,"items_purged":["Normality"],"score":247,"play_id":"9891c632-73e4-45d1-9b61-02023dc58777","local_time":"20210219093011","is_ascension_mode":false,"campfire_choices":[{"data":"Slimebound:Split","floor":1,"key":"SMITH"},{"floor":9,"key":"REST"},{"data":"Slimebound:PrepareCrush","floor":12,"key":"SMITH"},{"data":"Slimebound:PrepareCrush","floor":18,"key":"SMITH"},{"floor":23,"key":"REST"},{"floor":29,"key":"REST"}],"circlet_count":0,"master_deck":["Slimebound:Strike_Slimebound","Slimebound:Strike_Slimebound","Slimebound:Strike_Slimebound","Slimebound:Tackle","Slimebound:Defend_Slimebound","Slimebound:Defend_Slimebound","Slimebound:Defend_Slimebound","Slimebound:Defend_Slimebound","Slimebound:Split+1","Slimebound:CorrosiveSpit","Slimebound:GrowthPunch","Slimebound:SplitBruiser","Slimebound:LevelUp","Slimebound:Repurpose","Slimebound:PrepareCrush+1","Slimebound:ItLooksTasty","theWildCard:Metatron","Slimebound:GoopSpray","Slimebound:Gluttony","Slimebound:LeechingTouch","Slimebound:HauntingLick","Slimebound:SplitMire","Slimebound:FormOfPuddle","Slimebound:PrepareCrush+1","Slimebound:SpikyOuterGoop","Slimebound:Schlurp+1","Slimebound:LeechEnergy","Slimebound:SlimeBarrage+1"],"relics":["Slimebound:AbsorbEndCombat","Kunai","Velvet Choker","Sundial","Mummified Hand"],"acts_visited":["Exordium","TheCity"],"potions_floor_usage":[16,16,33,33],"damage_taken":[{"damage":2,"enemies":"2 Louse","floor":2,"turns":3},{"damage":2,"enemies":"Jaw Worm","floor":3,"turns":3},{"damage":0,"enemies":"Small Slimes","floor":4,"turns":3},{"damage":41,"enemies":"Gremlin Gang","floor":5,"turns":5},{"damage":6,"enemies":"downfall:LooterAlt","floor":6,"turns":4},{"damage":6,"enemies":"downfall:FleeingMerchant","floor":8,"turns":4},{"damage":8,"enemies":"2 Fungi Beasts","floor":10,"turns":3},{"damage":13,"enemies":"Exordium Thugs","floor":13,"turns":3},{"damage":21,"enemies":"Exordium Wildlife","floor":15,"turns":4},{"damage":6,"enemies":"SI_SHIV_ARCHETYPE","floor":16,"turns":5},{"damage":7,"enemies":"Shell Parasite","floor":19,"turns":3},{"damage":24,"enemies":"downfall:LooterAlt2","floor":20,"turns":4},{"damage":33,"enemies":"Sentry and Sphere","floor":21,"turns":5},{"damage":12,"enemies":"3 Cultists","floor":22,"turns":3},{"damage":10,"enemies":"Chosen and Byrds","floor":25,"turns":4},{"damage":46,"enemies":"Centurion and Healer","floor":26,"turns":7},{"damage":9,"enemies":"Snecko","floor":30,"turns":4},{"damage":1,"enemies":"downfall:FleeingMerchant","floor":31,"turns":4},{"damage":0,"enemies":"3 Cultists","floor":32,"turns":3},{"damage":62,"enemies":"IC_MUSHROOM_ARCHETYPE","floor":33,"turns":8}],"seed_played":"-3808799556077911008","potions_obtained":[{"floor":2,"key":"Guardian:BlockOnCardUsePotion"},{"floor":5,"key":"DistilledChaos"},{"floor":10,"key":"champ:CounterPotion"},{"floor":13,"key":"Slimebound:SlimedPotion"},{"floor":16,"key":"FairyPotion"},{"floor":19,"key":"SpeedPotion"},{"floor":26,"key":"Weak Potion"}],"is_trial":false,"path_per_floor":["R","M","M","M","M","M","T","$","R","M","?","R","M","?","M","B",null,"R","M","M","M","M","R","T","M","M","?","?","R","M","$","M","B"],"character_chosen":"SLIMEBOUND","items_purchased":["Mummified Hand","Slimebound:LeechEnergy"],"campfire_rested":3,"item_purchase_floors":[31,31],"current_hp_per_floor":[71,71,71,71,32,28,28,26,47,39,39,39,30,30,17,19,71,71,68,48,21,17,38,38,36,21,21,21,42,37,44,52,0,0,0],"gold":44,"neow_bonus":"TEN_PERCENT_HP_BONUS","is_daily":false,"chose_seed":false,"campfire_upgraded":3,"win_rate":0.0,"timestamp":1613727011,"path_taken":["R","M","M","M","M","M","T","$","R","M","?","R","M","?","M","BOSS","R","M","M","M","M","R","T","M","M","?","?","R","M","?","M","BOSS"],"items_purchased_type":["Relic","Card"],"build_version":"2020-12-22","purchased_purges":1,"victory":false,"max_hp_per_floor":[71,71,71,71,71,71,71,71,71,71,71,71,71,71,71,71,71,71,71,71,71,71,71,71,71,71,71,71,71,71,71,71,71,71,71],"card_choices":[{"not_picked":["Slimebound:TongueLash","Slimebound:PressTheAttack"],"picked":"Slimebound:GrowthPunch","floor":2},{"not_picked":["Slimebound:SlimeSpikes","Slimebound:SlimeBarrage","Slimebound:SlimeTap"],"picked":"SKIP","floor":3},{"not_picked":["Slimebound:SplitAcid","Slimebound:GrowthPunch"],"picked":"Slimebound:SplitBruiser","floor":4},{"not_picked":["Slimebound:SpikyOuterGoop","Slimebound:TongueLash"],"picked":"Slimebound:LevelUp","floor":5},{"not_picked":["Slimebound:SplitMire","Slimebound:GoopTackle"],"picked":"Slimebound:Repurpose","floor":6},{"not_picked":["Slimebound:LevelUp","Slimebound:Chomp"],"picked":"Slimebound:PrepareCrush","floor":8},{"not_picked":["Slimebound:RainOfGoop","Slimebound:LevelUp"],"picked":"Slimebound:ItLooksTasty","floor":10},{"not_picked":["Slimebound:PressTheAttack","Slimebound:SamplingLick","Slimebound:ProtectTheBoss"],"picked":"SKIP","floor":13},{"not_picked":["Slimebound:Repurpose","Slimebound:GoopSpray"],"picked":"Slimebound:FormOfPuddle","floor":15},{"not_picked":["Slimebound:Teamwork","Slimebound:DuplicatedForm"],"picked":"Slimebound:PrepareCrush","floor":16},{"not_picked":["Slimebound:Chomp","Slimebound:Prepare"],"picked":"Slimebound:SpikyOuterGoop","floor":19},{"not_picked":["Slimebound:SlimeSpikes","Slimebound:FlameTackle","Slimebound:SplitBruiser"],"picked":"SKIP","floor":20},{"not_picked":["Slimebound:GoopSpray","Slimebound:AcidTongue","Slimebound:HauntingLick"],"picked":"SKIP","floor":21},{"not_picked":["Slimebound:ItLooksTasty","Slimebound:RollThrough"],"picked":"Slimebound:Schlurp+1","floor":22},{"not_picked":["Slimebound:Gluttony","Slimebound:RejuvenatingLick","Slimebound:LivingWall"],"picked":"SKIP","floor":25},{"not_picked":["Slimebound:RejuvenatingLick","Slimebound:SamplingLick","Slimebound:SplitAcid+1"],"picked":"SKIP","floor":26},{"not_picked":["Slimebound:Nibble","Slimebound:ItLooksTasty","Slimebound:BestDefense"],"picked":"SKIP","floor":30},{"not_picked":["Slimebound:Nibble","Slimebound:Dissolve","Slimebound:ComboTackle"],"picked":"SKIP","floor":31},{"not_picked":["Slimebound:SplitLeeching","Slimebound:Equalize"],"picked":"Slimebound:SlimeBarrage+1","floor":32}],"player_experience":105583,"relics_obtained":[{"floor":7,"key":"Kunai"},{"floor":24,"key":"Sundial"}],"event_choices":[],"is_beta":false,"boss_relics":[{"not_picked":["Black Star","Empty Cage"],"picked":"Velvet Choker"}],"items_purged_floors":[31],"is_endless":false,"potions_floor_spawned":[2,5,10,13,16,19,25,26,30,32],"killed_by":"IC_MUSHROOM_ARCHETYPE","ascension_level":0}}