{"host":"3vgzk5mhz751jdrj","time":1613695742,"event":{"mods":["2.2 Compatiblity","AchievementEnabler","Act Like it!","Aspiration","BaseMod","Better Altar","Better Match","Better Note","Better Sensory Stone","Better Skull","Better Third Choice","Block Reminder","Bossed Relics","CCEM2","Colored Map","Conspire","Curses Come First","Dark Map","Displayed Cursed Tome","Downfall","Extra Virgin Snecko Oil","Friendly Minions","GifTheSpireLib","Halation","Hubris","Ironclad Rager","Marked Mod","Mimic Mod","Minty Spire (QoL Compilation)","Quick Restart","Rare Cards Sparkle","Replay The Spire","Reworked Bosses","Shop Mod","Smile Girya","Spicy Shops","Spikes Relics","Spire Arcade","StSLib","Stuff the Spire","Trackpad"],"gold_per_floor":[99,109,127,141,141,157,157,57,157,188,202,221,9,109,121,218,218,118,129,147,147,147,13,37,47,47,81,101,113,126,137,157,261,261,161,172,234,248,43,43,43,43,96,96,116,128,139,165,183,183,183,183],"floor_reached":50,"language":"ENG","playtime":8732,"items_purged":["Pride","champ:Defend"],"score":740,"play_id":"987ba48b-0620-416a-bf59-6d5b661aff78","local_time":"20210218194902","is_ascension_mode":true,"campfire_choices":[{"data":"champ:Taunt","floor":1,"key":"SMITH"},{"floor":8,"key":"REST"},{"floor":18,"key":"RECALL"},{"floor":26,"key":"REST"},{"data":"champ:UltimateStance","floor":35,"key":"SMITH"},{"data":"champ:FancyFootwork","floor":40,"key":"SMITH"},{"data":"StuffTheSpire:Innocence","floor":44,"key":"SMITH"}],"circlet_count":0,"master_deck":["champ:Strike","champ:Strike","champ:Strike","champ:Defend","champ:Defend","champ:Defend","champ:Execute","champ:Taunt+1","champ:LastStand","champ:BringItOn","champ:AdrenalArmor","champ:ShieldSigil","StuffTheSpire:Innocence+1","champ:StanceDance","champ:EndlessRage","champ:Circumvent","champ:FanOfKnives","champ:RisingSlash","champ:UltimateStance+1","Panacea+1","champ:FaceSlap","champ:DefensiveShout","champ:VampiricStrike","champ:BringItOn","champ:ShieldSigil","champ:Haymaker+1","champ:RageSigil+1","champ:StanceDance","champ:SkillfulDodge+1","champ:Shatter","champ:StanceDance","champ:IronFortress","champ:AdrenalArmor+1","champ:ShieldWall+1","champ:StrikeOfGenius","champ:Backstep","ReplayTheSpireMod:Splinters","champ:FancyFootwork+1","champ:FlashCut","champ:CrookedStrike","hubris:Insight","champ:FlashCut+1","champ:BerserkersShout+1","champ:DefensiveShout+1","champ:AdrenalArmor+1"],"relics":["champ:ChampionCrown","downfall:HeartBlessingBlue","Blue Doll","Toy Ornithopter","champ:PowerArmor","downfall:HeartBlessingGreen","champ:FightingForDummies","FaceOfCleric","aspiration:Lifesprig","LugNut","hubris:Backtick","Unceasing Top","downfall:HeartBlessingRed","Darkstone Periapt","halation:SelfBoilingWater","halation:LettersToHer","SpikesRelics:DaevaFist"],"acts_visited":["Exordium","TheCity","TheBeyond"],"potions_floor_usage":[13,15,16,16,23,23,23,27,33,33,39,39,48,50],"damage_taken":[{"damage":6,"enemies":"2 Louse","floor":2,"turns":5},{"damage":10,"enemies":"Small Slimes","floor":3,"turns":3},{"damage":25,"enemies":"Cultist","floor":4,"turns":4},{"damage":35,"enemies":"2 Fungi Beasts","floor":6,"turns":5},{"damage":93,"enemies":"Replay:BlueRogue","floor":10,"turns":10},{"damage":46,"enemies":"Exordium Thugs","floor":11,"turns":5},{"damage":17,"enemies":"conspire:2 RoseBushes","floor":12,"turns":6},{"damage":36,"enemies":"downfall:FleeingMerchant","floor":13,"turns":4},{"damage":132,"enemies":"downfall:LadyInBlue","floor":14,"turns":12},{"damage":18,"enemies":"Lots of Slimes","floor":15,"turns":4},{"damage":40,"enemies":"WA_ARCHETYPE_RETAIN","floor":16,"turns":6},{"damage":25,"enemies":"downfall:LooterAlt2","floor":19,"turns":7},{"damage":62,"enemies":"conspire:FuzzyDice","floor":20,"turns":7},{"damage":25,"enemies":"downfall:FleeingMerchant","floor":23,"turns":4},{"damage":25,"enemies":"Centurion and Healer","floor":25,"turns":5},{"damage":32,"enemies":"Replay:Snechameleon","floor":27,"turns":6},{"damage":45,"enemies":"Shelled Parasite and Fungi","floor":28,"turns":6},{"damage":23,"enemies":"Snake Plant","floor":29,"turns":4},{"damage":30,"enemies":"conspire:HollyBat","floor":30,"turns":10},{"damage":30,"enemies":"Centurion and Healer","floor":31,"turns":6},{"damage":40,"enemies":"Chosen and Byrds","floor":32,"turns":4},{"damage":90,"enemies":"IC_MUSHROOM_ARCHETYPE","floor":33,"turns":14},{"damage":15,"enemies":"Orb Walker","floor":36,"turns":3},{"damage":18,"enemies":"3 Shapes","floor":38,"turns":5},{"damage":20,"enemies":"downfall:FleeingMerchant","floor":39,"turns":4},{"damage":34,"enemies":"Transient","floor":45,"turns":5},{"damage":54,"enemies":"3 Darklings","floor":46,"turns":4},{"damage":40,"enemies":"Maw","floor":47,"turns":8},{"damage":40,"enemies":"Reptomancer","floor":48,"turns":7},{"damage":34,"enemies":"Spire Growth","floor":49,"turns":5},{"damage":175,"enemies":"SI_POISON_ARCHETYPE","floor":50,"turns":8}],"seed_played":"-8270785136368164340","potions_obtained":[{"floor":2,"key":"EssenceOfSteel"},{"floor":3,"key":"SmokeBomb"},{"floor":6,"key":"hexamod:SoulburnPotion"},{"floor":10,"key":"BlessingOfTheForge"},{"floor":11,"key":"Slimebound:ThreeZeroPotion"},{"floor":14,"key":"ColorlessPotion"},{"floor":14,"key":"bronze:BurnAndBuffPotion"},{"floor":16,"key":"Venom Potion"},{"floor":19,"key":"EntropicBrew"},{"floor":29,"key":"champ:CounterPotion"},{"floor":31,"key":"BlessingOfTheForge"},{"floor":33,"key":"FearPotion"},{"floor":37,"key":"DuplicationPotion"},{"floor":45,"key":"LiquidMemories"},{"floor":48,"key":"champ:CounterPotion"}],"is_trial":false,"path_per_floor":["R","M","M","M","?","M","T","R","?","E","M","M","$","?","M","B",null,"R","M","M","?","?","$","T","M","R","E","M","M","M","M","M","B",null,"R","M","?","M","$","R","T","?","T","R","M","M","M","E","M","B"],"character_chosen":"THE_CHAMP","items_purchased":["champ:UltimateStance","Panacea+1","champ:RageSigil+1","hubris:Insight"],"campfire_rested":2,"item_purchase_floors":[13,13,23,39],"current_hp_per_floor":[90,84,84,79,72,47,47,87,87,84,88,81,85,38,40,25,81,81,81,39,39,39,55,55,51,81,85,61,69,45,46,47,33,90,90,91,91,94,105,105,105,105,105,105,102,79,80,76,63,0,0,0],"gold":183,"neow_bonus":"ONE_RANDOM_RARE_CARD","is_daily":false,"chose_seed":false,"campfire_upgraded":4,"win_rate":0.0,"timestamp":1613695742,"path_taken":["R","M","M","M","?","M","T","R","?","E","M","?","$","?","M","BOSS","R","M","M","?","?","$","T","M","R","E","M","M","M","?","M","BOSS","R","M","?","M","$","R","T","?","?","R","M","M","M","E","M","BOSS"],"items_purchased_type":["Card","Card","Card","Card"],"build_version":"2020-12-22","purchased_purges":2,"victory":false,"max_hp_per_floor":[90,90,90,90,90,90,90,100,100,100,100,100,100,100,100,100,100,100,100,100,100,100,101,101,102,102,103,104,105,106,107,108,109,109,109,110,110,111,112,112,112,112,112,112,113,114,115,116,117,117,117,117],"card_choices":[{"not_picked":["champ:Shatter","champ:Parry"],"picked":"champ:BringItOn","floor":2},{"not_picked":["champ:SetATrap","champ:CrookedStrike"],"picked":"champ:AdrenalArmor","floor":3},{"not_picked":["champ:CrownThrow","champ:FaceSlap"],"picked":"champ:ShieldSigil","floor":4},{"not_picked":["champ:FocusedDefense","champ:FlashCut"],"picked":"champ:StanceDance","floor":6},{"not_picked":["champ:PerfectedStrike","champ:CrownThrow"],"picked":"champ:EndlessRage","floor":10},{"not_picked":["champ:DefensiveShout","champ:IgnorePain"],"picked":"champ:Circumvent","floor":11},{"not_picked":["champ:BladeFlurry","champ:Shatter"],"picked":"champ:FanOfKnives","floor":12},{"not_picked":["champ:SetATrap","champ:BerserkerStyle"],"picked":"champ:RisingSlash","floor":13},{"not_picked":["champ:TornadoPunch","champ:DeathBlow"],"picked":"champ:FaceSlap","floor":14},{"not_picked":["champ:ShieldSigil","champ:DefensiveStyle"],"picked":"champ:DefensiveShout","floor":15},{"not_picked":["champ:Devastate","champ:UltimateStance"],"picked":"champ:VampiricStrike","floor":16},{"not_picked":["champ:GutPunch","champ:DeathBlow"],"picked":"champ:BringItOn","floor":19},{"not_picked":["champ:SetATrap","champ:DeathBlow"],"picked":"champ:ShieldSigil","floor":20},{"not_picked":["champ:EnchantSword","champ:HeartStrike+1"],"picked":"champ:Haymaker+1","floor":23},{"not_picked":["champ:TornadoPunch+1","champ:FocusedDefense"],"picked":"champ:StanceDance","floor":25},{"not_picked":["champ:ShieldSigil+1","champ:Circumvent+1"],"picked":"champ:SkillfulDodge+1","floor":27},{"not_picked":["champ:EnragedBash","champ:DefensiveStyle"],"picked":"champ:Shatter","floor":28},{"not_picked":["champ:BringItOn","champ:PreemptiveStrike"],"picked":"champ:StanceDance","floor":29},{"not_picked":["champ:BringItOn","champ:PerfectedStrike+1"],"picked":"champ:IronFortress","floor":30},{"not_picked":["champ:FocusedDefense","champ:FanOfKnives"],"picked":"champ:AdrenalArmor+1","floor":31},{"not_picked":["champ:PreciseThrust","champ:StanceDance"],"picked":"champ:ShieldWall+1","floor":32},{"not_picked":["champ:EnchantShield","champ:HeavySlash"],"picked":"champ:StrikeOfGenius","floor":33},{"not_picked":["champ:PreciseThrust","champ:PerfectedStrike+1"],"picked":"champ:Backstep","floor":36},{"not_picked":["champ:CrownThrow","champ:Shatter"],"picked":"champ:FancyFootwork","floor":37},{"not_picked":["champ:TornadoPunch+1","champ:EnGarde"],"picked":"champ:FlashCut","floor":38},{"not_picked":["champ:CheapShot","champ:PerfectedStrike"],"picked":"champ:CrookedStrike","floor":39},{"not_picked":["champ:Lariat","champ:PerfectedStrike+1"],"picked":"champ:FlashCut+1","floor":45},{"not_picked":["champ:FanOfKnives+1","champ:Haymaker"],"picked":"champ:BerserkersShout+1","floor":46},{"not_picked":["champ:Backstep","champ:TornadoPunch+1"],"picked":"champ:DefensiveShout+1","floor":47},{"not_picked":["champ:Parry+1","champ:StrikeOfGenius","champ:Encircle"],"picked":"SKIP","floor":48},{"not_picked":["champ:DefensiveShout","champ:PerfectedStrike"],"picked":"champ:AdrenalArmor+1","floor":49}],"player_experience":437832,"relics_obtained":[{"floor":10,"key":"Blue Doll"},{"floor":14,"key":"Toy Ornithopter"},{"floor":24,"key":"aspiration:Lifesprig"},{"floor":27,"key":"LugNut"},{"floor":37,"key":"Darkstone Periapt"},{"floor":41,"key":"halation:SelfBoilingWater"},{"floor":43,"key":"halation:LettersToHer"},{"floor":48,"key":"SpikesRelics:DaevaFist"}],"event_choices":[{"damage_healed":0,"gold_gain":0,"player_choice":"Stole Relic","damage_taken":0,"relics_obtained":["champ:FightingForDummies"],"max_hp_gain":0,"max_hp_loss":0,"event_name":"Addict","floor":21,"gold_loss":0,"cards_obtained":["Pride"]},{"damage_healed":0,"gold_gain":0,"player_choice":"Trade","damage_taken":0,"relics_obtained":["FaceOfCleric"],"max_hp_gain":0,"max_hp_loss":0,"event_name":"FaceTrader","floor":22,"gold_loss":0},{"cards_removed":["champ:Strike"],"damage_healed":0,"gold_gain":0,"player_choice":"Removed Attack","damage_taken":0,"max_hp_gain":0,"max_hp_loss":0,"event_name":"Falling","floor":42,"gold_loss":0}],"is_beta":false,"boss_relics":[{"not_picked":["trackpad:Trackpad","halation:MonkeysPaw"],"picked":"champ:PowerArmor"},{"not_picked":["Velvet Choker","StuffTheSpire:RunicConfusion"],"picked":"hubris:Backtick"}],"items_purged_floors":[23,39],"is_endless":false,"potions_floor_spawned":[2,3,6,10,11,16,19,29,31,32,33,45,48],"killed_by":"SI_POISON_ARCHETYPE","ascension_level":5}}