{"host":"0xnlke9dn7m72v1t","time":1613768429,"event":{"mods":["AchievementEnabler","BaseMod","BetterRewards","Colored Map","Colored Powertips","Minty Spire (QoL Compilation)","Quick Restart","StSLib","SuperFastMode","Together in Spire"],"gold_per_floor":[118,132,142,242,255,255,282,282,282,282,315,333,350,382,382,482,482,501,261,271,271,285,285,313,327,398,398,426,426,426,467,479,592,604,633,655,46,93,109,139,139,172,250,267,278,288,313,313,313],"floor_reached":48,"language":"DEU","playtime":3093,"items_purged":["Writhe"],"score":657,"play_id":"ea626bd9-02bb-474f-827d-64cec0461a7d","local_time":"20210219220029","is_ascension_mode":false,"campfire_choices":[{"data":"Seeing Red","floor":6,"key":"SMITH"},{"data":"Whirlwind","floor":8,"key":"SMITH"},{"data":"Inflame","floor":15,"key":"SMITH"},{"data":"Limit Break","floor":23,"key":"SMITH"},{"data":"Discovery","floor":27,"key":"SMITH"},{"data":"Entrench","floor":29,"key":"SMITH"},{"data":"Demon Form","floor":32,"key":"SMITH"},{"data":"Decay","floor":41,"key":"PURGE"}],"circlet_count":0,"master_deck":["Strike_R","Strike_R","Strike_R","Strike_R","Strike_R","Defend_R","Defend_R","Defend_R","Defend_R","Bash","Whirlwind+1","Clash","Seeing Red+1","Anger","Feel No Pain","Metallicize","Anger","Inflame+1","Entrench+1","Anger","Limit Break+1","Heavy Blade+1","Seeing Red+1","Discovery+1","Inflame+1","Shrug It Off+1","Flex","Seeing Red+1","Demon Form+1","Anger+1","Dark Embrace","Battle Trance+1","Clash+1","Juggernaut","Carnage+1","Flex+1","Body Slam+1","Inflame+1"],"relics":["Burning Blood","Bird Faced Urn","Prayer Wheel","Incense Burner","TungstenRod","Red Skull","Coffee Dripper","Oddly Smooth Stone","Regal Pillow","Boot","Gremlin Horn","Red Mask","MawBank","Ginger","Mark of Pain","Bag of Marbles","TheAbacus","Bottled Lightning","Peace Pipe","Potion Belt","Darkstone Periapt","Sundial","Blood Vial"],"acts_visited":["Exordium","TheCity","TheBeyond"],"potions_floor_usage":[11,16,33,33,48,48,48,48,48],"damage_taken":[{"damage":0,"enemies":"Cultist","floor":1,"turns":2},{"damage":3,"enemies":"2 Louse","floor":2,"turns":2},{"damage":0,"enemies":"Small Slimes","floor":3,"turns":1},{"damage":2,"enemies":"Blue Slaver","floor":5,"turns":2},{"damage":9,"enemies":"3 Sentries","floor":7,"turns":3},{"damage":20,"enemies":"Lagavulin","floor":11,"turns":4},{"damage":0,"enemies":"Large Slime","floor":12,"turns":4},{"damage":1,"enemies":"3 Louse","floor":13,"turns":2},{"damage":5,"enemies":"3 Sentries","floor":14,"turns":3},{"damage":0,"enemies":"Hexaghost","floor":16,"turns":2},{"damage":0,"enemies":"3 Byrds","floor":18,"turns":2},{"damage":15,"enemies":"Spheric Guardian","floor":20,"turns":5},{"damage":0,"enemies":"Chosen and Byrds","floor":22,"turns":2},{"damage":39,"enemies":"Slavers","floor":24,"turns":5},{"damage":0,"enemies":"Centurion and Healer","floor":25,"turns":3},{"damage":38,"enemies":"Masked Bandits","floor":28,"turns":5},{"damage":0,"enemies":"Book of Stabbing","floor":31,"turns":1},{"damage":0,"enemies":"Collector","floor":33,"turns":2},{"damage":0,"enemies":"3 Shapes","floor":35,"turns":2},{"damage":10,"enemies":"Orb Walker","floor":36,"turns":2},{"damage":14,"enemies":"2 Orb Walkers","floor":38,"turns":5},{"damage":9,"enemies":"Sphere and 2 Shapes","floor":39,"turns":2},{"damage":25,"enemies":"Giant Head","floor":40,"turns":6},{"damage":8,"enemies":"Reptomancer","floor":42,"turns":3},{"damage":2,"enemies":"Maw","floor":44,"turns":4},{"damage":0,"enemies":"Jaw Worm Horde","floor":45,"turns":1},{"damage":0,"enemies":"Spire Growth","floor":46,"turns":2},{"damage":12,"enemies":"Giant Head","floor":47,"turns":5},{"damage":388,"enemies":"Transient","floor":48,"turns":7}],"seed_played":"1181874294249135212","potions_obtained":[{"floor":1,"key":"Dexterity Potion"},{"floor":7,"key":"ColorlessPotion"},{"floor":11,"key":"Fruit Juice"},{"floor":12,"key":"ElixirPotion"},{"floor":16,"key":"GamblersBrew"},{"floor":24,"key":"SteroidPotion"},{"floor":31,"key":"Regen Potion"},{"floor":33,"key":"LiquidMemories"},{"floor":35,"key":"Dexterity Potion"},{"floor":36,"key":"BloodPotion"},{"floor":42,"key":"Dexterity Potion"},{"floor":44,"key":"Dexterity Potion"}],"is_trial":false,"path_per_floor":["M","M","M","?","M","R","E","R","T","?","E","M","M","E","R","B",null,"M","$","M","?","M","R","E","M","T","R","?","R","T","E","R","B",null,"M","M","$","?","M","E","R","E","T","M","M","M","E","M"],"character_chosen":"IRONCLAD","items_purchased":["Prayer Wheel","Oddly Smooth Stone","Discovery","Bag of Marbles","TheAbacus","Bottled Lightning"],"campfire_rested":0,"item_purchase_floors":[0,19,19,37,37,37],"current_hp_per_floor":[61,64,70,70,74,74,73,73,73,73,68,76,83,85,85,85,85,85,85,80,80,85,85,56,66,66,66,44,44,44,50,50,63,85,85,81,81,79,80,73,73,81,81,85,85,85,83,0,0],"gold":313,"neow_bonus":"","is_daily":false,"chose_seed":false,"campfire_upgraded":7,"win_rate":0.0,"timestamp":1613768429,"path_taken":["M","M","M","?","?","R","E","R","T","?","E","?","M","E","R","BOSS","M","$","M","?","M","R","E","M","T","R","?","R","?","E","R","BOSS","M","M","$","?","M","E","R","E","T","M","M","M","E","M"],"items_purchased_type":["Relic","Relic","Card","Relic","Relic","Relic"],"build_version":"2020-12-22","purchased_purges":1,"victory":false,"max_hp_per_floor":[80,80,80,80,80,80,80,80,80,80,85,85,85,85,85,85,85,85,85,85,85,85,85,85,85,85,85,85,85,85,85,85,85,85,85,85,85,85,85,85,85,85,85,85,85,85,85,85,85],"card_choices":[{"not_picked":["Heavy Blade","Cleave"],"picked":"Whirlwind","floor":1},{"not_picked":["Rampage","Perfected Strike"],"picked":"Clash","floor":1},{"not_picked":["Sword Boomerang","Flame Barrier","Wild Strike"],"picked":"SKIP","floor":2},{"not_picked":["Entrench","Thunderclap","True Grit"],"picked":"SKIP","floor":2},{"not_picked":["Burning Pact","Cleave"],"picked":"Seeing Red","floor":3},{"not_picked":["Perfected Strike","Battle Trance"],"picked":"Anger","floor":3},{"not_picked":["Iron Wave","Clothesline"],"picked":"Feel No Pain","floor":5},{"not_picked":["Iron Wave","True Grit","Blood for Blood"],"picked":"SKIP","floor":5},{"not_picked":["Rampage","Corruption"],"picked":"Metallicize","floor":7},{"not_picked":["Corruption","Wild Strike"],"picked":"Anger","floor":11},{"not_picked":["Warcry","Dark Embrace"],"picked":"Inflame","floor":12},{"not_picked":["Pommel Strike","Twin Strike"],"picked":"Entrench","floor":12},{"not_picked":["Iron Wave","Infernal Blade","Clash"],"picked":"SKIP","floor":13},{"not_picked":["Searing Blow","Seeing Red","Spot Weakness"],"picked":"SKIP","floor":13},{"not_picked":["Twin Strike","Armaments"],"picked":"Anger","floor":14},{"not_picked":["Reaper","Corruption"],"picked":"Limit Break","floor":16},{"not_picked":["Armaments","Entrench"],"picked":"Heavy Blade+1","floor":18},{"not_picked":["Combust","Dual Wield"],"picked":"Seeing Red+1","floor":18},{"not_picked":["Warcry","Clash"],"picked":"Inflame+1","floor":20},{"not_picked":["Iron Wave+1","Clothesline+1","Heavy Blade"],"picked":"SKIP","floor":20},{"not_picked":["Warcry+1","Evolve+1"],"picked":"Shrug It Off+1","floor":22},{"not_picked":["True Grit","Havoc+1"],"picked":"Flex","floor":22},{"not_picked":["Flex+1","Clash"],"picked":"Seeing Red+1","floor":24},{"not_picked":["Immolate","Headbutt","Power Through"],"picked":"SKIP","floor":25},{"not_picked":["Spot Weakness","Disarm","Shrug It Off"],"picked":"SKIP","floor":25},{"not_picked":["Uppercut","Twin Strike+1"],"picked":"Demon Form","floor":31},{"not_picked":["Armaments+1","Thunderclap"],"picked":"Anger+1","floor":35},{"not_picked":["Rampage+1","Clash+1"],"picked":"Dark Embrace","floor":35},{"not_picked":["Hemokinesis","Thunderclap+1","Twin Strike"],"picked":"SKIP","floor":36},{"not_picked":["Sentinel+1","Evolve+1","Havoc"],"picked":"SKIP","floor":36},{"not_picked":["Entrench","Armaments+1"],"picked":"Battle Trance+1","floor":38},{"not_picked":["Warcry","Havoc+1"],"picked":"Clash+1","floor":39},{"not_picked":["Sword Boomerang+1","Carnage","Blood for Blood"],"picked":"SKIP","floor":39},{"not_picked":["Thunderclap+1","Body Slam"],"picked":"Juggernaut","floor":40},{"not_picked":["Sentinel+1","True Grit"],"picked":"Carnage+1","floor":42},{"not_picked":["Twin Strike","Combust+1"],"picked":"Flex+1","floor":44},{"not_picked":["Burning Pact","Rampage","Warcry"],"picked":"SKIP","floor":44},{"not_picked":["Flame Barrier+1","Offering"],"picked":"Body Slam+1","floor":45},{"not_picked":["Havoc+1","Wild Strike+1","Power Through+1"],"picked":"SKIP","floor":45},{"not_picked":["Pummel+1","Anger","Clash"],"picked":"SKIP","floor":46},{"not_picked":["Flex","Rampage","Perfected Strike+1"],"picked":"SKIP","floor":46},{"not_picked":["Infernal Blade","Rage"],"picked":"Inflame+1","floor":47}],"player_experience":32474,"relics_obtained":[{"floor":7,"key":"Incense Burner"},{"floor":9,"key":"TungstenRod"},{"floor":14,"key":"Red Skull"},{"floor":24,"key":"Boot"},{"floor":26,"key":"Gremlin Horn"},{"floor":28,"key":"Red Mask"},{"floor":30,"key":"MawBank"},{"floor":31,"key":"Ginger"},{"floor":38,"key":"Peace Pipe"},{"floor":40,"key":"Potion Belt"},{"floor":42,"key":"Darkstone Periapt"},{"floor":43,"key":"Sundial"},{"floor":47,"key":"Blood Vial"}],"event_choices":[{"damage_healed":0,"gold_gain":100,"player_choice":"Pray","damage_taken":0,"max_hp_gain":0,"max_hp_loss":0,"event_name":"Golden Shrine","floor":4,"gold_loss":0},{"damage_healed":0,"gold_gain":0,"player_choice":"Cursed","damage_taken":0,"max_hp_gain":0,"max_hp_loss":0,"event_name":"Wheel of Change","floor":10,"gold_loss":0,"cards_obtained":["Decay"]},{"damage_healed":0,"gold_gain":0,"player_choice":"Opened","damage_taken":0,"relics_obtained":["Regal Pillow"],"max_hp_gain":0,"max_hp_loss":0,"event_name":"The Mausoleum","floor":21,"gold_loss":0,"cards_obtained":["Writhe"]},{"damage_healed":0,"gold_gain":0,"player_choice":"Fought Bandits","damage_taken":0,"max_hp_gain":0,"max_hp_loss":0,"event_name":"Masked Bandits","floor":28,"gold_loss":0},{"damage_healed":0,"gold_gain":0,"player_choice":"Fight","damage_taken":0,"max_hp_gain":0,"max_hp_loss":0,"event_name":"Mysterious Sphere","floor":38,"gold_loss":0}],"is_beta":false,"boss_relics":[{"not_picked":["Sozu","Velvet Choker"],"picked":"Coffee Dripper"},{"not_picked":["Fusion Hammer","Snecko Eye"],"picked":"Mark of Pain"}],"items_purged_floors":[37],"is_endless":false,"potions_floor_spawned":[1,7,11,12,16,24,25,28,31,33,35,36,42,44,45,47],"killed_by":"Transient","ascension_level":0}}