{"host":"nwjx7hbomubpmo86","time":1613779154,"event":{"mods":["AchievementEnabler","BaseMod","Better Note","Better Third Choice","Downfall","Hubris","Minty Spire (QoL Compilation)","Replay The Spire","StSLib","The Death Knight","slay the spire mod where everything is the same but ironclad has a cowboy hat"],"gold_per_floor":[99,99,8,8,28,13,88,99,117,117,130,115,115,142,162,265,265,265,283,13,26,26,46,46,46,46,46,76,26,46,60,75,170,170,70,84,95,17,35,35,89,99,118,118,131,31,31,31,49,49,49,49],"floor_reached":50,"language":"ENG","playtime":3150,"items_purged":["downfall:Bewildered"],"score":566,"play_id":"abb57ab7-67af-4a3a-af26-0500f0927b30","local_time":"20210220005914","is_ascension_mode":false,"campfire_choices":[{"data":"bronze:Goto","floor":1,"key":"SMITH"},{"data":"bronze:DelayedSlice","floor":10,"key":"SMITH"},{"data":"bronze:Fortify","floor":13,"key":"SMITH"},{"floor":35,"key":"RECALL"},{"data":"bronze:CloningBeam","floor":40,"key":"SMITH"},{"data":"bronze:HardenedForm","floor":46,"key":"SMITH"}],"circlet_count":0,"master_deck":["bronze:Strike","bronze:Strike","bronze:Strike","bronze:Strike","bronze:Defend","bronze:Defend","bronze:Defend","bronze:Defend","bronze:Replicate","bronze:Goto+1","Seek+1","bronze:Fortify+1","bronze:ItsAFeature","bronze:Boost","bronze:FineTuning","bronze:Boost","bronze:DelayedSlice+1","bronze:BronzeOrb+1","bronze:FineTuning","bronze:WhirlingStrike","bronze:ChosenStrike+1","bronze:HardenedForm+1","bronze:Boost+1","bronze:DelayedGuard+1","bronze:Repair","bronze:WhirlingStrike","bronze:ThunderWave","bronze:Iterate","Writhe","bronze:Assembly","bronze:Iterate","bronze:FineTuning","bronze:Virus","bronze:Branch+1","bronze:FineTuning","bronze:WhirlingStrike","bronze:CloningBeam+1","bronze:FineTuning","bronze:ItsAFeature+1","bronze:Iterate+1","bronze:ForceShield","bronze:WhirlingStrike","bronze:Flail+1","bronze:Overheat+1"],"relics":["bronze:BronzeCore","Pet Ghost","Replay:WaspNest","Snack Pack","hubris:Stopwatch","Potion Belt","sneckomod:BabySnecko","bronze:CableSpool","ReplayTheSpireMod:Ninjato","ReplayTheSpireMod:Shallot","Simple Rune","bronze:MakeshiftBattery","downfall:HeartBlessingGreen","hubris:BottledRain","ReplayTheSpireMod:Lightbulb","downfall:HeartBlessingRed","InkBottle"],"acts_visited":["Exordium","TheCity","TheBeyond"],"potions_floor_usage":[12,12,28,30,33,33,43,49,50,50,50],"damage_taken":[{"damage":0,"enemies":"downfall:FleeingMerchant","floor":3,"turns":4},{"damage":2,"enemies":"2 Louse","floor":5,"turns":3},{"damage":0,"enemies":"downfall:FleeingMerchant","floor":6,"turns":4},{"damage":0,"enemies":"Jaw Worm","floor":8,"turns":3},{"damage":4,"enemies":"Cultist","floor":9,"turns":4},{"damage":0,"enemies":"2 Fungi Beasts","floor":11,"turns":3},{"damage":0,"enemies":"downfall:FleeingMerchant","floor":12,"turns":4},{"damage":9,"enemies":"Lagavulin","floor":14,"turns":5},{"damage":0,"enemies":"Blue Slaver","floor":15,"turns":3},{"damage":31,"enemies":"IC_STATUS_ARCHETYPE","floor":16,"turns":9},{"damage":0,"enemies":"Spheric Guardian","floor":19,"turns":3},{"damage":12,"enemies":"downfall:FleeingMerchant","floor":20,"turns":4},{"damage":7,"enemies":"Shell Parasite","floor":21,"turns":4},{"damage":12,"enemies":"Snecko","floor":23,"turns":5},{"damage":45,"enemies":"Slavers","floor":28,"turns":5},{"damage":5,"enemies":"Snake Plant","floor":30,"turns":4},{"damage":0,"enemies":"Centurion and Healer","floor":31,"turns":6},{"damage":0,"enemies":"Shelled Parasite and Fungi","floor":32,"turns":2},{"damage":35,"enemies":"WA_ARCHETYPE_CALM","floor":33,"turns":10},{"damage":0,"enemies":"3 Darklings","floor":36,"turns":4},{"damage":0,"enemies":"Orb Walker","floor":37,"turns":2},{"damage":3,"enemies":"downfall:FleeingMerchant","floor":38,"turns":3},{"damage":0,"enemies":"Maw","floor":39,"turns":6},{"damage":0,"enemies":"Jaw Worm Horde","floor":42,"turns":2},{"damage":30,"enemies":"Writhing Mass","floor":43,"turns":3},{"damage":16,"enemies":"3 Darklings","floor":45,"turns":3},{"damage":1,"enemies":"Maw","floor":49,"turns":6},{"damage":130,"enemies":"SI_POISON_ARCHETYPE","floor":50,"turns":5}],"seed_played":"-6851037107993927426","potions_obtained":[{"floor":8,"key":"FairyPotion"},{"floor":9,"key":"DeathKnight:RimePotion"},{"floor":11,"key":"DistilledChaos"},{"floor":14,"key":"SteroidPotion"},{"floor":19,"key":"BlessingOfTheForge"},{"floor":23,"key":"Fire Potion"},{"floor":28,"key":"ColorlessPotion"},{"floor":32,"key":"Energy Potion"},{"floor":36,"key":"LiquidMemories"},{"floor":39,"key":"Elixir"},{"floor":43,"key":"FearPotion"},{"floor":49,"key":"bronze:FreeFunctionsPotion"}],"is_trial":false,"path_per_floor":["R","?","$","?","M","$","T","M","M","R","M","$","R","E","M","B",null,"R","M","$","M","?","M","T","?","T","?","E","?","M","M","M","B",null,"R","M","M","?","M","R","T","M","M","?","M","R","T","?","M","B"],"character_chosen":"THE_AUTOMATON","items_purchased":["bronze:ItsAFeature","bronze:Repair","bronze:WhirlingStrike","Potion Belt","bronze:CloningBeam","hubris:BottledRain","bronze:FineTuning"],"campfire_rested":0,"item_purchase_floors":[3,20,20,20,38,38,38],"current_hp_per_floor":[77,69,69,69,67,67,67,67,63,63,63,63,63,54,56,29,77,77,77,65,62,62,59,59,59,59,59,24,53,57,66,68,42,77,77,77,77,76,77,77,77,77,56,56,52,52,52,29,42,0,0,0],"gold":49,"neow_bonus":"TEN_PERCENT_HP_BONUS","is_daily":false,"chose_seed":false,"campfire_upgraded":5,"win_rate":0.0,"timestamp":1613779154,"path_taken":["R","?","$","?","M","$","T","M","?","R","M","$","R","E","M","BOSS","R","M","$","M","?","M","T","?","?","?","E","?","M","?","M","BOSS","R","M","M","?","M","R","T","M","M","?","M","R","?","?","M","BOSS"],"items_purchased_type":["Card","Card","Card","Relic","Card","Relic","Card"],"build_version":"2020-12-22","purchased_purges":1,"victory":false,"max_hp_per_floor":[77,77,77,77,77,77,77,77,77,77,77,77,77,77,77,77,77,77,77,77,77,77,77,77,77,77,77,77,77,77,77,77,77,77,77,77,77,77,77,77,77,77,77,77,77,77,77,77,77,77,77,77],"card_choices":[{"not_picked":["bronze:MaxOutput","bronze:Branch"],"picked":"bronze:Fortify","floor":3},{"not_picked":["bronze:ChildClass","bronze:CutThrough"],"picked":"bronze:Boost","floor":5},{"not_picked":["bronze:Deprecate","bronze:Assembly"],"picked":"bronze:FineTuning","floor":6},{"not_picked":["bronze:Deprecate","bronze:CutThrough"],"picked":"bronze:Boost","floor":8},{"not_picked":["bronze:ChildClass","bronze:ClassDefault"],"picked":"bronze:DelayedSlice","floor":9},{"not_picked":["bronze:Shell","bronze:Branch"],"picked":"bronze:BronzeOrb","floor":11},{"not_picked":["bronze:DarkDash","bronze:Frontload"],"picked":"bronze:FineTuning","floor":12},{"not_picked":["bronze:Invalidate","bronze:ChildClass"],"picked":"bronze:WhirlingStrike","floor":14},{"not_picked":["bronze:Deprecate","bronze:Allocate"],"picked":"bronze:ChosenStrike","floor":15},{"not_picked":["bronze:BurnOut","bronze:Format"],"picked":"bronze:HardenedForm","floor":16},{"not_picked":["bronze:Overheat","bronze:Turbo"],"picked":"bronze:Boost+1","floor":19},{"not_picked":["bronze:CutThrough","bronze:Shield"],"picked":"bronze:DelayedGuard+1","floor":20},{"not_picked":["bronze:Invalidate","bronze:BugBarrage"],"picked":"bronze:ThunderWave","floor":21},{"not_picked":["bronze:BuggyMess","bronze:Branch"],"picked":"bronze:Iterate","floor":23},{"not_picked":["bronze:Shield","bronze:ForLoop+1"],"picked":"bronze:Assembly","floor":28},{"not_picked":["bronze:Turbo","bronze:GetLatest"],"picked":"bronze:Iterate","floor":30},{"not_picked":["bronze:WildBeam","bronze:MaxOutput"],"picked":"bronze:FineTuning","floor":31},{"not_picked":["bronze:SpaghettiCode","bronze:Repulsor","bronze:Shield"],"picked":"SKIP","floor":32},{"not_picked":["bronze:BurnOut","bronze:FindAndReplace"],"picked":"bronze:Virus","floor":33},{"not_picked":["bronze:Turbo+1","bronze:BitShift+1"],"picked":"bronze:Branch+1","floor":36},{"not_picked":["bronze:MaxOutput+1","bronze:WildBeam"],"picked":"bronze:FineTuning","floor":37},{"not_picked":["bronze:Shield","bronze:ChosenStrike+1"],"picked":"bronze:WhirlingStrike","floor":38},{"not_picked":["bronze:Shield+1","bronze:GetLatest+1"],"picked":"bronze:ItsAFeature","floor":39},{"not_picked":["bronze:Turbo+1","bronze:Branch+1"],"picked":"bronze:Iterate+1","floor":42},{"not_picked":["bronze:Break","bronze:Turbo+1"],"picked":"bronze:ForceShield","floor":43},{"not_picked":["bronze:Allocate+1","bronze:Shield+1"],"picked":"bronze:Flail+1","floor":45},{"not_picked":["bronze:Return+1","bronze:Turbo+1"],"picked":"bronze:Overheat+1","floor":49}],"player_experience":556924,"relics_obtained":[{"floor":7,"key":"Replay:WaspNest"},{"floor":14,"key":"Snack Pack"},{"floor":24,"key":"bronze:CableSpool"},{"floor":26,"key":"ReplayTheSpireMod:Shallot"},{"floor":28,"key":"Simple Rune"},{"floor":41,"key":"ReplayTheSpireMod:Lightbulb"},{"floor":47,"key":"InkBottle"}],"event_choices":[{"damage_healed":0,"gold_gain":0,"player_choice":"Ignored","damage_taken":0,"max_hp_gain":0,"max_hp_loss":0,"event_name":"betterNote:BetterNote","floor":4,"gold_loss":0,"cards_obtained":["Pain"]},{"damage_healed":0,"gold_gain":0,"player_choice":"Ignored","damage_taken":0,"max_hp_gain":0,"max_hp_loss":0,"event_name":"Ghosts","floor":18,"gold_loss":0}],"is_beta":false,"boss_relics":[{"not_picked":["Empty Cage","hubris:CrackedHourglass"],"picked":"hubris:Stopwatch"},{"not_picked":["Replay:Wanted Poster","Coffee Dripper"],"picked":"bronze:MakeshiftBattery"}],"items_purged_floors":[38],"is_endless":false,"potions_floor_spawned":[8,9,11,14,19,23,28,32,36,39,43,49],"killed_by":"SI_POISON_ARCHETYPE","ascension_level":0}}