{"host":"f7rb14kzcw8hx1r1","time":1613728272,"event":{"mods":["BaseMod","Better Note","Better Third Choice","Colored Map","Curses Come First","Highlight Path","Hubris","Minty Spire (QoL Compilation)","Reliquary","Replay The Spire","StSLib","The Forsaken"],"gold_per_floor":[119,82,109,124,124,149,166,3,76,76,88,88,88,105,105,106,106,17,92,102,2,19,19,49,49,49,77,77,96,96,44,44,141,141,55,67,0,25,25,25,75,75,101,101,101,101,101,120,131,148,148,148],"floor_reached":53,"language":"ENG","playtime":1721,"items_purged":["Strike_R","Strike_R","Strike_R"],"score":841,"play_id":"aa866326-d30b-46a3-8cc7-569e9bfffc35","local_time":"20210219105112","is_ascension_mode":false,"campfire_choices":[{"data":"True Grit","floor":10,"key":"SMITH"},{"data":"Bash","floor":12,"key":"SMITH"},{"data":"Spot Weakness","floor":15,"key":"SMITH"},{"data":"Feed","floor":23,"key":"SMITH"},{"floor":25,"key":"DIG"},{"floor":28,"key":"DIG"},{"floor":32,"key":"DIG"},{"floor":40,"key":"DIG"},{"floor":42,"key":"DIG"},{"floor":47,"key":"DIG"},{"floor":51,"key":"DIG"}],"circlet_count":0,"master_deck":["Strike_R+1","Defend_R","Defend_R+1","Defend_R","Defend_R","Bash+1","Body Slam+1","Spot Weakness+1","Shrug It Off+1","Offering+1","True Grit+1","Cleave","Feed+1","Sword Boomerang+1","Spot Weakness+1","ReplayTheSpireMod:Stacked+1","Seeing Red+1","Pummel+1","Inflame+1","Reaper+1","Whirlwind+1","True Grit+1","Madness+1","Shrug It Off+1"],"relics":["Burning Blood","NeowsBlessing","betterThird:SlimedRelic","Replay:Rubber Ducky","theForsaken:Gavel","Replay:Wax Seal","reliquary:HotPoker","hubris:Backtick","Durian","Shovel","Vajra","reliquary:IridiumChain","hubris:SlimyHat","Toxic Egg 2","reliquary:TatteredRug","hubris:RunicObelisk","Guide Book","reliquary:Aerogel","reliquary:BallBearing","reliquary:Buckler","reliquary:Knoch","Regal Pillow","Golden Egg"],"acts_visited":["Exordium","TheCity","TheBeyond"],"potions_floor_usage":[16,20,27,33,52],"damage_taken":[{"damage":0,"enemies":"Small Slimes","floor":1,"turns":1},{"damage":0,"enemies":"Jaw Worm","floor":4,"turns":1},{"damage":0,"enemies":"3 Sentries","floor":6,"turns":2},{"damage":0,"enemies":"2 Louse","floor":7,"turns":3},{"damage":13,"enemies":"Red Slaver","floor":11,"turns":3},{"damage":6,"enemies":"Lots of Slimes","floor":14,"turns":4},{"damage":19,"enemies":"The Guardian","floor":16,"turns":13},{"damage":21,"enemies":"2 Thieves","floor":18,"turns":3},{"damage":16,"enemies":"Shell Parasite","floor":20,"turns":3},{"damage":14,"enemies":"Shelled Parasite and Fungi","floor":22,"turns":4},{"damage":7,"enemies":"Replay:Snechameleon","floor":24,"turns":5},{"damage":6,"enemies":"Slavers","floor":27,"turns":4},{"damage":35,"enemies":"Collector","floor":33,"turns":8},{"damage":14,"enemies":"3 Shapes","floor":35,"turns":5},{"damage":18,"enemies":"3 Darklings","floor":36,"turns":3},{"damage":6,"enemies":"Mind Bloom Boss Battle","floor":41,"turns":6},{"damage":7,"enemies":"Writhing Mass","floor":48,"turns":4},{"damage":13,"enemies":"4 Shapes","floor":49,"turns":3},{"damage":6,"enemies":"Sphere and 2 Shapes","floor":50,"turns":4},{"damage":7,"enemies":"Donu and Deca","floor":52,"turns":8}],"seed_played":"-3263966460678194995","potions_obtained":[{"floor":4,"key":"Fire Potion"},{"floor":7,"key":"Cursed Concoction"},{"floor":11,"key":"Fire Potion"},{"floor":20,"key":"Explosive Potion"},{"floor":24,"key":"Ancient Potion"},{"floor":36,"key":"Elixir"},{"floor":48,"key":"PowerPotion"},{"floor":49,"key":"Flashbang"}],"is_trial":false,"path_per_floor":["M","?","T","M","?","E","M","$","T","R","M","R","?","M","R","B",null,"M","?","M","$","M","R","E","R","T","E","R","$","?","$","R","B",null,"M","M","$","T","?","R","?","R","T","?","PTL","PTL","R","M","M","M","R","B",null],"character_chosen":"IRONCLAD","items_purchased":["Replay:Wax Seal","Offering","True Grit","Inflame","PowerPotion","Guide Book"],"campfire_rested":0,"item_purchase_floors":[8,8,8,29,31,37],"current_hp_per_floor":[80,69,69,75,59,65,71,71,71,71,64,64,64,64,64,51,85,73,65,58,58,53,53,56,56,56,60,60,60,60,60,60,31,102,98,86,86,86,86,86,106,106,106,106,106,106,106,109,114,118,118,118],"gold":148,"neow_bonus":"THREE_ENEMY_KILL","is_daily":false,"chose_seed":false,"campfire_upgraded":4,"win_rate":0.0,"timestamp":1613728272,"path_taken":["M","?","?","M","?","E","M","$","T","R","M","R","?","M","R","BOSS","M","?","?","$","M","R","E","R","T","E","R","?","?","$","R","BOSS","M","?","$","?","?","R","?","R","T","?","PTL","PTL","R","?","?","M","R","BOSS"],"items_purchased_type":["Relic","Card","Card","Card","Potion","Relic"],"build_version":"2020-12-22","purchased_purges":3,"victory":true,"max_hp_per_floor":[80,80,80,80,80,80,80,80,80,80,80,80,80,80,80,80,85,88,88,91,91,94,94,98,98,98,102,102,102,102,102,102,102,102,106,106,106,106,106,106,106,106,106,106,106,106,106,110,114,118,118,118],"card_choices":[{"not_picked":["Wild Strike","Anger"],"picked":"Body Slam","floor":1},{"not_picked":["Fire Breathing","Thunderclap"],"picked":"Spot Weakness","floor":4},{"not_picked":["Twin Strike","Power Through"],"picked":"Shrug It Off","floor":6},{"not_picked":["Wild Strike","Anger","hubris:ReadiedAction"],"picked":"SKIP","floor":7},{"not_picked":["Anger","Bloodletting"],"picked":"Cleave","floor":11},{"not_picked":["Heavy Blade","Carnage","Warcry"],"picked":"SKIP","floor":14},{"not_picked":["Exhume","Immolate"],"picked":"Feed","floor":16},{"not_picked":["Perfected Strike+1","Shockwave"],"picked":"Sword Boomerang+1","floor":18},{"not_picked":["Wild Strike","Twin Strike"],"picked":"Spot Weakness+1","floor":20},{"not_picked":["Infernal Blade","ReplayTheSpireMod:Strike From Hell"],"picked":"ReplayTheSpireMod:Stacked","floor":22},{"not_picked":["Anger","Feel No Pain+1"],"picked":"Seeing Red+1","floor":24},{"not_picked":["Body Slam","Cleave"],"picked":"Pummel+1","floor":27},{"not_picked":["Berserk","Brutality"],"picked":"Reaper","floor":33},{"not_picked":["Ghostly Armor+1","Flex+1"],"picked":"Whirlwind+1","floor":35},{"not_picked":["Heavy Blade+1","Shrug It Off+1"],"picked":"True Grit+1","floor":36},{"not_picked":["Magnetism","Replay:Sssssssssshield+1"],"picked":"Madness+1","floor":39},{"not_picked":["Wild Strike+1","Havoc+1","Perfected Strike+1"],"picked":"SKIP","floor":48},{"not_picked":["Abandon+1","Flex+1"],"picked":"Shrug It Off+1","floor":49},{"not_picked":["Clothesline+1","Anger","Demonic Infusion+1"],"picked":"SKIP","floor":50},{"not_picked":["Clothesline+1","Anger","Demonic Infusion+1"],"picked":"SKIP","floor":50}],"player_experience":980029,"relics_obtained":[{"floor":3,"key":"Replay:Rubber Ducky"},{"floor":6,"key":"theForsaken:Gavel"},{"floor":9,"key":"reliquary:HotPoker"},{"floor":24,"key":"Shovel"},{"floor":25,"key":"Vajra"},{"floor":26,"key":"reliquary:IridiumChain"},{"floor":27,"key":"hubris:SlimyHat"},{"floor":28,"key":"Toxic Egg 2"},{"floor":32,"key":"reliquary:TatteredRug"},{"floor":38,"key":"reliquary:Aerogel"},{"floor":40,"key":"reliquary:BallBearing"},{"floor":42,"key":"reliquary:Buckler"},{"floor":43,"key":"reliquary:Knoch"},{"floor":47,"key":"Regal Pillow"},{"floor":51,"key":"Golden Egg"}],"event_choices":[{"damage_healed":0,"gold_gain":0,"player_choice":"Slimed","damage_taken":11,"max_hp_gain":0,"max_hp_loss":0,"event_name":"betterThird:BetterGoop","floor":2,"gold_loss":37},{"damage_healed":75,"gold_gain":0,"player_choice":"Upgrade","damage_taken":16,"max_hp_gain":0,"max_hp_loss":80,"event_name":"betterThird:BetterShining","floor":5,"gold_loss":0,"cards_upgraded":["Body Slam","Strike_R"]},{"damage_healed":0,"gold_gain":75,"player_choice":"Touch","damage_taken":8,"max_hp_gain":0,"max_hp_loss":0,"event_name":"FaceTrader","floor":19,"gold_loss":0},{"damage_healed":0,"gold_gain":0,"player_choice":"Forge","damage_taken":0,"max_hp_gain":0,"max_hp_loss":0,"event_name":"Accursed Blacksmith","floor":30,"gold_loss":0,"cards_upgraded":["Inflame"]},{"damage_healed":0,"gold_gain":0,"player_choice":"Memory 1","damage_taken":0,"max_hp_gain":0,"max_hp_loss":0,"event_name":"SensoryStone","floor":39,"gold_loss":0},{"damage_healed":0,"gold_gain":0,"player_choice":"Fight","damage_taken":0,"max_hp_gain":0,"max_hp_loss":0,"event_name":"MindBloom","floor":41,"gold_loss":0},{"cards_removed":["Strike_R"],"damage_healed":0,"gold_gain":0,"player_choice":"Purged","damage_taken":0,"max_hp_gain":0,"max_hp_loss":0,"event_name":"Purifier","floor":44,"gold_loss":0}],"is_beta":false,"boss_relics":[{"not_picked":["reliquary:WritOfMandamus","Fusion Hammer"],"picked":"hubris:Backtick"},{"not_picked":["reliquary:RedPaperclip","Abe\u0027s Treasure"],"picked":"hubris:RunicObelisk"}],"items_purged_floors":[8,21,37],"is_endless":false,"potions_floor_spawned":[4,7,11,20,24,36,48,49],"ascension_level":0}}