{"host":"uhnh33uh34qot0et","time":1613757731,"event":{"mods":["Act Like it!","BaseMod","Colored Map","Downfall","GungeonMod","Hallownest","Hermit","Marisa????????","Minty Spire (QoL Compilation)","Relic Stats","Replay The Spire","Ruina","StSLib","The Bug Knight","The Construct","The Cursed","The Hierophant","The Marked","The Servant 0.9.4"],"gold_per_floor":[115,134,134,134,134,155,155,173,197,205,205,205,101,119,119,59,59],"floor_reached":16,"language":"ENG","playtime":562,"items_purged":[],"score":125,"play_id":"5acce103-6ab2-4b92-9c3b-e9038afb0d5b","local_time":"20210219190211","is_ascension_mode":false,"campfire_choices":[{"data":"hierophant:MorningPrayer","floor":7,"key":"SMITH"},{"data":"hierophant:ChurchCoffers","floor":12,"key":"SMITH"},{"data":"hierophant:RepressedViolence","floor":15,"key":"SMITH"}],"circlet_count":0,"master_deck":["hierophant:Strike_Hierophant","hierophant:Strike_Hierophant","hierophant:Strike_Hierophant","hierophant:Strike_Hierophant","hierophant:Punish+1","hierophant:Defend_Hierophant","hierophant:Defend_Hierophant","hierophant:Defend_Hierophant","hierophant:Defend_Hierophant","hierophant:ChurchCoffers+1","hierophant:MorningPrayer+1","hierophant:SolarFlare","Replay:Sluggish","hierophant:RepressedViolence+1","hierophant:Encroach"],"relics":["hierophant:PropheticMaskRelic","NeowsBlessing","PrismaticShard","Golden Idol","DemoMod:BigBoy","bronze:BronzeIdol"],"acts_visited":["Exordium"],"potions_floor_usage":[],"damage_taken":[{"damage":0,"enemies":"Cultist","floor":1,"turns":1},{"damage":0,"enemies":"Small Slimes","floor":2,"turns":1},{"damage":0,"enemies":"Gremlin Nob","floor":6,"turns":1},{"damage":0,"enemies":"2 Louse","floor":8,"turns":1},{"damage":14,"enemies":"Large Slime","floor":10,"turns":6},{"damage":0,"enemies":"2 Fungi Beasts","floor":14,"turns":3},{"damage":44,"enemies":"The Guardian","floor":16,"turns":9}],"seed_played":"-8849184338433360487","potions_obtained":[{"floor":2,"key":"Cursed Concoction"},{"floor":8,"key":"SpeedPotion"}],"is_trial":false,"path_per_floor":["M","M","?","?","?","E","R","M","T","M","?","R","$","M","R","B"],"character_chosen":"HIEROPHANT","items_purchased":["hierophant:RepressedViolence","hierophant:Encroach"],"campfire_rested":0,"item_purchase_floors":[13,13],"current_hp_per_floor":[75,75,75,75,57,57,57,57,57,43,43,43,43,43,43,0,0],"gold":59,"neow_bonus":"THREE_ENEMY_KILL","is_daily":false,"chose_seed":false,"campfire_upgraded":3,"win_rate":0.0,"timestamp":1613757731,"path_taken":["M","?","?","?","?","E","R","M","T","M","?","R","$","M","R","BOSS"],"items_purchased_type":["Card","Card"],"build_version":"2020-12-22","purchased_purges":0,"victory":false,"max_hp_per_floor":[75,75,75,75,75,75,75,75,75,75,75,75,75,75,75,75,75],"relic_stats":{"counters":[7,22],"Golden Idol":20,"obtain_stats":[{"NeowsBlessing":0,"Golden Idol":5,"hierophant:PropheticMaskRelic":0,"DemoMod:BigBoy":6,"DemoMod:GlassGuonStoneRelic":6,"PrismaticShard":4,"bronze:BronzeIdol":9},{"NeowsBlessing":0,"Golden Idol":2,"hierophant:PropheticMaskRelic":0,"DemoMod:BigBoy":3,"DemoMod:GlassGuonStoneRelic":3,"PrismaticShard":2,"bronze:BronzeIdol":4},{"NeowsBlessing":0,"Golden Idol":2,"hierophant:PropheticMaskRelic":0,"DemoMod:BigBoy":3,"DemoMod:GlassGuonStoneRelic":3,"PrismaticShard":2,"bronze:BronzeIdol":4}]},"card_choices":[{"not_picked":["hierophant:OrnateBuckler","hierophant:Purify"],"picked":"hierophant:MorningPrayer","floor":1},{"not_picked":["hierophant:DisplayOfPower","hierophant:RustyCrate"],"picked":"hierophant:SolarFlare","floor":2},{"not_picked":["Evaluate","GalacticHalo","Juggernaut"],"picked":"SKIP","floor":6},{"not_picked":["construct:Autoturret","Ball Lightning","HollowMod:NewInfectedGuardian"],"picked":"SKIP","floor":8},{"not_picked":["HollowMod:DashSlash","TheCursedMod:SoulCrush","Consecrate"],"picked":"SKIP","floor":10},{"not_picked":["WitchLeyline","hierophant:RustyCrate","hexamod:SuperheatedStrike"],"picked":"SKIP","floor":14}],"player_experience":42346,"relics_obtained":[{"floor":6,"key":"DemoMod:BigBoy"},{"floor":9,"key":"bronze:BronzeIdol"}],"event_choices":[{"damage_healed":0,"gold_gain":0,"player_choice":"Grow","damage_taken":0,"max_hp_gain":0,"max_hp_loss":0,"event_name":"Living Wall","floor":3,"gold_loss":0,"cards_upgraded":["hierophant:Punish"]},{"damage_healed":0,"gold_gain":0,"player_choice":"Take Damage","damage_taken":18,"relics_obtained":["Golden Idol"],"max_hp_gain":0,"max_hp_loss":0,"event_name":"Golden Idol","floor":5,"gold_loss":0},{"damage_healed":0,"gold_gain":0,"player_choice":"Ignored","damage_taken":0,"max_hp_gain":0,"max_hp_loss":0,"event_name":"NoteForYourself","floor":11,"gold_loss":0}],"is_beta":false,"boss_relics":[],"items_purged_floors":[],"is_endless":false,"potions_floor_spawned":[2,8],"killed_by":"The Guardian","ascension_level":0}}