{"host":"gm50ke85n5jz306u","time":1613696644,"event":{"mods":["AchievementEnabler","AlwaysNeverKeys","Ascension Reborn","Aspiration","BaseMod","Bestiary","Better Altar","Better Match","Better Note","Better Sensory Stone","Better Skull","Better Third Choice","Better Vampires","Better-Laid Plans","BetterRewards","Colored Powertips","Curses Come First","DNKmod","Defuse TimeMaze Blight","Disable Question Mark Monsters","Displayed Cursed Tome","Emptier Cage","Extra Virgin Snecko Oil","Filter the Spire","Friendly Minions","Gremlin Skip","Hubris","Hyrulean Relics","Ironclad Rager","Marked Mod","Minty Spire (QoL Compilation)","Permanent Neow","Poor People Problems","Quick Restart","Relic Filter Mod","Relic Sorter","Remove Card Discount Mod","Reorder Act Four","Replay The Spire","Shop Mod","StSLib","Synergy Search","Td1madao Mod","The Administrix","The Animator","The Blue Laboratory","The Bug Knight","The Construct","The Cursed","The Disciple","The Hierophant","The Necromancer","The Poker Player","The Runesmith","The Senshi","The Servant 0.9.4","Thieving Mod","Transform Curses","WarShipGirlsR/????R mod","Youmu??????"],"gold_per_floor":[1018,1035,1045,742,753,753,765,765,765,776,776,776,793,812,812,812,812,825,841,644,644,657,657,657,169,248,248,248,268,287,298,298,298,298],"floor_reached":33,"language":"ENG","playtime":2980,"items_purged":["rmod:basicallowance","rmod:fuelsupply","rmod:ammunitionsupply","rmod:strick","rmod:strick","rmod:strick","rmod:strick","Voices","rmod:maingunfire","rmod:tearstotiara","rmod:fletcherpendant","rmod:fletcherpendant","rmod:diamondstrike","rmod:fletcherpendant","rmod:fletcherpendant","rmod:salvage","rmod:supriseattacks","rmod:lonelyqueen"],"score":268,"play_id":"986c2208-66c5-42e7-952e-636ee3813ee5","local_time":"20210219020404","is_ascension_mode":true,"campfire_choices":[{"data":"rmod:expedition","floor":6.0,"key":"SMITH"},{"data":"rmod:expedition+1","floor":8.0,"key":"SMITH"},{"data":"rmod:expedition+2","floor":12.0,"key":"SMITH"},{"data":"rmod:wife","floor":15.0,"key":"SMITH"},{"data":"rmod:salvage","floor":27.0,"key":"SMITH"},{"data":"rmod:heivgo","floor":32,"key":"SMITH"}],"circlet_count":0,"master_deck":["rmod:defend","rmod:defend","rmod:defend","rmod:defend","rmod:salvage+1","rmod:expedition+3","rmod:fletcherpendant+1","rmod:fletcherpendant+1","rmod:fletcherpendant+1","rmod:fletcher+1","rmod:wife+1","rmod:fletcherpendant+1","rmod:heivgo+1","rmod:victimresponsibility+1","rmod:mineteam","rmod:fletcherpendant+1","rmod:diamondstrike","rmod:fletcherpendant","rmod:ring","rmod:fletcherpendant"],"relics":["rmod:firstchargereward","Juzu Bracelet","rmod:quickrepair","Ring of Searing","hubris:Backtick","Medical Kit","MerchantsRug","FaceOfCleric","Strange Spoon","Torii","Snack Pack"],"acts_visited":["Exordium","TheCity"],"potions_floor_usage":[],"damage_taken":[{"damage":1.0,"enemies":"2 Louse","floor":1.0,"turns":7.0},{"damage":6.0,"enemies":"Jaw Worm","floor":2.0,"turns":7.0},{"damage":10.0,"enemies":"Small Slimes","floor":3.0,"turns":3.0},{"damage":10.0,"enemies":"3 Louse","floor":5.0,"turns":5.0},{"damage":7.0,"enemies":"Blue Slaver","floor":7.0,"turns":4.0},{"damage":7.0,"enemies":"2 Fungi Beasts","floor":10.0,"turns":4.0},{"damage":2.0,"enemies":"Large Slime","floor":13.0,"turns":3.0},{"damage":0.0,"enemies":"Exordium Thugs","floor":14.0,"turns":1.0},{"damage":29.0,"enemies":"The Guardian","floor":16.0,"turns":11.0},{"damage":23.0,"enemies":"2 Thieves","floor":18.0,"turns":4.0},{"damage":4.0,"enemies":"Chosen","floor":19.0,"turns":4.0},{"damage":27.0,"enemies":"Centurion and Healer","floor":22.0,"turns":8.0},{"damage":1.0,"enemies":"Cultist and Chosen","floor":29.0,"turns":4.0},{"damage":14.0,"enemies":"Snake Plant","floor":30.0,"turns":3.0},{"damage":0,"enemies":"Chosen and Byrds","floor":31,"turns":3},{"damage":68,"enemies":"hubris:MusketHawk","floor":33,"turns":6}],"seed_played":"4192390057281680888","potions_obtained":[{"floor":1.0,"key":"blueLaboratory:BottleOfRum"},{"floor":13.0,"key":"blueLaboratory:FruitPunch"},{"floor":14.0,"key":"Ancient Potion"},{"floor":29.0,"key":"blueLaboratory:BottleOfVodka"}],"is_trial":false,"path_per_floor":["M","M","M","$","M","R","M","R","T","M","?","R","M","M","R","B",null,"M","M","$","?","M","?","?","$","T","R","?","M","M","M","R","B"],"character_chosen":"PRAEFECT","items_purchased":["Juzu Bracelet","rmod:salvage","rmod:expedition","rmod:mineteam","MerchantsRug","Strange Spoon","Torii","rmod:diamondstrike"],"campfire_rested":0,"item_purchase_floors":[4,4,4,20,20,25,25,25],"current_hp_per_floor":[74,68,58,58,48,48,41,41,41,34,34,34,32,32,32,3,75,52,48,48,48,22,22,27,27,27,27,27,33,22,25,25,0,0],"gold":298,"neow_bonus":"THREE_CARDS","is_daily":false,"chose_seed":false,"campfire_upgraded":6,"win_rate":0.0,"timestamp":1613696644,"path_taken":["M","M","M","$","M","R","M","R","T","M","?","R","M","M","R","BOSS","M","M","$","?","M","?","?","$","T","R","?","M","M","M","R","BOSS"],"items_purchased_type":["Relic","Card","Card","Card","Relic","Relic","Relic","Card"],"build_version":"2020-12-22","purchased_purges":18,"victory":false,"max_hp_per_floor":[75,75,75,75,75,75,75,75,75,75,75,75,75,75,75,75,75,75,75,75,75,76,76,76,76,76,76,76,79,80,81,81,81,81],"card_choices":[{"not_picked":["rmod:fletcherpendant","rmod:spoils"],"picked":"rmod:fuelsupply","floor":0.0},{"not_picked":["rmod:spoils","rmod:supportescort"],"picked":"rmod:ammunitionsupply","floor":1.0},{"not_picked":["rmod:spoils","rmod:luckystar","rmod:ammunitionsupply"],"picked":"SKIP","floor":2.0},{"not_picked":["rmod:tearstotiara","rmod:unsinkable"],"picked":"rmod:diamondstrike","floor":3.0},{"not_picked":["rmod:ammunitionsupply","rmod:fletcherpendant"],"picked":"rmod:lonelyqueen","floor":5.0},{"not_picked":["rmod:fletcherpendant","rmod:smokecover","rmod:aluminumsupply"],"picked":"SKIP","floor":7.0},{"not_picked":["rmod:u235","rmod:unsinkable"],"picked":"rmod:tearstotiara","floor":10.0},{"not_picked":["rmod:tearstotiara","rmod:firesupport","rmod:salvage"],"picked":"SKIP","floor":13.0},{"not_picked":["rmod:luckystar","rmod:capitalist"],"picked":"rmod:wife","floor":14.0},{"not_picked":["rmod:desperatesituation","rmod:abidefaith"],"picked":"rmod:supriseattacks","floor":16.0},{"not_picked":["rmod:wolves","rmod:aluminumsupply+1"],"picked":"rmod:heivgo","floor":18.0},{"not_picked":["rmod:aluminumsupply+1","rmod:slowdown"],"picked":"rmod:victimresponsibility+1","floor":19.0},{"not_picked":["rmod:intelligenceanalysis","rmod:fuelsupply","rmod:firesupport+1"],"picked":"SKIP","floor":22.0},{"not_picked":["rmod:fuelsupply","rmod:firesupport+1"],"picked":"rmod:ring","floor":29.0},{"not_picked":["rmod:fletcherpendant","rmod:u235","rmod:sl"],"picked":"SKIP","floor":30.0},{"not_picked":["rmod:luckystar","rmod:salvage","rmod:steelsupply+1"],"picked":"SKIP","floor":31},{"not_picked":["rmod:luckystar","rmod:salvage","rmod:steelsupply+1"],"picked":"SKIP","floor":31}],"player_experience":272171,"relics_obtained":[{"floor":9.0,"key":"rmod:quickrepair"},{"floor":11.0,"key":"Ring of Searing"},{"floor":26.0,"key":"Snack Pack"}],"event_choices":[{"damage_healed":0.0,"max_hp_gain":0.0,"max_hp_loss":0.0,"gold_gain":0.0,"event_name":"FaceTrader","player_choice":"Trade","floor":21.0,"gold_loss":0.0,"damage_taken":0.0,"relics_obtained":["FaceOfCleric"]},{"damage_healed":0.0,"max_hp_gain":0.0,"max_hp_loss":0.0,"gold_gain":0.0,"event_name":"Duplicator","player_choice":"Copied","floor":23.0,"gold_loss":0.0,"damage_taken":0.0,"cards_obtained":["rmod:fletcherpendant"]},{"cards_removed":["rmod:fletcherpendant"],"damage_healed":5.0,"max_hp_gain":0.0,"max_hp_loss":0.0,"gold_gain":0.0,"event_name":"Bonfire Elementals","player_choice":"Offered Common","floor":24.0,"gold_loss":0.0,"damage_taken":0.0},{"cards_removed":["rmod:fletcherpendant"],"damage_healed":5.0,"max_hp_gain":0.0,"max_hp_loss":0.0,"gold_gain":0.0,"event_name":"Bonfire Elementals","player_choice":"Offered Special","floor":24.0,"gold_loss":0.0,"damage_taken":0.0}],"is_beta":false,"boss_relics":[{"not_picked":["Calling Bell","Runesmith:UraniumAnvil"],"picked":"hubris:Backtick"}],"items_purged_floors":[4,4,4,4,4,4,4,20,20,20,20,20,20,20,20,20,25,25],"is_endless":false,"potions_floor_spawned":[1,13,14,29],"killed_by":"hubris:MusketHawk","ascension_level":0}}