{"host":"jkrqlov8aogccnw1","time":1613704021,"event":{"mods":["Act Like it!","BaseMod","Colored Map","Colored Powertips","GifTheSpireLib","Minty Spire (QoL Compilation)","Permanent Neow","Rare Cards Sparkle","Reliquary","Ruina","StSLib","The Blue Laboratory","The Clintock"],"gold_per_floor":[116,128,147,147,112,112,112],"floor_reached":6,"language":"ENG","playtime":375,"items_purged":[],"score":36,"play_id":"393a3b4c-26b7-48d6-8fde-39f7ae930eaa","local_time":"20210218220701","is_ascension_mode":false,"campfire_choices":[],"circlet_count":0,"master_deck":["clintock:ClintockStrike","clintock:ClintockStrike","clintock:ClintockStrike","clintock:ClintockStrike","clintock:ClintockDefend","clintock:ClintockDefend","clintock:ClintockDefend","clintock:ClintockDefend","clintock:BaseSynthesis","clintock:Replenish+1","clintock:Acupuncture","clintock:Polymerize","clintock:Deoxyguanosine+1"],"relics":["clintock:BiomoleculePool","PreservedInsect"],"acts_visited":["Exordium"],"potions_floor_usage":[],"damage_taken":[{"damage":2,"enemies":"2 Louse","floor":1,"turns":5},{"damage":8,"enemies":"Jaw Worm","floor":2,"turns":4},{"damage":5,"enemies":"Small Slimes","floor":3,"turns":5},{"damage":73,"enemies":"Gremlin Nob","floor":6,"turns":5}],"seed_played":"-2176424367944537193","potions_obtained":[{"floor":1,"key":"blueLaboratory:ArtificerPotion"},{"floor":2,"key":"blueLaboratory:ArtificerPotion"}],"is_trial":false,"path_per_floor":["M","M","M","?","?","E"],"character_chosen":"CLINTOCK_CLASS","items_purchased":[],"campfire_rested":0,"item_purchase_floors":[],"current_hp_per_floor":[78,70,65,49,69,0,0],"gold":112,"neow_bonus":"RANDOM_COMMON_RELIC","is_daily":false,"chose_seed":false,"campfire_upgraded":0,"win_rate":0.0,"timestamp":1613704021,"path_taken":["M","M","M","?","?","E"],"items_purchased_type":[],"build_version":"2020-12-22","purchased_purges":0,"victory":false,"max_hp_per_floor":[80,80,80,80,80,80,80],"card_choices":[{"not_picked":["clintock:Recombination","clintock:Immunodeficiency"],"picked":"clintock:Acupuncture","floor":1},{"not_picked":["clintock:ATPReserves","clintock:EnergyDrink"],"picked":"clintock:Polymerize","floor":2},{"not_picked":["clintock:Acupuncture","clintock:ATPReserves"],"picked":"clintock:Deoxyguanosine","floor":3}],"player_experience":170282,"relics_obtained":[],"event_choices":[{"damage_healed":0,"gold_gain":0,"player_choice":"Entered Light","damage_taken":16,"max_hp_gain":0,"max_hp_loss":0,"event_name":"Shining Light","floor":4,"gold_loss":0,"cards_upgraded":["clintock:Replenish","clintock:Deoxyguanosine"]},{"damage_healed":20,"gold_gain":0,"player_choice":"Healed","damage_taken":0,"max_hp_gain":0,"max_hp_loss":0,"event_name":"The Cleric","floor":5,"gold_loss":35}],"is_beta":false,"boss_relics":[],"items_purged_floors":[],"is_endless":false,"potions_floor_spawned":[1,2],"killed_by":"Gremlin Nob","ascension_level":0}}