{"host":"dr01x95rw3kaiuk5","time":1613726237,"event":{"mods":["ATMod(阿瑾Mod)","Act Like it!","Arknights","BaseMod","Colored Powertips","Conspire","Energized Spire","Friendly Minions","Gensokyo","GifTheSpireLib","Minty Spire (QoL Compilation)","MostiFishMod","Reliquary","Remilia（蕾米莉亚）","Replay The Spire","Shop Mod","Spicy Shops","StSLib","TestMod","UnlockEverythingMod","[IsaacMod]以撒尖塔","【遗物卡牌】REMEMod"],"gold_per_floor":[113,113,113,132,132,132,146,146,172,172,184,214,214,270,270,380,380,394,447,108,127,154,154,154,176,176,197,197,271,271,24,24,131,131,153,175,175,234,256,256,279,321,394,394,419,419,44,73,73,98,98,98,98,141,163],"floor_reached":56,"language":"ZHS","playtime":2705,"items_purged":["Strike_RM","Strike_RM","Defend_RM","Defend_RM","Strike_RM+1"],"score":1558,"play_id":"0d3235ec-367f-439f-9529-f42c4826af2e","local_time":"20210219171717","is_ascension_mode":true,"campfire_choices":[{"data":"RedMoon","floor":6,"key":"SMITH"},{"data":"BloodySeventeenLaser","floor":8,"key":"SMITH"},{"data":"MiserableFate","floor":10,"key":"SMITH"},{"data":"BloodyCatastrophe","floor":24,"key":"SMITH"},{"data":"ScarletShoot","floor":28,"key":"SMITH"},{"floor":30,"key":"REST"},{"data":"Strike_RM","floor":32,"key":"SMITH"},{"floor":40,"key":"RECALL"},{"data":"Strike_RM","floor":46,"key":"SMITH"},{"floor":49,"key":"REST"},{"floor":52,"key":"REST"}],"circlet_count":0,"master_deck":["Strike_RM+1","RedMoon+1","ScarletShoot+1","AT_ThistleTea+1","ScarletImprint+1","EternalNight+1","MiserableFate+1","BloodySeventeenLaser+1","DiffusionOfMisfortune+1","BloodyCatastrophe+1","BombardNight+1","MastersStateliness+1","MastersStateliness+1","ScarletImprint+1","HeartBreak+1","FitfulNightmare+1","DemonKingCradle"],"relics":["ScarletHat","testmod-TestBox","HushsDoor","AT_ATBox","REME_ComplimentaryCards","ImprovedEquipment","DeadEye","testmod-DeterminationOfClimber","SynthV:TestCard","reliquary:Knoch","AT_ArchangelStaff","reliquary:SilkGlove","HornCleat","RhineCircuit","Molten Egg 2","testmod-Acrobat","Akabeko","ClockworkSouvenir","conspire:DeflatedDodgeball","testmod-AssaultLearning","testmod-Nine","DaveBox","HaiYi:Twilight","GuppysHead","Kunai","AT_BellowingDragoncrestRing","Pet Ghost"],"acts_visited":["Exordium","TheCity","TheBeyond","TheEnding"],"potions_floor_usage":[],"damage_taken":[{"damage":0,"enemies":"ats:Genji","floor":1,"turns":3},{"damage":0,"enemies":"2 Louse","floor":4,"turns":2},{"damage":0,"enemies":"conspire:RoseBush","floor":7,"turns":1},{"damage":0,"enemies":"Looter","floor":11,"turns":2},{"damage":0,"enemies":"Gremlin Nob","floor":12,"turns":1},{"damage":0,"enemies":"Slime Boss","floor":16,"turns":2},{"damage":0,"enemies":"Spheric Guardian","floor":18,"turns":1},{"damage":0,"enemies":"Hiden Room Battle","floor":19,"turns":2},{"damage":0,"enemies":"3 Byrds","floor":21,"turns":1},{"damage":4,"enemies":"3 Cultists","floor":22,"turns":2},{"damage":0,"enemies":"conspire:HollyBat","floor":25,"turns":3},{"damage":0,"enemies":"Snake Plant","floor":27,"turns":1},{"damage":4,"enemies":"Collector","floor":33,"turns":1},{"damage":0,"enemies":"Orb Walker","floor":35,"turns":1},{"damage":0,"enemies":"3 Darklings","floor":36,"turns":1},{"damage":0,"enemies":"Mind Bloom Boss Battle","floor":38,"turns":1},{"damage":2,"enemies":"4 Shapes","floor":39,"turns":1},{"damage":0,"enemies":"Maw","floor":41,"turns":1},{"damage":0,"enemies":"R_Hoarder","floor":42,"turns":1},{"damage":4,"enemies":"3 Darklings","floor":45,"turns":2},{"damage":0,"enemies":"Jaw Worm Horde","floor":48,"turns":1},{"damage":4,"enemies":"conspire:OrnateMirror","floor":50,"turns":1},{"damage":0,"enemies":"Shield and Spear","floor":54,"turns":2},{"damage":5,"enemies":"The Heart","floor":55,"turns":1}],"seed_played":"-1482370794482349422","potions_obtained":[{"floor":1,"key":"Ancient Potion"},{"floor":7,"key":"SpeedPotion"},{"floor":11,"key":"EssenceOfSteel"},{"floor":16,"key":"SkillPotion"},{"floor":18,"key":"SteroidPotion"},{"floor":25,"key":"AttackPotion"}],"is_trial":false,"path_per_floor":["M","?","?","M","?","R","M","R","T","R","M","E","?","?","R","B",null,"M","?","$","M","M","?","R","M","T","M","R","?","R","$","R","B",null,"M","M","?","?","M","R","M","E","T","?","M","R","$","M","R","B",null,"R","$","E","B",null],"character_chosen":"REMILIA","items_purchased":["MastersStateliness+1","Akabeko","ClockworkSouvenir","testmod-AssaultLearning","AT_BellowingDragoncrestRing"],"campfire_rested":3,"item_purchase_floors":[20,20,20,31,47],"current_hp_per_floor":[82,66,66,70,63,63,65,65,65,65,68,76,76,56,80,82,77,77,77,77,77,76,76,76,77,77,77,77,62,77,77,77,76,70,70,70,70,70,68,68,70,70,70,70,70,70,70,70,70,70,70,70,70,70,70],"gold":163,"neow_bonus":"TEN_PERCENT_HP_BONUS","is_daily":false,"chose_seed":false,"campfire_upgraded":7,"win_rate":0.0,"timestamp":1613726237,"path_taken":["M","?","?","M","?","R","?","R","T","R","M","E","?","?","R","BOSS","M","?","$","M","?","?","R","M","T","M","R","?","R","$","R","BOSS","M","?","?","?","M","R","M","E","T","?","M","R","$","M","R","BOSS","R","$","E","BOSS"],"items_purchased_type":["Card","Relic","Relic","Relic","Relic"],"build_version":"2020-12-22","purchased_purges":5,"victory":true,"max_hp_per_floor":[82,82,82,82,82,82,82,82,82,82,82,82,82,82,82,82,77,77,77,77,77,77,77,77,77,77,77,77,77,77,77,77,77,70,70,70,70,70,70,70,70,70,70,70,70,70,70,70,70,70,70,70,70,70,70],"card_choices":[{"not_picked":["BadLadyScramble","UnderTheZenith"],"picked":"ScarletImprint","floor":1},{"not_picked":["BombardNight","UnderTheZenith","ScarletImprint","Ultimatum"],"picked":"MiserableFate","floor":4},{"not_picked":["NightDance","CharismaGuard","FavorOfDestiny","FitfulNightmare"],"picked":"BloodySeventeenLaser","floor":7},{"not_picked":["HunterOfTheNight","Septette","BadLadyScramble","VampireKiss"],"picked":"DiffusionOfMisfortune","floor":11},{"not_picked":["ChainGang","CeilingFear","VampireKiss","EmergencyRegeneration","StarOfDavid"],"picked":"SKIP","floor":12},{"not_picked":["RedRainbow","DiffusionOfMisfortune","BlasphemousPunishment","EndlessAdversity"],"picked":"Bomb","floor":14},{"not_picked":["BatForm","ScarletCoffin","BloodyHallows","BloodRain"],"picked":"BloodyCatastrophe","floor":16},{"not_picked":["TwelveNightmare+1","VampireFantasy+1","ScarletDevilSign","BadLadyScramble"],"picked":"BombardNight+1","floor":18},{"not_picked":["ScarletImprint+1","CharismaGuard","Stigmanizer+1","BlasphemousPunishment+1"],"picked":"MastersStateliness+1","floor":21},{"not_picked":["Ultimatum+1","EquivalentExchange","Stigmanizer+1","NightDance+1","StarOfDavid+1"],"picked":"SKIP","floor":22},{"not_picked":["NightLord+1","BloodHunter","ScarletDevil+1","MillenniumVampire","Ultimatum+1"],"picked":"SKIP","floor":25},{"not_picked":["BombardNight+1","ScarletDevil+1","CharismaGuard","FavorOfDestiny","NightDance+1"],"picked":"SKIP","floor":27},{"not_picked":["ScarletImprint+1","EmergencyRegeneration","VampireSweep+1","VampirishNight+1","MastersStateliness"],"picked":"SKIP","floor":35},{"not_picked":["DiffusionOfMisfortune+1","RedMagic+1","VampireKiss+1","EmergencyRegeneration+1","ScarletDevil+1"],"picked":"SKIP","floor":36},{"not_picked":["BadLadyScramble+1","RedRainbow+1","UnderTheZenith","ScarletDream+1"],"picked":"HeartBreak+1","floor":39},{"not_picked":["MillenniumVampire","MastersStateliness","Stigmanizer+1","BlasphemousPunishment","EndlessAdversity+1"],"picked":"SKIP","floor":41},{"not_picked":["HunterOfTheNight+1","TwelveNightmare","VampireClaw+1","ReincarnationDial+1","StarOfDavid+1"],"picked":"SKIP","floor":42},{"not_picked":["BloodyTrap+1","ReincarnationDial+1","Maim+1","VampireKiss+1","GlobalNightmare"],"picked":"SKIP","floor":45},{"not_picked":["ScarletSymphony","DiffusionOfMisfortune+1","ScarletDevilSign+1","VampirishNight"],"picked":"FitfulNightmare+1","floor":48},{"not_picked":["EndlessAdversity+1","ForecastOfChange+1","DiffusionOfMisfortune+1","EquivalentExchange"],"picked":"DemonKingCradle","floor":54}],"player_experience":208301,"relics_obtained":[{"floor":1,"key":"SynthV:TestCard"},{"floor":9,"key":"AT_ArchangelStaff"},{"floor":12,"key":"reliquary:SilkGlove"},{"floor":14,"key":"HornCleat"},{"floor":19,"key":"Molten Egg 2"},{"floor":19,"key":"testmod-Acrobat"},{"floor":26,"key":"conspire:DeflatedDodgeball"},{"floor":38,"key":"GuppysHead"},{"floor":42,"key":"Kunai"},{"floor":54,"key":"Pet Ghost"}],"event_choices":[{"damage_healed":0,"gold_gain":0,"player_choice":"Entered Light","damage_taken":16,"max_hp_gain":0,"max_hp_loss":0,"event_name":"Shining Light","floor":2,"gold_loss":0,"cards_upgraded":["ScarletImprint","AT_ThistleTea"]},{"damage_healed":0,"gold_gain":0,"player_choice":"Success","damage_taken":7,"relics_obtained":["reliquary:Knoch"],"max_hp_gain":0,"max_hp_loss":0,"event_name":"Scrap Ooze","floor":5,"gold_loss":0},{"damage_healed":0,"gold_gain":0,"player_choice":"Fight","damage_taken":0,"max_hp_gain":0,"max_hp_loss":0,"event_name":"HidenRoomEvent","floor":19,"gold_loss":0},{"damage_healed":0,"gold_gain":0,"player_choice":"Ignored","damage_taken":0,"max_hp_gain":0,"max_hp_loss":0,"event_name":"Ghosts","floor":23,"gold_loss":0},{"damage_healed":0,"gold_gain":0,"player_choice":"Swap Relic","damage_taken":0,"relics_obtained":["DaveBox"],"max_hp_gain":0,"max_hp_loss":0,"event_name":"给自己的盒子","floor":37,"relics_lost":["DaveBox"],"gold_loss":0},{"damage_healed":0,"gold_gain":0,"player_choice":"Fight","damage_taken":0,"max_hp_gain":0,"max_hp_loss":0,"event_name":"MindBloom","floor":38,"gold_loss":0},{"cards_removed":["Defend_RM"],"damage_healed":0,"gold_gain":0,"player_choice":"Removed Skill","damage_taken":0,"max_hp_gain":0,"max_hp_loss":0,"event_name":"Falling","floor":44,"gold_loss":0}],"is_beta":false,"boss_relics":[{"not_picked":["Honey Jar","testmod-BloodSacrificeSpiritualization"],"picked":"RhineCircuit"},{"not_picked":[]},{"not_picked":["Replay:Bronze Core","testmod-EnergyCheck"],"picked":"testmod-Nine"},{"not_picked":[]}],"items_purged_floors":[17,20,31,34,47],"is_endless":false,"potions_floor_spawned":[1,7,11,16,18,22,25,39,42,48,54],"ascension_level":1}}