{"host":"bsgp9wgausrmthh2","time":1613767910,"event":{"mods":["AchievementEnabler","BaseMod","Colored Map","Downfall","Minty Spire (QoL Compilation)","StSLib"],"gold_per_floor":[119,136,136,6,22,22,22,40,89,101,51,51,81,97,97,198,198,211,211,37,56,70,70,80,22,22,35,51,51,51,61,61,61,61],"floor_reached":33,"language":"ENG","playtime":2504,"items_purged":["Strike_G"],"score":251,"play_id":"b2f640f4-35c8-4211-907f-23ae1e85a2bc","local_time":"20210219155150","is_ascension_mode":false,"campfire_choices":[{"floor":6,"key":"RECALL"},{"data":"Neutralize","floor":12,"key":"SMITH"},{"floor":15,"key":"REST"},{"data":"Noxious Fumes","floor":23,"key":"SMITH"},{"data":"Caltrops","floor":29,"key":"SMITH"},{"floor":32,"key":"REST"}],"circlet_count":0,"master_deck":["Strike_G","Strike_G","Strike_G","Defend_G","Defend_G","Defend_G","Defend_G","Defend_G","Survivor","Neutralize+1","Flying Knee","Well Laid Plans","Quick Slash","Backflip","Deadly Poison","Caltrops+1","Dagger Throw","Predator","Backstab","After Image","Dagger Throw+1","Dagger Spray","Cloak And Dagger","Noxious Fumes+1","Deflect","Crippling Poison","Acrobatics"],"relics":["Ring of the Snake","NeowsBlessing","Strawberry","Busted Crown","Membership Card","Ginger"],"acts_visited":["Exordium","TheCity"],"potions_floor_usage":[],"damage_taken":[{"damage":0,"enemies":"Small Slimes","floor":1,"turns":1},{"damage":0,"enemies":"Cultist","floor":2,"turns":1},{"damage":0,"enemies":"2 Louse","floor":5,"turns":1},{"damage":8,"enemies":"Large Slime","floor":8,"turns":6},{"damage":2,"enemies":"2 Fungi Beasts","floor":10,"turns":4},{"damage":18,"enemies":"Gremlin Nob","floor":13,"turns":5},{"damage":1,"enemies":"Exordium Wildlife","floor":14,"turns":3},{"damage":38,"enemies":"Hexaghost","floor":16,"turns":10},{"damage":16,"enemies":"3 Byrds","floor":18,"turns":6},{"damage":1,"enemies":"Shell Parasite","floor":21,"turns":5},{"damage":10,"enemies":"Centurion and Healer","floor":22,"turns":7},{"damage":5,"enemies":"Shelled Parasite and Fungi","floor":24,"turns":5},{"damage":8,"enemies":"3 Cultists","floor":27,"turns":4},{"damage":0,"enemies":"Centurion and Healer","floor":28,"turns":7},{"damage":14,"enemies":"Colosseum Slavers","floor":30,"turns":4},{"damage":13,"enemies":"Snake Plant","floor":31,"turns":4},{"damage":57,"enemies":"Collector","floor":33,"turns":5}],"seed_played":"-5364200941718888173","potions_obtained":[{"floor":13,"key":"FairyPotion"},{"floor":14,"key":"FearPotion"},{"floor":18,"key":"Explosive Potion"},{"floor":31,"key":"Dexterity Potion"}],"is_trial":false,"path_per_floor":["M","M","?","$","M","R","?","M","T","M","$","R","E","M","R","B",null,"M","?","$","M","M","R","M","$","T","M","M","R","?","M","R","B"],"character_chosen":"THE_SILENT","items_purchased":["Well Laid Plans","Quick Slash","Dagger Throw","Dagger Spray","Membership Card","Crippling Poison"],"campfire_rested":2,"item_purchase_floors":[4,4,11,20,20,25],"current_hp_per_floor":[70,70,70,70,70,70,63,55,55,53,53,53,42,41,64,26,77,61,61,61,60,50,50,45,45,45,37,37,37,23,10,33,0,0],"gold":61,"neow_bonus":"THREE_ENEMY_KILL","is_daily":false,"chose_seed":false,"campfire_upgraded":3,"win_rate":0.0,"timestamp":1613767910,"path_taken":["M","M","?","?","M","R","?","M","T","M","$","R","E","M","R","BOSS","M","?","$","M","M","R","M","$","T","M","M","R","?","M","R","BOSS"],"items_purchased_type":["Card","Card","Card","Card","Relic","Card"],"build_version":"2020-12-22","purchased_purges":1,"victory":false,"max_hp_per_floor":[70,70,70,70,70,70,70,70,70,70,70,70,77,77,77,77,77,77,77,77,77,77,77,77,77,77,77,77,77,77,77,77,77,77],"card_choices":[{"not_picked":["Masterful Stab","Cloak And Dagger"],"picked":"Flying Knee","floor":1},{"not_picked":["Heel Hook","Bane"],"picked":"Dagger Spray","floor":2},{"not_picked":["Escape Plan","Flying Knee"],"picked":"Backflip","floor":5},{"not_picked":["Wraith Form v2","Blur"],"picked":"Deadly Poison","floor":8},{"not_picked":["Escape Plan","Predator"],"picked":"Caltrops","floor":10},{"not_picked":["Well Laid Plans","Phantasmal Killer"],"picked":"Predator","floor":13},{"not_picked":["Tactician","Dagger Spray"],"picked":"Backstab","floor":14},{"not_picked":["Venomology","Die Die Die"],"picked":"After Image","floor":16},{"not_picked":[],"picked":"Dagger Throw+1","floor":18},{"not_picked":[],"picked":"Cloak And Dagger","floor":21},{"not_picked":[],"picked":"Noxious Fumes","floor":22},{"not_picked":[],"picked":"Deflect","floor":24},{"not_picked":["Prepared+1"],"picked":"SKIP","floor":27},{"not_picked":[],"picked":"Acrobatics","floor":28},{"not_picked":["Dagger Throw"],"picked":"SKIP","floor":31}],"player_experience":319727,"relics_obtained":[{"floor":13,"key":"Strawberry"},{"floor":26,"key":"Ginger"}],"event_choices":[{"cards_removed":["Dagger Spray"],"damage_healed":5,"gold_gain":0,"player_choice":"Offered Common","damage_taken":0,"max_hp_gain":0,"max_hp_loss":0,"event_name":"Bonfire Elementals","floor":3,"gold_loss":0},{"cards_removed":["Dagger Spray"],"damage_healed":5,"gold_gain":0,"player_choice":"Offered Special","damage_taken":0,"max_hp_gain":0,"max_hp_loss":0,"event_name":"Bonfire Elementals","floor":3,"gold_loss":0},{"cards_removed":["Strike_G"],"damage_healed":0,"gold_gain":0,"player_choice":"Card Removal","damage_taken":7,"max_hp_gain":0,"max_hp_loss":0,"event_name":"Golden Wing","floor":7,"gold_loss":0},{"damage_healed":0,"gold_gain":0,"player_choice":"Fight","damage_taken":0,"max_hp_gain":0,"max_hp_loss":0,"event_name":"Colosseum","floor":30,"gold_loss":0},{"damage_healed":0,"gold_gain":0,"player_choice":"Fled From Nobs","damage_taken":0,"max_hp_gain":0,"max_hp_loss":0,"event_name":"Colosseum","floor":30,"gold_loss":0}],"is_beta":false,"boss_relics":[{"not_picked":["bronze:MakeshiftBattery","Ectoplasm"],"picked":"Busted Crown"}],"items_purged_floors":[25],"is_endless":false,"potions_floor_spawned":[13,14,18,30,31],"killed_by":"Collector","ascension_level":0}}