{"host":"9rqk712yu6s3287p","time":1613748909,"event":{"mods":["ATMod(°¢èªMod)","Act Like it!","BaseMod","CapriCore","Chen","Gensokyo","Googly Eyes","Marisa£¨ìFÓê¡¡Ä§ÀíÉ³£©","Minty Spire (QoL Compilation)","MostiFishMod","Onozuka Komachi Mod","Reimu£¨²©ÀöÁéÃÎ£©","Remilia_Scarlet Moed£¨ÀÙÃ×ÀòÑÇ¡¤Ë¹¿¨À×ÌØ£©3.3.5","Remilia£¨ÀÙÃ×ÀòÑÇ£©","RumiaBox-Â¶Ã×æ«µÄÉñÃØºÐ×Ó","StSLib","The Administrix","The Immortal","The Servant 0.9.4","Yakumo Yukari mod","Youmu£¨»êÆÇÑýÃÎ£©","Yuyuko","[IsaacMod]ÒÔÈö¼âËþ","¡¾ÒÅÎï¿¨ÅÆ¡¿REMEMod"],"gold_per_floor":[144,198,252,309,366,447,537,630,630,717,810,916,977,1077,1077,1297,1297,1404,1437,1148,1199,1256,1334,1334,1526,1526,1626,1181,1214,1319,1421,1421,1907,1907,1940,1973,2018,1240,1300,1375,1498,1678,1678,1802,1973,2091,2196,2257,2257,2442,1277,1496,1581,1781,1905,2070,2140,2186,2319,143,273,544,759,759,896,1152,1152,1152,1152,1525,1665],"floor_reached":57,"language":"ZHS","playtime":3577,"items_purged":["BloodRain+1","HellCatastrophe+1"],"score":5112,"play_id":"15822675-5b4a-4c48-815f-07f68c96edfa","local_time":"20210219233509","daily_mods":["Shiny","Vintage","Heirloom","Time Dilation","Flight","Elite Swarm","Lethality","Midas","Binary"],"is_ascension_mode":true,"campfire_choices":[{"floor":15.0,"key":"RECALL"},{"floor":32.0,"key":"REST"},{"data":"1","floor":49,"key":"LIFT"},{"data":"2","floor":53,"key":"LIFT"}],"circlet_count":0,"master_deck":["AscendersBane","TricksterDevil+1","BatForm+1","ForecastOfChange+1","CurseOfVladTepes+1","ScarletMeister+1","QueenOfMidnight+1","BloodyHallows+1","HeartBreak+1","EquivalentExchange+1","KillingBlow+1","BloodyCatastrophe+1","ChaoticDestiny+1","BloodySeventeenLaser+1","ScarletCoffin+1","DemonKingCradle+1","TransientEternity+1","CeilingFear+1"],"relics":["Snecko Eye","Busted Crown","AT_ATBox","DaveBox","REME_ComplimentaryCards","HushsDoor","ShadowXiaoBlade","SteamSale","REME_IWantAll","Anchor","Toy Ornithopter","AT_RedNoBalance","SynthV:TestCard","AT_ImmortalShieldbow","Oddly Smooth Stone","UnicornStump","DaCapo","MagicDraw4","GodSword1","Bronze Scales","CrazyTorch:ReiMu","Bottled Lightning","ZombieArmy","GodSword6","DeathBook","Regal Pillow","Dream Catcher","Happy Flower","REME_LimitBreaker","War Paint","Centennial Puzzle","Whetstone","SalivaCoin","Pocketwatch","AT_ForceNature","ScarletDevilRocket","Ginger","DianPoetry","FairyMaid","Vajra","Incense Burner","Art of War","TheBible","REME_ChargedStone","BookOfRevelations","REME_HourglassOfDeath","AT_BellowingDragoncrestRing","Civilization","Bag of Marbles","HowToJump","REME_HandOfSuture","Lantern","Ornamental Fan","AT_RedTearstoneRing","Boot","AnarchistCookbook","D6","Strawberry","D6","Strawberry","Toxic Egg 2","AT_BladeRuinedKing","MoneyPower","Potion Belt","Matryoshka","GodSword3","Omamori","Ancient Tea Set","AT_ChloranthyRing","AT_Manta","SatanicBible","Smiling Mask","ArrowTower","Nunchaku","Bottled Flame","Tiny Chest","Eternal Feather","AT_SeraphEmbrace","Philosopher\u0027s Stone","SharpPlug","AT_EbonyIvory","StoneCalendar","Orichalcum","Gremlin Horn","RedBat","DoctorsRemote","Calipers","PreservedInsect","Dodecahedron","Lizard Tail","Meat on the Bone","TheAbacus","Pen Nib","Mummified Hand","Frozen Egg 2","Bag of Preparation","AT_MibuBalloonWealth","RuthlessExorcism:ReiMu","Blood Vial","PillsDrop","AT_BellDemon","SSSystem","TypeBBloodRedTea","MealTicket","AT_PhaseBoots","Akabeko","Ccalipers","Mastiff:ReiMu","Thread and Needle","Mango","BookofShadows","Bottled Tornado","Tea:ReiMu","Pantograph","DianDianMeat","GodSword7","Letter Opener","Blue Candle","LastBattle","AT_TimeSand","Prayer Wheel","Sundial","Singing Bowl","Turnip","REME_ArchaeologicalTools","The Courier","MagicDraw3","BrkXgEgg","Shuriken","PlanX","GodSword4","Pear","Kunai","EdensBlessing","MagicDraw2","TuHaoJin","GodSword5","GnawedLeaf","AT_SilvercatRing","InkBottle","MagicDraw1","Darkstone Periapt","White Beast Statue","Shovel","ImprovedEquipment","Void","Mercury Hourglass","AT_GoldPhoenixTree","Du-Vu Doll","SecretRecord","Gungnir","ThornShield","Girya","ChaoDraw","OriginationStaff","CombinedTypeHook","Leech","TungstenRod","FossilizedHelix","MostiFishMod:Haymaker","MoreBug","CaptainsWheel","GuppysTail","HollowDreamFlower","Torii","BionicSphere","D4","AT_TheCollector","BloodDonationMachine","Gambling Chip","SteamSale","PokeGo","PureWhite:ReiMu","BlankCard","DiscerningMonocle","GuppysHead","Ice Cream","AT_RabadonDeathcap","Ying","Toolbox"],"acts_visited":["Exordium","TheCity","TheBeyond","TheEnding"],"potions_floor_usage":[40,41,35,42,46,56],"damage_taken":[{"damage":12.0,"enemies":"Small Slimes","floor":1.0,"turns":4.0},{"damage":1.0,"enemies":"2 Louse","floor":2.0,"turns":3.0},{"damage":0.0,"enemies":"Cultist","floor":3.0,"turns":3.0},{"damage":10.0,"enemies":"Blue Slaver","floor":4.0,"turns":3.0},{"damage":7.0,"enemies":"Exordium Thugs","floor":5.0,"turns":3.0},{"damage":0.0,"enemies":"Gremlin Nob","floor":6.0,"turns":3.0},{"damage":11.0,"enemies":"Lagavulin","floor":7.0,"turns":4.0},{"damage":14.0,"enemies":"3 Sentries","floor":8.0,"turns":6.0},{"damage":0.0,"enemies":"Lagavulin","floor":10.0,"turns":2.0},{"damage":4.0,"enemies":"3 Sentries","floor":11.0,"turns":4.0},{"damage":11.0,"enemies":"Lagavulin","floor":12.0,"turns":3.0},{"damage":9.0,"enemies":"Exordium Wildlife","floor":13.0,"turns":3.0},{"damage":1.0,"enemies":"3 Sentries","floor":14.0,"turns":4.0},{"damage":2.0,"enemies":"The Guardian","floor":16.0,"turns":2.0},{"damage":15.0,"enemies":"3 Byrds","floor":18.0,"turns":1.0},{"damage":0.0,"enemies":"Spheric Guardian","floor":19.0,"turns":2.0},{"damage":0.0,"enemies":"Cultist and Chosen","floor":21.0,"turns":4.0},{"damage":0.0,"enemies":"Snecko","floor":22.0,"turns":3.0},{"damage":0.0,"enemies":"Book of Stabbing","floor":23.0,"turns":1.0},{"damage":0.0,"enemies":"Slavers","floor":25.0,"turns":2.0},{"damage":2.0,"enemies":"Gremlin Leader","floor":27.0,"turns":2.0},{"damage":0.0,"enemies":"3 Cultists","floor":29.0,"turns":3.0},{"damage":0.0,"enemies":"Slavers","floor":30.0,"turns":2.0},{"damage":0.0,"enemies":"Book of Stabbing","floor":31.0,"turns":3.0},{"damage":0.0,"enemies":"Champ","floor":33.0,"turns":1.0},{"damage":0.0,"enemies":"3 Shapes","floor":35.0,"turns":3.0},{"damage":0.0,"enemies":"3 Darklings","floor":36.0,"turns":2.0},{"damage":0.0,"enemies":"Sphere and 2 Shapes","floor":37.0,"turns":3.0},{"damage":0.0,"enemies":"Transient","floor":39.0,"turns":3.0},{"damage":0,"enemies":"Nemesis","floor":40,"turns":1},{"damage":0,"enemies":"Jaw Worm Horde","floor":41,"turns":3},{"damage":0,"enemies":"Reptomancer","floor":42,"turns":1},{"damage":0,"enemies":"Giant Head","floor":44,"turns":1},{"damage":0,"enemies":"Reptomancer","floor":45,"turns":1},{"damage":0,"enemies":"Giant Head","floor":46,"turns":2},{"damage":0,"enemies":"Sphere and 2 Shapes","floor":47,"turns":2},{"damage":0,"enemies":"Transient","floor":48,"turns":1},{"damage":0,"enemies":"3 Darklings","floor":35,"turns":2},{"damage":0,"enemies":"3 Shapes","floor":37,"turns":3},{"damage":0,"enemies":"Maw","floor":38,"turns":1},{"damage":0,"enemies":"3 Darklings","floor":39,"turns":1},{"damage":0,"enemies":"Nemesis","floor":40,"turns":1},{"damage":0,"enemies":"Reptomancer","floor":41,"turns":1},{"damage":0,"enemies":"Writhing Mass","floor":42,"turns":1},{"damage":0,"enemies":"Nemesis","floor":44,"turns":1},{"damage":0,"enemies":"Giant Head","floor":46,"turns":1},{"damage":0,"enemies":"Reptomancer","floor":47,"turns":1},{"damage":0,"enemies":"Nemesis","floor":48,"turns":1},{"damage":0,"enemies":"Time Eater","floor":50,"turns":1},{"damage":0,"enemies":"Donu and Deca","floor":51,"turns":1},{"damage":0,"enemies":"Shield and Spear","floor":55,"turns":2},{"damage":0,"enemies":"The Heart","floor":56,"turns":1}],"seed_played":"7622211957702173144","potions_obtained":[{"floor":1.0,"key":"AttackPotion"},{"floor":1.0,"key":"FearPotion"},{"floor":2.0,"key":"DuplicationPotion"},{"floor":3.0,"key":"Explosive Potion"},{"floor":6.0,"key":"REME_GoldPotion"},{"floor":6.0,"key":"PowerPotion"},{"floor":7.0,"key":"Block Potion"},{"floor":10.0,"key":"GamblersBrew"},{"floor":11.0,"key":"Energy Potion"},{"floor":13.0,"key":"LiquidBronze"},{"floor":14.0,"key":"Fruit Juice"},{"floor":14.0,"key":"LiquidMemories"},{"floor":23.0,"key":"GamblersBrew"},{"floor":25.0,"key":"SteroidPotion"},{"floor":29.0,"key":"GamblersBrew"},{"floor":29.0,"key":"GamblersBrew"},{"floor":29.0,"key":"GamblersBrew"},{"floor":30.0,"key":"FearPotion"},{"floor":33.0,"key":"GamblersBrew"},{"floor":33.0,"key":"LiquidMemories"},{"floor":33.0,"key":"MagicPotion:ReiMu"},{"floor":33.0,"key":"REME_GoldPotion"},{"floor":33.0,"key":"Dexterity Potion"},{"floor":35.0,"key":"REME_GoldPotion"},{"floor":35.0,"key":"Block Potion"},{"floor":37.0,"key":"GamblersBrew"},{"floor":40,"key":"Ancient Potion"},{"floor":41,"key":"DuplicationPotion"},{"floor":41,"key":"GrandPatriotsElixir:ReiMu"},{"floor":35,"key":"REME_GoldPotion"},{"floor":37,"key":"GrandPatriotsElixir:ReiMu"},{"floor":37,"key":"EntropicBrew"},{"floor":42,"key":"REME_GoldPotion"},{"floor":42,"key":"DistilledChaos"},{"floor":46,"key":"REME_GoldPotion"},{"floor":46,"key":"Regen Potion"}],"is_trial":true,"path_per_floor":["M","M","M","M","M","E","E","E","T","E","E","E","M","E","R","B",null,"M","M","$","M","M","E","?","E","T","E","$","M","E","E","R","B",null,"M","M","M","$","M","E","M","E","T","E","E","E","M","M","R","M","$","M","M","M","E","E","M","T","E","$","E","E","E","R","B","B",null,"R","$","E","B",null],"character_chosen":"REMILIA","items_purchased":["Civilization","Bag of Marbles","HowToJump","GodSword3","Omamori","Ancient Tea Set","AT_ChloranthyRing","PreservedInsect","Dodecahedron","Lizard Tail","Meat on the Bone","TheAbacus","Pen Nib","Mummified Hand","MagicDraw3","BrkXgEgg","Shuriken","PlanX","GodSword4","Pear","Kunai","EdensBlessing","TungstenRod","FossilizedHelix","MostiFishMod:Haymaker","MoreBug","CaptainsWheel","GuppysTail","HollowDreamFlower","Torii","BionicSphere","D4","DiscerningMonocle","GuppysHead","Ice Cream","AT_RabadonDeathcap","Circlet","Circlet","Circlet","Circlet","Circlet","Circlet","Circlet","Circlet","Circlet","Circlet","Circlet","Circlet","Circlet","Circlet","Circlet","Circlet","Circlet","Circlet","Circlet","Circlet","Circlet","Circlet","Circlet","Circlet","Ying","Toolbox","Circlet","Circlet","Circlet"],"campfire_rested":1,"item_purchase_floors":[20,20,20,28,28,28,28,38,38,38,38,38,38,38,36,36,36,36,36,36,36,36,45,45,45,45,45,45,45,45,45,45,54,54,54,54,54,54,54,54,54,54,54,54,54,54,54,54,54,54,54,54,54,54,54,54,54,54,54,54,54,54,54,54,54],"current_hp_per_floor":[55,34,35,25,28,40,24,23,23,40,35,24,31,44,44,40,66,22,22,22,77,80,84,84,103,103,106,106,111,118,123,123,128,128,133,138,143,143,148,153,158,163,163,168,190,198,203,203,203,208,218,223,228,233,240,247,252,252,259,259,269,276,283,283,288,293,293,293,298,325,330],"gold":1665,"neow_bonus":"","is_daily":false,"chose_seed":false,"campfire_upgraded":0,"win_rate":0.0,"timestamp":1613748909,"path_taken":["M","M","M","M","M","E","E","E","T","E","E","E","M","E","R","BOSS","M","M","$","M","M","E","?","E","T","E","$","M","E","E","R","BOSS","M","M","M","$","M","E","M","E","T","E","E","E","M","M","R","M","$","M","M","M","E","E","M","T","E","$","E","E","E","R","BOSS","BOSS","R","$","E","BOSS"],"items_purchased_type":["Relic","Relic","Relic","Relic","Relic","Relic","Relic","Relic","Relic","Relic","Relic","Relic","Relic","Relic","Relic","Relic","Relic","Relic","Relic","Relic","Relic","Relic","Relic","Relic","Relic","Relic","Relic","Relic","Relic","Relic","Relic","Relic","Relic","Relic","Relic","Relic","Undefined","Undefined","Undefined","Undefined","Undefined","Undefined","Undefined","Undefined","Undefined","Undefined","Undefined","Undefined","Undefined","Undefined","Undefined","Undefined","Undefined","Undefined","Undefined","Undefined","Undefined","Undefined","Undefined","Undefined","Relic","Relic","Undefined","Undefined","Undefined"],"build_version":"2020-12-22","purchased_purges":2,"victory":true,"max_hp_per_floor":[70,70,70,70,70,70,70,70,70,70,70,70,70,75,75,75,75,75,75,75,77,80,84,84,103,103,108,108,113,118,123,123,128,128,133,138,143,143,148,153,158,163,163,168,190,198,203,203,203,208,218,223,228,233,240,247,252,252,259,259,269,276,283,283,288,293,293,293,298,325,330],"card_choices":[{"not_picked":["EquivalentExchange","BloodyHallows"],"picked":"SKIP","floor":6.0},{"not_picked":["TransientEternity","ScarletMeister"],"picked":"SKIP","floor":7.0},{"not_picked":["BloodyHallows","CeilingFear"],"picked":"SKIP","floor":8.0},{"not_picked":["EquivalentExchange","ScarletCoffin"],"picked":"SKIP","floor":10.0},{"not_picked":["TransientEternity","ForecastOfChange"],"picked":"SKIP","floor":11.0},{"not_picked":["QueenOfMidnight","BloodyCatastrophe"],"picked":"SKIP","floor":12.0},{"not_picked":["BloodRain","TricksterDevil"],"picked":"SKIP","floor":14.0},{"not_picked":["TransientEternity","ScarletCoffin"],"picked":"SKIP","floor":23.0},{"not_picked":["CurseOfVladTepes","EquivalentExchange"],"picked":"SKIP","floor":25.0},{"not_picked":["ScarletMeister","KillingBlow"],"picked":"SKIP","floor":27.0},{"not_picked":["QueenOfMidnight","ScarletMeister"],"picked":"SKIP","floor":30.0},{"not_picked":["ChaoticDestiny+1","BloodySeventeenLaser"],"picked":"SKIP","floor":31.0},{"not_picked":["QueenOfMidnight+1","DemonKingCradle+1"],"picked":"SKIP","floor":40},{"not_picked":["ChaoticDestiny+1","QueenOfMidnight+1"],"picked":"SKIP","floor":42},{"not_picked":["CurseOfVladTepes+1","TransientEternity+1"],"picked":"SKIP","floor":44},{"not_picked":["CurseOfVladTepes+1","HeartBreak"],"picked":"SKIP","floor":45},{"not_picked":["ChaoticDestiny+1","ScarletMeister+1"],"picked":"SKIP","floor":46},{"not_picked":["ScarletCoffin+1","EquivalentExchange+1"],"picked":"Singing Bowl","floor":40},{"not_picked":["CurseOfVladTepes+1","HeartBreak+1"],"picked":"Singing Bowl","floor":41},{"not_picked":["CeilingFear+1","BloodyCatastrophe+1"],"picked":"Singing Bowl","floor":44},{"not_picked":["ForecastOfChange+1","DemonKingCradle+1"],"picked":"Singing Bowl","floor":46},{"not_picked":["ScarletCoffin+1","DemonKingCradle+1"],"picked":"Singing Bowl","floor":47},{"not_picked":["QueenOfMidnight+1","ScarletMeister+1"],"picked":"Singing Bowl","floor":48},{"not_picked":["TransientEternity+1","BatForm+1"],"picked":"Singing Bowl","floor":55}],"player_experience":562150,"relics_obtained":[{"floor":1.0,"key":"Anchor"},{"floor":1.0,"key":"Toy Ornithopter"},{"floor":1.0,"key":"AT_SilverBalance"},{"floor":1.0,"key":"SynthV:TestCard"},{"floor":2.0,"key":"AT_ImmortalShieldbow"},{"floor":2.0,"key":"Oddly Smooth Stone"},{"floor":3.0,"key":"UnicornStump"},{"floor":3.0,"key":"DaCapo"},{"floor":4.0,"key":"MagicDraw4"},{"floor":4.0,"key":"GodSword1"},{"floor":5.0,"key":"Bronze Scales"},{"floor":6.0,"key":"CrazyTorch:ReiMu"},{"floor":6.0,"key":"Bottled Lightning"},{"floor":7.0,"key":"ZombieArmy"},{"floor":7.0,"key":"GodSword6"},{"floor":8.0,"key":"DeathBook"},{"floor":8.0,"key":"Regal Pillow"},{"floor":8.0,"key":"Dream Catcher"},{"floor":8.0,"key":"Happy Flower"},{"floor":9.0,"key":"REME_LimitBreaker"},{"floor":10.0,"key":"War Paint"},{"floor":10.0,"key":"Centennial Puzzle"},{"floor":11.0,"key":"Whetstone"},{"floor":11.0,"key":"SalivaCoin"},{"floor":11.0,"key":"Pocketwatch"},{"floor":12.0,"key":"AT_ForceNature"},{"floor":12.0,"key":"ScarletDevilRocket"},{"floor":13.0,"key":"ForgetMeNow"},{"floor":13.0,"key":"Ginger"},{"floor":13.0,"key":"DianPoetry"},{"floor":14.0,"key":"FairyMaid"},{"floor":14.0,"key":"Vajra"},{"floor":14.0,"key":"Incense Burner"},{"floor":14.0,"key":"Art of War"},{"floor":16.0,"key":"TheBible"},{"floor":18.0,"key":"BookOfRevelations"},{"floor":19.0,"key":"REME_HourglassOfDeath"},{"floor":19.0,"key":"AT_BellowingDragoncrestRing"},{"floor":21.0,"key":"REME_HandOfSuture"},{"floor":21.0,"key":"Lantern"},{"floor":21.0,"key":"Ornamental Fan"},{"floor":22.0,"key":"AT_RedTearstoneRing"},{"floor":22.0,"key":"Boot"},{"floor":23.0,"key":"AnarchistCookbook"},{"floor":25.0,"key":"D6"},{"floor":25.0,"key":"Strawberry"},{"floor":25.0,"key":"D6"},{"floor":25.0,"key":"Strawberry"},{"floor":25.0,"key":"Toxic Egg 2"},{"floor":25.0,"key":"AT_BladeRuinedKing"},{"floor":26.0,"key":"MoneyPower"},{"floor":27.0,"key":"Potion Belt"},{"floor":27.0,"key":"Matryoshka"},{"floor":29.0,"key":"AT_Manta"},{"floor":29.0,"key":"SatanicBible"},{"floor":29.0,"key":"Smiling Mask"},{"floor":29.0,"key":"ArrowTower"},{"floor":30.0,"key":"Nunchaku"},{"floor":30.0,"key":"Bottled Flame"},{"floor":30.0,"key":"Tiny Chest"},{"floor":31.0,"key":"Eternal Feather"},{"floor":31.0,"key":"AT_ArchangelStaff"},{"floor":35.0,"key":"SharpPlug"},{"floor":35.0,"key":"AT_EbonyIvory"},{"floor":35.0,"key":"StoneCalendar"},{"floor":35.0,"key":"Orichalcum"},{"floor":36.0,"key":"Gremlin Horn"},{"floor":37.0,"key":"RedBat"},{"floor":37.0,"key":"DoctorsRemote"},{"floor":37.0,"key":"Calipers"},{"floor":39.0,"key":"Frozen Egg 2"},{"floor":39.0,"key":"Bag of Preparation"},{"floor":40,"key":"AT_MibuBalloonWealth"},{"floor":40,"key":"RuthlessExorcism:ReiMu"},{"floor":41,"key":"Blood Vial"},{"floor":41,"key":"PillsDrop"},{"floor":41,"key":"AT_BellDemon"},{"floor":41,"key":"SSSystem"},{"floor":42,"key":"TypeBBloodRedTea"},{"floor":42,"key":"MealTicket"},{"floor":42,"key":"AT_SpeedBoots"},{"floor":43,"key":"Akabeko"},{"floor":44,"key":"Ccalipers"},{"floor":44,"key":"Mastiff:ReiMu"},{"floor":44,"key":"Thread and Needle"},{"floor":45,"key":"Mango"},{"floor":45,"key":"BookofShadows"},{"floor":45,"key":"Bottled Tornado"},{"floor":46,"key":"Tea:ReiMu"},{"floor":46,"key":"Pantograph"},{"floor":46,"key":"DianDianMeat"},{"floor":47,"key":"GodSword7"},{"floor":47,"key":"Letter Opener"},{"floor":47,"key":"Blue Candle"},{"floor":47,"key":"LastBattle"},{"floor":47,"key":"AT_TimeSand"},{"floor":48,"key":"Prayer Wheel"},{"floor":48,"key":"Sundial"},{"floor":48,"key":"Singing Bowl"},{"floor":35,"key":"Turnip"},{"floor":35,"key":"REME_ArchaeologicalTools"},{"floor":35,"key":"The Courier"},{"floor":37,"key":"MagicDraw2"},{"floor":37,"key":"TuHaoJin"},{"floor":37,"key":"GodSword5"},{"floor":37,"key":"GnawedLeaf"},{"floor":37,"key":"AT_SilvercatRing"},{"floor":38,"key":"InkBottle"},{"floor":38,"key":"MagicDraw1"},{"floor":38,"key":"Darkstone Periapt"},{"floor":39,"key":"White Beast Statue"},{"floor":39,"key":"Shovel"},{"floor":39,"key":"StrikeDummy"},{"floor":40,"key":"ImprovedEquipment"},{"floor":40,"key":"Void"},{"floor":40,"key":"Mercury Hourglass"},{"floor":41,"key":"AT_GoldPhoenixTree"},{"floor":41,"key":"Du-Vu Doll"},{"floor":41,"key":"SecretRecord"},{"floor":42,"key":"Gungnir"},{"floor":42,"key":"ThornShield"},{"floor":42,"key":"Girya"},{"floor":43,"key":"ChaoDraw"},{"floor":44,"key":"OriginationStaff"},{"floor":44,"key":"CombinedTypeHook"},{"floor":44,"key":"Leech"},{"floor":46,"key":"AT_TheCollector"},{"floor":46,"key":"BloodDonationMachine"},{"floor":47,"key":"Gambling Chip"},{"floor":47,"key":"Diplopia"},{"floor":48,"key":"PokeGo"},{"floor":48,"key":"PureWhite:ReiMu"},{"floor":48,"key":"BlankCard"},{"floor":55,"key":"Circlet"},{"floor":55,"key":"Circlet"},{"floor":55,"key":"Circlet"},{"floor":55,"key":"Circlet"}],"event_choices":[{"damage_healed":0.0,"max_hp_gain":0.0,"max_hp_loss":0.0,"gold_gain":0.0,"event_name":"Ghosts","player_choice":"Ignored","floor":24.0,"gold_loss":0.0,"damage_taken":0.0}],"is_beta":false,"boss_relics":[{"not_picked":["xbg","NightmareShop"],"picked":"REME_ChargedStone"},{"not_picked":[]},{"not_picked":["Runic Pyramid","APieceOfRedMist"],"picked":"Philosopher\u0027s Stone"},{"not_picked":[]}],"items_purged_floors":[20,28],"is_endless":false,"potions_floor_spawned":[1,6,11,12,14,16,23,25,30,33,35,37,41,47,48,37,38,40,41,42,44,46,47,48,55],"ascension_level":20}}