{"host":"fbdlh90rovbiajun","time":1613721865,"event":{"mods":["AchievementEnabler","BaseMod","Colored Map","Keyboard Shortcuts","Minty Spire (QoL Compilation)","SuperFastMode"],"gold_per_floor":[109,34,109,75,86,86,119,129,129,155,155,172,172,191,191,191,191],"floor_reached":16,"language":"KOR","playtime":256,"items_purged":["Defend_P"],"score":142,"play_id":"d78ffa99-d00d-49dc-9c0a-3659660340d5","local_time":"20210219170425","is_ascension_mode":true,"campfire_choices":[{"data":"Eruption","floor":6,"key":"SMITH"},{"data":"CrushJoints","floor":11,"key":"SMITH"},{"data":"Halt","floor":13,"key":"SMITH"},{"floor":15,"key":"REST"}],"circlet_count":0,"master_deck":["Strike_P","Strike_P","Strike_P","Strike_P","Defend_P","Defend_P","Defend_P","Eruption+1","Vigilance","Halt+1","InnerPeace","CrushJoints+1"],"relics":["PureWater","NeowsBlessing","White Beast Statue","Turnip","Sundial"],"acts_visited":["Exordium"],"potions_floor_usage":[10,14,14,16],"damage_taken":[{"damage":0.0,"enemies":"2 Louse","floor":1.0,"turns":2.0},{"damage":0,"enemies":"Cultist","floor":5,"turns":1},{"damage":0,"enemies":"Lagavulin","floor":7,"turns":1},{"damage":11,"enemies":"Jaw Worm","floor":8,"turns":3},{"damage":28,"enemies":"Gremlin Nob","floor":10,"turns":3},{"damage":0,"enemies":"Large Slime","floor":12,"turns":3},{"damage":16,"enemies":"Exordium Wildlife","floor":14,"turns":2},{"damage":37,"enemies":"Hexaghost","floor":16,"turns":5}],"seed_played":"-1931869096420690042","potions_obtained":[{"floor":7,"key":"SpeedPotion"},{"floor":8,"key":"Fire Potion"},{"floor":10,"key":"DuplicationPotion"},{"floor":12,"key":"Weak Potion"},{"floor":14,"key":"Strength Potion"}],"is_trial":false,"path_per_floor":["M","$","?","$","M","R","E","M","T","E","R","M","R","M","R","B"],"character_chosen":"WATCHER","items_purchased":["InnerPeace"],"campfire_rested":1,"item_purchase_floors":[4],"current_hp_per_floor":[72,72,65,65,65,65,65,54,54,26,26,26,26,10,31,0,0],"gold":191,"neow_bonus":"THREE_ENEMY_KILL","is_daily":false,"chose_seed":false,"campfire_upgraded":3,"win_rate":0.0,"timestamp":1613721865,"path_taken":["M","$","?","$","M","R","E","M","T","E","R","?","R","M","R","BOSS"],"items_purchased_type":["Card"],"build_version":"2020-12-22","purchased_purges":1,"victory":false,"max_hp_per_floor":[72,72,72,72,72,72,72,72,72,72,72,72,72,72,72,72,72],"card_choices":[{"not_picked":["CutThroughFate","BowlingBash"],"picked":"Halt","floor":1.0},{"not_picked":["CutThroughFate","EmptyBody","PathToVictory"],"picked":"SKIP","floor":5},{"not_picked":["Wireheading","JustLucky","Evaluate"],"picked":"SKIP","floor":7},{"not_picked":["EmptyFist","CutThroughFate"],"picked":"CrushJoints","floor":8},{"not_picked":["Swivel","Alpha","ThirdEye"],"picked":"SKIP","floor":10},{"not_picked":["Prostrate","EmptyFist","Protect"],"picked":"SKIP","floor":12},{"not_picked":["Wallop","CutThroughFate","Prostrate"],"picked":"SKIP","floor":14}],"player_experience":93506,"relics_obtained":[{"floor":7,"key":"White Beast Statue"},{"floor":9,"key":"Turnip"},{"floor":10,"key":"Sundial"}],"event_choices":[{"damage_healed":0,"gold_gain":75,"player_choice":"Touch","damage_taken":7,"max_hp_gain":0,"max_hp_loss":0,"event_name":"FaceTrader","floor":3,"gold_loss":0}],"is_beta":false,"boss_relics":[],"items_purged_floors":[2],"is_endless":false,"potions_floor_spawned":[7,8,10,12,14],"killed_by":"Hexaghost","ascension_level":1}}