{"host":"3qkmyeoym75lj4wn","time":1613758931,"event":{"mods":["2.2 Compatiblity","BaseMod","Block Reminder","Colored Powertips","Highlight Path","Minty Spire (QoL Compilation)","Permanent Neow","Potion Indicator Mod","Rare Cards Sparkle","Relic Stats","StSLib","Unceasing Turn Reminder"],"gold_per_floor":[110,129,129,140,140,140,150,168,168,9,21,53,134,134,134,206,206,222,174,174,200,218,218,133,133,158,158,173,203,235,235,235,309,309,326,80,95,107,107,107,137,137,137,359,393,412,765,54,54,54,54,54,54,1,29,29,29],"floor_reached":56,"language":"ENG","playtime":3742,"items_purged":["Strike_B","Strike_B"],"score":1996,"play_id":"65fb4b85-498f-4315-ab59-af9f6bd6f424","local_time":"20210219182211","is_ascension_mode":true,"campfire_choices":[{"data":"Zap","floor":6.0,"key":"SMITH"},{"data":"Biased Cognition","floor":15.0,"key":"SMITH"},{"data":"Defragment","floor":23.0,"key":"SMITH"},{"data":"Consume","floor":25.0,"key":"SMITH"},{"floor":27.0,"key":"REST"},{"data":"Defragment","floor":32.0,"key":"SMITH"},{"floor":40.0,"key":"RECALL"},{"floor":42.0,"key":"REST"},{"data":"Strike_B","floor":49.0,"key":"PURGE"},{"data":"Coolheaded","floor":53.0,"key":"SMITH"}],"circlet_count":0,"master_deck":["AscendersBane","Defend_B","Defend_B","Defend_B","Defend_B","Zap+1","Dualcast","Consume+1","BootSequence","Biased Cognition+1","Coolheaded+1","Panacea+1","Hologram+1","Defragment+1","Fission+1","Chill+1","Self Repair","Hologram+1","White Noise+1","Defragment+1","Self Repair","Machine Learning","Coolheaded+1","Deflect+1","Bandage Up+1","The Bomb+1","Master of Strategy+1","Armaments+1","Redo+1"],"relics":["Cracked Core","NeowsBlessing","Toxic Egg 2","Bottled Lightning","Matryoshka","Inserter","MutagenicStrength","Akabeko","Potion Belt","PreservedInsect","Juzu Bracelet","Vajra","Peace Pipe","Red Mask","Black Star","PrismaticShard","Bronze Scales","HornCleat","Eternal Feather","Oddly Smooth Stone","Old Coin","Nunchaku","Bag of Preparation","HandDrill","DataDisk","Art of War"],"acts_visited":["Exordium","TheCity","TheBeyond","TheEnding"],"potions_floor_usage":[56],"damage_taken":[{"damage":0.0,"enemies":"Small Slimes","floor":1.0,"turns":1.0},{"damage":0.0,"enemies":"Cultist","floor":2.0,"turns":1.0},{"damage":0.0,"enemies":"Jaw Worm","floor":4.0,"turns":1.0},{"damage":0.0,"enemies":"Red Slaver","floor":7.0,"turns":3.0},{"damage":7.0,"enemies":"Exordium Wildlife","floor":8.0,"turns":4.0},{"damage":4.0,"enemies":"3 Louse","floor":11.0,"turns":3.0},{"damage":12.0,"enemies":"3 Sentries","floor":12.0,"turns":9.0},{"damage":41.0,"enemies":"Hexaghost","floor":16.0,"turns":9.0},{"damage":23.0,"enemies":"3 Byrds","floor":18.0,"turns":5.0},{"damage":0.0,"enemies":"2 Thieves","floor":19.0,"turns":5.0},{"damage":5.0,"enemies":"Snake Plant","floor":22.0,"turns":4.0},{"damage":9.0,"enemies":"Shelled Parasite and Fungi","floor":28.0,"turns":7.0},{"damage":15.0,"enemies":"Book of Stabbing","floor":29.0,"turns":8.0},{"damage":0.0,"enemies":"Masked Bandits","floor":30.0,"turns":7.0},{"damage":18.0,"enemies":"Champ","floor":33.0,"turns":17.0},{"damage":21.0,"enemies":"Orb Walker","floor":35.0,"turns":5.0},{"damage":0.0,"enemies":"3 Darklings","floor":37.0,"turns":5.0},{"damage":14.0,"enemies":"Jaw Worm Horde","floor":38.0,"turns":7.0},{"damage":56.0,"enemies":"Reptomancer","floor":41.0,"turns":10.0},{"damage":15.0,"enemies":"Giant Head","floor":45.0,"turns":9.0},{"damage":18.0,"enemies":"Transient","floor":46.0,"turns":6.0},{"damage":0.0,"enemies":"2 Orb Walkers","floor":47.0,"turns":3.0},{"damage":11.0,"enemies":"Awakened One","floor":50.0,"turns":17.0},{"damage":0.0,"enemies":"Donu and Deca","floor":51.0,"turns":15.0},{"damage":40.0,"enemies":"Shield and Spear","floor":55.0,"turns":8.0},{"damage":64,"enemies":"The Heart","floor":56,"turns":3}],"seed_played":"852869693831135949","potions_obtained":[{"floor":1.0,"key":"EssenceOfSteel"},{"floor":4.0,"key":"DuplicationPotion"},{"floor":7.0,"key":"Ancient Potion"},{"floor":16.0,"key":"SkillPotion"},{"floor":18.0,"key":"SkillPotion"},{"floor":22.0,"key":"DistilledChaos"},{"floor":33.0,"key":"Swift Potion"},{"floor":37.0,"key":"ColorlessPotion"},{"floor":41.0,"key":"GamblersBrew"},{"floor":45.0,"key":"FearPotion"},{"floor":46.0,"key":"ColorlessPotion"}],"is_trial":false,"path_per_floor":["M","M","?","M","?","R","M","M","T","$","M","E","T","?","R","B",null,"M","M","?","T","M","R","?","R","T","R","M","E","?","?","R","B",null,"M","$","M","M","?","R","E","R","T","?","E","M","?","$","R","B","B",null,"R","$","E","B"],"character_chosen":"DEFECT","items_purchased":["Panacea+1","Hologram+1","PrismaticShard","Nunchaku","Bag of Preparation","HandDrill","PowerPotion","Block Potion","Fire Potion"],"campfire_rested":2,"item_purchase_floors":[10,10,36,48,48,48,48,48,54],"current_hp_per_floor":[64,64,64,64,64,64,64,57,57,57,53,41,41,71,71,30,61,38,38,38,38,40,40,40,40,40,61,59,51,58,52,52,48,65,58,58,71,71,61,61,32,53,53,53,58,60,71,71,71,70,71,71,71,71,57,0,0],"gold":29,"neow_bonus":"THREE_ENEMY_KILL","is_daily":false,"chose_seed":false,"campfire_upgraded":6,"win_rate":0.0,"timestamp":1613758931,"path_taken":["M","M","?","?","?","R","M","M","T","$","?","E","?","?","R","BOSS","M","?","?","?","M","R","?","R","T","R","M","E","?","?","R","BOSS","M","$","M","M","?","R","E","R","T","?","E","M","?","$","R","BOSS","BOSS","R","$","E","BOSS"],"items_purchased_type":["Card","Card","Relic","Relic","Relic","Relic","Potion","Potion","Potion"],"build_version":"2020-12-22","purchased_purges":2,"victory":false,"max_hp_per_floor":[71,71,71,71,71,71,71,71,71,71,71,71,71,71,71,71,71,71,71,71,71,71,71,71,71,71,71,71,71,71,71,71,71,71,71,71,71,71,71,71,71,71,71,71,71,71,71,71,71,71,71,71,71,71,71,71,71],"relic_stats":{"Inserter":[70],"counters":[26,172],"Eternal Feather":0,"PreservedInsect":310,"Juzu Bracelet":1,"Bag of Preparation":[8],"Peace Pipe":1,"Nunchaku":[0],"Bronze Scales":[261],"Black Star":3,"HandDrill":[44],"Art of War":[2],"obtain_stats":[{"Vajra":26,"Juzu Bracelet":26,"Bag of Preparation":48,"PrismaticShard":36,"Old Coin":47,"Nunchaku":48,"Matryoshka":13,"HornCleat":41,"Red Mask":30,"HandDrill":48,"Toxic Egg 2":9,"Cracked Core":0,"Potion Belt":21,"Inserter":17,"NeowsBlessing":0,"Oddly Smooth Stone":45,"Eternal Feather":45,"PreservedInsect":24,"Akabeko":21,"Peace Pipe":29,"DataDisk":55,"MutagenicStrength":20,"Bronze Scales":41,"Black Star":34,"Art of War":55,"Bottled Lightning":12},{"Vajra":11,"Juzu Bracelet":11,"Bag of Preparation":22,"PrismaticShard":16,"Old Coin":22,"Nunchaku":22,"Matryoshka":7,"HornCleat":19,"Red Mask":14,"HandDrill":22,"Toxic Egg 2":5,"Cracked Core":0,"Potion Belt":10,"Inserter":8,"NeowsBlessing":0,"Oddly Smooth Stone":20,"Eternal Feather":20,"PreservedInsect":11,"Akabeko":10,"Peace Pipe":13,"DataDisk":25,"MutagenicStrength":10,"Bronze Scales":19,"Black Star":15,"Art of War":25,"Bottled Lightning":7},{"Vajra":45,"Juzu Bracelet":45,"Bag of Preparation":129,"PrismaticShard":89,"Old Coin":129,"Nunchaku":129,"Matryoshka":22,"HornCleat":111,"Red Mask":67,"HandDrill":129,"Toxic Egg 2":10,"Cracked Core":0,"Potion Belt":41,"Inserter":31,"NeowsBlessing":0,"Oddly Smooth Stone":120,"Eternal Feather":120,"PreservedInsect":45,"Akabeko":41,"Peace Pipe":60,"DataDisk":169,"MutagenicStrength":41,"Bronze Scales":111,"Black Star":84,"Art of War":169,"Bottled Lightning":22}]},"card_choices":[{"not_picked":["Hello World","BootSequence"],"picked":"Consume","floor":1.0},{"not_picked":["Compile Driver","Leap"],"picked":"BootSequence","floor":2.0},{"not_picked":["Storm","Heatsinks","Steam"],"picked":"SKIP","floor":4.0},{"not_picked":["Undo","Lockon"],"picked":"Biased Cognition","floor":7.0},{"not_picked":["Hello World","Reinforced Body"],"picked":"Coolheaded","floor":8.0},{"not_picked":["Steam Power+1","BootSequence+1"],"picked":"Melter","floor":11.0},{"not_picked":["Compile Driver","Cold Snap"],"picked":"Defragment","floor":12.0},{"not_picked":["Creative AI","All For One"],"picked":"Fission+1","floor":16.0},{"not_picked":["Coolheaded+1","Steam+1"],"picked":"Chill+1","floor":18.0},{"not_picked":["Auto Shields+1","Hologram+1"],"picked":"Self Repair","floor":19.0},{"not_picked":["Doom and Gloom","Reinforced Body+1"],"picked":"Hologram+1","floor":22.0},{"not_picked":["Barrage","Buffer"],"picked":"White Noise+1","floor":28.0},{"not_picked":["Streamline+1","Sunder"],"picked":"Defragment","floor":29.0},{"not_picked":["Gash","Rebound"],"picked":"Self Repair","floor":30.0},{"not_picked":["Creative AI","Buffer"],"picked":"Machine Learning","floor":33.0},{"not_picked":["Gash","Streamline+1"],"picked":"Coolheaded+1","floor":35.0},{"not_picked":["Underhanded Strike","Combust","Havoc+1"],"picked":"SKIP","floor":37.0},{"not_picked":["Tempest+1","Tantrum+1"],"picked":"Deflect+1","floor":38.0},{"not_picked":["Violence+1","Sadistic Nature"],"picked":"Bandage Up+1","floor":39.0},{"not_picked":["Finesse+1","Madness+1"],"picked":"The Bomb+1","floor":39.0},{"not_picked":["Metamorphosis+1","Discovery+1"],"picked":"Master of Strategy+1","floor":39.0},{"not_picked":["Weave","Dagger Spray"],"picked":"Armaments+1","floor":41.0},{"not_picked":["Acrobatics+1","Pray+1","FollowUp"],"picked":"SKIP","floor":45.0},{"not_picked":["JustLucky","Good Instincts+1","Impatience+1"],"picked":"SKIP","floor":46.0},{"not_picked":["ThirdEye+1","Self Repair"],"picked":"Redo+1","floor":47.0},{"not_picked":["Defragment","Dodge and Roll+1","Good Instincts+1"],"picked":"SKIP","floor":55.0}],"player_experience":1771326,"relics_obtained":[{"floor":9.0,"key":"Toxic Egg 2"},{"floor":12.0,"key":"Bottled Lightning"},{"floor":13.0,"key":"Matryoshka"},{"floor":21.0,"key":"Akabeko"},{"floor":21.0,"key":"Potion Belt"},{"floor":26.0,"key":"Juzu Bracelet"},{"floor":26.0,"key":"Vajra"},{"floor":29.0,"key":"Peace Pipe"},{"floor":30.0,"key":"Red Mask"},{"floor":41.0,"key":"Bronze Scales"},{"floor":41.0,"key":"HornCleat"},{"floor":45.0,"key":"Eternal Feather"},{"floor":45.0,"key":"Oddly Smooth Stone"},{"floor":47.0,"key":"Old Coin"},{"floor":55.0,"key":"DataDisk"},{"floor":55.0,"key":"Art of War"}],"event_choices":[{"cards_removed":["Strike_B"],"damage_healed":0.0,"max_hp_gain":0.0,"max_hp_loss":0.0,"gold_gain":0.0,"event_name":"Wheel of Change","player_choice":"Card Removal","floor":3.0,"gold_loss":0.0,"damage_taken":0.0},{"damage_healed":0.0,"max_hp_gain":0.0,"max_hp_loss":0.0,"gold_gain":0.0,"event_name":"Lab","player_choice":"Got Potions","floor":5.0,"gold_loss":0.0,"damage_taken":0.0},{"cards_removed":["Melter"],"damage_healed":30.0,"max_hp_gain":0.0,"max_hp_loss":0.0,"gold_gain":0.0,"event_name":"Bonfire Elementals","player_choice":"Offered Uncommon","floor":14.0,"gold_loss":0.0,"damage_taken":0.0},{"damage_healed":0.0,"max_hp_gain":0.0,"max_hp_loss":0.0,"gold_gain":0.0,"event_name":"Drug Dealer","player_choice":"Inject Mutagens","floor":20.0,"gold_loss":0.0,"damage_taken":0.0,"relics_obtained":["MutagenicStrength"]},{"damage_healed":0.0,"max_hp_gain":0.0,"max_hp_loss":0.0,"gold_gain":0.0,"event_name":"Addict","player_choice":"Obtained Relic","floor":24.0,"gold_loss":85.0,"damage_taken":0.0,"relics_obtained":["PreservedInsect"]},{"damage_healed":0.0,"max_hp_gain":0.0,"max_hp_loss":0.0,"gold_gain":0.0,"event_name":"Masked Bandits","player_choice":"Fought Bandits","floor":30.0,"gold_loss":0.0,"damage_taken":0.0},{"damage_healed":0.0,"max_hp_gain":0.0,"max_hp_loss":0.0,"gold_gain":0.0,"event_name":"Knowing Skull","player_choice":"","floor":31.0,"potions_obtained":[],"gold_loss":0.0,"damage_taken":6.0,"cards_obtained":[]},{"damage_healed":0.0,"max_hp_gain":0.0,"max_hp_loss":0.0,"gold_gain":0.0,"event_name":"SensoryStone","player_choice":"Memory 3","floor":39.0,"gold_loss":0.0,"damage_taken":10.0},{"damage_healed":0.0,"max_hp_gain":0.0,"max_hp_loss":0.0,"gold_gain":222.0,"event_name":"Tomb of Lord Red Mask","player_choice":"Wore Mask","floor":44.0,"gold_loss":0.0,"damage_taken":0.0},{"damage_healed":0.0,"max_hp_gain":0.0,"max_hp_loss":0.0,"gold_gain":0.0,"event_name":"Mysterious Sphere","player_choice":"Fight","floor":47.0,"gold_loss":0.0,"damage_taken":0.0}],"is_beta":false,"boss_relics":[{"not_picked":["Empty Cage","Busted Crown"],"picked":"Inserter"},{"not_picked":["Runic Dome","Snecko Eye"],"picked":"Black Star"}],"items_purged_floors":[36,48],"is_endless":false,"potions_floor_spawned":[1,4,7,16,18,22,33,37,41,45,46],"killed_by":"The Heart","ascension_level":20}}