{"host":"v86vpwf004p2esb7","time":1613728532,"event":{"mods":["AchievementEnabler","BaseMod","BetterRewards","Colored Powertips","Minty Spire (QoL Compilation)","Quick Restart","StSLib","Transform Curses"],"gold_per_floor":[122,142,326,348,373,382,423,446,469,478,502,534,268,316,337,489,501,540,574,586,627,165,208,217,217,244,244,291,316,316,316,316,450,450,474,274,306,328,355,395,395,395],"floor_reached":41,"language":"ENG","playtime":2155,"items_purged":["Doubt","Injury"],"score":750,"play_id":"a7c4ba12-9e80-43f1-bed2-88067f3e8a50","local_time":"20210219015532","is_ascension_mode":true,"campfire_choices":[{"floor":6,"key":"REST"},{"floor":15,"key":"REST"},{"floor":24,"key":"REST"},{"data":"After Image","floor":27,"key":"SMITH"},{"floor":30,"key":"RECALL"},{"data":"Enlightenment","floor":32,"key":"SMITH"}],"circlet_count":0,"master_deck":["Strike_G","Strike_G","Strike_G","Strike_G","Strike_G","Defend_G","Defend_G","Defend_G","Defend_G","Survivor","Neutralize","Noxious Fumes","Accuracy","Cloak And Dagger","Poisoned Stab","Noxious Fumes","Deflect","Blade Dance+1","Dodge and Roll","Bullet Time","Poisoned Stab","Prepared+1","Noxious Fumes","Apotheosis+1","Good Instincts","Dagger Spray","Escape Plan","Blade Dance","Well Laid Plans","After Image+1","PiercingWail","Cloak And Dagger+1","Outmaneuver+1","Accuracy","Chrysalis","Slice","Enlightenment+1","Acrobatics","Outmaneuver","Distraction","Bane","Bouncing Flask","Burst","Poisoned Stab","Envenom","Blade Dance","Poisoned Stab","Dramatic Entrance","Poisoned Stab+1","Deflect","Infinite Blades","Blade Dance"],"relics":["Ring of the Snake","Lantern","Membership Card","Dream Catcher","CeramicFish","Anchor","HornCleat","Regal Pillow","Golden Idol","Tiny Chest","MawBank","HoveringKite","MutagenicStrength","Meat on the Bone","Toolbox","Boot","Potion Belt","Pen Nib","Torii","Black Star","War Paint","Blood Vial","Omamori"],"acts_visited":["Exordium","TheCity","TheBeyond"],"potions_floor_usage":[7,16,21,21,40,40],"damage_taken":[{"damage":2,"enemies":"Small Slimes","floor":1,"turns":4},{"damage":0,"enemies":"2 Louse","floor":2,"turns":2},{"damage":0,"enemies":"Cultist","floor":4,"turns":3},{"damage":14,"enemies":"Lots of Slimes","floor":5,"turns":5},{"damage":21,"enemies":"Gremlin Nob","floor":7,"turns":4},{"damage":0,"enemies":"Looter","floor":8,"turns":3},{"damage":4,"enemies":"3 Louse","floor":11,"turns":4},{"damage":4,"enemies":"Blue Slaver","floor":12,"turns":4},{"damage":6,"enemies":"3 Sentries","floor":14,"turns":6},{"damage":18,"enemies":"Hexaghost","floor":16,"turns":8},{"damage":3,"enemies":"Chosen","floor":18,"turns":5},{"damage":23,"enemies":"Spheric Guardian","floor":19,"turns":7},{"damage":8,"enemies":"Centurion and Healer","floor":21,"turns":6},{"damage":25,"enemies":"Slavers","floor":23,"turns":5},{"damage":1,"enemies":"Gremlin Leader","floor":28,"turns":6},{"damage":10,"enemies":"Shelled Parasite and Fungi","floor":29,"turns":5},{"damage":41,"enemies":"Champ","floor":33,"turns":9},{"damage":15,"enemies":"Orb Walker","floor":35,"turns":4},{"damage":0,"enemies":"3 Shapes","floor":37,"turns":2},{"damage":8,"enemies":"Jaw Worm Horde","floor":38,"turns":3},{"damage":15,"enemies":"Spire Growth","floor":39,"turns":5},{"damage":34,"enemies":"Nemesis","floor":40,"turns":6},{"damage":32,"enemies":"Maw","floor":41,"turns":6}],"seed_played":"1702014843598558768","potions_obtained":[{"floor":1,"key":"Poison Potion"},{"floor":5,"key":"Swift Potion"},{"floor":11,"key":"Swift Potion"},{"floor":12,"key":"SkillPotion"},{"floor":19,"key":"FairyPotion"},{"floor":23,"key":"Regen Potion"},{"floor":28,"key":"Ancient Potion"},{"floor":39,"key":"CunningPotion"},{"floor":40,"key":"BlessingOfTheForge"}],"is_trial":false,"path_per_floor":["M","M","?","M","M","R","E","M","T","?","M","M","$","E","R","B",null,"M","M","?","M","$","E","R","?","T","R","E","M","R","T","R","B",null,"M","$","M","M","M","E","M"],"character_chosen":"THE_SILENT","items_purchased":["Lantern","Membership Card","Noxious Fumes","Dream Catcher","Accuracy","CeramicFish","Cloak And Dagger","Anchor","Tiny Chest","Apotheosis","Good Instincts","Dagger Spray","Escape Plan","Meat on the Bone","Accuracy","Chrysalis","Toolbox","Boot","Slice","Enlightenment","Acrobatics","Envenom","Blade Dance","War Paint","Poisoned Stab","Dramatic Entrance"],"campfire_rested":3,"item_purchase_floors":[0,0,0,0,0,0,0,0,13,13,13,13,13,22,22,22,22,22,22,22,22,36,36,36,36,36],"current_hp_per_floor":[36,36,36,36,22,43,22,22,22,22,18,14,14,8,44,26,59,56,33,33,25,25,33,69,69,69,69,68,58,58,58,58,29,60,45,45,45,37,34,27,0,0],"gold":395,"neow_bonus":"","is_daily":false,"chose_seed":false,"campfire_upgraded":2,"win_rate":0.0,"timestamp":1613728532,"path_taken":["M","M","?","M","M","R","E","M","T","?","M","M","$","E","R","BOSS","M","M","?","M","$","E","R","?","T","R","E","?","R","?","R","BOSS","M","$","?","M","M","E","M"],"items_purchased_type":["Relic","Relic","Card","Relic","Card","Relic","Card","Relic","Relic","Card","Card","Card","Card","Relic","Card","Card","Relic","Relic","Card","Card","Card","Card","Card","Relic","Card","Card"],"build_version":"2020-12-22","purchased_purges":2,"victory":false,"max_hp_per_floor":[70,70,70,70,70,70,70,70,70,70,70,70,70,70,70,70,70,70,70,70,70,70,70,70,70,70,70,70,70,70,70,70,70,70,70,70,70,70,70,70,70,70],"card_choices":[{"not_picked":["Flying Knee","Prepared"],"picked":"Poisoned Stab","floor":1},{"not_picked":["Catalyst","Sucker Punch"],"picked":"Noxious Fumes","floor":2},{"not_picked":["Calculated Gamble","Tactician"],"picked":"Deflect","floor":4},{"not_picked":["Sucker Punch","Deflect"],"picked":"Blade Dance","floor":5},{"not_picked":["All Out Attack","Deadly Poison"],"picked":"Dodge and Roll","floor":6},{"not_picked":["Deflect","Escape Plan"],"picked":"Bullet Time","floor":7},{"not_picked":["Endless Agony","Acrobatics"],"picked":"Poisoned Stab","floor":8},{"not_picked":["Flying Knee","Dodge and Roll"],"picked":"Prepared","floor":11},{"not_picked":["Slice","Dagger Throw"],"picked":"Noxious Fumes","floor":12},{"not_picked":["Phantasmal Killer","Prepared"],"picked":"Blade Dance","floor":14},{"not_picked":["Underhanded Strike","Predator"],"picked":"Well Laid Plans","floor":15},{"not_picked":["Corpse Explosion","Tools of the Trade"],"picked":"After Image","floor":16},{"not_picked":["Deflect","Flying Knee"],"picked":"PiercingWail","floor":18},{"not_picked":["Outmaneuver","Terror"],"picked":"Cloak And Dagger+1","floor":19},{"not_picked":["All Out Attack","Flying Knee"],"picked":"Outmaneuver+1","floor":21},{"not_picked":["Dagger Throw","Skewer+1"],"picked":"Outmaneuver","floor":23},{"not_picked":["Corpse Explosion","Prepared"],"picked":"Distraction","floor":24},{"not_picked":["Quick Slash+1","Underhanded Strike"],"picked":"Bane","floor":28},{"not_picked":["Quick Slash","Sucker Punch"],"picked":"Bouncing Flask","floor":29},{"not_picked":["Unload","A Thousand Cuts"],"picked":"Burst","floor":33},{"not_picked":["Sucker Punch+1","Backflip+1"],"picked":"Poisoned Stab","floor":35},{"not_picked":["Endless Agony","Backstab"],"picked":"Poisoned Stab+1","floor":37},{"not_picked":["Predator+1","Underhanded Strike+1"],"picked":"Deflect","floor":38},{"not_picked":["Slice","Prepared"],"picked":"Infinite Blades","floor":39},{"not_picked":["Distraction+1","Footwork+1"],"picked":"Blade Dance","floor":40}],"player_experience":290912,"relics_obtained":[{"floor":7,"key":"HornCleat"},{"floor":9,"key":"Regal Pillow"},{"floor":14,"key":"MawBank"},{"floor":23,"key":"Potion Belt"},{"floor":28,"key":"Pen Nib"},{"floor":31,"key":"Torii"},{"floor":40,"key":"Blood Vial"},{"floor":40,"key":"Omamori"}],"event_choices":[{"damage_healed":0,"gold_gain":175,"player_choice":"AGREE","damage_taken":0,"max_hp_gain":0,"max_hp_loss":0,"event_name":"Liars Game","floor":3,"gold_loss":0,"cards_obtained":["Doubt"]},{"damage_healed":0,"gold_gain":0,"player_choice":"Take Wound","damage_taken":0,"relics_obtained":["Golden Idol"],"max_hp_gain":0,"max_hp_loss":0,"event_name":"Golden Idol","floor":10,"gold_loss":0,"cards_obtained":["Injury"]},{"damage_healed":0,"gold_gain":0,"player_choice":"Inject Mutagens","damage_taken":0,"relics_obtained":["MutagenicStrength"],"max_hp_gain":0,"max_hp_loss":0,"event_name":"Drug Dealer","floor":20,"gold_loss":0},{"damage_healed":0,"gold_gain":0,"player_choice":"Forge","damage_taken":0,"max_hp_gain":0,"max_hp_loss":0,"event_name":"Accursed Blacksmith","floor":25,"gold_loss":0,"cards_upgraded":["Apotheosis"]}],"is_beta":false,"boss_relics":[{"not_picked":["Runic Dome","Coffee Dripper"],"picked":"HoveringKite"},{"not_picked":["SacredBark","Pandora\u0027s Box"],"picked":"Black Star"}],"items_purged_floors":[13,22],"is_endless":false,"potions_floor_spawned":[1,5,11,12,19,23,28,39,40],"killed_by":"Maw","ascension_level":5}}