{"host":"df48i9djcn92c5sx","time":1613742473,"event":{"mods":["Act Like it!","Arknights","BaseMod","Decade(王小明)","Downfall","Gensokyo","Marisa（F雨　魔理沙）","Minty Spire (QoL Compilation)","READ ME - Guardian Mod","READ ME - Snecko Mod","Reimu（博丽灵梦）","Remilia（蕾米莉亚）","Shop Mod","StSLib","The Jungle","The Servant 0.9.4"],"gold_per_floor":[118,118,128,148,148,148,168,168,168,181,181,215,215,64,64,64,64],"floor_reached":16,"language":"ZHS","playtime":544,"items_purged":["Strike_G"],"score":185,"play_id":"1564d262-144f-4ad6-9378-7a5ef7b14236","local_time":"20210219214753","is_ascension_mode":true,"campfire_choices":[{"floor":6,"key":"REST"},{"floor":8,"key":"REST"},{"data":"Prepared","floor":11,"key":"SMITH"},{"data":"Neutralize","floor":13,"key":"SMITH"},{"data":"Dagger Throw","floor":15,"key":"SMITH"}],"circlet_count":0,"master_deck":["AscendersBane","Strike_G","Strike_G","Strike_G","Strike_G","Defend_G+1","Defend_G","Defend_G","Defend_G","Defend_G","Survivor","Neutralize+1","Deflect+1","Slice","Flying Knee","Prepared+1","Dagger Throw+1","Underhanded Strike","Acrobatics"],"relics":["Ring of the Snake","Tough Bandages","Ninja Scroll","Bird Faced Urn","Question Card"],"acts_visited":["Exordium"],"potions_floor_usage":[10],"damage_taken":[{"damage":3,"enemies":"Cultist","floor":1,"turns":5},{"damage":7,"enemies":"Small Slimes","floor":3,"turns":3},{"damage":18,"enemies":"Jaw Worm","floor":4,"turns":6},{"damage":0,"enemies":"Looter","floor":7,"turns":4},{"damage":0,"enemies":"Exordium Wildlife","floor":10,"turns":3},{"damage":25,"enemies":"3 Sentries","floor":12,"turns":11},{"damage":28,"enemies":"Hexaghost","floor":16,"turns":12}],"seed_played":"-6063381113407028606","potions_obtained":[{"floor":4,"key":"Explosive Potion"}],"is_trial":false,"path_per_floor":["M","T","M","M","?","R","M","R","T","M","R","E","R","$","R","B"],"character_chosen":"THE_SILENT","items_purchased":["Underhanded Strike","Acrobatics"],"campfire_rested":2,"item_purchase_floors":[14,14],"current_hp_per_floor":[56,56,49,31,13,31,31,49,49,49,49,24,24,24,24,0,0],"gold":64,"neow_bonus":"ONE_RARE_RELIC","is_daily":false,"chose_seed":false,"campfire_upgraded":3,"win_rate":0.0,"timestamp":1613742473,"path_taken":["M","?","?","M","?","R","M","R","T","M","R","E","R","$","R","BOSS"],"items_purchased_type":["Card","Card"],"build_version":"2020-12-22","purchased_purges":1,"victory":false,"max_hp_per_floor":[60,60,60,60,60,60,60,60,60,60,60,60,60,60,60,60,60],"card_choices":[{"not_picked":["Dodge and Roll","Blade Dance","Sucker Punch"],"picked":"SKIP","floor":1},{"not_picked":["Finisher","Deadly Poison"],"picked":"Deflect","floor":3},{"not_picked":["Deflect","Dodge and Roll"],"picked":"Slice","floor":4},{"not_picked":["Outmaneuver","Setup"],"picked":"Flying Knee","floor":7},{"not_picked":["Footwork","Distraction"],"picked":"Prepared","floor":10},{"not_picked":["Dagger Spray","Grand Finale"],"picked":"Dagger Throw","floor":12}],"player_experience":1590493,"relics_obtained":[{"floor":2,"key":"Ninja Scroll"},{"floor":9,"key":"Bird Faced Urn"},{"floor":12,"key":"Question Card"}],"event_choices":[{"damage_healed":0,"gold_gain":0,"player_choice":"Entered Light","damage_taken":18,"max_hp_gain":0,"max_hp_loss":0,"event_name":"Shining Light","floor":5,"gold_loss":0,"cards_upgraded":["Defend_G","Deflect"]}],"is_beta":false,"boss_relics":[],"items_purged_floors":[14],"is_endless":false,"potions_floor_spawned":[4],"killed_by":"Hexaghost","ascension_level":17}}