{"host":"1ftto2vaskemldx8","time":1613768898,"event":{"mods":["BaseMod","Minty Spire (QoL Compilation)","Replay The Spire","StSLib","Together in Spire","[功能]功能增强和修复MOD"],"gold_per_floor":[117,4,4,29,29,29,78,117,142,181,181,146,146,204,204,336,336,387,411,275,339,397,450,450,514,538,585,651,731,647,647,647,792,792,821,731,669,698,723,772,772,827,852,907,837,837,864,920,985,1013,1013,1013,946,997,1036],"floor_reached":56,"language":"ZHS","playtime":5040,"items_purged":["Strike_P","Strike_P","Defend_P","Defend_P","Defend_P","Defend_P","Strike_P","Strike_P","Replay:ManipulateFuture","Regret","CarveReality+1","JustLucky+1","BowlingBash","Consecrate","LikeWater"],"score":1565,"play_id":"08875928-1b3a-467c-99ce-7dc6a8eccfdd","local_time":"20210220050818","is_ascension_mode":true,"campfire_choices":[{"floor":6,"key":"RECALL"},{"floor":15,"key":"REST"},{"data":"Apotheosis","floor":32,"key":"SMITH"},{"data":"Bandage Up","floor":41,"key":"SMITH"},{"data":"Eruption","floor":46,"key":"SMITH"},{"data":"DeusExMachina","floor":52,"key":"SMITH"}],"circlet_count":0,"master_deck":["Eruption+1","Vigilance","HandOfGreed+1","EmptyBody","Panache","MentalFortress","FlurryOfBlows","ThirdEye","FlurryOfBlows","InnerPeace","DevaForm","AbeCurse","Prostrate","Bandage Up+1","CarveReality","Halt+1","Sanctity","J.A.X.","DeceiveReality","BattleHymn","Apotheosis+1","Prostrate","ConjureBlade","Replay:Anticipation","Fasting2","Pray","FearNoEvil","Replay:AtTheReady","ForeignInfluence","MentalFortress+1","EmptyMind+1","Prostrate+1","DeusExMachina+1","FearNoEvil+1","Devotion"],"relics":["PureWater","Replay:Bandana","Pen Nib","MealTicket","Blue Candle","Nunchaku","Abe\u0027s Treasure","Membership Card","ReplayTheSpireMod:Lightbulb","Orichalcum","Ancient Tea Set","Strawberry","Juzu Bracelet","Toolbox","Pantograph","Bottled Flame","Happy Flower","BranchBurnRelic","VioletLotus","Replay:Rubber Ducky","Replay:Towering Pillar of Hats","Sling","Frozen Eye","Unceasing Top","Potion Belt","Bag of Marbles","Pet Ghost","PreservedInsect","Lantern","Lee\u0027s Waffle","ReplayTheSpireMod:Shallot","Eternal Feather","TungstenRod","Letter Opener","Gremlin Horn","Medical Kit","Replay:Multitool"],"acts_visited":["Exordium","TheCity","TheBeyond","TheEnding"],"potions_floor_usage":[8,8,12,14,16,16,19,21,22,23,25,25,27,27,28,29,33,35,40,40,42,47,50,50,55,55,55],"damage_taken":[{"damage":0,"enemies":"Small Slimes","floor":1,"turns":2},{"damage":0,"enemies":"Cultist","floor":4,"turns":4},{"damage":0,"enemies":"2 Louse","floor":7,"turns":2},{"damage":11,"enemies":"Lagavulin","floor":8,"turns":6},{"damage":14,"enemies":"Looter","floor":10,"turns":5},{"damage":25,"enemies":"3 Sentries","floor":12,"turns":8},{"damage":20,"enemies":"Gremlin Gang","floor":14,"turns":3},{"damage":21,"enemies":"The Guardian","floor":16,"turns":13},{"damage":10,"enemies":"Spheric Guardian","floor":18,"turns":4},{"damage":50,"enemies":"Chosen","floor":19,"turns":7},{"damage":4,"enemies":"Snecko","floor":21,"turns":4},{"damage":16,"enemies":"Shelled Parasite and Fungi","floor":22,"turns":3},{"damage":1,"enemies":"Book of Stabbing","floor":23,"turns":3},{"damage":4,"enemies":"3 Cultists","floor":25,"turns":3},{"damage":17,"enemies":"Gremlin Leader","floor":27,"turns":5},{"damage":4,"enemies":"Cultist and Chosen","floor":28,"turns":3},{"damage":17,"enemies":"Slavers","floor":29,"turns":2},{"damage":24,"enemies":"Collector","floor":33,"turns":5},{"damage":18,"enemies":"Orb Walker","floor":35,"turns":3},{"damage":4,"enemies":"3 Darklings","floor":38,"turns":4},{"damage":23,"enemies":"Spire Growth","floor":39,"turns":5},{"damage":26,"enemies":"Reptomancer","floor":40,"turns":4},{"damage":1,"enemies":"Nemesis","floor":42,"turns":5},{"damage":4,"enemies":"Jaw Worm Horde","floor":44,"turns":3},{"damage":3,"enemies":"3 Darklings","floor":47,"turns":2},{"damage":1,"enemies":"R_Hoarder","floor":48,"turns":4},{"damage":15,"enemies":"2 Orb Walkers","floor":49,"turns":3},{"damage":7,"enemies":"Donu and Deca","floor":50,"turns":4},{"damage":47,"enemies":"Shield and Spear","floor":54,"turns":3},{"damage":50,"enemies":"The Heart","floor":55,"turns":7}],"seed_played":"-7262214009822683808","potions_obtained":[{"floor":1,"key":"SkillPotion"},{"floor":4,"key":"Death Potion"},{"floor":7,"key":"StancePotion"},{"floor":8,"key":"Explosive Potion"},{"floor":8,"key":"PowerPotion"},{"floor":10,"key":"Fruit Juice"},{"floor":12,"key":"EssenceOfSteel"},{"floor":16,"key":"BottledMiracle"},{"floor":16,"key":"BottledMiracle"},{"floor":18,"key":"DuplicationPotion"},{"floor":21,"key":"Regen Potion"},{"floor":21,"key":"EssenceOfSteel"},{"floor":22,"key":"DistilledChaos"},{"floor":23,"key":"Fire Potion"},{"floor":25,"key":"Energy Potion"},{"floor":25,"key":"Strength Potion"},{"floor":28,"key":"Energy Potion"},{"floor":28,"key":"Adrenaline Potion"},{"floor":29,"key":"BlessingOfTheForge"},{"floor":29,"key":"FairyPotion"},{"floor":35,"key":"Strength Potion"},{"floor":38,"key":"Dexterity Potion"},{"floor":38,"key":"PowerPotion"},{"floor":39,"key":"Block Potion"},{"floor":42,"key":"SneckoOil"},{"floor":42,"key":"Milkshake"},{"floor":44,"key":"Ambrosia"},{"floor":48,"key":"Strength Potion"},{"floor":54,"key":"SpeedPotion"},{"floor":54,"key":"Reflective Coating"}],"is_trial":false,"path_per_floor":["M","$","?","M","?","R","M","E","T","M","?","E","?","M","R","B",null,"M","M","$","M","M","E","?","M","T","E","M","E","$","?","R","B",null,"M","$","$","M","M","E","R","E","T","M","$","R","M","E","R","B",null,"R","$","E","B",null],"character_chosen":"WATCHER","items_purchased":["BowlingBash","Panache","JustLucky+1","Replay:Bandana","Pen Nib","Membership Card","ReplayTheSpireMod:Lightbulb","Orichalcum","AttackPotion","Bandage Up","CarveReality","Apotheosis","Prostrate","Toolbox","Pantograph","Bottled Flame","Replay:Rubber Ducky","Replay:Towering Pillar of Hats","Sling","Fasting2","Pray","FearNoEvil","Frozen Eye","Unceasing Top","Potion Belt","Replay:AtTheReady","Lantern","Lee\u0027s Waffle","ReplayTheSpireMod:Shallot","Letter Opener","Gremlin Horn","Medical Kit"],"campfire_rested":1,"item_purchase_floors":[2,2,2,2,2,20,20,20,20,20,20,30,30,30,30,30,36,36,36,36,36,36,37,37,37,37,45,45,45,53,53,53],"current_hp_per_floor":[72,72,72,72,72,72,72,61,61,47,47,27,27,7,30,9,77,67,17,32,32,29,32,32,32,39,26,26,9,24,24,24,45,84,66,81,84,83,61,39,39,58,58,60,91,91,88,91,83,90,91,91,91,46,27],"gold":1036,"neow_bonus":"RANDOM_COLORLESS_2","is_daily":false,"chose_seed":false,"campfire_upgraded":4,"win_rate":0.0,"timestamp":1613768898,"path_taken":["M","$","?","M","?","R","?","E","T","M","?","E","?","M","R","BOSS","M","M","$","M","?","E","?","M","T","E","M","E","$","?","R","BOSS","M","?","$","M","M","E","R","E","T","M","$","R","M","E","R","BOSS","R","$","E","BOSS"],"items_purchased_type":["Card","Card","Card","Relic","Relic","Relic","Relic","Relic","Potion","Card","Card","Card","Card","Relic","Relic","Relic","Relic","Relic","Relic","Card","Card","Card","Relic","Relic","Relic","Card","Relic","Relic","Relic","Relic","Relic","Relic"],"build_version":"2020-12-22","purchased_purges":15,"victory":true,"max_hp_per_floor":[72,72,72,72,72,72,72,72,72,72,72,77,77,77,77,77,77,77,77,77,77,77,77,77,77,84,84,84,84,84,84,84,84,84,84,84,84,84,84,84,84,84,84,84,91,91,91,91,91,91,91,91,91,91,91],"card_choices":[{"not_picked":["ReplayUltimateDefense","Secret Technique"],"picked":"HandOfGreed","floor":0},{"not_picked":["Collect","Consecrate"],"picked":"EmptyBody","floor":1},{"not_picked":["Replay:BluntJabs","InnerPeace"],"picked":"MentalFortress","floor":4},{"not_picked":["Indignation","BowlingBash"],"picked":"Replay:ManipulateFuture","floor":7},{"not_picked":["Study","MentalFortress"],"picked":"ThirdEye","floor":8},{"not_picked":["Replay:AtTheReady","Blasphemy","Swivel"],"picked":"SKIP","floor":10},{"not_picked":["DeceiveReality","SashWhip"],"picked":"FlurryOfBlows","floor":12},{"not_picked":["BowlingBash","Study"],"picked":"InnerPeace","floor":14},{"not_picked":["Replay:AllIn","SpiritShield"],"picked":"DevaForm","floor":16},{"not_picked":["FlyingSleeves","Crescendo"],"picked":"Prostrate","floor":18},{"not_picked":["Replay:AtTheReady","Consecrate"],"picked":"CarveReality+1","floor":19},{"not_picked":["Conclude+1","FlyingSleeves"],"picked":"Halt+1","floor":21},{"not_picked":["SashWhip","JustLucky","Consecrate"],"picked":"SKIP","floor":22},{"not_picked":["Blasphemy","Replay:ManipulateFuture"],"picked":"Sanctity","floor":23},{"not_picked":["ThirdEye","Nirvana","FollowUp"],"picked":"SKIP","floor":25},{"not_picked":["WheelKick+1","BowlingBash"],"picked":"Consecrate","floor":27},{"not_picked":["FlyingSleeves","Replay:ManipulateFuture"],"picked":"DeceiveReality","floor":28},{"not_picked":["JustLucky","Vengeance"],"picked":"BattleHymn","floor":29},{"not_picked":["Establishment","Replay:AllIn"],"picked":"ConjureBlade","floor":33},{"not_picked":["Conclude+1","Evaluate"],"picked":"Replay:Anticipation","floor":35},{"not_picked":["Replay:AtTheReady","ThirdEye"],"picked":"ForeignInfluence","floor":38},{"not_picked":["Ragnarok","BowlingBash"],"picked":"MentalFortress+1","floor":39},{"not_picked":["JustLucky","Perseverance"],"picked":"LikeWater","floor":40},{"not_picked":["FlurryOfBlows","ReachHeaven"],"picked":"EmptyMind+1","floor":42},{"not_picked":["EmptyFist+1","Study"],"picked":"Prostrate+1","floor":44},{"not_picked":["Collect+1","Protect","FlurryOfBlows"],"picked":"SKIP","floor":47},{"not_picked":["EmptyBody+1","JustLucky"],"picked":"DeusExMachina","floor":48},{"not_picked":["Evaluate+1","BowlingBash"],"picked":"FearNoEvil+1","floor":49},{"not_picked":["Replay:ManipulateFuture","Protect+1"],"picked":"Devotion","floor":54}],"player_experience":165028,"relics_obtained":[{"floor":8,"key":"MealTicket"},{"floor":12,"key":"Nunchaku"},{"floor":23,"key":"Ancient Tea Set"},{"floor":26,"key":"Strawberry"},{"floor":27,"key":"Dead Branch"},{"floor":29,"key":"Juzu Bracelet"},{"floor":40,"key":"Bag of Marbles"},{"floor":42,"key":"Pet Ghost"},{"floor":43,"key":"PreservedInsect"},{"floor":48,"key":"Eternal Feather"},{"floor":49,"key":"TungstenRod"},{"floor":54,"key":"Replay:Multitool"}],"event_choices":[{"damage_healed":0,"gold_gain":0,"player_choice":"1 cards matched","damage_taken":0,"max_hp_gain":0,"max_hp_loss":0,"event_name":"Match and Keep!","floor":5,"gold_loss":0,"cards_obtained":["FlurryOfBlows"]},{"damage_healed":0,"gold_gain":0,"player_choice":"Box","damage_taken":0,"relics_obtained":["Blue Candle"],"max_hp_gain":0,"max_hp_loss":0,"event_name":"Big Fish","floor":11,"gold_loss":0,"cards_obtained":["Regret"]},{"damage_healed":0,"gold_gain":0,"player_choice":"Bought 0 Potions","damage_taken":0,"max_hp_gain":0,"max_hp_loss":0,"event_name":"The Woman in Blue","floor":13,"gold_loss":0},{"damage_healed":0,"gold_gain":0,"player_choice":"Obtain J.A.X.","damage_taken":0,"max_hp_gain":0,"max_hp_loss":0,"event_name":"Drug Dealer","floor":24,"gold_loss":0,"cards_obtained":["J.A.X."]},{"damage_healed":0,"gold_gain":0,"player_choice":"Fight","damage_taken":0,"max_hp_gain":0,"max_hp_loss":0,"event_name":"Mysterious Sphere","floor":49,"gold_loss":0}],"is_beta":false,"boss_relics":[{"not_picked":["Astrolabe","Snecko Eye"],"picked":"Abe\u0027s Treasure"},{"not_picked":["Calling Bell","Replay:Drink Me"],"picked":"VioletLotus"}],"items_purged_floors":[20,20,20,20,20,20,20,20,20,20,36,36,45,45,45],"is_endless":false,"potions_floor_spawned":[1,4,7,8,8,10,10,12,16,16,18,21,21,22,22,23,23,25,25,25,28,28,29,29,35,38,38,39,42,42,44,48,54,54],"ascension_level":2}}