{"host":"m3txpv198clqze8f","time":1613715136,"event":{"mods":["ATMod(°¢èªMod)","Act Like it!","BaseMod","Colored Powertips","Friendly Minions","GungeonMod","Minty Spire (QoL Compilation)","MostiFishMod","Quick Restart","Relic Filter Mod","StSLib"],"gold_per_floor":[119,119,119,139,139,139,169,182,182,194,213,23,23,42,42,137,137,153,153,171,187,87,155,223,258,258,258,378,443,537,629,721,721,746,898,898,1039,1127,1265,500,500,500,500,543,589,140,228,303,390,447,447,477],"floor_reached":53,"language":"ZHS","playtime":5615,"items_purged":["DemoMod:Strike_Huntress","Writhe","DemoMod:Strike_Huntress","DemoMod:Defend_Huntress"],"score":699,"play_id":"35db1354-7204-48f9-acf7-2828d2b17fc2","local_time":"20210219141216","is_ascension_mode":false,"campfire_choices":[{"data":"AT_ChampionKick","floor":6.0,"key":"SMITH"},{"data":"DemoMod:PotionOfGunFriendShip","floor":13.0,"key":"SMITH"},{"data":"DemoMod:SniperShot","floor":15.0,"key":"SMITH"},{"data":"DemoMod:PracticeMakesPerfect","floor":27.0,"key":"SMITH"},{"floor":33,"key":"REST"},{"data":"DemoMod:SkilledReload","floor":42,"key":"SMITH"},{"data":"DemoMod:BlankBullets","floor":51,"key":"SMITH"}],"circlet_count":0,"master_deck":["DemoMod:Defend_Huntress","DemoMod:Defend_Huntress","DemoMod:Roll","DemoMod:ManualReload","DemoMod:CrossBow","AT_ChampionKick+1","DemoMod:Camera","DemoMod:HardPowerCard","DemoMod:PotionOfGunFriendShip+1","DemoMod:SniperShot+1","DemoMod:ThirdPartyController","DemoMod:DarkMarker","DemoMod:PracticeMakesPerfect+1","DemoMod:HardPowerCard+1","DemoMod:FastSwitch+1","DemoMod:BlankBullets","DemoMod:TableSutra+1","DemoMod:Purify","DemoMod:Behold!","DemoMod:SkilledReload+1","Madness","Madness","DemoMod:BlankBullets+1","DemoMod:FightSabre"],"relics":["DemoMod:Dog","AT_ATBox","DaveBox","ShadowXiaoBlade","NeowsBlessing","SynthV:TestCard","MostiFishMod:Haymaker","DemoMod:DecoyRelic","AT_TimeSand","DemoMod:Wolf","Matryoshka","AT_MibuBalloonWealth","Pantograph","DemoMod:RatBoots","DemoMod:ResourcefulSack","DemoMod:PartiallyEatenCheese","RhineCircuit","HereWithMe","StrikeDummy","PreservedInsect","Ying","DemoMod:Bottle","Happy Flower","Blood Vial","Bronze Scales","Prayer Wheel","AT_SpeedBoots"],"acts_visited":["Exordium","TheCity","TheCity","TheBeyond"],"potions_floor_usage":[30,52],"damage_taken":[{"damage":0.0,"enemies":"Jaw Worm","floor":1.0,"turns":1.0},{"damage":0.0,"enemies":"2 Louse","floor":4.0,"turns":1.0},{"damage":0.0,"enemies":"3 Sentries","floor":7.0,"turns":1.0},{"damage":0.0,"enemies":"Cultist","floor":8.0,"turns":2.0},{"damage":0.0,"enemies":"Blue Slaver","floor":10.0,"turns":2.0},{"damage":0.0,"enemies":"2 Fungi Beasts","floor":11.0,"turns":2.0},{"damage":0.0,"enemies":"Exordium Wildlife","floor":14.0,"turns":3.0},{"damage":0.0,"enemies":"Slime Boss","floor":16.0,"turns":3.0},{"damage":0.0,"enemies":"Spheric Guardian","floor":18.0,"turns":2.0},{"damage":0.0,"enemies":"3 Byrds","floor":20.0,"turns":2.0},{"damage":0.0,"enemies":"Centurion and Healer","floor":21.0,"turns":3.0},{"damage":21.0,"enemies":"Shelled Parasite and Fungi","floor":24.0,"turns":3.0},{"damage":0.0,"enemies":"Snecko","floor":25.0,"turns":3.0},{"damage":0.0,"enemies":"DemoMod:4_Bullet_Kins_with_one_veteran","floor":28.0,"turns":2.0},{"damage":10.0,"enemies":"DemoMod:Veteran_shot_gun_kin_and_bullet_kin","floor":29.0,"turns":2.0},{"damage":10,"enemies":"DemoMod:Veteran_shot_gun_kin_and_red_shotgun_kin_with_gunsinger","floor":30,"turns":3},{"damage":0,"enemies":"DemoMod:Red_and_blue_shotgun_kin_with_gunsinger","floor":31,"turns":2},{"damage":28,"enemies":"DemoMod:Veteran_shot_gun_kin_and_blue_shotgun_kin_with_gunsinger","floor":32,"turns":2},{"damage":6,"enemies":"DemoMod:ResourcefulRat","floor":34,"turns":5},{"damage":10,"enemies":"DemoMod:ResourcefulRat","floor":35,"turns":4},{"damage":11,"enemies":"3 Darklings","floor":37,"turns":2},{"damage":0,"enemies":"3 Shapes","floor":38,"turns":2},{"damage":0,"enemies":"3 Darklings","floor":39,"turns":3},{"damage":0,"enemies":"Writhing Mass","floor":44,"turns":3},{"damage":2,"enemies":"Spire Growth","floor":47,"turns":3},{"damage":3,"enemies":"Mind Bloom Boss Battle","floor":48,"turns":4},{"damage":27,"enemies":"Jaw Worm Horde","floor":49,"turns":3},{"damage":0,"enemies":"Nemesis","floor":50,"turns":3},{"damage":64,"enemies":"Time Eater","floor":52,"turns":6}],"seed_played":"4076607248030147327","potions_obtained":[{"floor":1.0,"key":"BlessingOfTheForge"},{"floor":14.0,"key":"Explosive Potion"},{"floor":16.0,"key":"FairyPotion"},{"floor":20.0,"key":"FearPotion"},{"floor":25.0,"key":"FairyPotion"},{"floor":31,"key":"ColorlessPotion"},{"floor":37,"key":"GamblersBrew"},{"floor":47,"key":"DuplicationPotion"}],"is_trial":false,"path_per_floor":["M","?","?","M","T","R","E","M","T","M","M","$","R","M","R","B",null,"M","?","M","M","$","T","M","M","T","R","M","M","M","M","M","R","B","B",null,"M","M","M","$","?","R","?","M","T","$","M","?","M","E","R","B",null],"character_chosen":"HUNTRESS","items_purchased":["DemoMod:GnawedKey","DemoMod:SkilledReload","PreservedInsect","Ying","DemoMod:Bottle","Blood Vial","Bronze Scales"],"campfire_rested":1,"item_purchase_floors":[12,40,40,40,40,46,46],"current_hp_per_floor":[70,70,63,63,63,63,63,63,63,63,63,63,63,63,63,63,70,70,70,70,70,70,70,49,49,70,70,70,60,50,50,22,43,62,60,70,59,59,59,59,59,59,50,50,50,50,50,67,42,44,44,6],"gold":477,"neow_bonus":"THREE_ENEMY_KILL","is_daily":false,"chose_seed":false,"campfire_upgraded":6,"win_rate":0.0,"timestamp":1613715136,"path_taken":["M","?","?","M","?","R","E","M","T","M","M","?","R","M","R","BOSS","M","?","M","M","$","?","M","M","T","R","M","M","M","M","M","R","BOSS","BOSS","M","M","M","$","?","R","?","M","T","$","M","?","M","E","R","BOSS"],"items_purchased_type":["Relic","Card","Relic","Relic","Relic","Relic","Relic"],"build_version":"2020-12-22","purchased_purges":4,"victory":true,"max_hp_per_floor":[70,70,70,70,70,70,70,70,70,70,70,70,70,70,70,70,70,70,70,70,70,70,70,70,70,70,70,70,70,70,70,70,70,70,70,70,70,70,70,70,70,70,70,70,70,70,70,70,70,70,70,70],"card_choices":[{"not_picked":["DemoMod:TeaPot","DemoMod:ShadowBullets"],"picked":"DemoMod:Camera","floor":1.0},{"not_picked":["DemoMod:DoubleSwitch","DemoMod:FeignSurrender","DemoMod:Camera","DemoMod:RadGun"],"picked":"DemoMod:HardPowerCard","floor":4.0},{"not_picked":["DemoMod:FortunesFavor","DemoMod:CombinedRifle","DemoMod:MegaHand","DemoMod:AbyssalTentacle"],"picked":"DemoMod:PotionOfGunFriendShip","floor":7.0},{"not_picked":["DemoMod:BoxingGlove","DemoMod:BattleInHaste","DemoMod:StickyCrossBow","DemoMod:Ejector","DemoMod:MachoBrace"],"picked":"SKIP","floor":8.0},{"not_picked":["DemoMod:TeaPot","DemoMod:AC15","DemoMod:BalloonGun","DemoMod:MachoBrace","DemoMod:HuntsMan"],"picked":"SKIP","floor":10.0},{"not_picked":["DemoMod:Unity","DemoMod:Ejector","DemoMod:SAA","DemoMod:BattleInHaste"],"picked":"DemoMod:SniperShot","floor":11.0},{"not_picked":["DemoMod:SniperShot","DemoMod:LifeOrb","DemoMod:AWP","DemoMod:MachoBrace","DemoMod:BoxingGlove"],"picked":"SKIP","floor":14.0},{"not_picked":["DemoMod:GunslingerForm","DemoMod:BlackHoleGun","DemoMod:BalloonGun","DemoMod:BSG"],"picked":"DemoMod:ThirdPartyController","floor":16.0},{"not_picked":["DemoMod:GunslingerForm","DemoMod:SuppressiveFire","DemoMod:Elimentaler","DemoMod:Desperate"],"picked":"DemoMod:DarkMarker","floor":16.0},{"not_picked":["DemoMod:StickyCrossBow","DemoMod:HighKaliber+1","DemoMod:SAA","DemoMod:MegaHand"],"picked":"DemoMod:PracticeMakesPerfect","floor":18.0},{"not_picked":["DemoMod:TripleGun","DemoMod:TeaPot","DemoMod:SAA","DemoMod:RadGun+1","DemoMod:StickyCrossBow"],"picked":"SKIP","floor":20.0},{"not_picked":["DemoMod:HuntsMan","DemoMod:HungryBullets","DemoMod:GunstockTap","DemoMod:ProbeStrike+1","DemoMod:Polaris"],"picked":"SKIP","floor":21.0},{"not_picked":["DemoMod:Ejector","DemoMod:BlackHoleGun","DemoMod:BattleInHaste","DemoMod:JK47","DemoMod:SAA"],"picked":"SKIP","floor":24.0},{"not_picked":["DemoMod:MachoBrace","DemoMod:SAA","DemoMod:EasyReloadBullets","DemoMod:DoubleSwitch+1"],"picked":"DemoMod:Purify","floor":25.0},{"not_picked":["DemoMod:Ejector+1","DemoMod:PracticeMakesPerfect","DemoMod:CombinedRifle","DemoMod:DirectionalPad+1","DemoMod:MachoBrace"],"picked":"SKIP","floor":28.0},{"not_picked":["DemoMod:DirectionalPad","DemoMod:ShadowBullets+1","DemoMod:CursedBullets","DemoMod:BattleInHaste"],"picked":"DemoMod:HardPowerCard+1","floor":29.0},{"not_picked":["DemoMod:GunstockTap+1","DemoMod:AWP+1","DemoMod:AC15+1","DemoMod:BattleInHaste","DemoMod:SAA"],"picked":"SKIP","floor":30},{"not_picked":["DemoMod:BoxingGlove+1","DemoMod:Unmoved","DemoMod:SAA+1","DemoMod:HighKaliber+1"],"picked":"DemoMod:FastSwitch+1","floor":31},{"not_picked":["DemoMod:DoubleVision","DemoMod:DirectionalPad","DemoMod:MachoBrace","DemoMod:JK47","DemoMod:Camera+1"],"picked":"SKIP","floor":32},{"not_picked":["DemoMod:SuppressiveFire","DemoMod:DoubleVision","DemoMod:BSG","DemoMod:Desperate"],"picked":"DemoMod:BlankBullets","floor":35},{"not_picked":["DemoMod:HuntsMan","DemoMod:BoxingGlove","DemoMod:Unmoved","DemoMod:TeaPot","DemoMod:TripleGun"],"picked":"SKIP","floor":37},{"not_picked":["DemoMod:ConditionalReflex+1","DemoMod:GunShield+1","DemoMod:SAA","DemoMod:FinishedGun"],"picked":"DemoMod:TableSutra+1","floor":38},{"not_picked":["DemoMod:PotionOfGunFriendShip+1","DemoMod:Unmoved+1","DemoMod:StickyCrossBow+1","DemoMod:SniperShot"],"picked":"DemoMod:Purify","floor":39},{"not_picked":["DemoMod:TeaPot+1","DemoMod:ChanceBullets+1","DemoMod:GunstockTap+1","DemoMod:FastSwitch+1"],"picked":"DemoMod:Behold!","floor":39},{"not_picked":["DemoMod:SAA+1","DemoMod:DirectionalPad+1","DemoMod:HuntsMan","DemoMod:SkilledReload"],"picked":"DemoMod:BlankBullets","floor":44},{"not_picked":["DemoMod:Unmoved","DemoMod:AbyssalTentacle+1","DemoMod:AC15","DemoMod:TeaPot+1","DemoMod:PotionOfGunFriendShip"],"picked":"SKIP","floor":47},{"not_picked":["DemoMod:GunShield","DemoMod:BoxingGlove","DemoMod:TeaPot","DemoMod:PotionOfGunFriendShip","DemoMod:TripleGun"],"picked":"SKIP","floor":49},{"not_picked":["DemoMod:ChanceBullets","DemoMod:GunstockTap","DemoMod:Unity+1","DemoMod:DirectionalPad+1","DemoMod:HuntsMan"],"picked":"SKIP","floor":49},{"not_picked":["DemoMod:TeaPot+1","DemoMod:AbyssalTentacle","DemoMod:MachoBrace+1","DemoMod:BattleInHaste"],"picked":"DemoMod:FightSabre","floor":50}],"player_experience":140610,"relics_obtained":[{"floor":1.0,"key":"SynthV:TestCard"},{"floor":5.0,"key":"MostiFishMod:Haymaker"},{"floor":7.0,"key":"DemoMod:DecoyRelic"},{"floor":9.0,"key":"AT_TimeSand"},{"floor":23.0,"key":"AT_MibuBalloonWealth"},{"floor":23.0,"key":"Pantograph"},{"floor":36,"key":"DemoMod:RatBoots"},{"floor":36,"key":"DemoMod:ResourcefulSack"},{"floor":36,"key":"DemoMod:PartiallyEatenCheese"},{"floor":36,"key":"RhineCircuit"},{"floor":36,"key":"HereWithMe"},{"floor":36,"key":"StrikeDummy"},{"floor":45,"key":"Happy Flower"},{"floor":48,"key":"Prayer Wheel"},{"floor":50,"key":"AT_SpeedBoots"}],"event_choices":[{"cards_removed":["DemoMod:Defend_Huntress"],"damage_healed":0.0,"max_hp_gain":0.0,"max_hp_loss":0.0,"gold_gain":0.0,"event_name":"Golden Wing","player_choice":"Card Removal","floor":3.0,"gold_loss":0.0,"damage_taken":7.0},{"damage_healed":0.0,"max_hp_gain":0.0,"max_hp_loss":0.0,"gold_gain":0.0,"event_name":"The Mausoleum","player_choice":"Opened","floor":19.0,"gold_loss":0.0,"damage_taken":0.0,"relics_obtained":["Matryoshka"],"cards_obtained":["Writhe"]},{"cards_removed":["DemoMod:RustySidearm"],"damage_healed":0,"gold_gain":0,"player_choice":"Removed Attack","damage_taken":0,"max_hp_gain":0,"max_hp_loss":0,"event_name":"Falling","floor":41,"gold_loss":0},{"damage_healed":0,"gold_gain":0,"player_choice":"Embrace Madness","damage_taken":9,"max_hp_gain":0,"max_hp_loss":0,"event_name":"Winding Halls","floor":43,"gold_loss":0,"cards_obtained":["Madness","Madness"]},{"damage_healed":0,"gold_gain":0,"player_choice":"Fight","damage_taken":0,"max_hp_gain":0,"max_hp_loss":0,"event_name":"MindBloom","floor":48,"gold_loss":0}],"is_beta":false,"boss_relics":[{"not_picked":["EE1DDrone","FeatherPendant"],"picked":"DemoMod:Wolf"},{"not_picked":[]}],"items_purged_floors":[12,22,40,46],"is_endless":false,"potions_floor_spawned":[1,14,16,20,25,29,31,35,37,38,47,48],"ascension_level":0}}