{"host":"3862tm9rs55uv678","time":1613765664,"event":{"mods":["Act Like it!","BaseMod","Gensokyo","Marisa£®ÏF”Í°°ƒß¿Ì…≥£©","Minty Spire (QoL Compilation)","Remilia£®¿Ÿ√◊¿Ú—«£©","StSLib","Td1madao Mod","The Bug Knight","The Servant 0.9.4","Youmu£®ªÍ∆«—˝√Œ£©"],"gold_per_floor":[113,113,130,62,136,163,173,173,220,220,68,83,100,130,130,229,229,248,248,260,276,276,276,302,318,393,406,406,406],"floor_reached":28,"language":"ZHS","playtime":1738,"items_purged":[],"score":325,"play_id":"a903659b-ea68-401f-8dcd-f2cef5fd2174","local_time":"20210220041424","is_ascension_mode":false,"campfire_choices":[{"data":"ScarletImprint","floor":8,"key":"SMITH"},{"data":"CharismaGuard","floor":10,"key":"SMITH"},{"floor":15,"key":"REST"},{"data":"QueenOfMidnight","floor":23,"key":"SMITH"}],"circlet_count":0,"master_deck":["Strike_RM","Strike_RM","Strike_RM+1","Strike_RM+1","Defend_RM","Defend_RM","Defend_RM","Defend_RM","RedMoon","ScarletShoot","EndlessAdversity","ScarletImprint+1","CharismaGuard+1","Stigmanizer","MastersStateliness","RedRainbow","BlasphemousPunishment","BadLadyScramble","StarOfDavid","QueenOfMidnight+1","Septette+1","BloodHunter","RedNightlessCastle+1","Gensokyo:FourOfAKind","Gensokyo:FourOfAKind","Gensokyo:FourOfAKind","Gensokyo:FourOfAKind","DiffusionOfMisfortune+1","GlobalNightmare","TwelveNightmare"],"relics":["ScarletHat","NeowsBlessing","Letter Opener","Shuriken","Regal Pillow","Toy Ornithopter","Bag of Preparation","Whetstone","Philosopher\u0027s Stone","HollowMod:LifeEnderRelic","Pantograph","Frozen Eye"],"acts_visited":["Exordium","Gensokyo:Gensokyoer"],"potions_floor_usage":[3,16,24,27,28],"damage_taken":[{"damage":0,"enemies":"Cultist","floor":1,"turns":1},{"damage":0,"enemies":"Jaw Worm","floor":3,"turns":1},{"damage":0,"enemies":"Lagavulin","floor":6,"turns":1},{"damage":0,"enemies":"2 Louse","floor":7,"turns":2},{"damage":0,"enemies":"Blue Slaver","floor":12,"turns":3},{"damage":16,"enemies":"Exordium Thugs","floor":13,"turns":3},{"damage":13,"enemies":"Gremlin Nob","floor":14,"turns":3},{"damage":35,"enemies":"Hexaghost","floor":16,"turns":8},{"damage":0,"enemies":"Gensokyo:2_Gloops","floor":18,"turns":4},{"damage":16,"enemies":"Gensokyo:Chomper","floor":20,"turns":4},{"damage":11,"enemies":"Gensokyo:Monolith_and_Dog","floor":21,"turns":4},{"damage":30,"enemies":"Gensokyo:Reisen","floor":24,"turns":5},{"damage":31,"enemies":"Gensokyo:Wraith","floor":25,"turns":4},{"damage":45,"enemies":"Gensokyo:Slime_Group","floor":27,"turns":5},{"damage":16,"enemies":"Gensokyo:Koishi","floor":28,"turns":4}],"seed_played":"-6831298704178453017","potions_obtained":[{"floor":3,"key":"Fruit Juice"},{"floor":12,"key":"SneckoOil"},{"floor":13,"key":"FearPotion"},{"floor":16,"key":"SmokeBomb"},{"floor":24,"key":"Block Potion"},{"floor":25,"key":"CultistPotion"}],"is_trial":false,"path_per_floor":["M","T","M","$","T","E","M","R","T","R","$","M","M","E","R","B",null,"M","?","M","M","?","R","E","M","T","M","E"],"character_chosen":"REMILIA","items_purchased":["CharismaGuard","Stigmanizer","Bag of Preparation"],"campfire_rested":1,"item_purchase_floors":[4,4,11],"current_hp_per_floor":[75,75,80,80,80,80,80,80,80,80,80,80,64,54,80,52,80,80,80,76,66,56,56,56,31,31,3,0,0],"gold":406,"neow_bonus":"THREE_ENEMY_KILL","is_daily":false,"chose_seed":false,"campfire_upgraded":3,"win_rate":0.0,"timestamp":1613765664,"path_taken":["M","?","M","?","?","E","M","R","T","R","?","M","?","E","R","BOSS","M","?","M","M","?","R","E","M","T","M","E"],"items_purchased_type":["Card","Card","Relic"],"build_version":"2020-12-22","purchased_purges":0,"victory":false,"max_hp_per_floor":[75,75,80,80,80,80,80,80,80,80,80,80,80,80,80,80,80,80,80,80,80,56,56,56,56,56,56,56,56],"card_choices":[{"not_picked":["UnderTheZenith","BloodHunter"],"picked":"EndlessAdversity","floor":1},{"not_picked":["EndlessAdversity","RedMagic"],"picked":"ScarletImprint","floor":3},{"not_picked":["NightLord","BloodRain"],"picked":"MastersStateliness","floor":6},{"not_picked":["EmergencyRegeneration","Septette"],"picked":"RedRainbow","floor":7},{"not_picked":["ScarletDevil","CharismaGuard"],"picked":"BlasphemousPunishment","floor":12},{"not_picked":["BombardNight","ScarletImprint"],"picked":"BadLadyScramble","floor":13},{"not_picked":["HellCatastrophe","Stigmanizer"],"picked":"StarOfDavid","floor":14},{"not_picked":["BloodRain","HeartBreak"],"picked":"QueenOfMidnight","floor":16},{"not_picked":["RedRainbow","ScarletSymphony"],"picked":"Septette+1","floor":18},{"not_picked":["StarOfDavid","BlasphemousPunishment"],"picked":"BloodHunter","floor":20},{"not_picked":["ScarletImprint+1","BlasphemousPunishment"],"picked":"RedNightlessCastle+1","floor":21},{"not_picked":["BloodRain","BloodHunter"],"picked":"DiffusionOfMisfortune+1","floor":24},{"not_picked":["StarOfDavid+1","SuperhumanBloodyKnife"],"picked":"GlobalNightmare","floor":25},{"not_picked":["UnstableMagic","ScarletImprint"],"picked":"TwelveNightmare","floor":27}],"player_experience":108812,"relics_obtained":[{"floor":2,"key":"Letter Opener"},{"floor":5,"key":"Shuriken"},{"floor":6,"key":"Regal Pillow"},{"floor":9,"key":"Toy Ornithopter"},{"floor":14,"key":"Whetstone"},{"floor":24,"key":"HollowMod:LifeEnderRelic"},{"floor":26,"key":"Pantograph"}],"event_choices":[],"is_beta":false,"boss_relics":[{"not_picked":["Busted Crown","Snecko Eye"],"picked":"Philosopher\u0027s Stone"}],"items_purged_floors":[],"is_endless":false,"potions_floor_spawned":[3,12,13,16,24,25],"killed_by":"Gensokyo:Koishi","ascension_level":0}}