{"host":"a1eatafr7pisesky","time":1613709983,"event":{"mods":["AchievementEnabler","BaseMod","Colored Map","Keyboard Shortcuts","Minty Spire (QoL Compilation)","Say the Spire","StSLib","SuperFastMode","everything is the same but u backflip on backflip"],"gold_per_floor":[117,117,42,60,60,60,297,324,377,452,470,496,421,433,433,509,509,526,182,182,202,212,237,237,248,272,307,307,232,232,247,247,318,318,334,334,334,23,48,48,68,94,120,153,165,196,21,31,31,31,31,31,31,58,58],"floor_reached":56,"language":"KOR","playtime":1367,"items_purged":["Strike_P","Defend_P","Defend_P","EmptyBody","ClearTheMind+1"],"score":2586,"play_id":"c4fd7e67-e8d6-4671-934a-f04f268800e9","local_time":"20210219134623","is_ascension_mode":true,"campfire_choices":[{"data":"Eruption","floor":6.0,"key":"SMITH"},{"floor":15.0,"key":"REST"},{"data":"Adaptation","floor":24.0,"key":"SMITH"},{"data":"Master of Strategy","floor":30.0,"key":"SMITH"},{"floor":32.0,"key":"REST"},{"data":"Adaptation","floor":40.0,"key":"SMITH"},{"floor":49.0,"key":"RECALL"},{"data":"Purity","floor":52.0,"key":"SMITH"}],"circlet_count":0,"master_deck":["AscendersBane","Eruption+1","Adaptation+1","FlurryOfBlows","Master of Strategy+1","FlurryOfBlows","MentalFortress","Indignation","Adaptation+1","InnerPeace","Purity+1"],"relics":["PureWater","NeowsBlessing","Pocketwatch","Damaru","Anchor","Gambling Chip","Astrolabe","Happy Flower","Bronze Scales","Shuriken","Empty Cage","ClockworkSouvenir","GoldenEye","Shovel","Bag of Preparation","Vajra"],"acts_visited":["Exordium","TheCity","TheBeyond","TheEnding"],"potions_floor_usage":[55],"damage_taken":[{"damage":0.0,"enemies":"Small Slimes","floor":1.0,"turns":2.0},{"damage":0.0,"enemies":"2 Louse","floor":4.0,"turns":1.0},{"damage":0.0,"enemies":"Gremlin Nob","floor":8.0,"turns":1.0},{"damage":0.0,"enemies":"Jaw Worm","floor":11.0,"turns":3.0},{"damage":33.0,"enemies":"Lagavulin","floor":12.0,"turns":4.0},{"damage":11.0,"enemies":"Large Slime","floor":14.0,"turns":5.0},{"damage":17.0,"enemies":"The Guardian","floor":16.0,"turns":13.0},{"damage":9.0,"enemies":"Chosen","floor":18.0,"turns":3.0},{"damage":0.0,"enemies":"Shell Parasite","floor":21.0,"turns":3.0},{"damage":0.0,"enemies":"Shelled Parasite and Fungi","floor":22.0,"turns":2.0},{"damage":0.0,"enemies":"Gremlin Leader","floor":23.0,"turns":4.0},{"damage":10.0,"enemies":"Snecko","floor":25.0,"turns":4.0},{"damage":4.0,"enemies":"Book of Stabbing","floor":27.0,"turns":3.0},{"damage":0.0,"enemies":"3 Cultists","floor":31.0,"turns":2.0},{"damage":0.0,"enemies":"Collector","floor":33.0,"turns":2.0},{"damage":0.0,"enemies":"3 Shapes","floor":35.0,"turns":1.0},{"damage":0.0,"enemies":"Mind Bloom Boss Battle","floor":39.0,"turns":2.0},{"damage":0.0,"enemies":"3 Darklings","floor":41.0,"turns":1.0},{"damage":0.0,"enemies":"Giant Head","floor":42.0,"turns":1.0},{"damage":0.0,"enemies":"Reptomancer","floor":44.0,"turns":2.0},{"damage":0.0,"enemies":"4 Shapes","floor":45.0,"turns":1.0},{"damage":0.0,"enemies":"Nemesis","floor":46.0,"turns":1.0},{"damage":0.0,"enemies":"Maw","floor":48.0,"turns":1.0},{"damage":0.0,"enemies":"Donu and Deca","floor":50.0,"turns":1.0},{"damage":0.0,"enemies":"Shield and Spear","floor":54.0,"turns":1.0},{"damage":47,"enemies":"The Heart","floor":55,"turns":4}],"seed_played":"3624393869334790923","potions_obtained":[{"floor":4.0,"key":"EssenceOfSteel"},{"floor":14.0,"key":"Swift Potion"},{"floor":18.0,"key":"SneckoOil"},{"floor":27.0,"key":"SpeedPotion"},{"floor":46.0,"key":"FairyPotion"},{"floor":54,"key":"Dexterity Potion"}],"is_trial":false,"path_per_floor":["M","?","$","M","?","R","$","E","T","?","M","E","?","M","R","B",null,"M","$","?","M","M","E","R","M","T","E","?","?","R","M","R","B",null,"M","?","?","$","?","R","M","E","T","E","M","E","$","M","R","B",null,"R","$","E","B",null],"character_chosen":"WATCHER","items_purchased":["Adaptation","FlurryOfBlows","Pocketwatch","Master of Strategy","MentalFortress","Indignation","BottledMiracle","ClockworkSouvenir"],"campfire_rested":2,"item_purchase_floors":[7,7,7,7,19,19,19,38],"current_hp_per_floor":[61,66,66,66,59,59,59,59,59,48,48,15,15,4,25,8,57,48,48,48,48,48,48,48,38,38,34,34,34,34,34,55,55,69,69,59,59,59,59,59,59,59,59,59,59,59,59,59,59,59,70,70,70,70,23],"gold":58,"neow_bonus":"THREE_ENEMY_KILL","is_daily":false,"chose_seed":false,"campfire_upgraded":5,"win_rate":0.0,"timestamp":1613709983,"path_taken":["M","?","$","M","?","R","$","E","T","?","M","E","?","M","R","BOSS","M","$","?","M","M","E","R","M","T","E","?","?","R","M","R","BOSS","M","?","?","$","?","R","M","E","T","E","M","E","?","M","R","BOSS","R","$","E","BOSS"],"items_purchased_type":["Card","Card","Relic","Card","Card","Card","Potion","Relic"],"build_version":"2020-12-22","purchased_purges":5,"victory":true,"max_hp_per_floor":[68,73,73,73,73,73,73,73,73,73,73,73,73,73,73,73,73,73,73,73,73,73,73,73,73,73,73,73,73,73,73,73,73,73,73,73,73,73,73,73,73,73,73,73,73,73,73,73,73,73,73,73,73,73,73],"card_choices":[{"not_picked":["CrushJoints","ForeignInfluence","Weave"],"picked":"SKIP","floor":1.0},{"not_picked":["SashWhip","ClearTheMind"],"picked":"EmptyBody","floor":4.0},{"not_picked":["FlyingSleeves","Study"],"picked":"FlurryOfBlows","floor":8.0},{"not_picked":["Blasphemy","JustLucky","FlyingSleeves"],"picked":"SKIP","floor":11.0},{"not_picked":["Halt","Wireheading","Crescendo"],"picked":"SKIP","floor":12.0},{"not_picked":["ThirdEye","Evaluate","EmptyMind"],"picked":"SKIP","floor":14.0},{"not_picked":["ClearTheMind","FlurryOfBlows","JustLucky"],"picked":"SKIP","floor":18.0},{"not_picked":["ThirdEye","Halt","Evaluate"],"picked":"SKIP","floor":21.0},{"not_picked":["Crescendo","FlurryOfBlows+1","Evaluate+1"],"picked":"SKIP","floor":22.0},{"not_picked":["Protect","FlurryOfBlows"],"picked":"Adaptation","floor":23.0},{"not_picked":["Wish","Crescendo","Evaluate"],"picked":"SKIP","floor":25.0},{"not_picked":["FollowUp","SashWhip"],"picked":"InnerPeace","floor":27.0},{"not_picked":["ClearTheMind","FlyingSleeves","Crescendo"],"picked":"SKIP","floor":31.0},{"not_picked":["Fasting2","Worship+1","Prostrate+1"],"picked":"SKIP","floor":35.0},{"not_picked":["HandOfGreed","Secret Technique"],"picked":"Purity","floor":36.0},{"not_picked":["Protect","FollowUp","PathToVictory"],"picked":"SKIP","floor":41.0},{"not_picked":["WindmillStrike","PathToVictory+1","FollowUp"],"picked":"SKIP","floor":42.0},{"not_picked":["CutThroughFate","SandsOfTime","SashWhip"],"picked":"SKIP","floor":44.0},{"not_picked":["FollowUp","Sanctity","Nirvana"],"picked":"SKIP","floor":45.0},{"not_picked":["Vault","EmptyBody","Halt"],"picked":"SKIP","floor":46.0},{"not_picked":["Prostrate","JustLucky+1","FlyingSleeves+1"],"picked":"SKIP","floor":48.0},{"not_picked":["Crescendo","Prostrate","DeusExMachina"],"picked":"SKIP","floor":54}],"player_experience":472969,"relics_obtained":[{"floor":8.0,"key":"Damaru"},{"floor":9.0,"key":"Anchor"},{"floor":12.0,"key":"Gambling Chip"},{"floor":23.0,"key":"Happy Flower"},{"floor":26.0,"key":"Bronze Scales"},{"floor":27.0,"key":"Shuriken"},{"floor":39.0,"key":"GoldenEye"},{"floor":42.0,"key":"Shovel"},{"floor":44.0,"key":"Bag of Preparation"},{"floor":46.0,"key":"Vajra"}],"event_choices":[{"damage_healed":0.0,"max_hp_gain":5.0,"max_hp_loss":0.0,"gold_gain":0.0,"event_name":"Big Fish","player_choice":"Donut","floor":2.0,"gold_loss":0.0,"damage_taken":0.0},{"cards_removed":["Defend_P"],"damage_healed":0.0,"max_hp_gain":0.0,"max_hp_loss":0.0,"gold_gain":0.0,"event_name":"Golden Wing","player_choice":"Card Removal","floor":5.0,"gold_loss":0.0,"damage_taken":7.0},{"damage_healed":0.0,"max_hp_gain":0.0,"max_hp_loss":0.0,"gold_gain":75.0,"event_name":"World of Goop","player_choice":"Gather Gold","floor":10.0,"gold_loss":0.0,"damage_taken":11.0},{"cards_removed":["Strike_P"],"damage_healed":0.0,"max_hp_gain":0.0,"max_hp_loss":0.0,"gold_gain":0.0,"event_name":"The Cleric","player_choice":"Card Removal","floor":13.0,"gold_loss":75.0,"damage_taken":0.0},{"damage_healed":0.0,"max_hp_gain":0.0,"max_hp_loss":0.0,"gold_gain":0.0,"event_name":"The Library","player_choice":"Read","floor":20.0,"gold_loss":0.0,"damage_taken":0.0,"cards_obtained":["TalkToTheHand"]},{"damage_healed":0.0,"max_hp_gain":0.0,"max_hp_loss":0.0,"gold_gain":0.0,"event_name":"Cursed Tome","player_choice":"Ignored","floor":28.0,"gold_loss":0.0,"damage_taken":0.0},{"cards_removed":["WindmillStrike"],"damage_healed":0.0,"max_hp_gain":0.0,"max_hp_loss":0.0,"gold_gain":0.0,"event_name":"Beggar","player_choice":"Gave Gold","floor":29.0,"gold_loss":75.0,"damage_taken":0.0},{"damage_healed":0.0,"max_hp_gain":0.0,"max_hp_loss":0.0,"gold_gain":0.0,"event_name":"SensoryStone","player_choice":"Memory 3","floor":36.0,"gold_loss":0.0,"damage_taken":10.0},{"cards_removed":["TalkToTheHand"],"damage_healed":0.0,"max_hp_gain":0.0,"max_hp_loss":0.0,"gold_gain":0.0,"event_name":"Falling","player_choice":"Removed Attack","floor":37.0,"gold_loss":0.0,"damage_taken":0.0},{"damage_healed":0.0,"max_hp_gain":0.0,"max_hp_loss":0.0,"gold_gain":0.0,"event_name":"MindBloom","player_choice":"Fight","floor":39.0,"gold_loss":0.0,"damage_taken":0.0}],"is_beta":false,"boss_relics":[{"not_picked":["Fusion Hammer","Pandora\u0027s Box"],"picked":"Astrolabe"},{"not_picked":["Tiny House","Runic Pyramid"],"picked":"Empty Cage"}],"items_purged_floors":[3,7,19,38,47],"is_endless":false,"potions_floor_spawned":[4,14,18,21,27,33,41,46,48,54],"ascension_level":16}}