{"host":"mfgjat5rctdaqztb","time":1613721513,"event":{"mods":["2.2 Compatiblity","AchievementEnabler","Act Like it!","BaseMod","Bestiary","Better Altar","Better Match","Better Note","Better Sensory Stone","Better Skull","Better Third Choice","Better Vampires","Block Reminder","CapriCore","Chen","Friendly Minions","Gensokyo","Halation","Infinite Spire","Ironclad Rager","Koishi","Marisa????????","Minty Spire (QoL Compilation)","Onozuka Komachi Mod","Quick Restart","Random Character Button","Rare Cards Sparkle","Reimu??????","Remilia??????","Shop Mod","Spicy Shops","StSLib","The Administrix","The Hayseed","The Immortal","The Kombatant","The Servant 0.9.4","Uncapped","UnlockEverythingMod","Waifu the Spire","Yakumo Yukari mod","Yuri Mod","Yuyuko"],"gold_per_floor":[134,134,162,26,26,26,60,96,177,205,205,205,35,52,52,148,98,140,67,33,74,112,170,185,185,208,208,133,152,161,182,182,195,195],"floor_reached":33,"language":"ENG","playtime":3075,"items_purged":[],"score":345,"play_id":"2cc83342-8f50-4a1e-9d6b-9deed6e283d0","local_time":"20210219025833","is_ascension_mode":false,"campfire_choices":[{"data":"Mirror_Drifter_purple","floor":6.0,"key":"SMITH"},{"floor":11.0,"key":"REST"},{"data":"Apotheosis","floor":15.0,"key":"SMITH"},{"data":"LoveAcrossDimensions_purple","floor":25.0,"key":"SMITH"},{"floor":32.0,"key":"REST"}],"circlet_count":1,"master_deck":["AT_purpleEX","AT_purpleEX","AT_purpleEX","AT_purpleEX","Defend_purpleEX","Defend_purpleEX","Defend_purpleEX","Defend_purpleEX","Observe_purple_1","Observe_purple_2","Mirror_Drifter_purple+1","SharpContractionReality_purple","Fantasy_PerpetualMotionMachine_purple","DimensionStaggered_purple","Charmbait_purple","Mirror_FormAndEmptin_purple","MeetDecomposer_purple","Know_ledgeAbilityRealm_purple","Apotheosis+1","WasteWire_Metro_purple","AT_purpleEX","Line_surface_state_purple","StateErode_purple","ExternalForce_HighSpeedFlying_purple","DarkRealmRedLine_purple","ExistenceContinue_purple+1","WingOfChimera_purple","LoveAcrossDimensions_purple+1","Shallow_ocean_purpleEX","Night Terror","GluttonyofRealm_purpleEX+1","RuleDissolution_purple","SfantasyHide_purple","Photoelasticity_Doppler_Effect_purple","StateDuplicate_purple+1"],"relics":["Boundary_crack","Memoryfragments_purpleEX","Dream Catcher","halation:PinkSoulGem","Blood Vial","halation:BottledLove","Gensokyo:NagashiBinaDoll","Circlet","AntiCross","halation:IllGainedPizza","halation:SelfBoilingWater"],"acts_visited":[],"potions_floor_usage":[],"damage_taken":[{"damage":4.0,"enemies":"Gensokyo:Gryphon","floor":1.0,"turns":4.0},{"damage":5.0,"enemies":"Gensokyo:2_Kodama","floor":3.0,"turns":4.0},{"damage":42.0,"enemies":"Gensokyo:Cirno","floor":7.0,"turns":9.0},{"damage":0.0,"enemies":"Gensokyo:Python","floor":8.0,"turns":3.0},{"damage":20.0,"enemies":"Gensokyo:Mamizou","floor":10.0,"turns":10.0},{"damage":8.0,"enemies":"Gensokyo:Kitsune","floor":14.0,"turns":3.0},{"damage":12.0,"enemies":"Gensokyo:Yukari","floor":16.0,"turns":9.0},{"damage":4.0,"enemies":"Gensokyo:AngelMirror","floor":18.0,"turns":3.0},{"damage":0.0,"enemies":"Gensokyo:2_Gloops","floor":21.0,"turns":4.0},{"damage":21.0,"enemies":"Gensokyo:Monolith_and_Dog","floor":22.0,"turns":4.0},{"damage":42.0,"enemies":"Gensokyo:Koishi","floor":23.0,"turns":5.0},{"damage":10.0,"enemies":"Gensokyo:Chomper_and_Gloop","floor":24.0,"turns":4.0},{"damage":0.0,"enemies":"Gensokyo:Wraith","floor":29.0,"turns":4.0},{"damage":21.0,"enemies":"Gensokyo:Reisen","floor":30.0,"turns":4.0},{"damage":17.0,"enemies":"Gensokyo:Slime_Group","floor":31.0,"turns":2.0},{"damage":34,"enemies":"Gensokyo:Kaguya","floor":33,"turns":6}],"seed_played":"1799331354287008756","potions_obtained":[{"floor":1.0,"key":"Regen Potion"},{"floor":8.0,"key":"Ancient Potion"},{"floor":10.0,"key":"Fruit Juice"},{"floor":14.0,"key":"ZuzhouPotion:ReiMu"},{"floor":21.0,"key":"GrandPatriotsElixir:ReiMu"},{"floor":22.0,"key":"GrandPatriotsElixir:ReiMu"},{"floor":23.0,"key":"LiquidMemories"},{"floor":29.0,"key":"Swift Potion"}],"is_trial":false,"path_per_floor":["M","?","M","$","?","R","E","M","T","E","R","?","$","M","R","B",null,"M","$","$","M","M","E","M","R","T","?","?","M","E","M","R","B"],"character_chosen":"Youkari","items_purchased":["Fantasy_PerpetualMotionMachine_purple","DimensionStaggered_purple","Apotheosis","ExternalForce_HighSpeedFlying_purple","DarkRealmRedLine_purple"],"campfire_rested":2,"item_purchase_floors":[4,4,13,19,20],"current_hp_per_floor":[75,60,66,66,66,66,27,33,33,25,49,49,49,45,45,38,77,74,74,74,77,61,32,24,24,24,17,17,25,17,6,31,0,0],"gold":195,"neow_bonus":"TEN_PERCENT_HP_BONUS","is_daily":false,"chose_seed":false,"campfire_upgraded":3,"win_rate":0.0,"timestamp":1613721513,"path_taken":["M","?","M","$","?","R","E","M","T","E","R","?","$","?","R","BOSS","M","?","$","M","M","E","M","R","T","?","?","M","E","?","R","BOSS"],"items_purchased_type":["Card","Card","Card","Card","Card"],"build_version":"2020-12-22","purchased_purges":0,"victory":false,"max_hp_per_floor":[77,77,77,77,77,77,77,77,77,82,82,82,82,82,82,82,77,77,77,77,77,77,77,77,77,77,77,77,81,81,85,85,85,85],"card_choices":[{"not_picked":["Mirror_WaveAndshot_purple","Mirror_FormAndEmptin_purple"],"picked":"Mirror_Drifter_purple","floor":1.0},{"not_picked":["Shallow_ocean_purpleEX","Realm_recovery_purpleEX"],"picked":"SharpContractionReality_purple","floor":3.0},{"not_picked":["DarkRealmRedLine_purple","Umbrella_purple"],"picked":"Charmbait_purple","floor":7.0},{"not_picked":["Umbrella_purple","StateDuplicate_purple"],"picked":"Mirror_FormAndEmptin_purple","floor":8.0},{"not_picked":["DimensionStaggered_purple","SfantasyHide_purple"],"picked":"MeetDecomposer_purple","floor":10.0},{"not_picked":["Boundary_ObjectiveBoundary_purple","Erosivefilter_purple"],"picked":"Know_ledgeAbilityRealm_purple","floor":11.0},{"not_picked":["Mirror_FormAndEmptin_purple","Boundary_ObjectiveBoundary_purple"],"picked":"Erosivefilter_purple","floor":14.0},{"not_picked":["WangLiang_OokamiKakushi_purple","Human_Monster_Realm_purple"],"picked":"WasteWire_Metro_purple","floor":16.0},{"not_picked":["PositiveMatter_Antimatter_Universe_purple+1","StateDuplicate_purple+1"],"picked":"StateErode_purple","floor":18.0},{"not_picked":["Anti_communist_purple+1","Umbrella_purple"],"picked":"ExistenceContinue_purple+1","floor":21.0},{"not_picked":["Line_surface_state_purple","Extrememeaning_purpleEX+1"],"picked":"WingOfChimera_purple","floor":22.0},{"not_picked":["Extrememeaning_purpleEX","SfantasyHide_purple"],"picked":"LoveAcrossDimensions_purple","floor":23.0},{"not_picked":["SfantasyHide_purple","Boundary_DreamRealityDamnation_purple"],"picked":"Shallow_ocean_purpleEX","floor":24.0},{"not_picked":["Boundary_LifeAndDeath_purple+1","D_absorption_purple+1"],"picked":"GluttonyofRealm_purpleEX+1","floor":28.0},{"not_picked":["Boundary_ObjectiveBoundary_purple","ExistenceContinue_purple"],"picked":"RuleDissolution_purple","floor":29.0},{"not_picked":["WingOfChimera_purple","RealityDreamConfluencek_purple"],"picked":"SfantasyHide_purple","floor":30.0},{"not_picked":["MeetDecomposer_purple","SharpContractionReality_purple+1"],"picked":"Photoelasticity_Doppler_Effect_purple","floor":31.0},{"not_picked":["DarkRealmRedLine_purple","SfantasyHide_purple"],"picked":"StateDuplicate_purple+1","floor":32.0}],"player_experience":340563,"relics_obtained":[{"floor":7.0,"key":"Blood Vial"},{"floor":10.0,"key":"halation:BottledLove"},{"floor":23.0,"key":"AntiCross"},{"floor":26.0,"key":"halation:IllGainedPizza"},{"floor":30.0,"key":"halation:SelfBoilingWater"}],"event_choices":[{"damage_healed":0.0,"max_hp_gain":0.0,"max_hp_loss":0.0,"gold_gain":0.0,"event_name":"betterMatch:BetterMatch","player_choice":"2","floor":28.0,"gold_loss":0.0,"damage_taken":0.0,"cards_obtained":["betterMatch:RareCard"]}],"is_beta":false,"boss_relics":[{"not_picked":["halation:ForbiddenBikini","Snecko Eye"],"picked":"energizedSpire:HugeHouse"}],"items_purged_floors":[],"is_endless":false,"potions_floor_spawned":[1,8,10,14,21,22,23,29],"killed_by":"Gensokyo:Kaguya","ascension_level":0}}