{"host":"zmnaju399zpax9sm","time":1613752393,"event":{"mods":["BaseMod","Hermit","Minty Spire (QoL Compilation)","StSLib","The Cursed","The Poker Player","The Runesmith"],"gold_per_floor":[110,110,110,127,144,144,171,171,252,252,279,290,323,341,341,441,441,456,456,16,34,34,64,83,112,112,112,211,239,259,273,273,376,376,396,412,130,149,168,201,181,211,260,275,287,298,310,344,344,344,344,344,170,199,199,199,199],"floor_reached":55,"language":"KOR","playtime":4026,"items_purged":["PokerPlayerMod:Diamond2"],"score":959,"play_id":"d3b818f0-1bd3-4e10-a08a-6f64543d006a","local_time":"20210220013313","is_ascension_mode":true,"metric_token":478,"campfire_choices":[{"data":"PokerPlayerMod:TrumpStrike","floor":6.0,"key":"SMITH"},{"data":"PokerPlayerMod:Spade4","floor":8.0,"key":"SMITH"},{"data":"PokerPlayerMod:Diamond4","floor":10.0,"key":"SMITH"},{"data":"PokerPlayerMod:Club2","floor":15.0,"key":"SMITH"},{"floor":27.0,"key":"RECALL"},{"data":"PokerPlayerMod:FakeSymbols","floor":32.0,"key":"SMITH"},{"data":"PokerPlayerMod:GamblerForm","floor":49.0,"key":"SMITH"},{"data":"PokerPlayerMod:Sharpen","floor":52.0,"key":"SMITH"}],"circlet_count":0,"master_deck":["PokerPlayerMod:Diamond1","PokerPlayerMod:Diamond3","PokerPlayerMod:Diamond5","PokerPlayerMod:Diamond5","PokerPlayerMod:Spade1","PokerPlayerMod:Spade2","PokerPlayerMod:Spade3","PokerPlayerMod:Spade5","PokerPlayerMod:Club1","PokerPlayerMod:Club3","PokerPlayerMod:Heart2","PokerPlayerMod:TrumpStrike+1","PokerPlayerMod:BadJoker","PokerPlayerMod:Mulligan","PokerPlayerMod:Spade5","PokerPlayerMod:Heart5","PokerPlayerMod:Diamond6","PokerPlayerMod:Heart5","PokerPlayerMod:SecretDealer+1","PokerPlayerMod:Spade5","PokerPlayerMod:TheDieIsCast+1","PokerPlayerMod:Diamond1","PokerPlayerMod:Diamond5","PokerPlayerMod:FakeSymbols+1","PokerPlayerMod:Spade10+","PokerPlayerMod:Sharpen+1","PokerPlayerMod:Club8","PokerPlayerMod:CardBurn+1","PokerPlayerMod:GamblerForm+1","PokerPlayerMod:Diamond5"],"relics":["PokerPlayerMod:DeckCase","NeowsBlessing","Dream Catcher","The Courier","Toxic Egg 2","Omamori","PokerPlayerMod:AceCard","Bottled Lightning","PokerPlayerMod:StuffedPocket","Toy Ornithopter","PokerPlayerMod:CoolBox","PokerPlayerMod:ClubPass","Sozu","Bag of Marbles","Blood Vial","Lantern","Smiling Mask","HornCleat","Bronze Scales","Anchor"],"acts_visited":["Exordium","TheCity","TheBeyond","TheEnding"],"potions_floor_usage":[55],"damage_taken":[{"damage":0.0,"enemies":"2 Louse","floor":1.0,"turns":1.0},{"damage":0.0,"enemies":"Small Slimes","floor":4.0,"turns":1.0},{"damage":0.0,"enemies":"Cultist","floor":5.0,"turns":1.0},{"damage":11.0,"enemies":"3 Sentries","floor":7.0,"turns":5.0},{"damage":13.0,"enemies":"Gremlin Nob","floor":11.0,"turns":3.0},{"damage":11.0,"enemies":"2 Fungi Beasts","floor":12.0,"turns":3.0},{"damage":9.0,"enemies":"3 Sentries","floor":13.0,"turns":4.0},{"damage":4.0,"enemies":"Gremlin Gang","floor":14.0,"turns":2.0},{"damage":20.0,"enemies":"The Guardian","floor":16.0,"turns":10.0},{"damage":0.0,"enemies":"Spheric Guardian","floor":18.0,"turns":2.0},{"damage":0.0,"enemies":"Chosen","floor":21.0,"turns":2.0},{"damage":1.0,"enemies":"Book of Stabbing","floor":23.0,"turns":4.0},{"damage":8.0,"enemies":"Snecko","floor":24.0,"turns":5.0},{"damage":0.0,"enemies":"Gremlin Leader","floor":25.0,"turns":2.0},{"damage":13.0,"enemies":"Book of Stabbing","floor":29.0,"turns":4.0},{"damage":0.0,"enemies":"Chosen and Byrds","floor":30.0,"turns":4.0},{"damage":0.0,"enemies":"3 Cultists","floor":31.0,"turns":2.0},{"damage":29.0,"enemies":"Collector","floor":33.0,"turns":9.0},{"damage":0.0,"enemies":"3 Shapes","floor":35.0,"turns":5.0},{"damage":5.0,"enemies":"3 Darklings","floor":36.0,"turns":5.0},{"damage":0.0,"enemies":"Transient","floor":38.0,"turns":5.0},{"damage":0.0,"enemies":"Spire Growth","floor":39.0,"turns":1.0},{"damage":0.0,"enemies":"Reptomancer","floor":40.0,"turns":4.0},{"damage":20.0,"enemies":"Giant Head","floor":42.0,"turns":8.0},{"damage":9.0,"enemies":"3 Darklings","floor":44.0,"turns":5.0},{"damage":44.0,"enemies":"Writhing Mass","floor":45.0,"turns":6.0},{"damage":0.0,"enemies":"Sphere and 2 Shapes","floor":46.0,"turns":3.0},{"damage":0.0,"enemies":"Jaw Worm Horde","floor":47.0,"turns":2.0},{"damage":40.0,"enemies":"Nemesis","floor":48.0,"turns":5.0},{"damage":8.0,"enemies":"Awakened One","floor":50.0,"turns":13.0},{"damage":0.0,"enemies":"Shield and Spear","floor":54.0,"turns":4.0},{"damage":89,"enemies":"The Heart","floor":55,"turns":9}],"seed_played":"1438411266850038199","potions_obtained":[{"floor":5.0,"key":"Dexterity Potion"},{"floor":11.0,"key":"BlessingOfTheForge"},{"floor":13.0,"key":"Weak Potion"},{"floor":14.0,"key":"Block Potion"},{"floor":23.0,"key":"Fire Potion"},{"floor":25.0,"key":"BlessingOfTheForge"},{"floor":29.0,"key":"BlessingOfTheForge"},{"floor":33.0,"key":"Strength Potion"}],"is_trial":false,"path_per_floor":["M","?","?","M","M","R","E","R","T","R","E","M","E","M","R","B",null,"M","?","$","M","$","E","M","E","T","R","?","E","M","M","R","B",null,"M","M","$","M","M","E","?","E","T","M","M","M","M","E","R","B",null,"R","$","E","B"],"character_chosen":"THE_POKER_PLAYER","items_purchased":["Bottled Lightning","PokerPlayerMod:StuffedPocket","Bag of Marbles","PokerPlayerMod:Sharpen","PokerPlayerMod:Club8","Bronze Scales"],"campfire_rested":0,"item_purchase_floors":[20,20,37,37,37,53],"current_hp_per_floor":[52,57,57,57,57,57,50,50,50,50,56,57,54,57,57,50,57,57,57,57,57,57,56,49,54,54,54,54,49,57,57,57,47,57,57,52,52,57,57,57,57,37,37,48,33,57,57,46,46,50,57,57,57,57,0,0,0],"gold":199,"neow_bonus":"THREE_ENEMY_KILL","is_daily":false,"chose_seed":false,"campfire_upgraded":7,"win_rate":0.0,"timestamp":1613752393,"path_taken":["M","?","?","M","M","R","E","R","T","R","E","M","E","M","R","BOSS","M","?","$","M","$","E","M","E","T","R","?","E","M","M","R","BOSS","M","M","$","M","M","E","?","E","T","?","M","M","M","E","R","BOSS","R","$","E","BOSS"],"items_purchased_type":["Relic","Relic","Relic","Card","Card","Relic"],"build_version":"2020-12-22","purchased_purges":1,"victory":false,"max_hp_per_floor":[52,57,57,57,57,57,57,57,57,57,57,57,57,57,57,57,57,57,57,57,57,57,57,57,57,57,57,57,57,57,57,57,57,57,57,57,57,57,57,57,57,57,57,57,57,57,57,57,57,57,57,57,57,57,57,57,57],"card_choices":[{"not_picked":["PokerPlayerMod:Spade1","PokerPlayerMod:Spade2"],"picked":"PokerPlayerMod:Spade5","floor":1.0},{"not_picked":["PokerPlayerMod:Club1","PokerPlayerMod:Diamond1"],"picked":"PokerPlayerMod:Heart5","floor":4.0},{"not_picked":["PokerPlayerMod:HotShotCut","PokerPlayerMod:Club4"],"picked":"PokerPlayerMod:Diamond6","floor":5.0},{"not_picked":["PokerPlayerMod:HiddenCard","PokerPlayerMod:RiskyBet"],"picked":"PokerPlayerMod:Heart5","floor":7.0},{"not_picked":["PokerPlayerMod:Spade3","PokerPlayerMod:CloakAndDiamond+1"],"picked":"PokerPlayerMod:SecretDealer+1","floor":11.0},{"not_picked":["PokerPlayerMod:HiddenCard+1","PokerPlayerMod:ClubStrike"],"picked":"PokerPlayerMod:Spade5","floor":12.0},{"not_picked":["PokerPlayerMod:DiamondStrike","PokerPlayerMod:FlyingCard","PokerPlayerMod:Spade2"],"picked":"SKIP","floor":13.0},{"not_picked":["PokerPlayerMod:Diamond9","PokerPlayerMod:Diamond1","PokerPlayerMod:HotShotCut"],"picked":"SKIP","floor":14.0},{"not_picked":["PokerPlayerMod:Duplicate+1","PokerPlayerMod:Diamond7"],"picked":"PokerPlayerMod:TheDieIsCast+1","floor":16.0},{"not_picked":["PokerPlayerMod:Spade2","PokerPlayerMod:Heart6"],"picked":"PokerPlayerMod:Diamond1","floor":18.0},{"not_picked":["PokerPlayerMod:Heart4","PokerPlayerMod:CloakAndDiamond+1"],"picked":"PokerPlayerMod:Diamond5","floor":21.0},{"not_picked":["PokerPlayerMod:Spade7","PokerPlayerMod:Spade4","PokerPlayerMod:SpadeStrike"],"picked":"SKIP","floor":23.0},{"not_picked":["PokerPlayerMod:Raise+1","PokerPlayerMod:Heart4","PokerPlayerMod:Club2"],"picked":"SKIP","floor":24.0},{"not_picked":["PokerPlayerMod:Club2","PokerPlayerMod:MagicTrick+1","PokerPlayerMod:Spade1"],"picked":"SKIP","floor":25.0},{"not_picked":["PokerPlayerMod:Diamond5","PokerPlayerMod:Diamond1","PokerPlayerMod:Heart3"],"picked":"SKIP","floor":29.0},{"not_picked":["PokerPlayerMod:Diamond5","PokerPlayerMod:Diamond1","PokerPlayerMod:Heart3"],"picked":"SKIP","floor":29.0},{"not_picked":["PokerPlayerMod:SpadeStrike","PokerPlayerMod:Raise+1","PokerPlayerMod:Diamond4"],"picked":"SKIP","floor":30.0},{"not_picked":["PokerPlayerMod:Diamond6","PokerPlayerMod:Diamond3"],"picked":"PokerPlayerMod:FakeSymbols","floor":31.0},{"not_picked":["PokerPlayerMod:Spade9","PokerPlayerMod:Diamond10+"],"picked":"PokerPlayerMod:Spade10+","floor":33.0},{"not_picked":["PokerPlayerMod:HiddenCard+1","PokerPlayerMod:Diamond1","PokerPlayerMod:ClubDance+1"],"picked":"SKIP","floor":35.0},{"not_picked":["PokerPlayerMod:Heart2","PokerPlayerMod:Club3","PokerPlayerMod:FlyingCard"],"picked":"SKIP","floor":36.0},{"not_picked":["PokerPlayerMod:Manipulation+1","PokerPlayerMod:FlyingCard","PokerPlayerMod:Raise+1"],"picked":"SKIP","floor":38.0},{"not_picked":["PokerPlayerMod:Diamond2","PokerPlayerMod:Spade2","PokerPlayerMod:ClubDance+1"],"picked":"SKIP","floor":39.0},{"not_picked":["PokerPlayerMod:Diamond1","PokerPlayerMod:Diamond7","PokerPlayerMod:Diamond2"],"picked":"SKIP","floor":40.0},{"not_picked":["PokerPlayerMod:Spade1","PokerPlayerMod:FakeSymbols","PokerPlayerMod:Diamond4"],"picked":"SKIP","floor":42.0},{"not_picked":["PokerPlayerMod:Trickery","PokerPlayerMod:Diamond4","PokerPlayerMod:Club2"],"picked":"SKIP","floor":44.0},{"not_picked":["PokerPlayerMod:Fold+1","PokerPlayerMod:Diamond3","PokerPlayerMod:Spade4"],"picked":"SKIP","floor":45.0},{"not_picked":["PokerPlayerMod:Diamond4","PokerPlayerMod:Trickery"],"picked":"PokerPlayerMod:CardBurn+1","floor":46.0},{"not_picked":["PokerPlayerMod:Diamond4","PokerPlayerMod:Diamond2"],"picked":"PokerPlayerMod:GamblerForm","floor":47.0},{"not_picked":["PokerPlayerMod:Spade3","PokerPlayerMod:Spade2"],"picked":"PokerPlayerMod:Diamond5","floor":48.0},{"not_picked":["PokerPlayerMod:Diamond2","PokerPlayerMod:Spade6","PokerPlayerMod:Diamond5"],"picked":"SKIP","floor":54.0}],"player_experience":514642,"relics_obtained":[{"floor":7.0,"key":"Dream Catcher"},{"floor":9.0,"key":"The Courier"},{"floor":11.0,"key":"Toxic Egg 2"},{"floor":13.0,"key":"Omamori"},{"floor":23.0,"key":"Toy Ornithopter"},{"floor":25.0,"key":"PokerPlayerMod:CoolBox"},{"floor":29.0,"key":"PokerPlayerMod:ClubPass"},{"floor":40.0,"key":"Blood Vial"},{"floor":42.0,"key":"Lantern"},{"floor":43.0,"key":"Smiling Mask"},{"floor":48.0,"key":"HornCleat"},{"floor":54.0,"key":"Anchor"}],"event_choices":[{"damage_healed":0.0,"max_hp_gain":5.0,"max_hp_loss":0.0,"gold_gain":0.0,"event_name":"Big Fish","player_choice":"Donut","floor":2.0,"gold_loss":0.0,"damage_taken":0.0},{"damage_healed":0.0,"max_hp_gain":0.0,"max_hp_loss":0.0,"gold_gain":0.0,"event_name":"Liars Game","player_choice":"Ignored","floor":3.0,"gold_loss":0.0,"damage_taken":0.0},{"damage_healed":0.0,"max_hp_gain":0.0,"max_hp_loss":0.0,"gold_gain":0.0,"event_name":"Ghosts","player_choice":"Ignored","floor":19.0,"gold_loss":0.0,"damage_taken":0.0},{"damage_healed":0.0,"max_hp_gain":0.0,"max_hp_loss":0.0,"gold_gain":99.0,"event_name":"Nest","player_choice":"Stole From Cult","floor":28.0,"gold_loss":0.0,"damage_taken":0.0},{"damage_healed":0.0,"max_hp_gain":0.0,"max_hp_loss":0.0,"gold_gain":0.0,"event_name":"The Woman in Blue","player_choice":"Bought 1 Potion","floor":41.0,"gold_loss":0.0,"damage_taken":0.0}],"is_beta":false,"boss_relics":[{"not_picked":["Black Star","Runic Dome"],"picked":"PokerPlayerMod:AceCard"},{"not_picked":["Astrolabe","Philosopher\u0027s Stone"],"picked":"Sozu"}],"items_purged_floors":[53],"is_endless":false,"potions_floor_spawned":[5,11,13,14,23,24,25,29,33,40,42,44,46,48],"killed_by":"The Heart","ascension_level":1}}