{"host":"bc298c4gavna5tx2","time":1613740893,"event":{"mods":["ATMod(阿瑾Mod)","Act Like it!","BaseMod","Challenge The Spire","Energized Spire","Lobotomy","LobotomyExtend","Minty Spire (QoL Compilation)","MostiFishMod","Quarter Circle Forward PUNCH!","Quick Restart","Replay The Spire","Spicy Shops","StSLib","The Marked","【功能Mod】混沌之环修复补丁","【功能Mod】聪明的最终Boss","【遗物卡牌】REMEMod"],"gold_per_floor":[118,43,43,43,43,43,71,71,98,153,183,183,183,209,209,283,283,283,283],"floor_reached":18,"language":"ZHS","playtime":419,"items_purged":["Strike_R"],"score":309,"play_id":"2493080e-dd45-4893-9a27-f9483fa10138","local_time":"20210219212133","is_ascension_mode":true,"campfire_choices":[{"data":"MostiFishMod:WinterMarkForm","floor":6,"key":"SMITH"},{"data":"REME_PuzzleBox","floor":8,"key":"SMITH"},{"data":"MostiFishMod:404NotFound","floor":13,"key":"SMITH"},{"floor":15,"key":"RECALL"}],"circlet_count":0,"master_deck":["AscendersBane","Strike_R","Strike_R","Strike_R","Strike_R","Defend_R","Defend_R","Defend_R","Bash+1","MostiFishMod:FrostNova+1","MostiFishMod:WinterMarkForm+1","REME_PuzzleBox+1","AT_ChampionKick+1","MostiFishMod:404NotFound+1","MostiFishMod:RacingGame+1"],"relics":["Burning Blood","AT_ATBox","DaveBox","REME_ComplimentaryCards","FrostBlade","SynthV:TestCard","LetterFromLob","Singing Bowl","Akabeko","Gremlin Food","Blue Candle","Strawberry","GuanYuAspect","Gaze_r","Moonlight_r"],"acts_visited":["Exordium","TheCity"],"potions_floor_usage":[16],"damage_taken":[{"damage":0,"enemies":"Cultist","floor":1,"turns":2},{"damage":10,"enemies":"3 Sentries","floor":7,"turns":3},{"damage":0,"enemies":"Lagavulin Event","floor":10,"turns":2},{"damage":16,"enemies":"Gremlin Nob","floor":11,"turns":3},{"damage":24,"enemies":"The Guardian","floor":16,"turns":5},{"damage":0,"enemies":"3 Byrds","floor":18,"turns":1}],"seed_played":"2137658947005837185","potions_obtained":[{"floor":1,"key":"Regen Potion"},{"floor":16,"key":"Fire Potion"}],"is_trial":false,"path_per_floor":["M","$","?","?","?","R","E","R","T","?","E","?","R","T","R","B",null,"M"],"character_chosen":"IRONCLAD","items_purchased":[],"campfire_rested":0,"item_purchase_floors":[],"current_hp_per_floor":[78,78,60,53,53,53,51,51,51,66,56,61,61,68,68,59,48,0,0],"gold":283,"neow_bonus":"UPGRADE_CARD","is_daily":false,"chose_seed":false,"campfire_upgraded":3,"win_rate":0.0,"timestamp":1613740893,"path_taken":["M","?","?","?","?","R","E","R","T","?","E","?","R","?","R","BOSS","M"],"items_purchased_type":[],"build_version":"2020-12-22","purchased_purges":1,"victory":false,"max_hp_per_floor":[80,80,80,80,80,80,82,82,82,84,84,89,89,96,96,96,48,48,48],"card_choices":[{"not_picked":["Abandon","Uppercut","Heavy Blade"],"picked":"SKIP","floor":1},{"not_picked":["ReplayTheSpireMod:Stacked","True Grit","REME_SingleHolding","Heavy Blade","Body Slam"],"picked":"Singing Bowl","floor":7},{"not_picked":["Warcry","Cleave","Disarm","Clothesline","Replay:Undeath\u0027s Touch"],"picked":"Singing Bowl","floor":10},{"not_picked":["MostiFishMod:BrandingRite","ReplayTheSpireMod:Strike From Hell","Reckless Charge","Second Wind"],"picked":"MostiFishMod:404NotFound","floor":11},{"not_picked":["Corruption","MostiFishMod:KnuckleDown","MostiFishMod:CullingBlade","MostiFishMod:WingOfPhoenix"],"picked":"MostiFishMod:RacingGame","floor":16}],"player_experience":148825,"relics_obtained":[{"floor":1,"key":"SynthV:TestCard"},{"floor":1,"key":"LetterFromLob"},{"floor":7,"key":"Akabeko"},{"floor":10,"key":"Gremlin Food"},{"floor":11,"key":"Blue Candle"},{"floor":14,"key":"Strawberry"}],"event_choices":[{"damage_healed":0,"gold_gain":0,"player_choice":"Success","damage_taken":18,"relics_obtained":["Singing Bowl"],"max_hp_gain":0,"max_hp_loss":0,"event_name":"Scrap Ooze","floor":3,"gold_loss":0},{"cards_removed":["Defend_R"],"damage_healed":0,"gold_gain":0,"player_choice":"Card Removal","damage_taken":7,"max_hp_gain":0,"max_hp_loss":0,"event_name":"Golden Wing","floor":4,"gold_loss":0},{"damage_healed":0,"gold_gain":30,"player_choice":"Searched \u00272\u0027 times","damage_taken":0,"max_hp_gain":0,"max_hp_loss":0,"event_name":"Dead Adventurer","floor":10,"gold_loss":0},{"damage_healed":0,"gold_gain":0,"player_choice":"Donut","damage_taken":0,"max_hp_gain":5,"max_hp_loss":0,"event_name":"Big Fish","floor":12,"gold_loss":0}],"is_beta":false,"boss_relics":[{"not_picked":["Runic Pyramid","Fusion Hammer"],"picked":"GuanYuAspect"}],"items_purged_floors":[2],"is_endless":false,"potions_floor_spawned":[1,16,18],"killed_by":"3 Byrds","ascension_level":13}}