{"host":"2l5k2wp87eek7qja","time":1613775547,"event":{"mods":["BaseMod","Colored Map","Minty Spire (QoL Compilation)","Relic Stats"],"gold_per_floor":[115,115,126,140,155,188,208,47,47,47,78,101,101,128,128,203,203,219,219,230,248,265,290,205,205,229,259,23,43,68,85,85,158,158,177,192,547,120,139,165,175,175,175,175,209,226,226,256,256,256,256,256,256,48,73,73,73],"floor_reached":56,"language":"ENG","playtime":3735,"items_purged":["Strike_G","Strike_G","Slice"],"score":2158,"play_id":"62a427a3-38c2-4e60-a68f-f32e160eacf9","local_time":"20210220005906","is_ascension_mode":true,"campfire_choices":[{"data":"Neutralize","floor":10.0,"key":"SMITH"},{"data":"Predator","floor":15.0,"key":"SMITH"},{"floor":25.0,"key":"REST"},{"data":"Wraith Form v2","floor":32.0,"key":"SMITH"},{"data":"Burst","floor":42.0,"key":"SMITH"},{"data":"Well Laid Plans","floor":44.0,"key":"SMITH"},{"floor":47.0,"key":"RECALL"},{"data":"Footwork","floor":49.0,"key":"SMITH"},{"data":"Malaise","floor":53.0,"key":"SMITH"}],"circlet_count":0,"master_deck":["AscendersBane","Strike_G+1","Strike_G+1","Defend_G+1","Defend_G","Defend_G","Defend_G","Defend_G","Survivor","Neutralize+1","Dagger Throw","Poisoned Stab","Dagger Spray","Leg Sweep","Predator+1","Corpse Explosion+1","Cloak And Dagger+1","Tools of the Trade","Adrenaline","Burst+1","Backflip","Wraith Form v2+1","Reflex+1","Malaise+1","Well Laid Plans+1","Footwork+1","Corpse Explosion"],"relics":["Ring of the Snake","Ice Cream","Spirit Poop","Meat on the Bone","PreservedInsect","Ornamental Fan","Odd Mushroom","Gambling Chip","Philosopher\u0027s Stone","Nloth\u0027s Gift","Pen Nib","Snake Skull","Oddly Smooth Stone","Bird Faced Urn","Lantern","Regal Pillow","Snecko Eye","Old Coin","ClockworkSouvenir","War Paint","Molten Egg 2","Whetstone","Blood Vial","Nunchaku"],"acts_visited":["Exordium","TheCity","TheBeyond","TheEnding"],"potions_floor_usage":[],"damage_taken":[{"damage":3.0,"enemies":"Jaw Worm","floor":1.0,"turns":5.0},{"damage":1.0,"enemies":"Cultist","floor":3.0,"turns":3.0},{"damage":0.0,"enemies":"Small Slimes","floor":4.0,"turns":3.0},{"damage":1.0,"enemies":"Blue Slaver","floor":5.0,"turns":4.0},{"damage":26.0,"enemies":"Gremlin Nob","floor":6.0,"turns":4.0},{"damage":4.0,"enemies":"Red Slaver","floor":7.0,"turns":4.0},{"damage":8.0,"enemies":"Lagavulin","floor":11.0,"turns":4.0},{"damage":0.0,"enemies":"The Mushroom Lair","floor":12.0,"turns":2.0},{"damage":6.0,"enemies":"3 Sentries","floor":14.0,"turns":6.0},{"damage":15.0,"enemies":"The Guardian","floor":16.0,"turns":14.0},{"damage":11.0,"enemies":"3 Byrds","floor":18.0,"turns":3.0},{"damage":21.0,"enemies":"Spheric Guardian","floor":20.0,"turns":6.0},{"damage":0.0,"enemies":"Centurion and Healer","floor":21.0,"turns":4.0},{"damage":0.0,"enemies":"3 Cultists","floor":22.0,"turns":2.0},{"damage":32.0,"enemies":"Gremlin Leader","floor":23.0,"turns":5.0},{"damage":10.0,"enemies":"Book of Stabbing","floor":27.0,"turns":4.0},{"damage":0.0,"enemies":"Shelled Parasite and Fungi","floor":29.0,"turns":2.0},{"damage":0.0,"enemies":"Gremlin Leader","floor":30.0,"turns":3.0},{"damage":0.0,"enemies":"Snecko","floor":31.0,"turns":4.0},{"damage":12.0,"enemies":"Collector","floor":33.0,"turns":9.0},{"damage":0.0,"enemies":"3 Shapes","floor":35.0,"turns":3.0},{"damage":0.0,"enemies":"Orb Walker","floor":36.0,"turns":4.0},{"damage":0.0,"enemies":"2 Orb Walkers","floor":37.0,"turns":3.0},{"damage":0.0,"enemies":"Jaw Worm Horde","floor":39.0,"turns":2.0},{"damage":8.0,"enemies":"Reptomancer","floor":40.0,"turns":7.0},{"damage":8.0,"enemies":"Writhing Mass","floor":41.0,"turns":6.0},{"damage":19.0,"enemies":"Giant Head","floor":45.0,"turns":7.0},{"damage":0.0,"enemies":"4 Shapes","floor":46.0,"turns":2.0},{"damage":0.0,"enemies":"Reptomancer","floor":48.0,"turns":5.0},{"damage":23.0,"enemies":"Time Eater","floor":50.0,"turns":15.0},{"damage":12.0,"enemies":"Donu and Deca","floor":51.0,"turns":8.0},{"damage":5.0,"enemies":"Shield and Spear","floor":55.0,"turns":5.0},{"damage":67,"enemies":"The Heart","floor":56,"turns":3}],"seed_played":"-5865632872811139428","potions_obtained":[{"floor":3.0,"key":"SteroidPotion"},{"floor":6.0,"key":"DuplicationPotion"},{"floor":11.0,"key":"SteroidPotion"},{"floor":16.0,"key":"BlessingOfTheForge"},{"floor":22.0,"key":"SpeedPotion"},{"floor":23.0,"key":"DuplicationPotion"},{"floor":29.0,"key":"PowerPotion"},{"floor":33.0,"key":"Block Potion"},{"floor":41.0,"key":"Block Potion"},{"floor":46.0,"key":"LiquidBronze"}],"is_trial":false,"path_per_floor":["M","?","M","M","M","E","M","$","T","R","E","?","?","E","R","B",null,"M","?","M","M","M","E","?","R","T","E","$","M","E","M","R","B",null,"M","M","?","$","M","E","M","R","T","R","E","M","R","E","R","B","B",null,"R","$","E","B"],"character_chosen":"THE_SILENT","items_purchased":["PreservedInsect","Lantern","ClockworkSouvenir","War Paint","DuplicationPotion"],"campfire_rested":1,"item_purchase_floors":[8,28,38,38,54],"current_hp_per_floor":[56,56,55,55,54,28,36,36,36,36,40,40,33,39,39,36,59,48,48,39,39,39,19,19,38,38,40,40,42,44,46,46,38,59,63,66,66,66,66,62,60,60,60,60,47,53,53,59,59,46,44,61,61,61,65,0,0],"gold":73,"neow_bonus":"ONE_RARE_RELIC","is_daily":false,"chose_seed":false,"campfire_upgraded":7,"win_rate":0.0,"timestamp":1613775546,"path_taken":["M","?","M","M","?","E","M","$","T","R","E","?","?","E","R","BOSS","M","?","M","?","?","E","?","R","T","E","$","M","E","M","R","BOSS","M","M","?","$","M","E","M","R","T","R","E","M","R","E","R","BOSS","BOSS","R","$","E","BOSS"],"items_purchased_type":["Relic","Relic","Relic","Relic","Potion"],"build_version":"2020-12-22","purchased_purges":3,"victory":false,"max_hp_per_floor":[66,66,66,66,66,66,66,66,66,66,66,66,66,66,66,66,66,66,66,66,66,66,66,66,66,66,66,66,66,66,66,66,66,66,66,66,66,66,66,66,66,66,66,66,66,66,66,66,66,66,66,66,66,66,66,66,66],"relic_stats":{"Regal Pillow":0,"counters":[33,161],"PreservedInsect":531,"Pen Nib":[21],"Snake Skull":[76],"Whetstone":["Strike_G","Strike_G"],"War Paint":["Defend_G","Corpse Explosion"],"Blood Vial":7,"Nunchaku":[0],"Ornamental Fan":[276],"Gambling Chip":[100],"Bird Faced Urn":[68],"Snecko Eye":[140,174,166,143],"Nloth\u0027s Gift":7,"obtain_stats":[{"Ice Cream":0,"Lantern":28,"Regal Pillow":30,"Spirit Poop":2,"Snake Skull":24,"Bag of Preparation":11,"Whetstone":45,"Old Coin":37,"ClockworkSouvenir":38,"Blood Vial":48,"Nunchaku":55,"Gambling Chip":14,"Philosopher\u0027s Stone":17,"Ring of the Snake":0,"Oddly Smooth Stone":26,"PreservedInsect":8,"Pen Nib":23,"Odd Mushroom":12,"War Paint":38,"Ornamental Fan":9,"Bird Faced Urn":27,"Snecko Eye":34,"Molten Egg 2":40,"Nloth\u0027s Gift":19,"Meat on the Bone":6},{"Ice Cream":0,"Lantern":16,"Regal Pillow":18,"Spirit Poop":1,"Snake Skull":15,"Bag of Preparation":7,"Whetstone":27,"Old Coin":23,"ClockworkSouvenir":23,"Blood Vial":29,"Nunchaku":32,"Gambling Chip":9,"Philosopher\u0027s Stone":10,"Ring of the Snake":0,"Oddly Smooth Stone":15,"PreservedInsect":6,"Pen Nib":15,"Odd Mushroom":8,"War Paint":23,"Ornamental Fan":6,"Bird Faced Urn":16,"Snecko Eye":20,"Molten Egg 2":25,"Nloth\u0027s Gift":11,"Meat on the Bone":5},{"Ice Cream":0,"Lantern":73,"Regal Pillow":78,"Spirit Poop":5,"Snake Skull":69,"Bag of Preparation":27,"Whetstone":123,"Old Coin":101,"ClockworkSouvenir":101,"Blood Vial":130,"Nunchaku":158,"Gambling Chip":35,"Philosopher\u0027s Stone":49,"Ring of the Snake":0,"Oddly Smooth Stone":69,"PreservedInsect":23,"Pen Nib":69,"Odd Mushroom":29,"War Paint":101,"Ornamental Fan":23,"Bird Faced Urn":73,"Snecko Eye":91,"Molten Egg 2":110,"Nloth\u0027s Gift":52,"Meat on the Bone":19}],"Ring of the Snake":[66],"Meat on the Bone":84},"card_choices":[{"not_picked":["PiercingWail","Setup"],"picked":"Dagger Throw","floor":1.0},{"not_picked":["Deflect","Choke"],"picked":"Poisoned Stab","floor":3.0},{"not_picked":["Dodge and Roll","Deflect","Outmaneuver"],"picked":"SKIP","floor":4.0},{"not_picked":["Choke","Acrobatics"],"picked":"Dagger Spray","floor":5.0},{"not_picked":["PiercingWail","Acrobatics"],"picked":"Slice","floor":6.0},{"not_picked":["Calculated Gamble","Acrobatics","Expertise"],"picked":"SKIP","floor":7.0},{"not_picked":["Dagger Throw","Outmaneuver"],"picked":"Leg Sweep","floor":11.0},{"not_picked":["Infinite Blades","Envenom"],"picked":"Predator","floor":14.0},{"not_picked":["Night Terror","Venomology"],"picked":"Corpse Explosion","floor":16.0},{"not_picked":["Blade Dance","Flying Knee"],"picked":"Cloak And Dagger+1","floor":18.0},{"not_picked":["Poisoned Stab","Bane"],"picked":"Tools of the Trade","floor":20.0},{"not_picked":["Bullet Time","Prepared","Flechettes"],"picked":"SKIP","floor":21.0},{"not_picked":["Infinite Blades","Flying Knee","Quick Slash"],"picked":"SKIP","floor":22.0},{"not_picked":["Blur","Skewer"],"picked":"Adrenaline","floor":23.0},{"not_picked":["Dagger Spray","Accuracy"],"picked":"Burst","floor":27.0},{"not_picked":["Flying Knee","Deflect"],"picked":"Backflip","floor":29.0},{"not_picked":["Venomology","Dagger Throw","Deflect"],"picked":"SKIP","floor":30.0},{"not_picked":["Flying Knee+1","Quick Slash"],"picked":"Wraith Form v2","floor":31.0},{"not_picked":["Quick Slash","Flying Knee+1"],"picked":"Reflex+1","floor":35.0},{"not_picked":["Dagger Throw","Bane"],"picked":"Malaise","floor":36.0},{"not_picked":["Endless Agony","Bane"],"picked":"Well Laid Plans","floor":39.0},{"not_picked":["Flying Knee+1","Bane+1","Cloak And Dagger"],"picked":"SKIP","floor":40.0},{"not_picked":["Flechettes+1","Backstab+1"],"picked":"Footwork","floor":41.0},{"not_picked":["Backstab+1","Heel Hook+1"],"picked":"Corpse Explosion","floor":45.0},{"not_picked":["Cloak And Dagger+1","Eviscerate+1","Choke+1"],"picked":"SKIP","floor":46.0},{"not_picked":["Doppelganger","Adrenaline","Outmaneuver"],"picked":"SKIP","floor":48.0},{"not_picked":["Blade Dance","Flechettes+1","Setup"],"picked":"SKIP","floor":55.0}],"player_experience":817470,"relics_obtained":[{"floor":6.0,"key":"Meat on the Bone"},{"floor":9.0,"key":"Ornamental Fan"},{"floor":11.0,"key":"Bag of Preparation"},{"floor":12.0,"key":"Odd Mushroom"},{"floor":14.0,"key":"Gambling Chip"},{"floor":23.0,"key":"Pen Nib"},{"floor":26.0,"key":"Oddly Smooth Stone"},{"floor":27.0,"key":"Bird Faced Urn"},{"floor":30.0,"key":"Regal Pillow"},{"floor":37.0,"key":"Old Coin"},{"floor":40.0,"key":"Molten Egg 2"},{"floor":45.0,"key":"Whetstone"},{"floor":48.0,"key":"Blood Vial"},{"floor":55.0,"key":"Nunchaku"}],"event_choices":[{"cards_removed":["Clumsy"],"damage_healed":0.0,"max_hp_gain":0.0,"max_hp_loss":0.0,"gold_gain":0.0,"event_name":"Bonfire Elementals","player_choice":"Offered Curse","floor":2.0,"gold_loss":0.0,"damage_taken":0.0,"relics_obtained":["Spirit Poop"]},{"damage_healed":0.0,"max_hp_gain":0.0,"max_hp_loss":0.0,"gold_gain":0.0,"event_name":"Mushrooms","player_choice":"Fought Mushrooms","floor":12.0,"gold_loss":0.0,"damage_taken":0.0},{"cards_removed":["Strike_G"],"damage_healed":0.0,"max_hp_gain":0.0,"max_hp_loss":0.0,"gold_gain":0.0,"event_name":"Golden Wing","player_choice":"Card Removal","floor":13.0,"gold_loss":0.0,"damage_taken":7.0},{"damage_healed":0.0,"max_hp_gain":0.0,"max_hp_loss":0.0,"gold_gain":0.0,"event_name":"N\u0027loth","player_choice":"Traded Relic","floor":19.0,"relics_lost":["Bag of Preparation"],"gold_loss":0.0,"damage_taken":0.0,"relics_obtained":["Nloth\u0027s Gift"]},{"damage_healed":0.0,"max_hp_gain":0.0,"max_hp_loss":0.0,"gold_gain":0.0,"event_name":"Addict","player_choice":"Obtained Relic","floor":24.0,"gold_loss":85.0,"damage_taken":0.0,"relics_obtained":["Snake Skull"]},{"damage_healed":0.0,"max_hp_gain":0.0,"max_hp_loss":0.0,"gold_gain":0.0,"event_name":"Mysterious Sphere","player_choice":"Fight","floor":37.0,"gold_loss":0.0,"damage_taken":0.0}],"is_beta":false,"boss_relics":[{"not_picked":["Tiny House","SacredBark"],"picked":"Philosopher\u0027s Stone"},{"not_picked":["Runic Dome","Velvet Choker"],"picked":"Snecko Eye"}],"items_purged_floors":[28,38,54],"is_endless":false,"potions_floor_spawned":[3,6,11,16,22,23,29,33,37,39,41,46],"killed_by":"The Heart","ascension_level":20}}