{"host":"yqw1zpryoutrnocq","time":1613760036,"event":{"mods":["2.2 Compatiblity","AchievementEnabler","BaseMod","Colored Map","Custom Start","DeckTracker","Minty Spire (QoL Compilation)","StSLib","SuperFastMode"],"gold_per_floor":[116,116,11,11,30,57,57,69,117,136,136,169,181,131,131,229,229,249,209,226,226,80,80,99,99,171,183,193,193,17,30,30,127,127,139,154,170,170,14,39,39,39,88,138,138,166,166,181,181,181,181,181,49,75,75],"floor_reached":56,"language":"KOR","playtime":1760,"items_purged":["Strike_G","Strike_G"],"score":1859,"play_id":"3494e19c-2beb-48ac-8ab6-bb3efaec23a5","local_time":"20210219124036","is_ascension_mode":true,"campfire_choices":[{"data":"Infinite Blades","floor":7.0,"key":"SMITH"},{"data":"Glass Knife","floor":11.0,"key":"SMITH"},{"data":"Panacea","floor":15.0,"key":"SMITH"},{"data":"Catalyst","floor":23,"key":"SMITH"},{"data":"Noxious Fumes","floor":25,"key":"SMITH"},{"data":"Wraith Form v2","floor":29,"key":"SMITH"},{"data":"Calculated Gamble","floor":32,"key":"SMITH"},{"data":"After Image","floor":41,"key":"SMITH"},{"data":"Cloak And Dagger","floor":45,"key":"SMITH"},{"floor":49,"key":"RECALL"},{"data":"Accuracy","floor":52,"key":"SMITH"}],"circlet_count":0,"master_deck":["AscendersBane","Strike_G","Defend_G","Defend_G","Defend_G","Defend_G","Defend_G+1","Survivor","Neutralize+1","Bouncing Flask+1","Panacea+1","Poisoned Stab","Infinite Blades+1","Backflip","PiercingWail","Quick Slash","Glass Knife+1","Cloak And Dagger+1","Wraith Form v2+1","Noxious Fumes+1","Acrobatics+1","Calculated Gamble+1","Catalyst+1","Blade Dance+1","Crippling Poison+1","Tactician+1","After Image+1","CurseOfTheBell","Caltrops+1","Footwork+1","Dodge and Roll","Deadly Poison+1","Tactician+1","Deadly Poison","Accuracy+1","Concentrate+1","Escape Plan","Leg Sweep","Catalyst","Cloak And Dagger","Heel Hook+1"],"relics":["Ring of the Snake","NeowsBlessing","Strawberry","Whetstone","Bag of Preparation","Coffee Dripper","Mummified Hand","Calling Bell","Bronze Scales","Kunai","Tingsha","WarpedTongs","Orrery","Nunchaku","Regal Pillow","The Specimen","Pen Nib","Spirit Poop","Paper Crane"],"acts_visited":["Exordium","TheCity","TheBeyond","TheEnding"],"potions_floor_usage":[16,18,24,31,31,31,33,50,55],"damage_taken":[{"damage":0.0,"enemies":"Jaw Worm","floor":1.0,"turns":1.0},{"damage":0.0,"enemies":"Small Slimes","floor":5.0,"turns":1.0},{"damage":0.0,"enemies":"Lagavulin","floor":6.0,"turns":1.0},{"damage":1.0,"enemies":"Cultist","floor":8.0,"turns":4.0},{"damage":3.0,"enemies":"Blue Slaver","floor":10.0,"turns":4.0},{"damage":19.0,"enemies":"Gremlin Nob","floor":12.0,"turns":4.0},{"damage":10.0,"enemies":"Gremlin Gang","floor":13.0,"turns":4.0},{"damage":18,"enemies":"Slime Boss","floor":16,"turns":10},{"damage":3,"enemies":"3 Byrds","floor":18,"turns":5},{"damage":6,"enemies":"Shell Parasite","floor":20,"turns":5},{"damage":0,"enemies":"Chosen and Byrds","floor":24,"turns":4},{"damage":1,"enemies":"Centurion and Healer","floor":27,"turns":4},{"damage":12,"enemies":"3 Cultists","floor":28,"turns":5},{"damage":20,"enemies":"Cultist and Chosen","floor":31,"turns":5},{"damage":24,"enemies":"Automaton","floor":33,"turns":6},{"damage":11,"enemies":"Orb Walker","floor":35,"turns":4},{"damage":0,"enemies":"3 Darklings","floor":36,"turns":4},{"damage":10,"enemies":"Writhing Mass","floor":37,"turns":5},{"damage":6,"enemies":"Nemesis","floor":40,"turns":5},{"damage":5,"enemies":"Mind Bloom Boss Battle","floor":44,"turns":8},{"damage":25,"enemies":"Giant Head","floor":46,"turns":7},{"damage":0,"enemies":"Sphere and 2 Shapes","floor":48,"turns":4},{"damage":22,"enemies":"Donu and Deca","floor":50,"turns":9},{"damage":0,"enemies":"Shield and Spear","floor":54,"turns":5},{"damage":139,"enemies":"The Heart","floor":55,"turns":10}],"seed_played":"-3693273842766699980","potions_obtained":[{"floor":5.0,"key":"GamblersBrew"},{"floor":6.0,"key":"LiquidMemories"},{"floor":18,"key":"EntropicBrew"},{"floor":20,"key":"Fire Potion"},{"floor":33,"key":"SmokeBomb"},{"floor":35,"key":"CunningPotion"},{"floor":46,"key":"Fire Potion"},{"floor":54,"key":"Dexterity Potion"}],"is_trial":false,"path_per_floor":["M","?","$","?","M","E","R","M","T","M","R","E","M","?","R","B",null,"M","?","M","?","$","R","M","R","T","M","M","R","$","M","R","B",null,"M","M","M","?","$","E","R","T","T","?","R","E","?","M","R","B",null,"R","$","E","B",null],"character_chosen":"THE_SILENT","items_purchased":["Panacea","Poisoned Stab","Catalyst","Regen Potion","Orrery","Catalyst","Cloak And Dagger"],"campfire_rested":0,"item_purchase_floors":[3,3,22,30,39,53,53],"current_hp_per_floor":[63,68,68,68,68,75,75,74,74,71,71,52,42,42,42,24,68,65,65,59,59,59,59,59,59,59,58,46,46,46,41,41,17,66,55,55,45,45,45,39,39,39,39,34,34,9,9,9,9,42,72,72,72,72,8],"gold":75,"neow_bonus":"THREE_ENEMY_KILL","is_daily":false,"chose_seed":false,"campfire_upgraded":10,"win_rate":0.0,"timestamp":1613760036,"path_taken":["M","?","$","?","M","E","R","M","T","?","R","E","M","?","R","BOSS","M","?","?","?","?","R","M","R","T","M","M","R","$","M","R","BOSS","M","M","M","?","?","E","R","?","T","?","R","E","?","?","R","BOSS","R","$","E","BOSS"],"items_purchased_type":["Card","Card","Card","Potion","Relic","Card","Card"],"build_version":"2020-12-22","purchased_purges":2,"victory":true,"max_hp_per_floor":[70,75,75,75,75,82,82,82,82,82,82,82,82,82,82,82,82,82,82,82,82,82,82,82,82,82,82,82,82,82,82,82,82,82,82,82,82,82,82,82,82,82,82,82,82,82,82,82,82,82,82,82,82,82,82],"card_choices":[{"not_picked":["Deadly Poison","Cloak And Dagger"],"picked":"Bouncing Flask","floor":1.0},{"not_picked":["Sucker Punch","Caltrops"],"picked":"Backflip","floor":5.0},{"not_picked":["Deflect","Distraction"],"picked":"PiercingWail","floor":6.0},{"not_picked":["Slice","Deflect"],"picked":"Quick Slash","floor":8.0},{"not_picked":["Poisoned Stab","Concentrate"],"picked":"Glass Knife","floor":10.0},{"not_picked":["Heel Hook","PiercingWail","Finisher"],"picked":"SKIP","floor":12.0},{"not_picked":["Poisoned Stab","Choke"],"picked":"Cloak And Dagger","floor":13.0},{"not_picked":["Bullet Time","Doppelganger"],"picked":"Wraith Form v2","floor":16},{"not_picked":["Skewer","Dodge and Roll"],"picked":"Noxious Fumes","floor":18},{"not_picked":["Blade Dance","PiercingWail"],"picked":"Acrobatics+1","floor":20},{"not_picked":["Dagger Spray","Grand Finale"],"picked":"Blade Dance+1","floor":24},{"not_picked":["Slice+1","Heel Hook"],"picked":"Crippling Poison+1","floor":27},{"not_picked":["Flying Knee","Outmaneuver"],"picked":"Tactician+1","floor":28},{"not_picked":["Bouncing Flask","Dagger Spray","Underhanded Strike"],"picked":"SKIP","floor":31},{"not_picked":["Adrenaline","Bullet Time"],"picked":"After Image","floor":33},{"not_picked":["Well Laid Plans","Slice","Outmaneuver+1"],"picked":"SKIP","floor":35},{"not_picked":["Setup+1","Acrobatics+1","Caltrops"],"picked":"SKIP","floor":36},{"not_picked":["Slice+1","All Out Attack+1"],"picked":"Caltrops+1","floor":37},{"not_picked":["Escape Plan","Well Laid Plans+1"],"picked":"Footwork+1","floor":39},{"not_picked":["Caltrops+1","Noxious Fumes"],"picked":"Dodge and Roll","floor":39},{"not_picked":["Underhanded Strike","Poisoned Stab+1"],"picked":"Deadly Poison+1","floor":39},{"not_picked":["Backflip","Glass Knife"],"picked":"Tactician+1","floor":39},{"not_picked":["Footwork","Flechettes+1"],"picked":"Deadly Poison","floor":39},{"not_picked":["Finisher+1","Distraction"],"picked":"Accuracy","floor":40},{"not_picked":["Finisher","Underhanded Strike"],"picked":"Concentrate+1","floor":44},{"not_picked":["Bane","Deadly Poison"],"picked":"Escape Plan","floor":46},{"not_picked":["Acrobatics+1","Dagger Throw"],"picked":"Leg Sweep","floor":48},{"not_picked":["Dagger Throw","Sucker Punch+1"],"picked":"Heel Hook+1","floor":54}],"player_experience":349070,"relics_obtained":[{"floor":6.0,"key":"Strawberry"},{"floor":9.0,"key":"Whetstone"},{"floor":12.0,"key":"Bag of Preparation"},{"floor":26,"key":"Mummified Hand"},{"floor":34,"key":"Bronze Scales"},{"floor":34,"key":"Kunai"},{"floor":34,"key":"Tingsha"},{"floor":40,"key":"Nunchaku"},{"floor":43,"key":"Regal Pillow"},{"floor":44,"key":"The Specimen"},{"floor":46,"key":"Pen Nib"},{"floor":54,"key":"Paper Crane"}],"event_choices":[{"damage_healed":0.0,"max_hp_gain":5.0,"max_hp_loss":0.0,"gold_gain":0.0,"event_name":"Big Fish","player_choice":"Donut","floor":2.0,"gold_loss":0.0,"damage_taken":0.0},{"damage_healed":0.0,"max_hp_gain":0.0,"max_hp_loss":0.0,"gold_gain":0.0,"cards_transformed":["Strike_G"],"event_name":"Transmorgrifier","player_choice":"Transformed","floor":4.0,"gold_loss":0.0,"damage_taken":0.0,"cards_obtained":["Infinite Blades"]},{"cards_removed":["Strike_G"],"damage_healed":0.0,"max_hp_gain":0.0,"max_hp_loss":0.0,"gold_gain":0.0,"event_name":"The Cleric","player_choice":"Card Removal","floor":14.0,"gold_loss":50.0,"damage_taken":0.0},{"damage_healed":0,"gold_gain":0,"player_choice":"Upgraded Two","damage_taken":0,"max_hp_gain":0,"max_hp_loss":0,"event_name":"Designer","floor":19,"gold_loss":40,"cards_upgraded":["Defend_G","Bouncing Flask"]},{"damage_healed":0,"gold_gain":0,"player_choice":"Read","damage_taken":0,"max_hp_gain":0,"max_hp_loss":0,"event_name":"The Library","floor":21,"gold_loss":0,"cards_obtained":["Calculated Gamble"]},{"damage_healed":0,"gold_gain":0,"player_choice":"Rummage","damage_taken":0,"relics_obtained":["WarpedTongs"],"max_hp_gain":0,"max_hp_loss":0,"event_name":"Accursed Blacksmith","floor":38,"gold_loss":0,"cards_obtained":["Pain"]},{"damage_healed":0,"gold_gain":0,"player_choice":"Fight","damage_taken":0,"max_hp_gain":0,"max_hp_loss":0,"event_name":"MindBloom","floor":44,"gold_loss":0},{"cards_removed":["Pain"],"damage_healed":0,"gold_gain":0,"player_choice":"Offered Curse","damage_taken":0,"relics_obtained":["Spirit Poop"],"max_hp_gain":0,"max_hp_loss":0,"event_name":"Bonfire Elementals","floor":47,"gold_loss":0}],"is_beta":false,"boss_relics":[{"not_picked":["Tiny House","Ectoplasm"],"picked":"Coffee Dripper"},{"not_picked":["Velvet Choker","Sozu"],"picked":"Calling Bell"}],"items_purged_floors":[22,30],"is_endless":false,"potions_floor_spawned":[5,6,12,13,18,20,33,35,46,48,54],"ascension_level":11}}