{"host":"fbdlh90rovbiajun","time":1613715509,"event":{"mods":["AchievementEnabler","BaseMod","Colored Map","Keyboard Shortcuts","Minty Spire (QoL Compilation)","SuperFastMode"],"gold_per_floor":[119,133,133,63,13,13,26,26,77,110,110,120,120,130,130,130,130],"floor_reached":16,"language":"KOR","playtime":459,"items_purged":[],"score":105,"play_id":"3dc1e128-df69-4fb2-bc8b-6fc62504c52e","local_time":"20210219151829","is_ascension_mode":true,"campfire_choices":[{"data":"Eruption","floor":6.0,"key":"SMITH"},{"data":"CrushJoints","floor":8.0,"key":"SMITH"},{"data":"TalkToTheHand","floor":13,"key":"SMITH"},{"data":"MentalFortress","floor":15,"key":"SMITH"}],"circlet_count":0,"master_deck":["Strike_P","Strike_P","Strike_P","Defend_P","Defend_P","Eruption+1","Vigilance","TalkToTheHand+1","CrushJoints+1","MentalFortress+1","Scrawl"],"relics":["PureWater","Smiling Mask","Gremlin Horn"],"acts_visited":["Exordium"],"potions_floor_usage":[16,16],"damage_taken":[{"damage":2.0,"enemies":"Jaw Worm","floor":1.0,"turns":3.0},{"damage":4.0,"enemies":"2 Louse","floor":2.0,"turns":2.0},{"damage":0.0,"enemies":"Small Slimes","floor":7.0,"turns":2.0},{"damage":22.0,"enemies":"Gremlin Nob","floor":10.0,"turns":3.0},{"damage":15,"enemies":"Gremlin Gang","floor":12,"turns":3},{"damage":0,"enemies":"Red Slaver","floor":14,"turns":3},{"damage":28,"enemies":"The Guardian","floor":16,"turns":7}],"seed_played":"-1612070621810546962","potions_obtained":[{"floor":1.0,"key":"Block Potion"},{"floor":7.0,"key":"DistilledChaos"},{"floor":14,"key":"SneckoOil"}],"is_trial":false,"path_per_floor":["M","M","?","$","?","R","M","R","T","E","?","M","R","M","R","B"],"character_chosen":"WATCHER","items_purchased":["MentalFortress"],"campfire_rested":0,"item_purchase_floors":[4],"current_hp_per_floor":[70,66,59,59,59,59,59,59,59,37,37,22,22,22,22,0,0],"gold":130,"neow_bonus":"TRANSFORM_CARD","is_daily":false,"chose_seed":false,"campfire_upgraded":4,"win_rate":0.0,"timestamp":1613715509,"path_taken":["M","M","?","$","?","R","M","R","T","E","?","?","R","M","R","BOSS"],"items_purchased_type":["Card"],"build_version":"2020-12-22","purchased_purges":0,"victory":false,"max_hp_per_floor":[72,72,72,72,72,72,72,72,72,72,72,72,72,72,72,72,72],"card_choices":[{"not_picked":["Collect","Consecrate","WaveOfTheHand"],"picked":"SKIP","floor":1.0},{"not_picked":["Prostrate","EmptyBody"],"picked":"CrushJoints","floor":2.0},{"not_picked":["Perseverance","WaveOfTheHand","SashWhip"],"picked":"SKIP","floor":7.0},{"not_picked":["Evaluate","BowlingBash","ThirdEye"],"picked":"SKIP","floor":10.0},{"not_picked":["PathToVictory","EmptyBody","FollowUp"],"picked":"SKIP","floor":12},{"not_picked":["Conclude","Prostrate","FlyingSleeves"],"picked":"SKIP","floor":14}],"player_experience":87265,"relics_obtained":[{"floor":9.0,"key":"Smiling Mask"},{"floor":10.0,"key":"Gremlin Horn"}],"event_choices":[{"cards_removed":["Defend_P"],"damage_healed":0.0,"max_hp_gain":0.0,"max_hp_loss":0.0,"gold_gain":0.0,"event_name":"Golden Wing","player_choice":"Card Removal","floor":3.0,"gold_loss":0.0,"damage_taken":7.0},{"cards_removed":["Strike_P"],"damage_healed":0.0,"max_hp_gain":0.0,"max_hp_loss":0.0,"gold_gain":0.0,"event_name":"The Cleric","player_choice":"Card Removal","floor":5.0,"gold_loss":50.0,"damage_taken":0.0},{"damage_healed":0,"gold_gain":0,"player_choice":"1 cards matched","damage_taken":0,"max_hp_gain":0,"max_hp_loss":0,"event_name":"Match and Keep!","floor":11,"gold_loss":0,"cards_obtained":["Scrawl"]}],"is_beta":false,"boss_relics":[],"items_purged_floors":[],"is_endless":false,"potions_floor_spawned":[1,7,14],"killed_by":"The Guardian","ascension_level":1}}