{"host":"ipcfr4ajj2jkxvg7","time":1613749272,"event":{"mods":["BaseMod","Colored Powertips","GifTheSpireLib","Marisa（F雨　魔理沙）","Minty Spire (QoL Compilation)","Quick Restart","Remilia（蕾米莉亚）","Replay The Spire","RumiaBox-露米娅的神秘盒子","StSLib"],"gold_per_floor":[144,240,285,567,58,148,148,193,218,263,263,308,308,353,353,653,653,698,806,806,806,851,851,896,1022,1022,1022,1067,727,817,862,862,1264,1264,1309,1309,1354,1399,1399,1399,1444,1534,1534,1579,1837,1837,1837,1026,1026,1026],"floor_reached":51,"language":"ZHS","playtime":1498,"items_purged":["DC","GasGiant","FinalSpark"],"score":1030,"play_id":"4243a2ca-6d40-49e0-ba4d-b1e8c2b335e9","local_time":"20210219234112","daily_mods":["Insanity","Uncertain Future","Midas"],"is_ascension_mode":false,"campfire_choices":[{"floor":7,"key":"REST"},{"floor":13,"key":"REST"},{"floor":15,"key":"REST"},{"floor":23,"key":"REST"},{"floor":27,"key":"REST"},{"floor":32,"key":"REST"},{"floor":40,"key":"REST"},{"floor":46,"key":"REST"},{"floor":49,"key":"REST"}],"circlet_count":0,"master_deck":["StarlightTyphoon","GrandCross","StarBarrage","SuperPerseids","GrandCross","6A","PowerUp","SprinkleStarSeal","SporeBomb","LuminesStrike","MysteriousBeam","IllusionStar","MysteriousBeam","UnstableBomb","WitchLeyline","Occultation","DragonMeteor","DC","Occultation","AsteroidBelt","MagicAbsorber","WitchOfGreed","MeteoricShower","GravityBeat","Acceleration","MeteoricShower","MilkyWay","MilkyWay","NonDirectionalLaser","DarkMatter","OrrerysSun","BlazeAway","PulseMagic","AsteroidBelt","SuperPerseids","WitchOfGreed","MysteriousBeam","6A","OneTimeOff","GalacticHalo","MysteriousBeam","MilkyWay","6A","OrrerysSun","PulseMagic","GrandCross","MagicAbsorber","MilkyWay","PowerUp","BigCrunch","PropBag+1","GrandCross","MilkyWay","ShootTheMoon","ManaConvection","PowerUp","PowerUp","BigCrunch","EnergyFlow","MachineGunSpark","DeepEcoloBomb","UltimateShortwave","OrrerysSun","Acceleration"],"relics":["MiniHakkero","AddBug","SecretRecord","SecretRecord","SecretRecord","SecretRecord","SecretRecord","SecretRecord","SecretRecord","SecretRecord","SecretRecord","SecretRecord","SecretRecord","SecretRecord","SecretRecord","SecretRecord","SecretRecord"],"acts_visited":["Exordium","TheCity","TheBeyond"],"potions_floor_usage":[],"damage_taken":[{"damage":0,"enemies":"Small Slimes","floor":1,"turns":1},{"damage":0,"enemies":"2 Louse","floor":2,"turns":3},{"damage":0,"enemies":"Cultist","floor":3,"turns":3},{"damage":0,"enemies":"Lagavulin","floor":6,"turns":4},{"damage":1,"enemies":"2 Fungi Beasts","floor":8,"turns":3},{"damage":11,"enemies":"Exordium Thugs","floor":10,"turns":3},{"damage":1,"enemies":"3 Louse","floor":12,"turns":2},{"damage":10,"enemies":"Lots of Slimes","floor":14,"turns":4},{"damage":0,"enemies":"Slime Boss","floor":16,"turns":3},{"damage":5,"enemies":"Chosen","floor":18,"turns":3},{"damage":0,"enemies":"3 Byrds","floor":19,"turns":6},{"damage":12,"enemies":"Centurion and Healer","floor":22,"turns":4},{"damage":11,"enemies":"Cultist and Chosen","floor":24,"turns":5},{"damage":13,"enemies":"3 Cultists","floor":25,"turns":3},{"damage":16,"enemies":"Snake Plant","floor":28,"turns":2},{"damage":32,"enemies":"Slavers","floor":30,"turns":3},{"damage":0,"enemies":"Sentry and Sphere","floor":31,"turns":3},{"damage":29,"enemies":"Collector","floor":33,"turns":7},{"damage":16,"enemies":"3 Darklings","floor":35,"turns":3},{"damage":19,"enemies":"3 Shapes","floor":37,"turns":3},{"damage":0,"enemies":"Sphere and 2 Shapes","floor":38,"turns":3},{"damage":10,"enemies":"Writhing Mass","floor":41,"turns":2},{"damage":0,"enemies":"Nemesis","floor":42,"turns":1},{"damage":2,"enemies":"Jaw Worm Horde","floor":44,"turns":2},{"damage":0,"enemies":"Transient","floor":45,"turns":2},{"damage":15,"enemies":"Donu and Deca","floor":50,"turns":2}],"seed_played":"778547550210687013","potions_obtained":[{"floor":1,"key":"Dexterity Potion"},{"floor":2,"key":"Explosive Potion"},{"floor":3,"key":"Languid Potion"},{"floor":45,"key":"Swift Potion"}],"is_trial":false,"path_per_floor":["M","M","M","?","$","E","R","M","T","M","?","M","R","M","R","B",null,"M","M","?","?","M","R","M","M","T","R","M","$","E","M","R","B",null,"M","?","M","M","?","R","M","E","T","M","M","R","?","$","R","B",null],"character_chosen":"MARISA","items_purchased":["PowerUp","Frozen Eye","DuplicationPotion","BigCrunch","Membership Card","Replay:Wax Seal","Lantern","PowerUp","SimpleLauncher","Orichalcum","Art of War","OrrerysSun","Acceleration"],"campfire_rested":9,"item_purchase_floors":[5,5,5,5,29,29,29,29,48,48,48,48,48],"current_hp_per_floor":[75,75,75,57,57,57,75,74,74,63,63,62,75,65,75,75,75,70,70,54,54,42,64,53,40,40,62,46,46,14,14,36,7,75,59,59,40,40,40,62,52,52,52,50,50,72,72,72,75,60],"gold":1026,"neow_bonus":"","is_daily":true,"chose_seed":false,"campfire_upgraded":0,"win_rate":0.0,"timestamp":1613749272,"path_taken":["M","M","M","?","$","E","R","M","T","?","?","M","R","M","R","BOSS","M","M","?","?","M","R","M","M","T","R","?","$","E","M","R","BOSS","M","?","M","M","?","R","M","E","T","M","M","R","?","$","R","BOSS"],"items_purchased_type":["Card","Relic","Potion","Card","Relic","Relic","Relic","Card","Relic","Relic","Relic","Card","Card"],"build_version":"2020-12-22","purchased_purges":3,"victory":true,"max_hp_per_floor":[75,75,75,75,75,75,75,75,75,75,75,75,75,75,75,75,75,75,75,75,75,75,75,75,75,75,75,75,75,75,75,75,75,75,75,75,75,75,75,75,75,75,75,75,75,75,75,75,75,75],"card_choices":[{"not_picked":["EnergyRecoil","MagicChant"],"picked":"MagicAbsorber","floor":1},{"not_picked":["SporeBomb","GalacticHalo","Robbery"],"picked":"SKIP","floor":2},{"not_picked":["MysteriousBeam","LuminesStrike","Acceleration"],"picked":"SKIP","floor":3},{"not_picked":["AsteroidBelt","GrandCross"],"picked":"MilkyWay","floor":4},{"not_picked":["SuperPerseids","DC","AsteroidBelt"],"picked":"SKIP","floor":6},{"not_picked":["Acceleration","MagicChant"],"picked":"PropBag","floor":8},{"not_picked":["DarkMatter","NonDirectionalLaser","MysteriousBeam"],"picked":"SKIP","floor":10},{"not_picked":["Acceleration","BlazeAway"],"picked":"MilkyWay","floor":12},{"not_picked":["IllusionStar","OortCloud","ChargeUpSpray"],"picked":"SKIP","floor":14},{"not_picked":["Acceleration","AsteroidBelt","DoubleSpark+1"],"picked":"SKIP","floor":18},{"not_picked":["NonDirectionalLaser","GrandCross"],"picked":"ShootTheMoon","floor":19},{"not_picked":["MilkyWay","AsteroidBelt+1","GalacticHalo"],"picked":"SKIP","floor":22},{"not_picked":["GrandCross","GalacticHalo","ShootTheMoon"],"picked":"SKIP","floor":24},{"not_picked":["GravityBeat+1","GalacticHalo"],"picked":"FinalSpark","floor":25},{"not_picked":["ChargeUpSpray+1","LuminesStrike"],"picked":"ManaConvection","floor":28},{"not_picked":["MagicChant","Orbital"],"picked":"PowerUp","floor":30},{"not_picked":["MagicChant","GasGiant+1","GrandCross"],"picked":"SKIP","floor":31},{"not_picked":["ManaRampage","MillisecondPulsars"],"picked":"BigCrunch","floor":33},{"not_picked":["WitchLeyline+1","WitchOfGreed+1","6A+1"],"picked":"SKIP","floor":35},{"not_picked":["IllusionStar","AsteroidBelt"],"picked":"EnergyFlow","floor":37},{"not_picked":["WitchOfGreed+1","Robbery+1","ChargingUp"],"picked":"SKIP","floor":38},{"not_picked":["Acceleration","WitchOfGreed","DC+1"],"picked":"SKIP","floor":41},{"not_picked":["OneTimeOff+1","OrrerysSun"],"picked":"MachineGunSpark","floor":42},{"not_picked":["WitchLeyline","UnstableBomb"],"picked":"DeepEcoloBomb","floor":44},{"not_picked":["LuminesStrike+1","GalacticHalo"],"picked":"UltimateShortwave","floor":45}],"player_experience":477954,"relics_obtained":[{"floor":1,"key":"AddBug"},{"floor":4,"key":"War Paint"},{"floor":6,"key":"Replay:Bottled Eggs"},{"floor":9,"key":"Omamori"},{"floor":12,"key":"SecretRecord"},{"floor":16,"key":"SecretRecord"},{"floor":20,"key":"Necronomicon"},{"floor":22,"key":"SecretRecord"},{"floor":24,"key":"SecretRecord"},{"floor":26,"key":"Strawberry"},{"floor":28,"key":"SecretRecord"},{"floor":30,"key":"SecretRecord"},{"floor":30,"key":"Tiny Chest"},{"floor":33,"key":"SecretRecord"},{"floor":35,"key":"SecretRecord"},{"floor":37,"key":"SecretRecord"},{"floor":38,"key":"SecretRecord"},{"floor":41,"key":"SecretRecord"},{"floor":42,"key":"SecretRecord"},{"floor":42,"key":"Replay:Baseball"},{"floor":44,"key":"SecretRecord"},{"floor":45,"key":"SecretRecord"}],"event_choices":[{"damage_healed":0,"gold_gain":0,"cards_transformed":["DC"],"player_choice":"Transformed","damage_taken":0,"max_hp_gain":0,"max_hp_loss":0,"event_name":"Transmorgrifier","floor":11,"gold_loss":0,"cards_obtained":["GrandCross"]},{"damage_healed":0,"gold_gain":0,"player_choice":"Obtained Book","damage_taken":16,"max_hp_gain":0,"max_hp_loss":0,"event_name":"Cursed Tome","floor":20,"gold_loss":0},{"damage_healed":0,"gold_gain":0,"player_choice":"Upgraded","damage_taken":0,"max_hp_gain":0,"max_hp_loss":0,"event_name":"Upgrade Shrine","floor":21,"gold_loss":0,"cards_upgraded":["PropBag"]},{"damage_healed":0,"gold_gain":0,"player_choice":"Ignored","damage_taken":0,"max_hp_gain":0,"max_hp_loss":0,"event_name":"Tomb of Lord Red Mask","floor":36,"gold_loss":0},{"cards_removed":["GravityBeat"],"damage_healed":0,"gold_gain":0,"player_choice":"Purged","damage_taken":0,"max_hp_gain":0,"max_hp_loss":0,"event_name":"Purifier","floor":47,"gold_loss":0}],"is_beta":false,"boss_relics":[{"not_picked":["Replay:Wanted Poster","SacredBark"],"picked":"Philosopher\u0027s Stone"},{"not_picked":["Busted Crown","Runic Pyramid"],"picked":"Replay:Grab Bag"}],"items_purged_floors":[5,29,48],"is_endless":false,"potions_floor_spawned":[1,3,8,14,16,18,19,24,30,35,38,45],"ascension_level":0}}