{"host":"kp5m5tbwfn2imaek","time":1613754910,"event":{"mods":["AchievementEnabler","BaseMod","Bestiary","Minty Spire (QoL Compilation)","Relic Stats"],"gold_per_floor":[118,133,144,159,5,5,36,54,54,19,34,64,64,76,76,149,149,160,175,32,132,147,147,179,179,203,229,329,329,340,356,356,428,428,441,461,461,479,504,531,531,531,557,590,590,622,622,109,109,109,109,109,46,80,80,80],"floor_reached":55,"language":"ENG","playtime":4528,"items_purged":["Strike_B","Defend_B","Defend_B"],"score":1309,"play_id":"34a3195f-325f-4ffa-bbf5-b83ccf08bf12","local_time":"20210219121510","is_ascension_mode":true,"campfire_choices":[{"data":"Creative AI","floor":6.0,"key":"SMITH"},{"floor":13.0,"key":"REST"},{"data":"Strike_B","floor":15,"key":"PURGE"},{"data":"Zap","floor":23,"key":"PURGE"},{"data":"Dualcast","floor":25,"key":"PURGE"},{"data":"Defend_B","floor":29,"key":"PURGE"},{"data":"Defend_B","floor":32,"key":"PURGE"},{"data":"Parasite","floor":42,"key":"PURGE"},{"floor":45,"key":"RECALL"},{"data":"Consume","floor":49,"key":"SMITH"},{"data":"Loop","floor":52,"key":"SMITH"}],"circlet_count":0,"master_deck":["AscendersBane","Creative AI+1","Conserve Battery","FTL","Turbo","Heatsinks","Consume+1","Amplify","Hologram","Leap","Electrodynamics","Undo+1","Cold Snap+1","Hologram+1","Coolheaded","Amplify","Glacier+1","Loop+1","Master of Strategy"],"relics":["Cracked Core","Ginger","Bird Faced Urn","Peace Pipe","Empty Cage","Lee\u0027s Waffle","Du-Vu Doll","Torii","Mango","HornCleat","Inserter","Girya","Bronze Scales","Pen Nib","Molten Egg 2","Boot","Anchor","Membership Card","InkBottle","Shuriken"],"acts_visited":["Exordium","TheCity","TheBeyond","TheEnding"],"potions_floor_usage":[24,28,33,35,48,55,55,55,55],"damage_taken":[{"damage":7.0,"enemies":"Jaw Worm","floor":1.0,"turns":4.0},{"damage":1.0,"enemies":"Cultist","floor":2.0,"turns":4.0},{"damage":14.0,"enemies":"2 Louse","floor":3.0,"turns":3.0},{"damage":4.0,"enemies":"2 Fungi Beasts","floor":4.0,"turns":4.0},{"damage":33.0,"enemies":"3 Sentries","floor":7.0,"turns":9.0},{"damage":6.0,"enemies":"Looter","floor":8.0,"turns":3.0},{"damage":9.0,"enemies":"Blue Slaver","floor":11.0,"turns":4.0},{"damage":20.0,"enemies":"Gremlin Nob","floor":12.0,"turns":5.0},{"damage":16.0,"enemies":"3 Louse","floor":14.0,"turns":5.0},{"damage":28,"enemies":"Slime Boss","floor":16,"turns":9},{"damage":16,"enemies":"Spheric Guardian","floor":18,"turns":5},{"damage":31,"enemies":"3 Byrds","floor":19,"turns":4},{"damage":22,"enemies":"Centurion and Healer","floor":22,"turns":10},{"damage":43,"enemies":"Gremlin Leader","floor":24,"turns":9},{"damage":46,"enemies":"Book of Stabbing","floor":27,"turns":11},{"damage":19,"enemies":"Colosseum Slavers","floor":28,"turns":24},{"damage":84,"enemies":"Colosseum Nobs","floor":28,"turns":7},{"damage":0,"enemies":"Snecko","floor":30,"turns":9},{"damage":26,"enemies":"Cultist and Chosen","floor":31,"turns":7},{"damage":45,"enemies":"Automaton","floor":33,"turns":19},{"damage":0,"enemies":"3 Shapes","floor":35,"turns":6},{"damage":28,"enemies":"Orb Walker","floor":36,"turns":5},{"damage":43,"enemies":"Writhing Mass","floor":38,"turns":18},{"damage":16,"enemies":"Mind Bloom Boss Battle","floor":39,"turns":12},{"damage":23,"enemies":"Nemesis","floor":40,"turns":13},{"damage":56,"enemies":"Reptomancer","floor":44,"turns":9},{"damage":9,"enemies":"Giant Head","floor":46,"turns":17},{"damage":74,"enemies":"Donu and Deca","floor":50,"turns":10},{"damage":84,"enemies":"Shield and Spear","floor":54,"turns":10},{"damage":58,"enemies":"The Heart","floor":55,"turns":3}],"seed_played":"-5617885265482507407","potions_obtained":[{"floor":2.0,"key":"Fruit Juice"},{"floor":8.0,"key":"Fruit Juice"},{"floor":11.0,"key":"Strength Potion"},{"floor":14.0,"key":"Strength Potion"},{"floor":18,"key":"Swift Potion"},{"floor":22,"key":"FocusPotion"},{"floor":28,"key":"EssenceOfSteel"},{"floor":31,"key":"AttackPotion"},{"floor":33,"key":"Regen Potion"},{"floor":38,"key":"EntropicBrew"}],"is_trial":false,"path_per_floor":["M","M","M","M","$","R","E","M","T","?","M","E","R","M","R","B",null,"M","M","$","?","M","R","E","R","T","E","?","R","M","M","R","B",null,"M","M","?","M","?","E","?","R","T","E","R","E","T","$","R","B",null,"R","$","E","B"],"character_chosen":"DEFECT","items_purchased":["LiquidMemories","Lee\u0027s Waffle","Membership Card","Master of Strategy","InkBottle","Fruit Juice","DistilledChaos"],"campfire_rested":1,"item_purchase_floors":[5,20,48,48,48,48,48],"current_hp_per_floor":[57,56,42,38,38,38,5,4,4,23,25,17,41,29,29,39,71,63,42,88,88,88,88,61,61,61,35,30,30,52,44,44,41,87,102,90,90,87,102,102,102,99,99,69,69,99,99,104,104,68,95,95,95,47,0,0],"gold":80,"neow_bonus":"ONE_RANDOM_RARE_CARD","is_daily":false,"chose_seed":false,"campfire_upgraded":3,"win_rate":0.0,"timestamp":1613754910,"path_taken":["M","M","M","M","$","R","E","M","T","?","M","E","R","M","R","BOSS","M","M","$","?","?","R","E","R","T","E","?","R","M","M","R","BOSS","M","M","?","M","?","E","?","R","T","E","R","E","?","$","R","BOSS","R","$","E","BOSS"],"items_purchased_type":["Potion","Relic","Relic","Card","Relic","Potion","Potion"],"build_version":"2020-12-22","purchased_purges":3,"victory":false,"max_hp_per_floor":[71,71,71,71,71,71,71,76,76,76,81,81,81,81,81,81,81,81,81,88,88,88,88,88,88,88,88,102,102,102,102,102,102,102,102,102,102,102,102,102,102,99,99,99,99,99,99,104,104,104,104,104,104,104,104,104],"relic_stats":{"Lee\u0027s Waffle":46,"Inserter":[45],"Torii":50,"counters":[30,256],"Pen Nib":[2],"Ginger":[28],"Boot":[2],"Peace Pipe":6,"Shuriken":[1],"Bird Faced Urn":[576],"Bronze Scales":[182],"obtain_stats":[{"Girya":39,"Lee\u0027s Waffle":20,"Inserter":34,"Torii":27,"Mango":28,"Pen Nib":43,"Ginger":7,"Empty Cage":17,"Boot":46,"Peace Pipe":12,"Du-Vu Doll":24,"Anchor":47,"HornCleat":28,"Shuriken":54,"Bird Faced Urn":9,"Bronze Scales":40,"Molten Egg 2":44,"Membership Card":48,"Cracked Core":0,"InkBottle":48},{"Girya":24,"Lee\u0027s Waffle":12,"Inserter":20,"Torii":15,"Mango":17,"Pen Nib":25,"Ginger":5,"Empty Cage":10,"Boot":27,"Peace Pipe":8,"Du-Vu Doll":14,"Anchor":27,"HornCleat":17,"Shuriken":29,"Bird Faced Urn":6,"Bronze Scales":25,"Molten Egg 2":26,"Membership Card":27,"Cracked Core":0,"InkBottle":27},{"Girya":195,"Lee\u0027s Waffle":59,"Inserter":154,"Torii":89,"Mango":120,"Pen Nib":208,"Ginger":24,"Empty Cage":50,"Boot":233,"Peace Pipe":36,"Du-Vu Doll":78,"Anchor":233,"HornCleat":120,"Shuriken":253,"Bird Faced Urn":27,"Bronze Scales":208,"Molten Egg 2":216,"Membership Card":233,"Cracked Core":0,"InkBottle":233}],"InkBottle":[9]},"card_choices":[{"not_picked":["Compile Driver","Barrage"],"picked":"Conserve Battery","floor":1.0},{"not_picked":["Aggregate","Steam"],"picked":"FTL","floor":2.0},{"not_picked":["Streamline","Scrape"],"picked":"Turbo","floor":3.0},{"not_picked":["Leap","Hologram"],"picked":"Heatsinks","floor":4.0},{"not_picked":["Rebound","Blizzard"],"picked":"Consume","floor":7.0},{"not_picked":["Go for the Eyes","Reinforced Body"],"picked":"Amplify","floor":8.0},{"not_picked":["Conserve Battery","Cold Snap"],"picked":"Hologram","floor":11.0},{"not_picked":["Lockon","Rainbow","Beam Cell"],"picked":"SKIP","floor":12.0},{"not_picked":["Ball Lightning","Leap","Barrage"],"picked":"SKIP","floor":14.0},{"not_picked":["Ball Lightning","Barrage"],"picked":"Leap","floor":14.0},{"not_picked":["Fission","Machine Learning"],"picked":"Electrodynamics","floor":16},{"not_picked":["Hologram","Redo","Conserve Battery"],"picked":"SKIP","floor":18},{"not_picked":["Stack","Genetic Algorithm"],"picked":"Coolheaded","floor":19},{"not_picked":["Streamline","Force Field"],"picked":"Undo+1","floor":22},{"not_picked":["FTL","Genetic Algorithm"],"picked":"Cold Snap+1","floor":24},{"not_picked":["Hologram","Recycle","Barrage"],"picked":"SKIP","floor":27},{"not_picked":["Conserve Battery","Hello World"],"picked":"Hologram+1","floor":28},{"not_picked":["Heatsinks","Sunder"],"picked":"Coolheaded","floor":30},{"not_picked":["Go for the Eyes","Fission","Gash"],"picked":"SKIP","floor":31},{"not_picked":["Reboot","Machine Learning"],"picked":"Amplify","floor":33},{"not_picked":["Gash","Sweeping Beam+1","Redo"],"picked":"SKIP","floor":35},{"not_picked":["Genetic Algorithm","Coolheaded"],"picked":"Glacier+1","floor":36},{"not_picked":["Redo+1","Cold Snap","Ball Lightning"],"picked":"SKIP","floor":38},{"not_picked":["Defragment","Redo+1"],"picked":"Loop","floor":40},{"not_picked":["Gash+1","Steam+1","Compile Driver+1"],"picked":"SKIP","floor":44},{"not_picked":["Leap","Darkness","Rebound+1"],"picked":"SKIP","floor":46},{"not_picked":["Ball Lightning+1","Beam Cell+1","All For One+1"],"picked":"SKIP","floor":54}],"player_experience":758377,"relics_obtained":[{"floor":7.0,"key":"Ginger"},{"floor":9.0,"key":"Bird Faced Urn"},{"floor":12.0,"key":"Peace Pipe"},{"floor":24,"key":"Du-Vu Doll"},{"floor":27,"key":"Torii"},{"floor":28,"key":"Mango"},{"floor":28,"key":"HornCleat"},{"floor":39,"key":"Girya"},{"floor":40,"key":"Bronze Scales"},{"floor":43,"key":"Pen Nib"},{"floor":44,"key":"Molten Egg 2"},{"floor":46,"key":"Boot"},{"floor":47,"key":"Anchor"},{"floor":54,"key":"Shuriken"}],"event_choices":[{"damage_healed":19.0,"max_hp_gain":0.0,"max_hp_loss":0.0,"gold_gain":0.0,"event_name":"The Cleric","player_choice":"Healed","floor":10.0,"gold_loss":35.0,"damage_taken":0.0},{"damage_healed":0,"gold_gain":100,"player_choice":"Pray","damage_taken":0,"max_hp_gain":0,"max_hp_loss":0,"event_name":"Golden Shrine","floor":21,"gold_loss":0},{"damage_healed":0,"gold_gain":0,"player_choice":"Fight","damage_taken":0,"max_hp_gain":0,"max_hp_loss":0,"event_name":"Colosseum","floor":28,"gold_loss":0},{"damage_healed":0,"gold_gain":0,"player_choice":"Fought Nobs","damage_taken":0,"max_hp_gain":0,"max_hp_loss":0,"event_name":"Colosseum","floor":28,"gold_loss":0},{"damage_healed":0,"gold_gain":0,"player_choice":"Ignored","damage_taken":0,"max_hp_gain":0,"max_hp_loss":0,"event_name":"Tomb of Lord Red Mask","floor":37,"gold_loss":0},{"damage_healed":0,"gold_gain":0,"player_choice":"Fight","damage_taken":0,"max_hp_gain":0,"max_hp_loss":0,"event_name":"MindBloom","floor":39,"gold_loss":0},{"cards_removed":["Coolheaded"],"damage_healed":0,"gold_gain":0,"player_choice":"Removed Skill","damage_taken":0,"max_hp_gain":0,"max_hp_loss":0,"event_name":"Falling","floor":41,"gold_loss":0}],"is_beta":false,"boss_relics":[{"not_picked":["Fusion Hammer","Ectoplasm"],"picked":"Empty Cage"},{"not_picked":["Philosopher\u0027s Stone","SacredBark"],"picked":"Inserter"}],"items_purged_floors":[5,48,53],"is_endless":false,"potions_floor_spawned":[2,8,11,14,18,22,28,28,31,33,38,39],"killed_by":"The Heart","ascension_level":14}}