{"host":"sxnl403xm2xmiyj1","time":1613756601,"event":{"mods":["BaseMod","Colored Map","Keyboard Shortcuts","Koishi","Minty Spire (QoL Compilation)","Quick Restart","StSLib","SuperFastMode"],"gold_per_floor":[365,5,16,16,40,66,66,95,95,125,139,139,155,167,167,242,242,262,281,4,21,21,21,31,62,62,90,110,110,138,155,155,228,228,240,256,276,295,2,34,46,71,96,96,124,145,186,76,76,76,76,76,56,90,90],"floor_reached":56,"language":"KOR","playtime":2882,"items_purged":["Koishi:BasicStrike","Koishi:FormlessExistence","Koishi:BasicStrike"],"score":2359,"play_id":"1aae822f-9e9b-4a34-a700-6931853745d5","local_time":"20210220024321","is_ascension_mode":true,"campfire_choices":[{"data":"Koishi:HeartAttack","floor":7.0,"key":"SMITH"},{"data":"Koishi:UnconsciousUprising","floor":15.0,"key":"SMITH"},{"data":"Koishi:FreudianInstinct","floor":23.0,"key":"SMITH"},{"data":"Koishi:MassHysteria","floor":32.0,"key":"SMITH"},{"floor":44.0,"key":"RECALL"},{"data":"Koishi:FreudianInstinct","floor":49.0,"key":"SMITH"},{"data":"Koishi:GeneticsOfTheUnconscious","floor":52.0,"key":"SMITH"}],"circlet_count":0,"master_deck":["AscendersBane","Koishi:BasicStrike+1","Koishi:BasicDefend","Koishi:BasicDefend","Koishi:BasicDefend","Koishi:BasicDefend+1","Koishi:Provoke","Koishi:HauntingSlash+1","Koishi:GeneticsOfTheUnconscious+1","Koishi:Untouchable","Koishi:HeartAttack+1","Koishi:ReflexRadar","Koishi:FadingMemory+1","Koishi:UnconsciousUprising+1","Koishi:IdleWhim","Koishi:ReleaseOfTheId","Koishi:FreudianInstinct+1","Koishi:MassHysteria+1","Koishi:SubterraneanRose","Koishi:LastRemote","Koishi:FourthEye+1","Koishi:SubconsciousSweep+1","Koishi:HeartfeltFancy","Koishi:UnconsciousUprising","Koishi:UnconsciousUprising","Koishi:BramblyRoseGarden+1","Koishi:FreudianInstinct+1","Koishi:UnconsciousUprising+1","Koishi:BramblyRoseGarden","Koishi:SubterraneanRose","Koishi:UnconsciousUprising+1","Koishi:LastRemote","Koishi:SubconsciousSweep+1","Koishi:UnconsciousUprising+1","Koishi:Prune","Koishi:Untouchable","Koishi:SubterraneanRose","Koishi:Untouchable+1"],"relics":["Koishi:ImaginaryFriend","Whetstone","Anchor","Meat on the Bone","Du-Vu Doll","Bag of Preparation","Cursed Key","Matryoshka","Toy Ornithopter","Question Card","Strawberry","Omamori","Coffee Dripper","Koishi:AHoleWhereASisterShouldBe","Bag of Marbles","Koishi:EchoesOfADeadGirl","CeramicFish","Art of War","Juzu Bracelet","War Paint"],"acts_visited":["Exordium","TheCity","TheBeyond","TheEnding"],"potions_floor_usage":[55],"damage_taken":[{"damage":1.0,"enemies":"Cultist","floor":1.0,"turns":5.0},{"damage":0.0,"enemies":"Jaw Worm","floor":3.0,"turns":3.0},{"damage":0.0,"enemies":"Gremlin Nob","floor":6.0,"turns":2.0},{"damage":19.0,"enemies":"Lagavulin","floor":8.0,"turns":7.0},{"damage":12.0,"enemies":"Gremlin Nob","floor":10.0,"turns":3.0},{"damage":0.0,"enemies":"Small Slimes","floor":11.0,"turns":2.0},{"damage":0.0,"enemies":"Exordium Thugs","floor":13.0,"turns":3.0},{"damage":0.0,"enemies":"Large Slime","floor":14.0,"turns":2.0},{"damage":0.0,"enemies":"The Guardian","floor":16.0,"turns":5.0},{"damage":0.0,"enemies":"Shell Parasite","floor":18.0,"turns":5.0},{"damage":0.0,"enemies":"Spheric Guardian","floor":19.0,"turns":1.0},{"damage":2.0,"enemies":"Snake Plant","floor":21.0,"turns":2.0},{"damage":0.0,"enemies":"Cultist and Chosen","floor":24.0,"turns":4.0},{"damage":0.0,"enemies":"Gremlin Leader","floor":25.0,"turns":5.0},{"damage":16.0,"enemies":"Slavers","floor":27.0,"turns":3.0},{"damage":20.0,"enemies":"Snecko","floor":28.0,"turns":5.0},{"damage":0.0,"enemies":"Gremlin Leader","floor":30.0,"turns":5.0},{"damage":0.0,"enemies":"Snake Plant","floor":31.0,"turns":2.0},{"damage":27.0,"enemies":"Collector","floor":33.0,"turns":8.0},{"damage":0.0,"enemies":"3 Shapes","floor":35.0,"turns":3.0},{"damage":0.0,"enemies":"3 Darklings","floor":36.0,"turns":3.0},{"damage":12.0,"enemies":"Sphere and 2 Shapes","floor":37.0,"turns":5.0},{"damage":0.0,"enemies":"Spire Growth","floor":38.0,"turns":4.0},{"damage":30.0,"enemies":"Reptomancer","floor":40.0,"turns":9.0},{"damage":0.0,"enemies":"Jaw Worm Horde","floor":41.0,"turns":5.0},{"damage":0.0,"enemies":"Mind Bloom Boss Battle","floor":42.0,"turns":7.0},{"damage":31.0,"enemies":"Writhing Mass","floor":45.0,"turns":5.0},{"damage":2.0,"enemies":"Spire Growth","floor":46.0,"turns":5.0},{"damage":0.0,"enemies":"Nemesis","floor":47.0,"turns":9.0},{"damage":40.0,"enemies":"Time Eater","floor":50.0,"turns":15.0},{"damage":5,"enemies":"Shield and Spear","floor":54,"turns":5},{"damage":34,"enemies":"The Heart","floor":55,"turns":11}],"seed_played":"6141196858467774907","potions_obtained":[{"floor":1.0,"key":"SpeedPotion"},{"floor":3.0,"key":"FearPotion"},{"floor":8.0,"key":"SkillPotion"},{"floor":18.0,"key":"DuplicationPotion"},{"floor":24.0,"key":"Fire Potion"},{"floor":40.0,"key":"Strength Potion"},{"floor":46.0,"key":"Energy Potion"},{"floor":54,"key":"ColorlessPotion"}],"is_trial":false,"path_per_floor":["M","$","M","$","T","E","R","E","T","E","M","?","M","M","R","B",null,"M","M","$","M","?","R","M","E","T","E","M","?","E","M","R","B",null,"M","M","M","M","$","E","M","?","T","R","M","M","E","?","R","B",null,"R","$","E","B",null],"character_chosen":"KOISHI","items_purchased":["Koishi:Untouchable","Koishi:HeartAttack","Whetstone","Koishi:FreudianInstinct","Koishi:MassHysteria","Koishi:SubterraneanRose","Koishi:AHoleWhereASisterShouldBe","Koishi:SubterraneanRose"],"campfire_rested":0,"item_purchase_floors":[2,2,2,20,20,20,39,53],"current_hp_per_floor":[52,52,52,52,52,52,52,41,41,29,31,31,33,33,33,35,48,52,52,52,52,52,52,52,52,52,43,39,39,41,41,41,26,51,51,51,39,41,41,32,34,36,36,36,17,34,38,38,38,20,49,49,49,46,29],"gold":90,"neow_bonus":"TWO_FIFTY_GOLD","is_daily":false,"chose_seed":false,"campfire_upgraded":6,"win_rate":0.0,"timestamp":1613756601,"path_taken":["M","$","?","?","?","E","R","E","T","E","M","?","?","M","R","BOSS","M","M","$","M","?","R","M","E","T","E","M","?","E","M","R","BOSS","M","M","M","?","$","E","M","?","T","R","M","M","E","?","R","BOSS","R","$","E","BOSS"],"items_purchased_type":["Card","Card","Relic","Card","Card","Card","Relic","Card"],"build_version":"2020-12-22","purchased_purges":3,"victory":true,"max_hp_per_floor":[52,52,52,52,52,52,52,52,52,52,52,52,52,52,52,52,52,52,52,52,52,52,52,52,52,52,59,59,59,59,59,59,59,59,59,59,59,59,59,59,59,59,59,59,59,59,59,59,59,59,59,59,59,59,59],"card_choices":[{"not_picked":["Koishi:EmbersOfLove","Koishi:EmbryosDream"],"picked":"Koishi:GeneticsOfTheUnconscious","floor":1.0},{"not_picked":["Koishi:UnseenTerror","Koishi:CatchAndRose","Koishi:VengefulSpirit"],"picked":"SKIP","floor":3.0},{"not_picked":["Koishi:UnansweredLove","Koishi:Jaunt"],"picked":"Koishi:ReflexRadar","floor":6.0},{"not_picked":["Koishi:Ego","Koishi:SuperEgo"],"picked":"Koishi:FadingMemory","floor":8.0},{"not_picked":["Koishi:VengefulSpirit","Koishi:StingingMind","Koishi:DreadfulBlow"],"picked":"SKIP","floor":10.0},{"not_picked":["Koishi:MindNumbingTerror","Koishi:StingingMind","Koishi:FidgetySnatcher"],"picked":"SKIP","floor":11.0},{"not_picked":["Koishi:StingingMind","Koishi:GeneticsOfTheUnconscious"],"picked":"Koishi:UnconsciousUprising","floor":13.0},{"not_picked":["Koishi:PhantomBarrier","Koishi:PhantomStrike","Koishi:ParalyzingFear"],"picked":"SKIP","floor":14.0},{"not_picked":["Koishi:MentalBreakdown","Koishi:RollingInRichesHeart"],"picked":"Koishi:FormlessExistence","floor":16.0},{"not_picked":["Koishi:Vanish","Koishi:DanmakuParanoia"],"picked":"Koishi:IdleWhim","floor":18.0},{"not_picked":["Koishi:UnconsciousUprising","Koishi:CatchAndRose"],"picked":"Koishi:ReleaseOfTheId","floor":19.0},{"not_picked":["Koishi:VengefulSpirit","Koishi:StingingMind"],"picked":"Koishi:LastRemote","floor":21.0},{"not_picked":["Koishi:Jaunt+1","Koishi:ConfinedInnocent"],"picked":"Koishi:FourthEye+1","floor":24.0},{"not_picked":["Koishi:SubterraneanRose","Koishi:ReleaseOfTheId"],"picked":"Koishi:SubconsciousSweep+1","floor":25.0},{"not_picked":["Koishi:ParalyzingFear","Koishi:SilentAndRestless","Koishi:UnansweredLove+1"],"picked":"Koishi:HeartfeltFancy","floor":27.0},{"not_picked":["Koishi:Jaunt","Koishi:HeartfeltFancy","Koishi:EmbersOfLove"],"picked":"Koishi:UnconsciousUprising","floor":28.0},{"not_picked":["Koishi:SpiritedAway","Koishi:FormlessExistence","Koishi:FourthEye"],"picked":"Koishi:UnconsciousUprising","floor":30.0},{"not_picked":["Koishi:Whimsy","Koishi:EmbryosDream","Koishi:DNAsFlaw"],"picked":"Koishi:BramblyRoseGarden","floor":31.0},{"not_picked":["Koishi:ParalyzingFear","Koishi:StingingMind","Koishi:EmbryosDream"],"picked":"Koishi:FreudianInstinct","floor":35.0},{"not_picked":["Koishi:PredatoryInstincts+1","Koishi:IdleWhim+1","Koishi:BloodcurdlingScream"],"picked":"Koishi:UnconsciousUprising+1","floor":36.0},{"not_picked":["Koishi:PhantomBarrier","Koishi:Jaunt","Koishi:JumpScare"],"picked":"Koishi:BramblyRoseGarden","floor":37.0},{"not_picked":["Koishi:BloodcurdlingScream","Koishi:EmbryosDream","Koishi:Jaunt+1"],"picked":"Koishi:SubterraneanRose","floor":38.0},{"not_picked":["Koishi:CatchAndRose+1","Koishi:ReflexRadar+1","Koishi:Catatonia"],"picked":"Koishi:UnconsciousUprising+1","floor":40.0},{"not_picked":["Koishi:DreadfulBlow+1","Koishi:SpiritedAway+1","Koishi:UnansweredLove"],"picked":"Koishi:LastRemote","floor":41.0},{"not_picked":["Koishi:PhantomStrike","Koishi:Vanish","Koishi:ConditionedTeleport"],"picked":"Koishi:SubconsciousSweep+1","floor":42.0},{"not_picked":["Koishi:DNAsFlaw+1","Koishi:CatchAndRose","Koishi:BloodcurdlingScream"],"picked":"Koishi:UnconsciousUprising","floor":45.0},{"not_picked":["Koishi:ParalyzingFear+1","Koishi:YoukaiPolygraph+1","Koishi:SubterraneanRose+1"],"picked":"Koishi:Prune","floor":46.0},{"not_picked":["Koishi:ImGoingToCallYouNow","Koishi:FleetingPhantom","Koishi:Jaunt"],"picked":"Koishi:Untouchable","floor":47.0},{"not_picked":["Koishi:GeneticsOfTheUnconscious","Koishi:StingingMind","Koishi:ApparitionsStalkTheNight"],"picked":"Koishi:Untouchable+1","floor":54}],"player_experience":274923,"relics_obtained":[{"floor":5.0,"key":"Anchor"},{"floor":6.0,"key":"Meat on the Bone"},{"floor":8.0,"key":"Du-Vu Doll"},{"floor":10.0,"key":"Bag of Preparation"},{"floor":25.0,"key":"Matryoshka"},{"floor":26.0,"key":"Toy Ornithopter"},{"floor":26.0,"key":"Question Card"},{"floor":27.0,"key":"Strawberry"},{"floor":30.0,"key":"Omamori"},{"floor":40.0,"key":"Bag of Marbles"},{"floor":42.0,"key":"Koishi:EchoesOfADeadGirl"},{"floor":43.0,"key":"CeramicFish"},{"floor":43.0,"key":"Art of War"},{"floor":47.0,"key":"Juzu Bracelet"},{"floor":54,"key":"War Paint"}],"event_choices":[{"damage_healed":0.0,"max_hp_gain":0.0,"max_hp_loss":0.0,"gold_gain":0.0,"event_name":"Upgrade Shrine","player_choice":"Upgraded","floor":12.0,"gold_loss":0.0,"damage_taken":0.0,"cards_upgraded":["Koishi:FadingMemory"]},{"cards_removed":["Shame"],"damage_healed":0.0,"max_hp_gain":0.0,"max_hp_loss":0.0,"gold_gain":0.0,"event_name":"Fountain of Cleansing","player_choice":"Removed Curses","floor":29.0,"gold_loss":0.0,"damage_taken":0.0},{"damage_healed":0.0,"max_hp_gain":0.0,"max_hp_loss":0.0,"gold_gain":0.0,"event_name":"MindBloom","player_choice":"Fight","floor":42.0,"gold_loss":0.0,"damage_taken":0.0},{"cards_removed":["Koishi:BasicStrike"],"damage_healed":0.0,"max_hp_gain":0.0,"max_hp_loss":0.0,"gold_gain":0.0,"event_name":"Designer","player_choice":"Upgrade and Remove","floor":48.0,"gold_loss":110.0,"damage_taken":0.0,"cards_upgraded":["Koishi:BramblyRoseGarden"]}],"is_beta":false,"boss_relics":[{"not_picked":["Runic Pyramid","Koishi:ColorfulDays"],"picked":"Cursed Key"},{"not_picked":["Black Star","Runic Dome"],"picked":"Coffee Dripper"}],"items_purged_floors":[2,20,39],"is_endless":false,"potions_floor_spawned":[1,3,8,11,13,18,24,25,27,30,31,37,38,40,45,46,54],"ascension_level":16}}