{"host":"6pietnjer90du4bs","time":1613731887,"event":{"mods":["Aspiration","BaseMod","Bossed Relics","Colored Map","Infinite Spire","Minty Spire (QoL Compilation)","Replay The Spire","StSLib"],"gold_per_floor":[111,129,54,204,40,71,71,87,87,114,139,139,152,152,152,226,226,241,291,291,308,308,308],"floor_reached":22,"language":"ENG","playtime":511,"items_purged":["Defend_R"],"score":423,"play_id":"f054ac7d-c932-46be-b063-e253fce0e484","local_time":"20210219115127","is_ascension_mode":true,"campfire_choices":[{"data":"Spot Weakness","floor":7,"key":"SMITH"},{"floor":12,"key":"REST"},{"data":"Sword Boomerang","floor":15,"key":"SMITH"}],"circlet_count":0,"master_deck":["AscendersBane","Strike_R","Strike_R","Strike_R","Strike_R+1","Strike_R","Bash+1","Spot Weakness+1","Doubt","Sword Boomerang+1","Whirlwind","Offering","Distraction","Expertise","ReplayTheSpireMod:The Works","Hemokinesis"],"relics":["Burning Blood","NeowsBlessing","King of Hearts","Replay:Rubber Ducky","Pocketwatch","Whetstone","Odd Mushroom","Replay:Bronze Core"],"acts_visited":["Exordium","TheCity"],"potions_floor_usage":[11,13,16,18,21],"damage_taken":[{"damage":0,"enemies":"Jaw Worm","floor":1,"turns":1},{"damage":0,"enemies":"Small Slimes","floor":2,"turns":2},{"damage":0,"enemies":"Lagavulin","floor":6,"turns":2},{"damage":8,"enemies":"2 Louse","floor":8,"turns":2},{"damage":11,"enemies":"Gremlin Nob","floor":10,"turns":3},{"damage":35,"enemies":"The Mushroom Lair","floor":11,"turns":3},{"damage":6,"enemies":"Exordium Thugs","floor":13,"turns":2},{"damage":18,"enemies":"Slime Boss","floor":16,"turns":6},{"damage":1,"enemies":"3 Byrds","floor":18,"turns":3},{"damage":41,"enemies":"Shell Parasite","floor":21,"turns":3},{"damage":42,"enemies":"Centurion and Healer","floor":22,"turns":3}],"seed_played":"-2596578020095260193","potions_obtained":[{"floor":6,"key":"Elixir"},{"floor":11,"key":"BlessingOfTheForge"},{"floor":13,"key":"Toxic Potion"},{"floor":16,"key":"Swift Potion"},{"floor":18,"key":"Toxic Potion"}],"is_trial":false,"path_per_floor":["M","M","$","?","$","E","R","M","T","E","?","R","M","?","R","B",null,"M","?","?","M","M"],"character_chosen":"IRONCLAD","items_purchased":["King of Hearts"],"campfire_rested":1,"item_purchase_floors":[5],"current_hp_per_floor":[74,75,75,75,75,75,75,73,73,68,39,61,61,65,65,53,70,75,75,75,40,0,0],"gold":308,"neow_bonus":"THREE_ENEMY_KILL","is_daily":false,"chose_seed":false,"campfire_upgraded":2,"win_rate":0.0,"timestamp":1613731887,"path_taken":["M","M","$","?","$","E","R","M","T","E","?","R","M","?","R","BOSS","M","?","?","M","M"],"items_purchased_type":["Relic"],"build_version":"2020-12-22","purchased_purges":1,"victory":false,"max_hp_per_floor":[75,75,75,75,75,75,75,75,75,75,75,75,75,75,75,75,75,75,75,75,75,75,75],"card_choices":[{"not_picked":["Power Through","Dark Embrace","Armaments"],"picked":"SKIP","floor":1},{"not_picked":["Clothesline","Cleave"],"picked":"Spot Weakness","floor":2},{"not_picked":["Replay:Undeath\u0027s Touch","Run Through","Burning Pact"],"picked":"SKIP","floor":6},{"not_picked":["Reckless Charge","Run Through"],"picked":"Sword Boomerang","floor":8},{"not_picked":["Dual Wield","Barricade","ReplayReversal"],"picked":"SKIP","floor":10},{"not_picked":["Wild Strike","Headbutt"],"picked":"Whirlwind","floor":11},{"not_picked":["Heavy Blade","Metallicize","Havoc"],"picked":"SKIP","floor":13},{"not_picked":["Hemogenesis","Bludgeon"],"picked":"Offering","floor":16},{"not_picked":["Body Slam","Thunderclap","Second Wind"],"picked":"SKIP","floor":18},{"not_picked":["Anger","Clothesline"],"picked":"Hemokinesis","floor":21}],"player_experience":748663,"relics_obtained":[{"floor":6,"key":"Replay:Rubber Ducky"},{"floor":9,"key":"Pocketwatch"},{"floor":10,"key":"Whetstone"},{"floor":11,"key":"Odd Mushroom"}],"event_choices":[{"damage_healed":0,"gold_gain":150,"player_choice":"AGREE","damage_taken":0,"max_hp_gain":0,"max_hp_loss":0,"event_name":"Liars Game","floor":4,"gold_loss":0,"cards_obtained":["Doubt"]},{"damage_healed":0,"gold_gain":0,"player_choice":"Fought Mushrooms","damage_taken":0,"max_hp_gain":0,"max_hp_loss":0,"event_name":"Mushrooms","floor":11,"gold_loss":0},{"damage_healed":0,"gold_gain":50,"player_choice":"Stole From Cult","damage_taken":0,"max_hp_gain":0,"max_hp_loss":0,"event_name":"Nest","floor":19,"gold_loss":0}],"is_beta":false,"boss_relics":[{"not_picked":["Ring of Chaos","Replay:Drink Me"],"picked":"Replay:Bronze Core"}],"items_purged_floors":[3],"is_endless":false,"potions_floor_spawned":[6,11,13,16,18],"killed_by":"Centurion and Healer","ascension_level":19}}