{"host":"s0nrlal5fls38heo","time":1613704112,"event":{"mods":["AchievementEnabler","BaseMod","Colored Powertips","Dark Map","Displayed Cursed Tome","Downfall","Faster Ascension Climbing","GifTheSpireLib","Minty Spire (QoL Compilation)","Permanent Neow","Rare Cards Sparkle","Relic Filter Mod","StSLib"],"gold_per_floor":[99,117,117,130,230,230,230,230,260,272,306,306,306,333,346,447,447,447,464,483,70,170,188,263,289,318,330,369,381,427,466,498,610,622,534,565,589,651,663,703,742,779,811,853,665,692,704,747,772,784,784,784],"floor_reached":50,"language":"ENG","playtime":3153,"items_purged":["Slimebound:Strike_Slimebound"],"score":1212,"play_id":"5f97de16-2c1b-424d-bb7f-799ff409fdee","local_time":"20210219040832","is_ascension_mode":true,"campfire_choices":[{"data":"Slimebound:Split","floor":1.0,"key":"SMITH"},{"data":"Slimebound:CorrosiveSpit","floor":6.0,"key":"SMITH"},{"data":"Slimebound:Equalize","floor":8.0,"key":"SMITH"},{"data":"Slimebound:Teamwork","floor":13.0,"key":"SMITH"},{"data":"Slimebound:Teamwork","floor":18.0,"key":"SMITH"},{"floor":35.0,"key":"RECALL"},{"data":"Slimebound:LevelUp","floor":45,"key":"SMITH"},{"data":"Slimebound:MegaLick","floor":47,"key":"SMITH"}],"circlet_count":0,"master_deck":["AscendersBane","Slimebound:Defend_Slimebound","Slimebound:Split+1","Slimebound:CorrosiveSpit+1","Slimebound:Equalize+1","Slimebound:GrowthPunch","Slimebound:MinionMaster","Slimebound:MegaLick+1","Slimebound:Teamwork+1","Slimebound:PrepareCrush+1","Slimebound:Nibble","Slimebound:Teamwork+1","Slimebound:LivingWall+1","Slimebound:SplitLeeching","Slimebound:MassFeed","Slimebound:GrowthPunch+1","Slimebound:MegaLick+1","Slimebound:LevelUp+1","Slimebound:SlimeSpikes","Slimebound:Overexert+1","Slimebound:ComboTackle+1","Slimebound:Overexert+1","Slimebound:HauntingLick+1","Slimebound:SplitBruiser+1","Slimebound:SlimeTap+1","Slimebound:Equalize+1","Slimebound:Prepare+1","Slimebound:DuplicatedForm"],"relics":["Slimebound:AbsorbEndCombat","Bronze Scales","Gambling Chip","Strawberry","WingedGreaves","SlaversCollar","PreservedInsect","Toolbox","Bottled Flame","MawBank","Gremlin Horn","Meat on the Bone","Orichalcum","Astrolabe","downfall:HeartBlessingGreen","TungstenRod","FossilizedHelix","Nunchaku","Mango","downfall:HeartBlessingBlue","downfall:HeartBlessingRed","Oddly Smooth Stone"],"acts_visited":["Exordium","TheCity","TheBeyond"],"potions_floor_usage":[44,50,50],"damage_taken":[{"damage":2.0,"enemies":"Jaw Worm","floor":2.0,"turns":7.0},{"damage":4.0,"enemies":"Cultist","floor":4.0,"turns":5.0},{"damage":65.0,"enemies":"Gremlin Nob","floor":9.0,"turns":6.0},{"damage":2.0,"enemies":"2 Louse","floor":10.0,"turns":3.0},{"damage":6.0,"enemies":"3 Sentries","floor":11.0,"turns":7.0},{"damage":13.0,"enemies":"Gremlin Nob","floor":14.0,"turns":5.0},{"damage":13.0,"enemies":"downfall:LooterAlt","floor":15.0,"turns":4.0},{"damage":51.0,"enemies":"WA_ARCHETYPE_RETAIN","floor":16.0,"turns":12.0},{"damage":0.0,"enemies":"3 Byrds","floor":19.0,"turns":3.0},{"damage":6.0,"enemies":"Shell Parasite","floor":20.0,"turns":6.0},{"damage":0.0,"enemies":"downfall:FleeingMerchant","floor":21.0,"turns":4.0},{"damage":7.0,"enemies":"Chosen and Byrds","floor":23.0,"turns":8.0},{"damage":4.0,"enemies":"Slavers","floor":25.0,"turns":2.0},{"damage":3.0,"enemies":"Snake Plant","floor":26.0,"turns":5.0},{"damage":0.0,"enemies":"Gremlin Leader","floor":28.0,"turns":7.0},{"damage":18.0,"enemies":"Book of Stabbing","floor":30.0,"turns":4.0},{"damage":1.0,"enemies":"Gremlin Leader","floor":31.0,"turns":6.0},{"damage":6.0,"enemies":"Centurion and Healer","floor":32.0,"turns":9.0},{"damage":41.0,"enemies":"DF_ARCHETYPE_CLAW","floor":33.0,"turns":11.0},{"damage":10.0,"enemies":"3 Shapes","floor":36.0,"turns":6.0},{"damage":15.0,"enemies":"3 Darklings","floor":37.0,"turns":5.0},{"damage":14.0,"enemies":"2 Orb Walkers","floor":38.0,"turns":4.0},{"damage":11.0,"enemies":"Reptomancer","floor":40.0,"turns":6.0},{"damage":0.0,"enemies":"Nemesis","floor":42.0,"turns":5.0},{"damage":0,"enemies":"Writhing Mass","floor":43,"turns":4},{"damage":0,"enemies":"Reptomancer","floor":44,"turns":2},{"damage":19,"enemies":"Jaw Worm Horde","floor":46,"turns":6},{"damage":0,"enemies":"Nemesis","floor":48,"turns":5},{"damage":10,"enemies":"4 Shapes","floor":49,"turns":3},{"damage":157,"enemies":"SI_POISON_ARCHETYPE","floor":50,"turns":5}],"seed_played":"-3898542976974858539","potions_obtained":[{"floor":9.0,"key":"SkillPotion"},{"floor":11.0,"key":"DistilledChaos"},{"floor":15.0,"key":"hexamod:SoulburnPotion"},{"floor":16.0,"key":"LiquidMemories"},{"floor":19.0,"key":"Explosive Potion"},{"floor":23.0,"key":"Swift Potion"},{"floor":30.0,"key":"AttackPotion"},{"floor":36.0,"key":"SneckoOil"},{"floor":40.0,"key":"Regen Potion"},{"floor":42.0,"key":"bronze:BurnAndBuffPotion"},{"floor":44,"key":"SteroidPotion"}],"is_trial":false,"path_per_floor":["R","M","?","M","?","R","T","R","E","M","E","?","R","E","M","B",null,"R","M","M","$","?","M","T","E","M","?","E","?","E","E","M","B",null,"R","M","M","?","?","E","T","E","M","E","R","M","R","E","M","B"],"character_chosen":"SLIMEBOUND","items_purchased":["PreservedInsect","Toolbox","Slimebound:SplitLeeching"],"campfire_rested":0,"item_purchase_floors":[21,21,21],"current_hp_per_floor":[44,50,55,65,65,65,65,65,9,17,38,38,38,45,42,11,61,61,77,77,77,77,77,77,73,77,77,80,65,56,78,83,50,83,83,75,70,74,74,74,74,84,88,108,118,113,113,127,127,0,0,0],"gold":784,"neow_bonus":"REMOVE_TWO","is_daily":false,"chose_seed":false,"campfire_upgraded":7,"win_rate":0.0,"timestamp":1613704112,"path_taken":["R","M","?","M","?","R","T","R","E","?","E","?","R","E","M","BOSS","R","M","M","$","?","M","T","E","M","?","E","?","E","E","M","BOSS","R","M","M","?","?","E","T","E","?","E","R","M","R","E","M","BOSS"],"items_purchased_type":["Relic","Relic","Card"],"build_version":"2020-12-22","purchased_purges":1,"victory":false,"max_hp_per_floor":[65,65,70,70,70,70,70,70,70,70,77,77,77,77,77,77,77,77,77,77,77,77,77,77,77,77,77,80,85,88,91,94,94,94,94,94,94,94,94,97,97,97,97,111,121,127,127,127,127,127,127,127],"card_choices":[{"not_picked":["Slimebound:SplitLeeching","Slimebound:RollThrough"],"picked":"Slimebound:Equalize","floor":2.0},{"not_picked":["Slimebound:LivingWall","Slimebound:AcidTongue"],"picked":"Slimebound:GrowthPunch","floor":4.0},{"not_picked":["Slimebound:HauntingLick","Slimebound:ProtectTheBoss"],"picked":"Slimebound:MinionMaster","floor":9.0},{"not_picked":["Slimebound:GoopTackle","Slimebound:AcidTongue"],"picked":"Slimebound:MegaLick","floor":10.0},{"not_picked":["Slimebound:SplitBruiser","Slimebound:WasteNot"],"picked":"Slimebound:Teamwork","floor":11.0},{"not_picked":["Slimebound:SplitAcid","Slimebound:ComboTackle"],"picked":"Slimebound:PrepareCrush","floor":14.0},{"not_picked":["Slimebound:FinishingTackle","Slimebound:GoopTackle"],"picked":"Slimebound:Nibble","floor":15.0},{"not_picked":["Slimebound:DuplicatedForm","Slimebound:PrepareCrush"],"picked":"Slimebound:Teamwork","floor":16.0},{"not_picked":["Slimebound:GoopTackle","Slimebound:LeechingTouch","Slimebound:ItLooksTasty"],"picked":"SKIP","floor":19.0},{"not_picked":["Slimebound:RollThrough+1","Slimebound:PressTheAttack","Slimebound:ForwardTackle"],"picked":"SKIP","floor":20.0},{"not_picked":["Slimebound:GoopTackle","Slimebound:RollThrough+1"],"picked":"Slimebound:LivingWall+1","floor":21.0},{"not_picked":["Slimebound:ComboTackle","Slimebound:SplitMire"],"picked":"Slimebound:MassFeed","floor":23.0},{"not_picked":["Slimebound:LeechingTouch+1","Slimebound:ComboTackle"],"picked":"Slimebound:GrowthPunch+1","floor":25.0},{"not_picked":["Slimebound:MinionMaster","Slimebound:SplitLeeching+1"],"picked":"Slimebound:MegaLick+1","floor":26.0},{"not_picked":["Slimebound:SplitBruiser+1","Slimebound:SlimeTap"],"picked":"Slimebound:LevelUp","floor":28.0},{"not_picked":["Slimebound:Chomp+1","Slimebound:Replication","Slimebound:Repurpose"],"picked":"SKIP","floor":30.0},{"not_picked":["Slimebound:SamplingLick","Slimebound:PressTheAttack","Slimebound:Chomp+1"],"picked":"SKIP","floor":31.0},{"not_picked":["Slimebound:Overexert","Slimebound:LivingWall"],"picked":"Slimebound:SlimeSpikes","floor":32.0},{"not_picked":["Slimebound:ItLooksTasty","Slimebound:GoopSpray","Slimebound:LeechEnergy"],"picked":"SKIP","floor":36.0},{"not_picked":["Slimebound:RollThrough+1","Slimebound:SplitLeeching","Slimebound:ForwardTackle"],"picked":"SKIP","floor":37.0},{"not_picked":["Slimebound:Nibble+1","Slimebound:FlameTackle"],"picked":"Slimebound:HauntingLick+1","floor":38.0},{"not_picked":["Slimebound:MegaLick","Slimebound:PressTheAttack+1"],"picked":"Slimebound:SplitBruiser+1","floor":40.0},{"not_picked":["Slimebound:LeechingTouch+1","Slimebound:FinishingTackle+1"],"picked":"Slimebound:SlimeTap+1","floor":42.0},{"not_picked":["Slimebound:Schlurp","Slimebound:LeechEnergy+1"],"picked":"Slimebound:Equalize+1","floor":43},{"not_picked":["Slimebound:TongueLash","Slimebound:LeechingTouch+1"],"picked":"Slimebound:Prepare+1","floor":44},{"not_picked":["Slimebound:GoopTackle+1","Slimebound:GoopSpray","Slimebound:Grow+1"],"picked":"SKIP","floor":46},{"not_picked":["Slimebound:Repurpose","Slimebound:Dissolve"],"picked":"Slimebound:DuplicatedForm","floor":48},{"not_picked":["Slimebound:SlimeBrawl","Slimebound:FlameTackle","Slimebound:SplitBruiser+1"],"picked":"SKIP","floor":49}],"player_experience":26366,"relics_obtained":[{"floor":7.0,"key":"Bronze Scales"},{"floor":9.0,"key":"Gambling Chip"},{"floor":11.0,"key":"Strawberry"},{"floor":14.0,"key":"WingedGreaves"},{"floor":24.0,"key":"Bottled Flame"},{"floor":25.0,"key":"MawBank"},{"floor":28.0,"key":"Gremlin Horn"},{"floor":30.0,"key":"Meat on the Bone"},{"floor":31.0,"key":"Orichalcum"},{"floor":38.0,"key":"TungstenRod"},{"floor":40.0,"key":"FossilizedHelix"},{"floor":42.0,"key":"Nunchaku"},{"floor":44,"key":"Mango"},{"floor":48,"key":"Oddly Smooth Stone"}],"event_choices":[{"damage_healed":0.0,"max_hp_gain":5.0,"max_hp_loss":0.0,"gold_gain":0.0,"event_name":"Big Fish","player_choice":"Donut","floor":3.0,"gold_loss":0.0,"damage_taken":0.0},{"damage_healed":0.0,"max_hp_gain":0.0,"max_hp_loss":0.0,"gold_gain":0.0,"event_name":"Mysterious Sphere","player_choice":"Fight","floor":38.0,"gold_loss":0.0,"damage_taken":0.0},{"damage_healed":0.0,"max_hp_gain":0.0,"max_hp_loss":0.0,"gold_gain":0.0,"event_name":"Accursed Blacksmith","player_choice":"Forge","floor":39.0,"gold_loss":0.0,"damage_taken":0.0,"cards_upgraded":["Slimebound:PrepareCrush"]}],"is_beta":false,"boss_relics":[{"not_picked":["Cursed Key","Calling Bell"],"picked":"SlaversCollar"},{"not_picked":["SacredBark","Runic Dome"],"picked":"Astrolabe"}],"items_purged_floors":[21],"is_endless":false,"potions_floor_spawned":[9,11,15,16,19,23,30,31,36,40,42,43,44],"killed_by":"SI_POISON_ARCHETYPE","ascension_level":10}}