{"host":"bgptblc1sp470rxq","time":1613728936,"event":{"mods":["BaseMod","BetterRewards","Colored Map","Downfall","Minty Spire (QoL Compilation)","StSLib"],"gold_per_floor":[99,99,99,99,99,109,109,143,155,175,202,227,127,145,157,255,255,255,266,62,62,78,78,78,78,278,178,189,204,42,67,93,93,93,93],"floor_reached":33,"language":"ZHS","playtime":2368,"items_purged":[],"score":292,"play_id":"f11563f1-3ae4-4d41-a179-99d3a3477011","local_time":"20210219180216","is_ascension_mode":false,"campfire_choices":[{"data":"hexamod:Float","floor":1.0,"key":"SMITH"},{"floor":13.0,"key":"RECALL"},{"data":"hexamod:GhostflameInferno","floor":18.0,"key":"SMITH"},{"data":"hexamod:Rewind","floor":23.0,"key":"SMITH"},{"data":"hexamod:HeatShield","floor":25.0,"key":"SMITH"},{"data":"hexamod:FastForward","floor":27.0,"key":"SMITH"}],"circlet_count":0,"master_deck":["hexamod:Sear","hexamod:Float+1","hexamod:DynamicBlow","hexamod:FastForward+1","hexamod:ApocalypseNow","hexamod:ExtraCrispy","hexamod:EmpoweredFlame+1","hexamod:InspiringFlames","hexamod:Hexaguard","hexamod:FirstSeal","hexamod:CatchUp","hexamod:SoulSteal","hexamod:TurnItUp","hexamod:FifthSeal","hexamod:Firestarter","hexamod:AdvancingGuard+1","hexamod:HeatShield+1","hexamod:BurningTouch+1","hexamod:GhostflameInferno+1","hexamod:Firestarter+1","hexamod:SpectralAdrenaline","hexamod:SixthSeal","hexamod:Rewind+1","hexamod:ThirdSeal","hexamod:ShieldOfDarkness+1","hexamod:FourthSeal","hexamod:Haunt","hexamod:SecondSeal","hexamod:Hexaguard"],"relics":["hexamod:SpiritBrand","downfall:HeartsMalice","Matryoshka","WingedGreaves","Sundial","Mango","downfall:HeartBlessingGreen","Pandora\u0027s Box","Orrery","hexamod:InflammatoryLetter","InkBottle","Letter Opener","downfall:HeartBlessingRed","Frozen Eye"],"acts_visited":["Exordium","TheCity"],"potions_floor_usage":[33,33],"damage_taken":[{"damage":0.0,"enemies":"Cultist","floor":2.0,"turns":1.0},{"damage":0.0,"enemies":"Small Slimes","floor":3.0,"turns":1.0},{"damage":0.0,"enemies":"2 Louse","floor":5.0,"turns":1.0},{"damage":13.0,"enemies":"Exordium Thugs","floor":6.0,"turns":4.0},{"damage":11.0,"enemies":"Gremlin Nob","floor":8.0,"turns":3.0},{"damage":11.0,"enemies":"Lots of Slimes","floor":9.0,"turns":5.0},{"damage":0.0,"enemies":"downfall:LooterAlt","floor":10.0,"turns":3.0},{"damage":1.0,"enemies":"3 Sentries","floor":11.0,"turns":6.0},{"damage":4.0,"enemies":"Lagavulin","floor":12.0,"turns":10.0},{"damage":5.0,"enemies":"2 Fungi Beasts","floor":14.0,"turns":5.0},{"damage":8.0,"enemies":"Exordium Wildlife","floor":15.0,"turns":5.0},{"damage":11.0,"enemies":"WA_ARCHETYPE_RETAIN","floor":16.0,"turns":9.0},{"damage":0.0,"enemies":"downfall:LooterAlt2","floor":19.0,"turns":4.0},{"damage":5.0,"enemies":"downfall:FleeingMerchant","floor":20.0,"turns":4.0},{"damage":50.0,"enemies":"3 Byrds","floor":22.0,"turns":6.0},{"damage":26.0,"enemies":"Snecko","floor":28.0,"turns":8.0},{"damage":4.0,"enemies":"Cultist and Chosen","floor":29.0,"turns":5.0},{"damage":0.0,"enemies":"downfall:FleeingMerchant","floor":30.0,"turns":4.0},{"damage":16.0,"enemies":"Shelled Parasite and Fungi","floor":31.0,"turns":6.0},{"damage":0.0,"enemies":"Snake Plant","floor":32.0,"turns":3.0},{"damage":23,"enemies":"SI_MIRROR_ARCHETYPE","floor":33,"turns":4}],"seed_played":"-3082870857889688655","potions_obtained":[{"floor":8.0,"key":"Slimebound:ThreeZeroPotion"},{"floor":10.0,"key":"Dexterity Potion"},{"floor":11.0,"key":"EssenceOfSteel"},{"floor":12.0,"key":"EntropicBrew"},{"floor":14.0,"key":"LiquidBronze"},{"floor":15.0,"key":"Block Potion"},{"floor":19.0,"key":"Swift Potion"},{"floor":22.0,"key":"Fire Potion"},{"floor":29.0,"key":"Fruit Juice"},{"floor":30.0,"key":"Explosive Potion"},{"floor":32.0,"key":"Fire Potion"},{"floor":32.0,"key":"Weak Potion"}],"is_trial":false,"path_per_floor":["R","M","M","?","M","M","T","E","M","M","E","E","R","M","M","B",null,"R","M","$","?","M","R","T","R","?","R","M","M","$","M","M","B"],"character_chosen":"THE_SPIRIT","items_purchased":["hexamod:ThirdSeal","Orrery","Frozen Eye"],"campfire_rested":0,"item_purchase_floors":[20,20,30],"current_hp_per_floor":[70,70,70,70,70,57,57,46,35,35,34,44,44,39,38,34,84,84,84,84,84,34,34,34,34,34,34,15,23,23,14,21,0,0,0],"gold":93,"neow_bonus":"THREE_ENEMY_KILL","is_daily":false,"chose_seed":false,"campfire_upgraded":5,"win_rate":0.0,"timestamp":1613728936,"path_taken":["R","M","M","?","M","M","T","E","M","M","E","E","R","M","M","BOSS","R","M","$","?","M","R","T","R","?","R","M","M","?","M","M","BOSS"],"items_purchased_type":["Card","Relic","Relic"],"build_version":"2020-12-22","purchased_purges":0,"victory":false,"max_hp_per_floor":[70,70,70,70,70,70,70,70,70,70,70,84,84,84,84,84,84,84,84,84,84,84,84,84,84,84,84,84,89,89,89,89,89,89,89],"card_choices":[{"not_picked":["hexamod:ShieldOfDarkness","hexamod:SuperheatedStrike"],"picked":"hexamod:DynamicBlow","floor":2.0},{"not_picked":["hexamod:NightmareGuise","hexamod:RadiantFlame"],"picked":"hexamod:FastForward","floor":3.0},{"not_picked":["hexamod:Incineration","hexamod:Hexaguard"],"picked":"hexamod:ApocalypseNow","floor":5.0},{"not_picked":["hexamod:SuperheatedStrike","hexamod:HeatMetal"],"picked":"hexamod:ExtraCrispy","floor":6.0},{"not_picked":["hexamod:HeatMetal","hexamod:FlamesFromBeyond"],"picked":"hexamod:EmpoweredFlame","floor":8.0},{"not_picked":["hexamod:Rewind","hexamod:ThermalTransfer"],"picked":"hexamod:InspiringFlames","floor":9.0},{"not_picked":["hexamod:ShieldOfDarkness","hexamod:EmpoweredFlame","hexamod:NightmareGuise"],"picked":"SKIP","floor":10.0},{"not_picked":["hexamod:NightmareStrike","hexamod:ShieldOfDarkness","hexamod:Hexaguard"],"picked":"SKIP","floor":11.0},{"not_picked":["hexamod:NightmareStrike","hexamod:ShieldOfDarkness"],"picked":"hexamod:Hexaguard","floor":11.0},{"not_picked":["hexamod:SuperheatedStrike","hexamod:ThermalTransfer"],"picked":"hexamod:FirstSeal","floor":12.0},{"not_picked":["hexamod:GhostOfSpirePresent","hexamod:BacktrackSmack"],"picked":"hexamod:CatchUp","floor":14.0},{"not_picked":["hexamod:BurningTouch","hexamod:NightmareStrike"],"picked":"hexamod:SoulSteal","floor":15.0},{"not_picked":["hexamod:HexaLevel","hexamod:ApocalypseNow"],"picked":"hexamod:TurnItUp","floor":16.0},{"not_picked":["hexamod:EmpoweredFlame","hexamod:NightmareGuise","hexamod:Hexaguard"],"picked":"SKIP","floor":19.0},{"not_picked":["hexamod:EmpoweredFlame","hexamod:NightmareGuise","hexamod:Hexaguard"],"picked":"SKIP","floor":19.0},{"not_picked":["hexamod:FourthSeal","hexamod:FirstSeal"],"picked":"hexamod:SixthSeal","floor":20.0},{"not_picked":["hexamod:RadiantFlame","hexamod:SpectersWail"],"picked":"hexamod:Rewind","floor":20.0},{"not_picked":["hexamod:WildfireWeapon","hexamod:PowerFromBeyond"],"picked":"hexamod:ShieldOfDarkness+1","floor":20.0},{"not_picked":["hexamod:Again+1","hexamod:BurningTouch","hexamod:InspiringFlames"],"picked":"SKIP","floor":22.0},{"not_picked":["hexamod:SixthSeal","hexamod:ThirdSeal"],"picked":"hexamod:FourthSeal","floor":28.0},{"not_picked":["hexamod:BurningTouch","hexamod:PhantomFireball"],"picked":"hexamod:Haunt","floor":28.0},{"not_picked":["hexamod:NightmareStrike","hexamod:SpectersWail","hexamod:InspiringFlames+1"],"picked":"SKIP","floor":28.0},{"not_picked":["hexamod:Firestarter","hexamod:Incineration","hexamod:InspiringFlames"],"picked":"SKIP","floor":29.0},{"not_picked":["hexamod:SixthSeal","hexamod:FourthSeal"],"picked":"hexamod:SecondSeal","floor":30.0},{"not_picked":["hexamod:PowerFromBeyond","hexamod:ApocalypseNow","hexamod:SuperheatedStrike"],"picked":"SKIP","floor":30.0},{"not_picked":["hexamod:FirstSeal","hexamod:ShieldOfDarkness"],"picked":"hexamod:Hexaguard","floor":31.0},{"not_picked":["hexamod:HauntingEcho","hexamod:NightmareStrike","hexamod:GhostOfSpireFuture"],"picked":"SKIP","floor":31.0},{"not_picked":["hexamod:FirstSeal","hexamod:DynamicBlow","hexamod:PowerFromBeyond"],"picked":"SKIP","floor":32.0}],"player_experience":277773,"relics_obtained":[{"floor":7.0,"key":"Matryoshka"},{"floor":8.0,"key":"WingedGreaves"},{"floor":11.0,"key":"Sundial"},{"floor":12.0,"key":"Mango"},{"floor":24.0,"key":"InkBottle"},{"floor":24.0,"key":"Letter Opener"}],"event_choices":[],"is_beta":false,"boss_relics":[{"not_picked":["Busted Crown","Tiny House"],"picked":"Pandora\u0027s Box"}],"items_purged_floors":[],"is_endless":false,"potions_floor_spawned":[8,10,11,12,14,15,19,22,28,32],"killed_by":"SI_MIRROR_ARCHETYPE","ascension_level":0}}