{"host":"6ulps5ednfgqn0to","time":1613696438,"event":{"mods":["AchievementEnabler","BaseMod","Colored Map","Highlight Path","Minty Spire (QoL Compilation)","Relic Sorter","Relic Stats","StSLib"],"gold_per_floor":[112,187,262,437,4,4,4,31,31,31,31],"floor_reached":10,"language":"ENG","playtime":484,"items_purged":[],"score":71,"play_id":"1ef505cf-2b97-41f4-8e93-cdfec4c71821","local_time":"20210219030038","is_ascension_mode":true,"campfire_choices":[{"data":"Darkness","floor":6,"key":"SMITH"}],"circlet_count":0,"master_deck":["Strike_B","Strike_B","Strike_B","Strike_B","Defend_B","Defend_B","Defend_B","Defend_B","Zap","Dualcast","Meteor Strike","Darkness+1","Doubt","Auto Shields","Go for the Eyes"],"relics":["Cracked Core","Membership Card","Shuriken","Gremlin Horn","Eternal Feather"],"acts_visited":["Exordium"],"potions_floor_usage":[],"damage_taken":[{"damage":9,"enemies":"Jaw Worm","floor":1,"turns":3},{"damage":1,"enemies":"Gremlin Nob","floor":8,"turns":3},{"damage":62,"enemies":"3 Sentries","floor":10,"turns":6}],"seed_played":"482453668836880507","potions_obtained":[{"floor":8,"key":"SteroidPotion"}],"is_trial":false,"path_per_floor":["M","?","?","?","$","R","$","E","T","E"],"character_chosen":"DEFECT","items_purchased":["Membership Card","Shuriken","Gremlin Horn","Auto Shields"],"campfire_rested":0,"item_purchase_floors":[5,5,5,5],"current_hp_per_floor":[66,66,55,55,55,55,55,54,54,0,0],"gold":31,"neow_bonus":"ONE_RANDOM_RARE_CARD","is_daily":false,"chose_seed":false,"campfire_upgraded":1,"win_rate":0.0,"timestamp":1613696438,"path_taken":["M","?","?","?","$","R","?","E","T","E"],"items_purchased_type":["Relic","Relic","Relic","Card"],"build_version":"2020-12-22","purchased_purges":0,"victory":false,"max_hp_per_floor":[75,75,75,75,75,75,75,75,75,75,75],"relic_stats":{"Gremlin Horn":[0,0],"counters":[3,12],"Shuriken":[1],"Eternal Feather":0,"obtain_stats":[{"Gremlin Horn":5,"Shuriken":5,"Eternal Feather":8,"Membership Card":5,"Cracked Core":0},{"Gremlin Horn":1,"Shuriken":1,"Eternal Feather":2,"Membership Card":1,"Cracked Core":0},{"Gremlin Horn":3,"Shuriken":3,"Eternal Feather":6,"Membership Card":3,"Cracked Core":0}]},"card_choices":[{"not_picked":["Leap","Hello World"],"picked":"Darkness","floor":1},{"not_picked":["Streamline","Steam Power"],"picked":"Go for the Eyes","floor":8}],"player_experience":56717,"relics_obtained":[{"floor":8,"key":"Eternal Feather"}],"event_choices":[{"damage_healed":0,"gold_gain":75,"player_choice":"Gained Gold","damage_taken":0,"max_hp_gain":0,"max_hp_loss":0,"event_name":"Golden Wing","floor":2,"gold_loss":0},{"damage_healed":0,"gold_gain":75,"player_choice":"Gather Gold","damage_taken":11,"max_hp_gain":0,"max_hp_loss":0,"event_name":"World of Goop","floor":3,"gold_loss":0},{"damage_healed":0,"gold_gain":175,"player_choice":"AGREE","damage_taken":0,"max_hp_gain":0,"max_hp_loss":0,"event_name":"Liars Game","floor":4,"gold_loss":0,"cards_obtained":["Doubt"]}],"is_beta":false,"boss_relics":[],"items_purged_floors":[],"is_endless":false,"potions_floor_spawned":[8],"killed_by":"3 Sentries","ascension_level":3}}