{"host":"fbdlh90rovbiajun","time":1613756901,"event":{"mods":["AchievementEnabler","BaseMod","Colored Map","Keyboard Shortcuts","Minty Spire (QoL Compilation)","SuperFastMode"],"gold_per_floor":[115,132,132,33,49,61,61,81,104,104,104,129,129,149,149,250,250,261,186,186,186,186,186,199,213,213,69,69,79,79,105,105,200,200,218,218,234,88,88,121,121,147,147,147,147,147,147,162,162,162,162,162,22,49,49],"floor_reached":56,"language":"KOR","playtime":2383,"items_purged":["Defend_P"],"score":1527,"play_id":"c0522630-d8fc-4885-ad27-5dd328e78f36","local_time":"20210220024821","is_ascension_mode":true,"campfire_choices":[{"data":"Eruption","floor":7.0,"key":"SMITH"},{"data":"SandsOfTime","floor":10.0,"key":"SMITH"},{"data":"CrushJoints","floor":15.0,"key":"SMITH"},{"data":"Halt","floor":23.0,"key":"SMITH"},{"data":"Adaptation","floor":28.0,"key":"SMITH"},{"floor":30.0,"key":"REST"},{"floor":32.0,"key":"REST"},{"floor":41,"key":"REST"},{"floor":47,"key":"RECALL"},{"floor":49,"key":"REST"},{"floor":52,"key":"REST"}],"circlet_count":0,"master_deck":["Eruption+1","Vigilance+1","InnerPeace+1","SandsOfTime+1","Halt+1","Tantrum+1","WindmillStrike+1","TalkToTheHand+1","Adaptation+1","MentalFortress+1","Adaptation"],"relics":["PureWater","NeowsBlessing","Ancient Tea Set","Akabeko","Astrolabe","Nilry\u0027s Codex","Omamori","War Paint","Empty Cage","Medical Kit","Kunai","Anchor","Pen Nib","Sundial"],"acts_visited":["Exordium","TheCity","TheBeyond","TheEnding"],"potions_floor_usage":[42,42,50,54],"damage_taken":[{"damage":0.0,"enemies":"Jaw Worm","floor":1.0,"turns":1.0},{"damage":0.0,"enemies":"Cultist","floor":2.0,"turns":1.0},{"damage":0.0,"enemies":"Small Slimes","floor":5.0,"turns":1.0},{"damage":18.0,"enemies":"2 Fungi Beasts","floor":6.0,"turns":2.0},{"damage":3.0,"enemies":"Large Slime","floor":8.0,"turns":3.0},{"damage":0.0,"enemies":"Gremlin Nob","floor":12.0,"turns":2.0},{"damage":1.0,"enemies":"Lots of Slimes","floor":14.0,"turns":3.0},{"damage":0.0,"enemies":"Slime Boss","floor":16.0,"turns":5.0},{"damage":1.0,"enemies":"3 Byrds","floor":18.0,"turns":4.0},{"damage":0.0,"enemies":"Spheric Guardian","floor":24.0,"turns":2.0},{"damage":30.0,"enemies":"Shelled Parasite and Fungi","floor":25.0,"turns":2.0},{"damage":0.0,"enemies":"Snecko","floor":29.0,"turns":2.0},{"damage":33.0,"enemies":"Gremlin Leader","floor":31.0,"turns":4.0},{"damage":14.0,"enemies":"Automaton","floor":33.0,"turns":7.0},{"damage":12.0,"enemies":"3 Darklings","floor":35.0,"turns":3.0},{"damage":16.0,"enemies":"3 Shapes","floor":37.0,"turns":4.0},{"damage":0.0,"enemies":"Giant Head","floor":40.0,"turns":4.0},{"damage":9,"enemies":"Reptomancer","floor":42,"turns":5},{"damage":4,"enemies":"Jaw Worm Horde","floor":48,"turns":3},{"damage":0,"enemies":"Donu and Deca","floor":50,"turns":6},{"damage":0,"enemies":"Shield and Spear","floor":54,"turns":2},{"damage":52,"enemies":"The Heart","floor":55,"turns":6}],"seed_played":"-260172774976416846","potions_obtained":[{"floor":1.0,"key":"Weak Potion"},{"floor":2.0,"key":"FearPotion"},{"floor":5.0,"key":"Energy Potion"},{"floor":6.0,"key":"Energy Potion"},{"floor":18.0,"key":"Swift Potion"},{"floor":31.0,"key":"Regen Potion"},{"floor":33.0,"key":"Energy Potion"},{"floor":40.0,"key":"ColorlessPotion"},{"floor":42,"key":"SkillPotion"},{"floor":48,"key":"Swift Potion"},{"floor":54,"key":"Ancient Potion"}],"is_trial":false,"path_per_floor":["M","M","?","$","M","M","R","M","T","R","?","E","?","M","R","B",null,"M","?","?","?","$","R","M","M","T","$","R","M","R","E","R","B",null,"M","?","M","$","?","E","R","E","T","?","$","?","R","M","R","B",null,"R","$","E","B",null],"character_chosen":"WATCHER","items_purchased":["CrushJoints","Omamori","Medical Kit","Adaptation","ColorlessPotion","Fire Potion"],"campfire_rested":5,"item_purchase_floors":[4,27,38,53,53,53],"current_hp_per_floor":[72,72,72,72,72,54,54,51,51,51,37,37,37,36,36,36,72,71,71,55,55,55,55,55,25,25,25,25,25,46,13,34,35,72,60,60,44,44,44,44,65,56,56,56,56,56,56,52,72,72,72,72,72,72,20],"gold":49,"neow_bonus":"THREE_ENEMY_KILL","is_daily":false,"chose_seed":false,"campfire_upgraded":5,"win_rate":0.0,"timestamp":1613756901,"path_taken":["M","M","?","$","?","M","R","M","T","R","?","E","?","M","R","BOSS","M","?","?","?","$","R","M","?","T","$","R","M","R","E","R","BOSS","M","?","?","$","?","E","R","E","T","?","$","?","R","?","R","BOSS","R","$","E","BOSS"],"items_purchased_type":["Card","Relic","Relic","Card","Potion","Potion"],"build_version":"2020-12-22","purchased_purges":1,"victory":true,"max_hp_per_floor":[72,72,72,72,72,72,72,72,72,72,72,72,72,72,72,72,72,72,72,72,72,72,72,72,72,72,72,72,72,72,72,72,72,72,72,72,72,72,72,72,72,72,72,72,72,72,72,72,72,72,72,72,72,72,72],"card_choices":[{"not_picked":["FollowUp","ThirdEye"],"picked":"InnerPeace","floor":1.0},{"not_picked":["Consecrate","SashWhip","Nirvana"],"picked":"SKIP","floor":2.0},{"not_picked":["PathToVictory","Wallop","SignatureMove"],"picked":"SKIP","floor":5.0},{"not_picked":["DeceiveReality","Consecrate"],"picked":"SandsOfTime","floor":6.0},{"not_picked":["InnerPeace","Prostrate","FollowUp"],"picked":"SKIP","floor":8.0},{"not_picked":["CrushJoints","WaveOfTheHand"],"picked":"Halt","floor":12.0},{"not_picked":["Conclude","Crescendo","CarveReality"],"picked":"SKIP","floor":14.0},{"not_picked":["Protect+1","FlyingSleeves","EmptyFist+1"],"picked":"SKIP","floor":18.0},{"not_picked":["ReachHeaven","Prostrate"],"picked":"Adaptation","floor":24.0},{"not_picked":["BowlingBash+1","SandsOfTime","Study"],"picked":"SKIP","floor":25.0},{"not_picked":["Conclude","FlurryOfBlows","EmptyMind+1"],"picked":"SKIP","floor":29.0},{"not_picked":["FollowUp","EmptyFist+1","ReachHeaven+1"],"picked":"SKIP","floor":31.0},{"not_picked":["WheelKick","Indignation","Crescendo"],"picked":"SKIP","floor":35.0},{"not_picked":["ReachHeaven+1","ClearTheMind"],"picked":"MentalFortress+1","floor":37.0},{"not_picked":["Nirvana+1","SignatureMove+1","EmptyFist+1"],"picked":"SKIP","floor":40.0},{"not_picked":["InnerPeace+1","FearNoEvil+1","Perseverance"],"picked":"SKIP","floor":42},{"not_picked":["InnerPeace+1","FearNoEvil+1","Perseverance"],"picked":"SKIP","floor":42},{"not_picked":["Halt+1","Meditate+1","FollowUp+1"],"picked":"SKIP","floor":48},{"not_picked":["FlurryOfBlows+1","Consecrate+1","Devotion"],"picked":"SKIP","floor":54}],"player_experience":94316,"relics_obtained":[{"floor":9.0,"key":"Ancient Tea Set"},{"floor":12.0,"key":"Akabeko"},{"floor":20.0,"key":"Nilry\u0027s Codex"},{"floor":31.0,"key":"War Paint"},{"floor":40.0,"key":"Kunai"},{"floor":42,"key":"Anchor"},{"floor":43,"key":"Pen Nib"},{"floor":54,"key":"Sundial"}],"event_choices":[{"cards_removed":["Defend_P"],"damage_healed":0.0,"max_hp_gain":0.0,"max_hp_loss":0.0,"gold_gain":0.0,"event_name":"Bonfire Elementals","player_choice":"Offered Basic","floor":3.0,"gold_loss":0.0,"damage_taken":0.0},{"damage_healed":0.0,"max_hp_gain":0.0,"max_hp_loss":0.0,"gold_gain":0.0,"event_name":"Shining Light","player_choice":"Entered Light","floor":11.0,"gold_loss":0.0,"damage_taken":14.0,"cards_upgraded":["Strike_P","Defend_P"]},{"damage_healed":0.0,"max_hp_gain":0.0,"max_hp_loss":0.0,"gold_gain":0.0,"event_name":"Dead Adventurer","player_choice":"Searched \u00270\u0027 times","floor":13.0,"gold_loss":0.0,"damage_taken":0.0},{"cards_removed":["Strike_P"],"damage_healed":0.0,"max_hp_gain":0.0,"max_hp_loss":0.0,"gold_gain":0.0,"event_name":"Beggar","player_choice":"Gave Gold","floor":19.0,"gold_loss":75.0,"damage_taken":0.0},{"damage_healed":0.0,"max_hp_gain":0.0,"max_hp_loss":0.0,"gold_gain":0.0,"event_name":"Cursed Tome","player_choice":"Obtained Book","floor":20.0,"gold_loss":0.0,"damage_taken":16.0},{"damage_healed":0.0,"max_hp_gain":0.0,"max_hp_loss":0.0,"gold_gain":0.0,"event_name":"Match and Keep!","player_choice":"0 cards matched","floor":21.0,"gold_loss":0.0,"damage_taken":0.0,"cards_obtained":[]},{"damage_healed":0.0,"max_hp_gain":0.0,"max_hp_loss":0.0,"gold_gain":0.0,"event_name":"The Woman in Blue","player_choice":"Bought 0 Potions","floor":36.0,"gold_loss":0.0,"damage_taken":0.0},{"damage_healed":0.0,"max_hp_gain":0.0,"max_hp_loss":0.0,"gold_gain":0.0,"event_name":"SensoryStone","player_choice":"Memory 1","floor":39.0,"gold_loss":0.0,"damage_taken":0.0},{"cards_removed":["CrushJoints"],"damage_healed":0,"gold_gain":0,"player_choice":"Removed Attack","damage_taken":0,"max_hp_gain":0,"max_hp_loss":0,"event_name":"Falling","floor":44,"gold_loss":0},{"damage_healed":0,"gold_gain":0,"player_choice":"Ignored","damage_taken":0,"max_hp_gain":0,"max_hp_loss":0,"event_name":"Accursed Blacksmith","floor":46,"gold_loss":0}],"is_beta":false,"boss_relics":[{"not_picked":["Fusion Hammer","Philosopher\u0027s Stone"],"picked":"Astrolabe"},{"not_picked":["Cursed Key","Pandora\u0027s Box"],"picked":"Empty Cage"}],"items_purged_floors":[4],"is_endless":false,"potions_floor_spawned":[1,2,5,6,18,31,33,40,42,48,54],"ascension_level":1}}