{"host":"2d69zsihwnsihkt1","time":1613765169,"event":{"mods":["AchievementEnabler","Act Like it!","BaseMod","Better Altar","Better Note","Better Skull","Bossed Relics","Colored Map","Colored Powertips","Curses Come First","Displayed Cursed Tome","Googly Eyes","Hermit","Minty Spire (QoL Compilation)","Rare Cards Sparkle","Relic Stats","Replay The Spire","Robot Space Explorer","Shapeshifter Mod","Shop Mod","StSLib","The Forsaken","The Hayseed","The Runesmith"],"gold_per_floor":[114,63,63,79,96,122,122,142,142,142,152,8,8,8,8,110,110,128,147,71,71,88,108,128,128,128,347,37,68,68,85,85,183,283,296,225,276,326,326,359,359,370,370,389,415,432,127,141,141,141],"floor_reached":51,"language":"ENG","playtime":23155,"items_purged":["theForsaken:PlagueCurse"],"score":802,"play_id":"e56ddd74-edb3-4922-9de0-ed8a78709476","local_time":"20210219140609","is_ascension_mode":false,"campfire_choices":[{"data":"theForsaken:Smite","floor":7,"key":"SMITH"},{"floor":15,"key":"REST"},{"data":"theForsaken:TearsOfSunlight","floor":25,"key":"SMITH"},{"data":"theForsaken:WrathOfGod+1","floor":32,"key":"SMITH"},{"data":"theForsaken:WrathOfGod+2","floor":41,"key":"SMITH"},{"data":"theForsaken:WrathOfGod+3","floor":49,"key":"SMITH"}],"circlet_count":0,"master_deck":["theForsaken:TheForsaken_Strike","theForsaken:TheForsaken_Strike+1","theForsaken:TheForsaken_Strike+1","theForsaken:TheForsaken_Strike","theForsaken:TheForsaken_Defend","theForsaken:TheForsaken_Defend","theForsaken:TheForsaken_Defend","theForsaken:TheForsaken_Defend","theForsaken:Smite+1","theForsaken:Penitence","theForsaken:Bolster","theForsaken:AncientWords","theForsaken:AncientWords","theForsaken:SacrificeSoul","theForsaken:DarkBargain","theForsaken:TearsOfSunlight+1","theForsaken:WrathOfGod+4","theForsaken:AncientWords","theForsaken:DefensiveStance","theForsaken:Bolster+1","theForsaken:Purification","theForsaken:AncientWords","theForsaken:Riposte+1","theForsaken:Retribution","theForsaken:BlessedWeapon+1","theForsaken:BountifulSunlight+1"],"relics":["theForsaken:JudgementScales","Whetstone","Gremlin Horn","theForsaken:PlagueMask","Runesmith:Locket","Replay:Bronze Core","Nunchaku","Toy Ornithopter","Replay:Rubber Ducky","Lee\u0027s Waffle","Bottled Tornado","Replay:Wanted Poster","Ice Cream","Eternal Feather","Durian","BranchBurnRelic","Regal Pillow","Orichalcum","StoneCalendar"],"acts_visited":["Exordium","TheCity","TheBeyond"],"potions_floor_usage":[11,16,22,29,29,35,37,37,50,50],"damage_taken":[{"damage":2,"enemies":"Jaw Worm","floor":1,"turns":5},{"damage":0,"enemies":"2 Louse","floor":4,"turns":3},{"damage":1,"enemies":"Small Slimes","floor":5,"turns":4},{"damage":19,"enemies":"Lagavulin","floor":6,"turns":11},{"damage":9,"enemies":"Blue Slaver","floor":8,"turns":5},{"damage":0,"enemies":"Lots of Slimes","floor":11,"turns":1},{"damage":0,"enemies":"The Guardian","floor":16,"turns":15},{"damage":32,"enemies":"3 Byrds","floor":18,"turns":9},{"damage":10,"enemies":"Spheric Guardian","floor":19,"turns":7},{"damage":9,"enemies":"Snake Plant","floor":22,"turns":5},{"damage":22,"enemies":"Chosen and Byrds","floor":23,"turns":10},{"damage":3,"enemies":"Snecko","floor":24,"turns":7},{"damage":11,"enemies":"Gremlin Leader","floor":29,"turns":10},{"damage":1,"enemies":"Snake Plant","floor":31,"turns":6},{"damage":9,"enemies":"Champ","floor":33,"turns":15},{"damage":11,"enemies":"Orb Walker","floor":35,"turns":6},{"damage":84,"enemies":"2 Orb Walkers","floor":37,"turns":9},{"damage":0,"enemies":"Mind Bloom Boss Battle","floor":38,"turns":9},{"damage":54,"enemies":"Reptomancer","floor":40,"turns":9},{"damage":3,"enemies":"3 Darklings","floor":42,"turns":6},{"damage":7,"enemies":"Jaw Worm Horde","floor":44,"turns":5},{"damage":0,"enemies":"R_Hoarder","floor":45,"turns":6},{"damage":20,"enemies":"Transient","floor":46,"turns":5},{"damage":0,"enemies":"Spire Growth","floor":48,"turns":6},{"damage":150,"enemies":"Awakened One","floor":50,"turns":17}],"seed_played":"-1885870163158162997","potions_obtained":[{"floor":4,"key":"Explosive Potion"},{"floor":6,"key":"SkillPotion"},{"floor":11,"key":"Weak Potion"},{"floor":18,"key":"Elixir"},{"floor":19,"key":"EssenceOfSteel"},{"floor":24,"key":"Weak Potion"},{"floor":33,"key":"Block Potion"},{"floor":35,"key":"ColorlessPotion"},{"floor":40,"key":"LiquidBronze"},{"floor":45,"key":"AttackPotion"}],"is_trial":false,"path_per_floor":["M","$","?","M","M","E","R","M","T","?","M","$","?","$","R","B",null,"M","M","$","$","M","M","M","R","T","?","$","E","?","M","R","B",null,"M","$","?","?","T","E","R","M","T","M","E","M","$","M","R","B",null],"character_chosen":"THE_FORSAKEN","items_purchased":["theForsaken:AncientWords","theForsaken:DarkBargain","theForsaken:AncientWords","Replay:Rubber Ducky","Lee\u0027s Waffle","theForsaken:AncientWords","StoneCalendar"],"campfire_rested":1,"item_purchase_floors":[2,12,20,28,28,36,47],"current_hp_per_floor":[71,71,71,71,71,57,57,53,53,53,56,56,14,14,35,71,71,63,62,62,62,62,71,71,71,71,41,78,78,78,78,78,78,78,77,77,33,78,78,83,83,83,83,83,83,76,76,83,83,80],"gold":141,"neow_bonus":"TEN_PERCENT_HP_BONUS","is_daily":false,"chose_seed":false,"campfire_upgraded":5,"win_rate":0.0,"timestamp":1613765169,"path_taken":["M","$","?","M","M","E","R","M","T","?","M","$","?","?","R","BOSS","M","M","?","$","M","M","M","R","T","?","$","E","?","M","R","BOSS","M","$","?","?","?","E","R","M","T","M","E","M","?","M","R","BOSS"],"items_purchased_type":["Card","Card","Card","Relic","Relic","Card","Relic"],"build_version":"2020-12-22","purchased_purges":1,"victory":true,"max_hp_per_floor":[71,71,71,71,71,71,71,71,71,71,71,71,71,71,71,71,71,71,71,71,71,71,71,71,71,71,71,78,78,78,78,78,78,78,78,78,78,78,78,83,83,83,83,83,83,83,83,83,83,83],"relic_stats":{"Nunchaku":[17],"Lee\u0027s Waffle":37,"Regal Pillow":0,"Gremlin Horn":[45,45],"counters":[25,191],"Eternal Feather":0,"StoneCalendar":[88],"Whetstone":["theForsaken:TheForsaken_Strike","theForsaken:TheForsaken_Strike"],"Orichalcum":[12],"obtain_stats":[{"Ice Cream":37,"Lee\u0027s Waffle":28,"Regal Pillow":43,"Gremlin Horn":9,"Dead Branch":38,"Runesmith:Locket":13,"Eternal Feather":39,"StoneCalendar":47,"Whetstone":6,"Bottled Tornado":29,"Orichalcum":45,"theForsaken:PlagueMask":10,"Replay:Rubber Ducky":28,"Replay:Wanted Poster":34,"BranchBurnRelic":41,"Nunchaku":26,"Replay:Bronze Core":17,"Durian":40,"theForsaken:JudgementScales":0,"Toy Ornithopter":27},{"Ice Cream":17,"Lee\u0027s Waffle":12,"Regal Pillow":20,"Gremlin Horn":5,"Dead Branch":18,"Runesmith:Locket":6,"Eternal Feather":18,"StoneCalendar":23,"Whetstone":4,"Bottled Tornado":13,"Orichalcum":22,"theForsaken:PlagueMask":5,"Replay:Rubber Ducky":12,"Replay:Wanted Poster":15,"BranchBurnRelic":19,"Nunchaku":12,"Replay:Bronze Core":7,"Durian":19,"theForsaken:JudgementScales":0,"Toy Ornithopter":12},{"Ice Cream":128,"Lee\u0027s Waffle":82,"Regal Pillow":152,"Gremlin Horn":28,"Dead Branch":137,"Runesmith:Locket":29,"Eternal Feather":137,"StoneCalendar":168,"Whetstone":23,"Bottled Tornado":92,"Orichalcum":163,"theForsaken:PlagueMask":28,"Replay:Rubber Ducky":82,"Replay:Wanted Poster":113,"BranchBurnRelic":146,"Nunchaku":82,"Replay:Bronze Core":44,"Durian":146,"theForsaken:JudgementScales":0,"Toy Ornithopter":82}],"Toy Ornithopter":11},"card_choices":[{"not_picked":["theForsaken:NobleSacrifice","theForsaken:Thunderbolt"],"picked":"theForsaken:Bolster","floor":1},{"not_picked":["theForsaken:FuryStrikes","theForsaken:PowerUp","theForsaken:ChargeAttack"],"picked":"SKIP","floor":4},{"not_picked":["theForsaken:CreepingInfection","theForsaken:ShieldBash","theForsaken:WordsOfPestilence"],"picked":"SKIP","floor":5},{"not_picked":["theForsaken:BountifulSunlight","theForsaken:FatRoll"],"picked":"theForsaken:SacrificeSoul","floor":6},{"not_picked":["theForsaken:BottledPlague","theForsaken:SpinAttack","theForsaken:CreepingInfection"],"picked":"SKIP","floor":8},{"not_picked":["theForsaken:FuryStrikes","theForsaken:ChargeAttack","theForsaken:NobleSacrifice"],"picked":"SKIP","floor":11},{"not_picked":["theForsaken:Horror","theForsaken:DesperatePlea"],"picked":"theForsaken:TearsOfSunlight","floor":16},{"not_picked":["theForsaken:CreepingInfection","theForsaken:FuryStrikes"],"picked":"theForsaken:WrathOfGod+1","floor":18},{"not_picked":["theForsaken:Parry","theForsaken:ChargeAttack","theForsaken:Eulogy"],"picked":"SKIP","floor":19},{"not_picked":["theForsaken:ShieldBash","theForsaken:ScorchingSunlight","theForsaken:HorrifyingStrike"],"picked":"SKIP","floor":22},{"not_picked":["theForsaken:PanicDive+1","theForsaken:FatRoll","theForsaken:HealingLight"],"picked":"SKIP","floor":23},{"not_picked":["theForsaken:DarkRift","theForsaken:RainingSunlight","theForsaken:ShieldBash"],"picked":"SKIP","floor":24},{"not_picked":["theForsaken:Temperance","theForsaken:FuryStrikes"],"picked":"theForsaken:DefensiveStance","floor":29},{"not_picked":["theForsaken:WrathOfGod+1","theForsaken:ScorchingSunlight"],"picked":"theForsaken:Bolster+1","floor":31},{"not_picked":["theForsaken:SacrificeSoul","theForsaken:Horror"],"picked":"theForsaken:Purification","floor":33},{"not_picked":["theForsaken:Eulogy+1","theForsaken:HealingLight","theForsaken:ShieldCharge+1"],"picked":"SKIP","floor":35},{"not_picked":["theForsaken:HymnOfRest","theForsaken:CorruptedWord+1","theForsaken:PanicDive+1"],"picked":"SKIP","floor":40},{"not_picked":["theForsaken:Preservation","theForsaken:ShieldCharge+1"],"picked":"theForsaken:Riposte+1","floor":42},{"not_picked":["theForsaken:Backlash","theForsaken:StoreUp+1","theForsaken:Bolster+1"],"picked":"SKIP","floor":44},{"not_picked":["theForsaken:Parry+1","theForsaken:StoreUp"],"picked":"theForsaken:Retribution","floor":45},{"not_picked":["theForsaken:FatRoll+1","theForsaken:Parry+1"],"picked":"theForsaken:BlessedWeapon+1","floor":46},{"not_picked":["theForsaken:ScorchingSunlight+1","theForsaken:Devotion+1"],"picked":"theForsaken:BountifulSunlight+1","floor":48}],"player_experience":1664072,"relics_obtained":[{"floor":6,"key":"Whetstone"},{"floor":9,"key":"Gremlin Horn"},{"floor":26,"key":"Nunchaku"},{"floor":29,"key":"Bottled Tornado"},{"floor":37,"key":"Ice Cream"},{"floor":38,"key":"Dead Branch"},{"floor":39,"key":"Eternal Feather"},{"floor":40,"key":"Durian"},{"floor":43,"key":"Regal Pillow"},{"floor":45,"key":"Orichalcum"}],"event_choices":[{"damage_healed":0,"gold_gain":0,"player_choice":"Obtain Plague Curse","damage_taken":0,"max_hp_gain":0,"max_hp_loss":0,"event_name":"Plague Doctor","floor":10,"gold_loss":0,"cards_obtained":["theForsaken:PlagueCurse"]},{"damage_healed":0,"gold_gain":0,"player_choice":"Success","damage_taken":42,"relics_obtained":["Runesmith:Locket"],"max_hp_gain":0,"max_hp_loss":0,"event_name":"Scrap Ooze","floor":13,"gold_loss":0},{"damage_healed":0,"gold_gain":219,"player_choice":"RE GO GO ","damage_taken":34,"relics_obtained":["Toy Ornithopter"],"max_hp_gain":0,"max_hp_loss":0,"event_name":"betterSkull:BetterSkull","floor":27,"gold_loss":0,"cards_upgraded":[]},{"cards_removed":["theForsaken:TheForsaken_Defend"],"damage_healed":0,"gold_gain":0,"player_choice":"Give","damage_taken":0,"max_hp_gain":0,"max_hp_loss":0,"event_name":"betterNote:BetterNote","floor":30,"gold_loss":0,"cards_obtained":["Strike_G"]},{"damage_healed":0,"gold_gain":0,"player_choice":"Fight","damage_taken":0,"max_hp_gain":0,"max_hp_loss":0,"event_name":"Mysterious Sphere","floor":37,"gold_loss":0},{"damage_healed":0,"gold_gain":0,"player_choice":"Fight","damage_taken":0,"max_hp_gain":0,"max_hp_loss":0,"event_name":"MindBloom","floor":38,"gold_loss":0}],"is_beta":false,"boss_relics":[{"not_picked":["Ectoplasm","SacredBark"],"picked":"Replay:Bronze Core"},{"not_picked":["Tiny House","ReplayTheSpireMod:DimensionalGlitch"],"picked":"Replay:Wanted Poster"}],"items_purged_floors":[12],"is_endless":false,"potions_floor_spawned":[4,6,11,18,19,24,33,35,40,45],"ascension_level":0}}