{"host":"y6zg4wwu39otf01a","time":1613774959,"event":{"mods":["Act Like it!","Aspiration","BaseMod","Better Altar","Better Match","Better Note","Better Sensory Stone","Better Skull","Better Third Choice","Challenge The Spire","Colored Map","Colored Powertips","Conspire","GifTheSpireLib","Glutton Mod","Halation","Hermit","Highlight Path","Hubris","Infinite Spire","Mimic Mod","Minty Spire (QoL Compilation)","Quick Restart","Random Character Button","Rare Cards Sparkle","Reliquary","Replay The Spire","Retaliation","Ruina","Spicy Shops","StSLib","Stuff the Spire","The Blue Laboratory","The Construct","The Jungle"],"gold_per_floor":[117,19,34,47,47,81,93,93,93],"floor_reached":8,"language":"ENG","playtime":395,"items_purged":[],"score":58,"play_id":"32dfd76f-7088-4ceb-bdf2-61d4729fceba","local_time":"20210219164919","daily_mods":["Allstar","Colorless Cards","DeadlyEvents"],"is_ascension_mode":false,"campfire_choices":[],"circlet_count":0,"master_deck":["hermit:Strike_Hermit","hermit:Strike_Hermit","hermit:Strike_Hermit","hermit:Strike_Hermit","hermit:Defend_Hermit","hermit:Defend_Hermit","hermit:Defend_Hermit","hermit:Defend_Hermit","hermit:Snapshot","hermit:Covet","Enlightenment","Panache","ReplayTheSpireMod:Necrogeddon","ReplayTheSpireMod:Uncanny Aura","Swift Strike","conspire:Banana","Doubt","hermit:HighCaliber+1","StuffTheSpire:BumpUp","Infinite Blades","hermit:TrackingShot"],"relics":["hermit:Momento","Bag of Preparation","halation:EternalFortune","aspiration:ChemicalBlood"],"acts_visited":["Exordium"],"potions_floor_usage":[7],"damage_taken":[{"damage":0,"enemies":"2 Louse","floor":1,"turns":2},{"damage":0,"enemies":"Cultist","floor":3,"turns":2},{"damage":8,"enemies":"Jaw Worm","floor":4,"turns":3},{"damage":63,"enemies":"Lagavulin","floor":6,"turns":7},{"damage":1,"enemies":"Blue Slaver","floor":7,"turns":3},{"damage":11,"enemies":"Gremlin Nob","floor":8,"turns":2}],"seed_played":"-6835054436926070171","potions_obtained":[{"floor":6,"key":"SkillPotion"}],"is_trial":true,"path_per_floor":["M","$","M","M","?","E","M","E"],"character_chosen":"HERMIT","items_purchased":["Bag of Preparation","hermit:HighCaliber+1"],"campfire_rested":0,"item_purchase_floors":[2,2],"current_hp_per_floor":[75,75,76,69,72,10,10,0,0],"gold":93,"neow_bonus":"","is_daily":false,"chose_seed":false,"campfire_upgraded":0,"win_rate":0.0,"timestamp":1613774959,"path_taken":["M","?","M","?","?","E","M","?"],"items_purchased_type":["Relic","Card"],"build_version":"2020-12-22","purchased_purges":0,"victory":false,"max_hp_per_floor":[75,75,76,77,80,81,82,83,83],"card_choices":[{"not_picked":["StuffTheSpire:BumpUp","StuffTheSpire:ReptileScales"],"picked":"conspire:Banana","floor":1},{"not_picked":["Riddle With Holes","Sneak Up"],"picked":"StuffTheSpire:BumpUp","floor":3},{"not_picked":["hermit:LoneWolf","StuffTheSpire:Python","Replay:Poison Smokescreen"],"picked":"SKIP","floor":4},{"not_picked":["Dagger Spray","hermit:Malice"],"picked":"Infinite Blades","floor":6},{"not_picked":["Dagger Spray","Terror"],"picked":"hermit:TrackingShot","floor":7}],"player_experience":926626,"relics_obtained":[{"floor":6,"key":"aspiration:ChemicalBlood"}],"event_choices":[],"is_beta":false,"boss_relics":[],"items_purged_floors":[],"is_endless":false,"potions_floor_spawned":[6],"killed_by":"Gremlin Nob","ascension_level":0}}