{"host":"72n3jwtrlpjobydj","time":1613766852,"event":{"mods":["AchievementEnabler","BaseMod","CapriCore","DeckTracker","Hermit","Koishi","KomeijiMod","Lobotomy","Marisa£¨Ùöéë¡¡Øª×âÞÞ£©","Minty Spire (QoL Compilation)","Permanent Neow","StSLib","SuperFastMode","The Cursed","The Hierophant","The Immortal"],"gold_per_floor":[110,130,130,147,167,92,79,79,155,173,173,208,54,54,54,158,158,177,102,102,122,133,133,144,19,19,19,19,19,35,35,35,140,140,160,179,29,40,56,56,56,56,56,56,83,357,357,367,367,367],"floor_reached":51,"language":"KOR","playtime":1383,"items_purged":["Zap","Strike_B","Strike_B","Defend_B"],"score":752,"play_id":"78f7267d-92e0-44de-b288-751a18709b24","local_time":"20210220053412","is_ascension_mode":false,"campfire_choices":[{"data":"Blizzard","floor":8,"key":"SMITH"},{"data":"Dualcast","floor":11,"key":"SMITH"},{"floor":15,"key":"REST"},{"floor":23,"key":"REST"},{"floor":27,"key":"REST"},{"data":"Glacier","floor":29,"key":"SMITH"},{"data":"Cold Snap","floor":32,"key":"SMITH"},{"floor":40,"key":"REST"},{"data":"Cold Snap","floor":42,"key":"SMITH"},{"data":"Coolheaded","floor":44,"key":"SMITH"},{"floor":49,"key":"REST"}],"circlet_count":0,"master_deck":["Strike_B","Strike_B","Defend_B","Defend_B","Dualcast+1","Glacier+1","Blizzard+1","Coolheaded+1","Coolheaded+1","Cold Snap+1","Chill+1","Coolheaded","Chill","Glacier+1"],"relics":["Cracked Core","NeowsBlessing","InkBottle","WingedGreaves","Lantern","Sozu","Question Card","Strawberry","SlaversCollar","Eternal Feather","PreservedInsect"],"acts_visited":["Exordium","TheCity","TheBeyond"],"potions_floor_usage":[12,50],"damage_taken":[{"damage":0,"enemies":"Cultist","floor":1,"turns":1},{"damage":0,"enemies":"Jaw Worm","floor":2,"turns":1},{"damage":0,"enemies":"Small Slimes","floor":4,"turns":1},{"damage":3,"enemies":"3 Louse","floor":5,"turns":4},{"damage":9,"enemies":"Exordium Thugs","floor":7,"turns":8},{"damage":5,"enemies":"Looter","floor":10,"turns":4},{"damage":17,"enemies":"3 Sentries","floor":12,"turns":12},{"damage":26,"enemies":"Slime Boss","floor":16,"turns":14},{"damage":26,"enemies":"3 Byrds","floor":18,"turns":6},{"damage":0,"enemies":"Shell Parasite","floor":21,"turns":7},{"damage":15,"enemies":"Cultist and Chosen","floor":22,"turns":6},{"damage":0,"enemies":"Snake Plant","floor":24,"turns":5},{"damage":6,"enemies":"Centurion and Healer","floor":30,"turns":7},{"damage":30,"enemies":"Automaton","floor":33,"turns":10},{"damage":3,"enemies":"3 Darklings","floor":35,"turns":5},{"damage":7,"enemies":"3 Shapes","floor":36,"turns":4},{"damage":7,"enemies":"Jaw Worm Horde","floor":38,"turns":4},{"damage":0,"enemies":"Sphere and 2 Shapes","floor":39,"turns":6},{"damage":39,"enemies":"Nemesis","floor":45,"turns":11},{"damage":3,"enemies":"4 Shapes","floor":48,"turns":3},{"damage":2,"enemies":"Donu and Deca","floor":50,"turns":10}],"seed_played":"-1351821483564960785","potions_obtained":[{"floor":4,"key":"SpeedPotion"},{"floor":10,"key":"PotionOfCapacity"},{"floor":16,"key":"Energy Potion"}],"is_trial":false,"path_per_floor":["M","M","?","M","M","$","M","R","T","M","R","E","$","?","R","B",null,"M","?","T","M","M","R","M","$","T","R","$","R","M","?","R","B",null,"M","M","$","M","M","R","?","R","T","R","E","?","?","M","R","B",null],"character_chosen":"DEFECT","items_purchased":["Cold Snap"],"campfire_rested":5,"item_purchase_floors":[13],"current_hp_per_floor":[75,75,75,75,72,72,63,63,63,58,58,41,41,23,45,19,75,49,49,49,49,34,56,56,56,56,75,75,75,69,76,76,46,82,79,72,72,65,65,82,82,82,82,82,43,43,43,40,70,68],"gold":367,"neow_bonus":"THREE_ENEMY_KILL","is_daily":false,"chose_seed":false,"campfire_upgraded":6,"win_rate":0.0,"timestamp":1613766852,"path_taken":["M","?","?","M","M","$","M","R","T","M","R","E","$","?","R","BOSS","M","?","?","M","M","R","M","$","T","R","$","R","M","?","R","BOSS","M","M","$","M","M","R","?","R","T","R","E","?","?","?","R","BOSS"],"items_purchased_type":["Card"],"build_version":"2020-12-22","purchased_purges":4,"victory":true,"max_hp_per_floor":[75,75,75,75,75,75,75,75,75,75,75,75,75,75,75,75,75,75,75,75,75,75,75,75,75,75,75,75,75,75,82,82,82,82,82,82,82,82,82,82,82,82,82,82,82,82,82,82,82,82],"card_choices":[{"not_picked":["Cold Snap","Barrage"],"picked":"Glacier","floor":1},{"not_picked":["Gash","Steam"],"picked":"Blizzard","floor":2},{"not_picked":["Heatsinks","Leap","Doom and Gloom"],"picked":"SKIP","floor":4},{"not_picked":["Rip and Tear","Reprogram","Compile Driver"],"picked":"SKIP","floor":5},{"not_picked":["Stack","Consume"],"picked":"Coolheaded","floor":7},{"not_picked":["Sweeping Beam","Hologram","Consume"],"picked":"SKIP","floor":10},{"not_picked":["Barrage","All For One","Sweeping Beam"],"picked":"SKIP","floor":12},{"not_picked":["White Noise","Conserve Battery+1"],"picked":"Coolheaded+1","floor":18},{"not_picked":["Darkness+1","Static Discharge","Compile Driver","Reinforced Body"],"picked":"SKIP","floor":21},{"not_picked":["Beam Cell+1","Sweeping Beam","Turbo"],"picked":"Cold Snap","floor":22},{"not_picked":["Compile Driver+1","Barrage","Heatsinks","FTL"],"picked":"SKIP","floor":24},{"not_picked":["Go for the Eyes","Conserve Battery","Leap+1","Turbo"],"picked":"SKIP","floor":30},{"not_picked":["Compile Driver","Ball Lightning","Leap"],"picked":"Chill+1","floor":35},{"not_picked":["Go for the Eyes","Steam","Barrage","White Noise+1"],"picked":"SKIP","floor":36},{"not_picked":["Redo+1","Consume+1","Barrage+1","Steam Power"],"picked":"SKIP","floor":38},{"not_picked":["Steam+1","Double Energy+1","Redo","Reboot"],"picked":"SKIP","floor":39},{"not_picked":["Redo","Hologram","Aggregate+1"],"picked":"Coolheaded","floor":45},{"not_picked":["Consume","Rebound+1","Tempest"],"picked":"Chill","floor":46},{"not_picked":["Steam+1","Hologram","Stack"],"picked":"Glacier+1","floor":48}],"player_experience":94252,"relics_obtained":[{"floor":9,"key":"InkBottle"},{"floor":12,"key":"WingedGreaves"},{"floor":20,"key":"Question Card"},{"floor":26,"key":"Frozen Egg 2"},{"floor":43,"key":"Eternal Feather"},{"floor":45,"key":"PreservedInsect"}],"event_choices":[{"damage_healed":0,"gold_gain":0,"player_choice":"Success","damage_taken":18,"relics_obtained":["Lantern"],"max_hp_gain":0,"max_hp_loss":0,"event_name":"Scrap Ooze","floor":14,"gold_loss":0},{"cards_removed":["Defend_B"],"damage_healed":0,"gold_gain":0,"player_choice":"Gave Gold","damage_taken":0,"max_hp_gain":0,"max_hp_loss":0,"event_name":"Beggar","floor":19,"gold_loss":75},{"damage_healed":0,"gold_gain":0,"player_choice":"Opened","damage_taken":0,"relics_obtained":["Strawberry"],"max_hp_gain":0,"max_hp_loss":0,"event_name":"The Mausoleum","floor":31,"gold_loss":0},{"cards_removed":["Cold Snap"],"damage_healed":0,"gold_gain":0,"player_choice":"Removed Attack","damage_taken":0,"max_hp_gain":0,"max_hp_loss":0,"event_name":"Falling","floor":41,"gold_loss":0},{"damage_healed":0,"gold_gain":0,"player_choice":"Ignored","damage_taken":0,"max_hp_gain":0,"max_hp_loss":0,"event_name":"NoteForYourself","floor":47,"gold_loss":0}],"is_beta":false,"boss_relics":[{"not_picked":["Cursed Key","Snecko Eye"],"picked":"Sozu"},{"not_picked":["Busted Crown","SacredBark"],"picked":"SlaversCollar"}],"items_purged_floors":[6,13,25,37],"is_endless":false,"potions_floor_spawned":[4,10,16,21,30,35,48],"ascension_level":0}}