{"host":"k919bq8mkuzdqhzi","time":1613777776,"event":{"mods":["AchievementEnabler","BaseMod","Colored Map","Colored Powertips","DeckTracker","Minty Spire (QoL Compilation)","Relic Sorter","SuperFastMode"],"gold_per_floor":[117,134,153,153,10,10,10,10,10,22,49,80,92,131,143,155,155],"floor_reached":16,"language":"ENG","playtime":645,"items_purged":["Strike_P"],"score":100,"play_id":"6fcabe27-c274-4e67-9838-0af093acf41e","local_time":"20210219183616","is_ascension_mode":false,"campfire_choices":[{"data":"EmptyBody","floor":6,"key":"SMITH"},{"data":"Judgement","floor":8,"key":"SMITH"},{"data":"Wallop","floor":10,"key":"SMITH"},{"data":"EmptyFist","floor":13,"key":"SMITH"},{"floor":15,"key":"REST"}],"circlet_count":0,"master_deck":["Strike_P","Strike_P","Defend_P+1","Defend_P","Defend_P","Defend_P","Eruption+1","Vigilance+1","EmptyBody+1","Wallop+1","PathToVictory","Judgement+1","EmptyFist+1","Evaluate","Crescendo"],"relics":["PureWater","MawBank","Blue Candle"],"acts_visited":["Exordium"],"potions_floor_usage":[16],"damage_taken":[{"damage":0,"enemies":"Cultist","floor":1,"turns":2},{"damage":0,"enemies":"Jaw Worm","floor":2,"turns":3},{"damage":2,"enemies":"2 Louse","floor":3,"turns":2},{"damage":4,"enemies":"Lots of Slimes","floor":11,"turns":4},{"damage":0,"enemies":"Looter","floor":12,"turns":3},{"damage":5,"enemies":"3 Sentries","floor":14,"turns":5},{"damage":71,"enemies":"The Guardian","floor":16,"turns":9}],"seed_played":"-957893257874115490","potions_obtained":[{"floor":2,"key":"FearPotion"}],"is_trial":false,"path_per_floor":["M","M","M","?","$","R","?","R","T","R","M","M","R","E","R","B"],"character_chosen":"WATCHER","items_purchased":["Judgement"],"campfire_rested":1,"item_purchase_floors":[5],"current_hp_per_floor":[72,72,70,56,56,56,56,56,56,56,52,52,52,47,68,0,0],"gold":155,"neow_bonus":"UPGRADE_CARD","is_daily":false,"chose_seed":false,"campfire_upgraded":4,"win_rate":0.0,"timestamp":1613777776,"path_taken":["M","M","?","?","$","R","?","R","T","R","M","?","R","E","R","BOSS"],"items_purchased_type":["Card"],"build_version":"2020-12-22","purchased_purges":1,"victory":false,"max_hp_per_floor":[72,72,72,72,72,72,72,72,72,72,72,72,72,72,72,72,72],"card_choices":[{"not_picked":["Evaluate","JustLucky"],"picked":"EmptyBody","floor":1},{"not_picked":["BattleHymn","Consecrate"],"picked":"Wallop","floor":2},{"not_picked":["BowlingBash","ThirdEye"],"picked":"PathToVictory","floor":3},{"not_picked":["Study","BowlingBash"],"picked":"EmptyFist","floor":11},{"not_picked":["BattleHymn","ConjureBlade"],"picked":"Evaluate","floor":12},{"not_picked":["Halt","EmptyMind"],"picked":"Crescendo","floor":14}],"player_experience":169388,"relics_obtained":[{"floor":9,"key":"MawBank"},{"floor":14,"key":"Blue Candle"}],"event_choices":[{"damage_healed":0,"gold_gain":0,"player_choice":"Entered Light","damage_taken":14,"max_hp_gain":0,"max_hp_loss":0,"event_name":"Shining Light","floor":4,"gold_loss":0,"cards_upgraded":["Vigilance","Defend_P"]},{"cards_removed":["Strike_P"],"damage_healed":0,"gold_gain":0,"player_choice":"Offered Basic","damage_taken":0,"max_hp_gain":0,"max_hp_loss":0,"event_name":"Bonfire Elementals","floor":7,"gold_loss":0}],"is_beta":false,"boss_relics":[],"items_purged_floors":[5],"is_endless":false,"potions_floor_spawned":[2],"killed_by":"The Guardian","ascension_level":0}}