{"host":"sav7uxregyirlf69","time":1613711965,"event":{"mods":["AchievementEnabler","BaseMod","Colored Map","DeckTracker","Keyboard Shortcuts","Minty Spire (QoL Compilation)","READ ME - Guardian Mod","StSLib","SuperFastMode"],"gold_per_floor":[115,165,38,54,73,73,92,92,92,107,123,135,135,135,135,209,209,229,239,252,269,144,144,156,156,156,156,185,185,60,78,78,78,78],"floor_reached":33,"language":"KOR","playtime":502,"items_purged":["Strike_B","Strike_B","Normality"],"score":522,"play_id":"1c6ca828-32cf-463a-88a3-a0406258b2e7","local_time":"20210219141925","is_ascension_mode":true,"campfire_choices":[{"data":"Zap","floor":6,"key":"SMITH"},{"data":"Go for the Eyes","floor":8,"key":"SMITH"},{"data":"Loop","floor":15,"key":"SMITH"},{"floor":23,"key":"REST"},{"data":"Dualcast","floor":25,"key":"SMITH"},{"floor":29,"key":"REST"},{"floor":32,"key":"REST"}],"circlet_count":0,"master_deck":["AscendersBane","Strike_B","Defend_B","Defend_B","Defend_B","Defend_B","Zap+1","Dualcast+1","Go for the Eyes+1","Ball Lightning","Loop+1","Lockon","Chill","Electrodynamics","Stack+1","Cold Snap","Capacitor","Conserve Battery"],"relics":["Cracked Core","NeowsBlessing","Singing Bowl","Cursed Key","Lizard Tail","Mummified Hand","Pocketwatch"],"acts_visited":["Exordium","TheCity"],"potions_floor_usage":[7,11,20,28,33],"damage_taken":[{"damage":0,"enemies":"Jaw Worm","floor":1,"turns":1},{"damage":0,"enemies":"Cultist","floor":4,"turns":1},{"damage":0,"enemies":"Small Slimes","floor":5,"turns":1},{"damage":14,"enemies":"Gremlin Gang","floor":7,"turns":3},{"damage":13,"enemies":"Red Slaver","floor":10,"turns":4},{"damage":26,"enemies":"Exordium Thugs","floor":11,"turns":4},{"damage":0,"enemies":"2 Fungi Beasts","floor":12,"turns":3},{"damage":9,"enemies":"Hexaghost","floor":16,"turns":8},{"damage":6,"enemies":"Chosen","floor":18,"turns":4},{"damage":25,"enemies":"Shell Parasite","floor":19,"turns":5},{"damage":4,"enemies":"Snecko","floor":20,"turns":5},{"damage":8,"enemies":"Centurion and Healer","floor":21,"turns":6},{"damage":10,"enemies":"3 Cultists","floor":24,"turns":5},{"damage":60,"enemies":"Book of Stabbing","floor":28,"turns":6},{"damage":34,"enemies":"Snake Plant","floor":31,"turns":4},{"damage":44,"enemies":"Champ","floor":33,"turns":9}],"seed_played":"-5589035535866566468","potions_obtained":[{"floor":5,"key":"DistilledChaos"},{"floor":7,"key":"SkillPotion"},{"floor":12,"key":"Energy Potion"},{"floor":16,"key":"Block Potion"},{"floor":20,"key":"Fire Potion"},{"floor":31,"key":"AttackPotion"}],"is_trial":false,"path_per_floor":["M","?","$","M","M","R","M","R","T","M","M","M","?","?","R","B",null,"M","M","M","M","$","R","M","R","T","?","E","R","$","M","R","B"],"character_chosen":"DEFECT","items_purchased":["Ball Lightning","Cold Snap"],"campfire_rested":3,"item_purchase_floors":[3,22],"current_hp_per_floor":[64,64,64,64,64,64,50,50,50,39,13,15,15,15,15,6,58,54,29,27,21,21,45,37,37,37,37,23,47,47,13,37,0,0],"gold":78,"neow_bonus":"THREE_ENEMY_KILL","is_daily":false,"chose_seed":false,"campfire_upgraded":4,"win_rate":0.0,"timestamp":1613711965,"path_taken":["M","?","?","?","?","R","M","R","T","M","M","?","?","?","R","BOSS","M","?","M","M","?","R","?","R","T","?","E","R","$","M","R","BOSS"],"items_purchased_type":["Card","Card"],"build_version":"2020-12-22","purchased_purges":3,"victory":false,"max_hp_per_floor":[71,71,71,71,71,71,71,71,71,73,73,75,75,75,75,75,75,77,77,79,81,81,81,83,83,83,83,83,83,83,83,83,83,83],"card_choices":[{"not_picked":["Steam","Force Field"],"picked":"Go for the Eyes","floor":1},{"not_picked":["Steam","Redo"],"picked":"Loop","floor":4},{"not_picked":["Beam Cell","Stack"],"picked":"Lockon","floor":5},{"not_picked":["Go for the Eyes","Double Energy","Compile Driver"],"picked":"SKIP","floor":7},{"not_picked":["Turbo","Hologram","Leap"],"picked":"Singing Bowl","floor":10},{"not_picked":["Fusion","Ball Lightning"],"picked":"Chill","floor":11},{"not_picked":["Force Field","Turbo","Lockon"],"picked":"Singing Bowl","floor":12},{"not_picked":["Biased Cognition","Buffer"],"picked":"Electrodynamics","floor":16},{"not_picked":["Barrage","Recycle","Beam Cell"],"picked":"Singing Bowl","floor":18},{"not_picked":["Turbo","Hologram"],"picked":"Stack+1","floor":19},{"not_picked":["Streamline","Double Energy","Melter"],"picked":"Singing Bowl","floor":20},{"not_picked":["Storm","Turbo","Chaos"],"picked":"Singing Bowl","floor":21},{"not_picked":["Steam","Gash","Barrage"],"picked":"Singing Bowl","floor":24},{"not_picked":["Steam Power","Leap"],"picked":"Capacitor","floor":28},{"not_picked":["Genetic Algorithm","Meteor Strike"],"picked":"Conserve Battery","floor":31}],"player_experience":1617734,"relics_obtained":[{"floor":9,"key":"Singing Bowl"},{"floor":26,"key":"Lizard Tail"},{"floor":27,"key":"Mummified Hand"},{"floor":28,"key":"Pocketwatch"}],"event_choices":[{"damage_healed":0,"gold_gain":50,"player_choice":"Pray","damage_taken":0,"max_hp_gain":0,"max_hp_loss":0,"event_name":"Golden Shrine","floor":2,"gold_loss":0},{"damage_healed":0,"gold_gain":0,"player_choice":"Ignored","damage_taken":0,"max_hp_gain":0,"max_hp_loss":0,"event_name":"Liars Game","floor":13,"gold_loss":0},{"cards_removed":["Strike_B"],"damage_healed":0,"gold_gain":0,"player_choice":"Purged","damage_taken":0,"max_hp_gain":0,"max_hp_loss":0,"event_name":"Purifier","floor":14,"gold_loss":0},{"damage_healed":0,"gold_gain":0,"player_choice":"Relic","damage_taken":0,"max_hp_gain":0,"max_hp_loss":0,"event_name":"Wheel of Change","floor":27,"gold_loss":0}],"is_beta":false,"boss_relics":[{"not_picked":["Runic Dome","Ectoplasm"],"picked":"Cursed Key"}],"items_purged_floors":[3,22,30],"is_endless":false,"potions_floor_spawned":[5,7,12,16,20,31],"killed_by":"Champ","ascension_level":20}}