{"host":"cpsutu8lprjuipd6","time":1613729117,"event":{"mods":["BaseMod","Colored Map","Minty Spire (QoL Compilation)","Permanent Neow","Quick Restart","StSLib","SuperFastMode","The Bug Knight","Together in Spire"],"gold_per_floor":[109,120,195,120,131,131,154,173,173,173,191,191,226,245,245,245,245],"floor_reached":16,"language":"KOR","playtime":975,"items_purged":["Strike_R"],"score":107,"play_id":"a5b85209-85f9-4eb9-92d4-40c57902663e","local_time":"20210219190517","is_ascension_mode":true,"campfire_choices":[{"data":"Strike_R","floor":6,"key":"SMITH"},{"floor":10,"key":"RECALL"},{"floor":15,"key":"REST"}],"circlet_count":0,"master_deck":["Strike_R","Strike_R","Strike_R","Strike_R+1","Defend_R","Defend_R","Defend_R","Defend_R","Bash","Dual Wield"],"relics":["Burning Blood","CeramicFish","Red Skull","Blood Vial","WingedGreaves"],"acts_visited":["Exordium"],"potions_floor_usage":[16],"damage_taken":[{"damage":0,"enemies":"Small Slimes","floor":1,"turns":3},{"damage":5,"enemies":"Cultist","floor":2,"turns":4},{"damage":2,"enemies":"Jaw Worm","floor":5,"turns":7},{"damage":13,"enemies":"3 Louse","floor":8,"turns":5},{"damage":22,"enemies":"Lots of Slimes","floor":11,"turns":6},{"damage":30,"enemies":"3 Sentries","floor":13,"turns":8},{"damage":3,"enemies":"Exordium Thugs","floor":14,"turns":5},{"damage":56,"enemies":"The Guardian","floor":16,"turns":8}],"seed_played":"5368213818361075817","potions_obtained":[{"floor":5,"key":"EssenceOfSteel"},{"floor":8,"key":"BlessingOfTheForge"},{"floor":13,"key":"GamblersBrew"}],"is_trial":false,"path_per_floor":["M","M","?","$","M","R","T","M","T","R","M","?","E","M","R","B"],"character_chosen":"IRONCLAD","items_purchased":[],"campfire_rested":1,"item_purchase_floors":[],"current_hp_per_floor":[80,80,72,72,76,76,76,69,69,69,53,53,31,36,60,6,6],"gold":245,"neow_bonus":"RANDOM_COMMON_RELIC","is_daily":false,"chose_seed":false,"campfire_upgraded":1,"win_rate":0.0,"timestamp":1613729117,"path_taken":["M","M","?","?","M","R","?","M","T","R","M","?","E","?","R","BOSS"],"items_purchased_type":[],"build_version":"2020-12-22","purchased_purges":1,"victory":false,"max_hp_per_floor":[80,80,80,80,80,80,80,80,80,80,80,80,80,80,80,80,80],"card_choices":[{"not_picked":["Pommel Strike","Twin Strike","Sever Soul"],"picked":"SKIP","floor":1},{"not_picked":["Body Slam","Pommel Strike","Rage"],"picked":"SKIP","floor":2},{"not_picked":["Warcry","Flex","Perfected Strike"],"picked":"SKIP","floor":5},{"not_picked":["Havoc","Headbutt","Heavy Blade"],"picked":"SKIP","floor":8},{"not_picked":["Metallicize","Wild Strike","Twin Strike"],"picked":"SKIP","floor":11},{"not_picked":["Havoc","Cleave","Anger"],"picked":"SKIP","floor":13},{"not_picked":["Metallicize","Sever Soul"],"picked":"Dual Wield","floor":14}],"player_experience":118786,"relics_obtained":[{"floor":9,"key":"Red Skull"},{"floor":13,"key":"WingedGreaves"}],"event_choices":[{"damage_healed":0,"gold_gain":75,"player_choice":"Touch","damage_taken":8,"max_hp_gain":0,"max_hp_loss":0,"event_name":"FaceTrader","floor":3,"gold_loss":0},{"damage_healed":0,"gold_gain":0,"player_choice":"Gave Potion","damage_taken":0,"relics_obtained":["Blood Vial"],"max_hp_gain":0,"max_hp_loss":0,"event_name":"WeMeetAgain","floor":12,"gold_loss":0}],"is_beta":false,"boss_relics":[],"items_purged_floors":[4],"is_endless":false,"potions_floor_spawned":[5,8,13],"killed_by":"The Guardian","ascension_level":1}}