{"host":"q57ekfojy3i00x9o","time":1613758919,"event":{"mods":["Act Like it!","Arknights","Aspiration","BaseMod","Colored Map","Energized Spire","Hermit","Minty Spire (QoL Compilation)","Quick Restart","Spicy Shops","Spikes Relics","StSLib","slay the spire mod where everything is the same but ironclad has a cowboy hat"],"gold_per_floor":[212,222,187,187,61,61,74,74,74,91,101,121,155,173,173,245,245,261,280,280,330,330,330],"floor_reached":22,"language":"RUS","playtime":424,"items_purged":[],"score":329,"play_id":"64e404a3-7f5b-4ac6-8fd8-2792477c7490","local_time":"20210219232159","is_ascension_mode":true,"campfire_choices":[{"data":"ats:Curse Doll","floor":6.0,"key":"SMITH"},{"data":"ats:Mental Burst","floor":8.0,"key":"SMITH"},{"floor":15.0,"key":"REST"}],"circlet_count":0,"master_deck":["AscendersBane","ats:Strike C+1","ats:Strike S+1","ats:Strike V+1","ats:Armor Crushing Shot","ats:Defend+1","ats:Defend+1","ats:Defend+1","ats:Defend+1","ats:Emotion Absorption","ats:Ignite","ats:Closed Bolt Burst Fire","ats:Mental Burst+1","ats:Curse Doll+1","ats:Shell Defense","ats:Closed Bolt Burst Fire","ats:Poison Spread","ats:Powerful Strike","ats:Apocalypse","ats:Red Shift","ats:Disruption Kick","ats:Explosion Area Strengthen","ats:Powerful Strike"],"relics":["ats:Sanity","Centennial Puzzle","ats:Originium","SpikesRelics:DaevaFist","SacredBark"],"acts_visited":["Exordium","TheCity"],"potions_floor_usage":[22],"damage_taken":[{"damage":11.0,"enemies":"Cultist","floor":1.0,"turns":4.0},{"damage":7.0,"enemies":"2 Louse","floor":2.0,"turns":3.0},{"damage":7.0,"enemies":"Jaw Worm","floor":7.0,"turns":2.0},{"damage":12.0,"enemies":"Exordium Wildlife","floor":10.0,"turns":2.0},{"damage":8.0,"enemies":"Looter","floor":11.0,"turns":2.0},{"damage":13.0,"enemies":"Large Slime","floor":12.0,"turns":2.0},{"damage":16.0,"enemies":"Gremlin Nob","floor":13.0,"turns":3.0},{"damage":0.0,"enemies":"Red Slaver","floor":14.0,"turns":3.0},{"damage":31.0,"enemies":"Hexaghost","floor":16.0,"turns":8.0},{"damage":24,"enemies":"Shell Parasite","floor":18,"turns":4},{"damage":25,"enemies":"2 Thieves","floor":19,"turns":3},{"damage":16,"enemies":"Snake Plant","floor":22,"turns":1}],"seed_played":"-2640127894754962529","potions_obtained":[{"floor":10.0,"key":"FearPotion"},{"floor":13.0,"key":"Weak Potion"},{"floor":14.0,"key":"LiquidMemories"},{"floor":18,"key":"Swift Potion"},{"floor":19,"key":"Swift Potion"}],"is_trial":false,"path_per_floor":["M","M","?","?","$","R","M","R","T","M","M","M","E","M","R","B",null,"M","M","?","?","M"],"character_chosen":"DOCTOR_CLASS","items_purchased":["ats:Mental Burst","ats:Curse Doll"],"campfire_rested":1,"item_purchase_floors":[5,5],"current_hp_per_floor":[54,47,65,58,58,58,51,51,51,39,31,18,2,2,23,3,55,38,15,15,15,0,0],"gold":330,"neow_bonus":"HUNDRED_GOLD","is_daily":false,"chose_seed":false,"campfire_upgraded":2,"win_rate":0.0,"timestamp":1613758919,"path_taken":["M","?","?","?","$","R","M","R","T","M","M","M","E","M","R","BOSS","M","M","?","?","M"],"items_purchased_type":["Card","Card"],"build_version":"2020-12-22","purchased_purges":0,"victory":false,"max_hp_per_floor":[72,72,72,72,72,72,72,72,72,72,72,72,72,72,72,72,72,72,72,72,72,72,72],"card_choices":[{"not_picked":["ats:Curse Doll","ats:Support Order"],"picked":"ats:Ignite","floor":1.0},{"not_picked":["ats:Ignite","ats:Shell Defense"],"picked":"ats:Closed Bolt Burst Fire","floor":2.0},{"not_picked":["ats:Absolute Focus","ats:Directed Diagnosis"],"picked":"ats:Shell Defense","floor":7.0},{"not_picked":["ats:Guard Mode","ats:Hammer On"],"picked":"ats:Closed Bolt Burst Fire","floor":10.0},{"not_picked":["ats:Durian","ats:Ignite"],"picked":"ats:Poison Spread","floor":11.0},{"not_picked":["ats:Closed Bolt Burst Fire","ats:Assault Order"],"picked":"ats:Powerful Strike","floor":12.0},{"not_picked":["ats:Revitalization","ats:Shell Defense"],"picked":"ats:Apocalypse","floor":13.0},{"not_picked":["ats:Thermite Blade","ats:Guard Mode"],"picked":"ats:Red Shift","floor":14.0},{"not_picked":["ats:Fractured Body","ats:Roar Of Ursus"],"picked":"ats:Disruption Kick","floor":16.0},{"not_picked":["ats:Closed Bolt Burst Fire","ats:Apocalypse"],"picked":"ats:Explosion Area Strengthen","floor":18},{"not_picked":["ats:Revitalization","ats:Very Hot Blade"],"picked":"ats:Powerful Strike","floor":19}],"player_experience":779290,"relics_obtained":[{"floor":9.0,"key":"Centennial Puzzle"},{"floor":13.0,"key":"ats:Originium"},{"floor":13.0,"key":"SpikesRelics:DaevaFist"}],"event_choices":[{"damage_healed":18.0,"max_hp_gain":0.0,"max_hp_loss":0.0,"gold_gain":0.0,"event_name":"The Cleric","player_choice":"Healed","floor":3.0,"gold_loss":35.0,"damage_taken":0.0},{"cards_removed":["ats:Strike G"],"damage_healed":0.0,"max_hp_gain":0.0,"max_hp_loss":0.0,"gold_gain":0.0,"event_name":"Golden Wing","player_choice":"Card Removal","floor":4.0,"gold_loss":0.0,"damage_taken":7.0},{"damage_healed":0,"gold_gain":0,"player_choice":"Simplicity","damage_taken":0,"max_hp_gain":0,"max_hp_loss":0,"event_name":"Back to Basics","floor":20,"gold_loss":0,"cards_upgraded":["ats:Strike C","ats:Strike S","ats:Strike V","ats:Defend","ats:Defend","ats:Defend","ats:Defend"]},{"damage_healed":0,"gold_gain":50,"player_choice":"Stole From Cult","damage_taken":0,"max_hp_gain":0,"max_hp_loss":0,"event_name":"Nest","floor":21,"gold_loss":0}],"is_beta":false,"boss_relics":[{"not_picked":["energizedSpire:EnergizedDie","CosmicIsotope"],"picked":"SacredBark"}],"items_purged_floors":[],"is_endless":false,"potions_floor_spawned":[10,13,14,18,19],"killed_by":"Snake Plant","ascension_level":15}}