{"host":"o9lehcdjc4u6j9un","time":1613758373,"event":{"mods":["Aspiration","BaseMod","Better-Laid Plans","Bossed Relics","Colored Map","Downfall","Gremlin Mod","Hermit","Koishi","Marisa£®ÏF”Í°°ƒß¿Ì…≥£©","Minty Spire (QoL Compilation)","Reimu£®≤©¿ˆ¡È√Œ£©","Remilia£®¿Ÿ√◊¿Ú—«£©","Robot Space Explorer","StSLib","The Alterego","The Hierophant","The Jungle","The Marked","The Runesmith","The Senshi","The Servant 0.9.4","Yakumo Yukari mod","Youmu£®ªÍ∆«—˝√Œ£©","≤–¡Ù÷ÆŒÔ"],"gold_per_floor":[114,134,147,163,180,207,223,242,242,242,258,288,299,310,310,407,407,425,443,461,461,461,461,489,489,489,508,535,548,57,69,69,174,174,186,58,71,88,101,101,135,148,230,242,242,252,252,262,262,262],"floor_reached":51,"language":"ZHS","playtime":4186,"items_purged":["RobotSpaceExplorer:Strike","RobotSpaceExplorer:Strike"],"score":892,"play_id":"456f6942-87dd-4346-b560-821c45ca9144","local_time":"20210220021253","is_ascension_mode":false,"campfire_choices":[{"floor":10,"key":"REST"},{"data":"RobotSpaceExplorer:StarLightning","floor":15,"key":"SMITH"},{"data":"RobotSpaceExplorer:Pulsar","floor":23,"key":"SMITH"},{"data":"RobotSpaceExplorer:Pulsar","floor":25,"key":"SMITH"},{"data":"RobotSpaceExplorer:MiniLasers","floor":32,"key":"SMITH"},{"data":"RobotSpaceExplorer:DoubleFind","floor":40,"key":"SMITH"},{"floor":45,"key":"REST"},{"floor":47,"key":"REST"},{"floor":49,"key":"RECALL"}],"circlet_count":0,"master_deck":["RobotSpaceExplorer:Defend","RobotSpaceExplorer:Defend","RobotSpaceExplorer:Scan","RobotSpaceExplorer:MiniLasers+1","RobotSpaceExplorer:GearShield","RobotSpaceExplorer:StarLightning+1","RobotSpaceExplorer:FranticSearch","RobotSpaceExplorer:Pulsar+1","RobotSpaceExplorer:StunGrenade","RobotSpaceExplorer:ScrapMissile","RobotSpaceExplorer:ScrapMissile","RobotSpaceExplorer:Ammunition","RobotSpaceExplorer:DoubleBlock","RobotSpaceExplorer:Pulsar+1","RobotSpaceExplorer:Pulsar+1","RobotSpaceExplorer:DoubleFind+1","RobotSpaceExplorer:ScrapMissile","RobotSpaceExplorer:Comet","RobotSpaceExplorer:StarLightning","RobotSpaceExplorer:ShovelStrike+1","Parasite","RobotSpaceExplorer:DoubleFind+1","RobotSpaceExplorer:Probe","RobotSpaceExplorer:ScrapMissile+1","RobotSpaceExplorer:Ammunition","RobotSpaceExplorer:Ammunition+1"],"relics":["RobotSpaceExplorer:TurboCore","Ice Cream","RobotSpaceExplorer:RingOfTheNewt","aspiration:DSix","Black Star","theJungle:SpiritDisease","Lantern","PreservedInsect","Spirit Poop","RobotSpaceExplorer:BottledGravity","Smiling Mask","FossilizedHelix","Toolbox","Nunchaku","Blood Vial","Pantograph"],"acts_visited":["Exordium","Exordium","TheBeyond"],"potions_floor_usage":[6,12,12,16,20,24,29,35,50,50,50,50,50,50],"damage_taken":[{"damage":1,"enemies":"Cultist","floor":1,"turns":3},{"damage":0,"enemies":"Jaw Worm","floor":2,"turns":4},{"damage":0,"enemies":"2 Louse","floor":3,"turns":2},{"damage":10,"enemies":"Large Slime","floor":4,"turns":6},{"damage":1,"enemies":"3 Louse","floor":5,"turns":5},{"damage":6,"enemies":"3 Sentries","floor":6,"turns":7},{"damage":4,"enemies":"Red Slaver","floor":7,"turns":4},{"damage":2,"enemies":"Exordium Wildlife","floor":8,"turns":5},{"damage":2,"enemies":"2 Fungi Beasts","floor":11,"turns":3},{"damage":7,"enemies":"Gremlin Nob","floor":12,"turns":3},{"damage":0,"enemies":"Blue Slaver","floor":13,"turns":4},{"damage":0,"enemies":"Looter","floor":14,"turns":2},{"damage":27,"enemies":"Hexaghost","floor":16,"turns":11},{"damage":11,"enemies":"theJungle:5_Spyders","floor":18,"turns":9},{"damage":9,"enemies":"theJungle:MUSHROOMGANG","floor":19,"turns":7},{"damage":3,"enemies":"theJungle:SlimyTreeVines","floor":20,"turns":7},{"damage":5,"enemies":"theJungle:MamaSnecko","floor":24,"turns":4},{"damage":0,"enemies":"Snake Plant","floor":27,"turns":4},{"damage":0,"enemies":"theJungle:2_Phrogs","floor":28,"turns":6},{"damage":6,"enemies":"theJungle:2_Snecko_Cultists","floor":29,"turns":3},{"damage":0,"enemies":"theJungle:JungleHuntersEncounter","floor":31,"turns":5},{"damage":0,"enemies":"theJungle:FunGuy","floor":33,"turns":9},{"damage":0,"enemies":"3 Darklings","floor":35,"turns":3},{"damage":0,"enemies":"Orb Walker","floor":37,"turns":3},{"damage":0,"enemies":"Jaw Worm Horde","floor":38,"turns":4},{"damage":0,"enemies":"Writhing Mass","floor":39,"turns":5},{"damage":33,"enemies":"Nemesis","floor":41,"turns":5},{"damage":12,"enemies":"Sphere and 2 Shapes","floor":42,"turns":4},{"damage":0,"enemies":"3 Darklings","floor":44,"turns":4},{"damage":20,"enemies":"4 Shapes","floor":46,"turns":3},{"damage":0,"enemies":"Spire Growth","floor":48,"turns":3},{"damage":0,"enemies":"Donu and Deca","floor":50,"turns":6}],"seed_played":"5414299877202152425","potions_obtained":[{"floor":1,"key":"RobotSpaceExplorer:RecyclePotion"},{"floor":5,"key":"Fire Potion"},{"floor":7,"key":"Weak Potion"},{"floor":8,"key":"Fire Potion"},{"floor":16,"key":"Fire Potion"},{"floor":33,"key":"Energy Potion"},{"floor":35,"key":"Fire Potion"},{"floor":39,"key":"BlessingOfTheForge"}],"is_trial":false,"path_per_floor":["M","M","M","M","M","E","M","M","T","R","M","E","M","M","R","B",null,"M","M","M","?","?","R","E","R","T","M","E","M","$","M","R","B",null,"M","$","M","M","M","R","E","M","T","M","R","M","R","M","R","B",null],"character_chosen":"RobotSpaceExplorer","items_purchased":["FossilizedHelix","Toolbox","RobotSpaceExplorer:StarLightning"],"campfire_rested":3,"item_purchase_floors":[30,30,36],"current_hp_per_floor":[81,81,81,71,70,64,60,58,58,82,80,73,73,73,73,46,82,71,62,65,57,57,57,77,77,77,77,77,82,82,82,82,82,82,82,82,82,82,82,82,49,39,39,41,65,47,71,73,73,82],"gold":262,"neow_bonus":"TEN_PERCENT_HP_BONUS","is_daily":false,"chose_seed":false,"campfire_upgraded":5,"win_rate":0.0,"timestamp":1613758373,"path_taken":["M","M","M","M","?","E","M","M","T","R","M","E","M","M","R","BOSS","M","M","M","?","?","R","E","R","T","M","E","M","$","M","R","BOSS","M","$","M","M","M","R","E","M","T","M","R","M","R","M","R","BOSS"],"items_purchased_type":["Relic","Relic","Card"],"build_version":"2020-12-22","purchased_purges":2,"victory":true,"max_hp_per_floor":[82,82,82,82,82,82,82,82,82,82,82,82,82,82,82,82,82,82,82,82,82,82,82,82,82,82,82,82,82,82,82,82,82,82,82,82,82,82,82,82,82,82,82,82,82,82,82,82,82,82],"card_choices":[{"not_picked":["RobotSpaceExplorer:SlimeMissile","RobotSpaceExplorer:SurgingStrike"],"picked":"RobotSpaceExplorer:GearShield","floor":1},{"not_picked":["RobotSpaceExplorer:Electroshield","RobotSpaceExplorer:Probe"],"picked":"RobotSpaceExplorer:StarLightning","floor":2},{"not_picked":["RobotSpaceExplorer:ShockKick","RobotSpaceExplorer:ShovelStrike"],"picked":"RobotSpaceExplorer:FranticSearch","floor":3},{"not_picked":["RobotSpaceExplorer:FranticSearch","RobotSpaceExplorer:StunGrenade"],"picked":"RobotSpaceExplorer:Pulsar","floor":4},{"not_picked":["RobotSpaceExplorer:FranticSearch","RobotSpaceExplorer:Autoloader","RobotSpaceExplorer:ShockKick"],"picked":"SKIP","floor":5},{"not_picked":["RobotSpaceExplorer:GlueShot","RobotSpaceExplorer:Fix"],"picked":"RobotSpaceExplorer:StunGrenade","floor":6},{"not_picked":["RobotSpaceExplorer:ImprovisedAttack","RobotSpaceExplorer:GlueSpray","RobotSpaceExplorer:PowerGlove"],"picked":"SKIP","floor":7},{"not_picked":["RobotSpaceExplorer:Counterblock","RobotSpaceExplorer:SurgingStrike"],"picked":"RobotSpaceExplorer:ScrapMissile","floor":8},{"not_picked":["RobotSpaceExplorer:LaserBurst","RobotSpaceExplorer:Jetpack","RobotSpaceExplorer:GlueShot"],"picked":"SKIP","floor":11},{"not_picked":["RobotSpaceExplorer:DoubleFind","RobotSpaceExplorer:FrostMissile"],"picked":"RobotSpaceExplorer:Wormhole","floor":12},{"not_picked":["RobotSpaceExplorer:ShovelStrike","RobotSpaceExplorer:Probe"],"picked":"RobotSpaceExplorer:ScrapMissile","floor":13},{"not_picked":["RobotSpaceExplorer:StarLightning","RobotSpaceExplorer:StunGrenade"],"picked":"RobotSpaceExplorer:Ammunition","floor":14},{"not_picked":["RobotSpaceExplorer:ShockKick","RobotSpaceExplorer:MetalStrike"],"picked":"RobotSpaceExplorer:DoubleBlock","floor":18},{"not_picked":["RobotSpaceExplorer:Blitz","RobotSpaceExplorer:GlueShot","RobotSpaceExplorer:PowerGlove"],"picked":"SKIP","floor":19},{"not_picked":["RobotSpaceExplorer:StunGrenade","RobotSpaceExplorer:Discharger+1"],"picked":"RobotSpaceExplorer:Pulsar+1","floor":20},{"not_picked":["RobotSpaceExplorer:ChargingLaser","RobotSpaceExplorer:SwiftStep+1"],"picked":"RobotSpaceExplorer:Pulsar","floor":24},{"not_picked":["RobotSpaceExplorer:MiniDrones","RobotSpaceExplorer:SurgingStrike","RobotSpaceExplorer:GlueSpray+1"],"picked":"SKIP","floor":27},{"not_picked":["RobotSpaceExplorer:Blitz","RobotSpaceExplorer:ShockKick"],"picked":"RobotSpaceExplorer:DoubleFind+1","floor":28},{"not_picked":["RobotSpaceExplorer:DoubleBlock","RobotSpaceExplorer:GlueShot+1"],"picked":"RobotSpaceExplorer:ScrapMissile","floor":29},{"not_picked":["RobotSpaceExplorer:Calculate","RobotSpaceExplorer:SurgingStrike","RobotSpaceExplorer:MetalStrike"],"picked":"SKIP","floor":31},{"not_picked":["RobotSpaceExplorer:HighVoltage","RobotSpaceExplorer:Exploration"],"picked":"RobotSpaceExplorer:Comet","floor":33},{"not_picked":["RobotSpaceExplorer:Probe","RobotSpaceExplorer:ShovelStrike","RobotSpaceExplorer:FrostMissile+1"],"picked":"SKIP","floor":35},{"not_picked":["RobotSpaceExplorer:Calculate","RobotSpaceExplorer:SurgingStrike","RobotSpaceExplorer:MetalStrike+1"],"picked":"SKIP","floor":37},{"not_picked":["RobotSpaceExplorer:Calculate","RobotSpaceExplorer:SurgingStrike","RobotSpaceExplorer:MetalStrike+1"],"picked":"SKIP","floor":37},{"not_picked":["RobotSpaceExplorer:MiniBoosters","RobotSpaceExplorer:Asteroid"],"picked":"RobotSpaceExplorer:ShovelStrike+1","floor":38},{"not_picked":["RobotSpaceExplorer:TurboDodge+1","RobotSpaceExplorer:GlueShot+1"],"picked":"RobotSpaceExplorer:DoubleFind","floor":39},{"not_picked":["RobotSpaceExplorer:Calculate+1","RobotSpaceExplorer:MiniDrones","RobotSpaceExplorer:Smokescreen+1"],"picked":"SKIP","floor":41},{"not_picked":["RobotSpaceExplorer:GlueShot+1","RobotSpaceExplorer:ImprovisedAttack"],"picked":"RobotSpaceExplorer:Probe","floor":42},{"not_picked":["RobotSpaceExplorer:MiniDrones+1","RobotSpaceExplorer:ImprovisedAttack+1"],"picked":"RobotSpaceExplorer:ScrapMissile+1","floor":44},{"not_picked":["RobotSpaceExplorer:DoubleBlock+1","RobotSpaceExplorer:SwiftStep+1"],"picked":"RobotSpaceExplorer:Ammunition","floor":46},{"not_picked":["RobotSpaceExplorer:Calculate","RobotSpaceExplorer:DroneSwarm"],"picked":"RobotSpaceExplorer:Ammunition+1","floor":48}],"player_experience":372969,"relics_obtained":[{"floor":6,"key":"Ice Cream"},{"floor":9,"key":"RobotSpaceExplorer:RingOfTheNewt"},{"floor":12,"key":"aspiration:DSix"},{"floor":24,"key":"Lantern"},{"floor":24,"key":"PreservedInsect"},{"floor":26,"key":"Spirit Poop"},{"floor":28,"key":"RobotSpaceExplorer:BottledGravity"},{"floor":28,"key":"Smiling Mask"},{"floor":41,"key":"Nunchaku"},{"floor":41,"key":"Blood Vial"},{"floor":43,"key":"Pantograph"}],"event_choices":[],"is_beta":false,"boss_relics":[{"not_picked":["aspiration:ServantSkillbook","Busted Crown"],"picked":"Black Star"},{"not_picked":["expansioncontent:StudyCardRelic","Runic Pyramid"],"picked":"RobotSpaceExplorer:TurboCore"}],"items_purged_floors":[30,36],"is_endless":false,"potions_floor_spawned":[1,5,7,8,11,16,27,28,33,35,37,39,42,48],"ascension_level":0}}