{"host":"7kbs9tkabmhxmc03","time":1613732695,"event":{"mods":["A Magickal Journey","Bartender","BaseMod","BetterRewards","CatGirl Mod","Conspire","Friendly Minions","GifTheSpireLib","Hermit","Hubris","Jedi Mod","Koishi","LagranYue(???·?)","Marisa????????","Minty Spire (QoL Compilation)","Prisma Mod","Railgun Mod","Remilia??????","Replay The Spire","Shapeshifter Mod","StSLib","Td1madao Mod","The Animator","The Blackbeard","The Bladedancer","The Bug Knight","The Construct","The Cursed","The Death Knight","The Disciple","The Dragon Tamer","The Druid","The Gatherer","The Hierophant","The Marked","The Mystic","The Necromancer","The Poker Player","The Runesmith","The Senshi","The Servant 0.9.4","The Vixen","TheBandit","TheFirefly","TheSwordswoman","Waifu the Spire","Yuri Mod"],"gold_per_floor":[109,40,40,57,67,67,78,78,158,170,170,170],"floor_reached":11,"language":"ENG","playtime":1285,"items_purged":[],"score":65,"play_id":"5b355198-eb23-4ced-ba7a-f0efedf39f21","local_time":"20210219120455","is_ascension_mode":false,"campfire_choices":[{"floor":6,"key":"REST"},{"data":"thefirefly:LifeSupport","floor":8,"key":"SMITH"}],"circlet_count":0,"master_deck":["thefirefly:Strike","thefirefly:Strike","thefirefly:Strike","thefirefly:Defend","thefirefly:Defend","thefirefly:Defend","thefirefly:Defend","thefirefly:StealthMode","thefirefly:PhotonBlast","thefirefly:DataMiner","thefirefly:EMP","thefirefly:Rend","thefirefly:ErraticMotions","thefirefly:Pacify","thefirefly:LifeSupport+1","thefirefly:QuantumTunneling"],"relics":["thefirefly:StealthSystem","LagranYue:RandomDrawCardRelic","hubris:TinFlute"],"acts_visited":["Exordium"],"potions_floor_usage":[],"damage_taken":[{"damage":25.0,"enemies":"Jaw Worm","floor":1.0,"turns":7.0},{"damage":10.0,"enemies":"Cultist","floor":4.0,"turns":5.0},{"damage":5.0,"enemies":"Small Slimes","floor":5.0,"turns":4.0},{"damage":14,"enemies":"3 Louse","floor":7,"turns":5},{"damage":8,"enemies":"Exordium Thugs","floor":10,"turns":7},{"damage":69,"enemies":"Gremlin Nob","floor":11,"turns":5}],"seed_played":"939323374855391648","potions_obtained":[{"floor":1.0,"key":"Adrenaline Potion"},{"floor":4.0,"key":"Fruit Juice"}],"is_trial":false,"path_per_floor":["M","$","?","M","M","R","M","R","T","M","E"],"character_chosen":"THE_FIREFLY","items_purchased":["thefirefly:EMP","thefirefly:Rend"],"campfire_rested":1,"item_purchase_floors":[2,2],"current_hp_per_floor":[35,35,35,30,25,44,30,30,30,31,0,0],"gold":170,"neow_bonus":"TEN_PERCENT_HP_BONUS","is_daily":false,"chose_seed":false,"campfire_upgraded":1,"win_rate":0.0,"timestamp":1613732695,"path_taken":["M","$","?","M","M","R","M","R","T","M","E"],"items_purchased_type":["Card","Card"],"build_version":"2020-12-22","purchased_purges":0,"victory":false,"max_hp_per_floor":[60,60,60,65,65,65,65,65,65,65,65,65],"card_choices":[{"not_picked":["thefirefly:FullProjection","thefirefly:Preload"],"picked":"thefirefly:DataMiner","floor":1.0},{"not_picked":["thefirefly:Rend","thefirefly:EvasiveManeuver"],"picked":"thefirefly:ErraticMotions","floor":4.0},{"not_picked":["thefirefly:ArtillleryBeam","thefirefly:EMP"],"picked":"thefirefly:Pacify","floor":5.0},{"not_picked":["thefirefly:Rend","thefirefly:Quine"],"picked":"thefirefly:LifeSupport","floor":7},{"not_picked":["thefirefly:Lamentation","thefirefly:ArtillleryBeam"],"picked":"thefirefly:QuantumTunneling","floor":10}],"player_experience":49256,"relics_obtained":[{"floor":9,"key":"hubris:TinFlute"}],"event_choices":[{"cards_removed":["thefirefly:Strike"],"damage_healed":0.0,"max_hp_gain":0.0,"max_hp_loss":0.0,"gold_gain":0.0,"event_name":"Wheel of Change","player_choice":"Card Removal","floor":3.0,"gold_loss":0.0,"damage_taken":0.0}],"is_beta":false,"boss_relics":[],"items_purged_floors":[],"is_endless":false,"potions_floor_spawned":[1,4],"killed_by":"Gremlin Nob","ascension_level":0}}