{"host":"0vi0gkvt1l5rvyqa","time":1613751344,"event":{"mods":["BaseMod","Card Forge","Minty Spire (QoL Compilation)","StSLib"],"gold_per_floor":[112,132,151,151,167,167,202,202,202,231,231,241,208,226,226,329,329,349,192,211,8,18,45,64,64,64,64,163,183,210,222,222,327,327,337,337,357,357,367,397,417,267,267,301,327,353,365,411,423,435,447,459,24,59,59],"floor_reached":56,"language":"DEU","playtime":6288,"items_purged":[],"score":1806,"play_id":"b02c7e39-ede4-4fcd-bfbc-af9798867de7","local_time":"20210219171544","is_ascension_mode":true,"campfire_choices":[{"floor":6.0,"key":"RECALL"},{"floor":8.0,"key":"REST"},{"data":"Defragment","floor":11.0,"key":"SMITH"},{"floor":15.0,"key":"REST"},{"floor":32.0,"key":"DIG"},{"floor":49,"key":"DIG"},{"floor":52,"key":"DIG"}],"circlet_count":0,"master_deck":["Body Slam+1","Undo+1","Conserve Battery+1","Defragment+1","Capacitor+1","Coolheaded+1","Cold Snap+1","Chill+1","Redo+1","Leap+1","Conserve Battery+1","Self Repair+1","Hologram+1","Defragment+1","Capacitor+1","Fusion+1","BootSequence+1","Echo Form+1","Glacier+1","Blizzard+1","Ball Lightning+1","Barricade+1","Body Slam+1","Undo+1"],"relics":["Cracked Core","Hammer of Thor","Seething Fire","Anvil of the Gods","Toy Ornithopter","Eternal Feather","FossilizedHelix","Fusion Hammer","ClockworkSouvenir","HandDrill","Ancient Tea Set","Bronze Scales","Mercury Hourglass","Shovel","Lantern","Sozu","HornCleat","Strawberry","MawBank","Frozen Egg 2","Whetstone","Kunai","Oddly Smooth Stone","Bag of Marbles","Lee\u0027s Waffle","Incense Burner"],"acts_visited":["Exordium","TheCity","TheBeyond","TheEnding"],"potions_floor_usage":[37,54],"damage_taken":[{"damage":0.0,"enemies":"Jaw Worm","floor":1.0,"turns":2.0},{"damage":0.0,"enemies":"2 Louse","floor":2.0,"turns":2.0},{"damage":0.0,"enemies":"Small Slimes","floor":3.0,"turns":3.0},{"damage":0.0,"enemies":"Exordium Thugs","floor":5.0,"turns":4.0},{"damage":0.0,"enemies":"Gremlin Nob","floor":7.0,"turns":4.0},{"damage":0.0,"enemies":"Lagavulin","floor":10.0,"turns":6.0},{"damage":0.0,"enemies":"Blue Slaver","floor":12.0,"turns":3.0},{"damage":0.0,"enemies":"Lots of Slimes","floor":14.0,"turns":5.0},{"damage":3.0,"enemies":"The Guardian","floor":16.0,"turns":9.0},{"damage":0.0,"enemies":"Chosen","floor":18.0,"turns":7.0},{"damage":0.0,"enemies":"2 Thieves","floor":20.0,"turns":5.0},{"damage":0.0,"enemies":"Snake Plant","floor":22.0,"turns":4.0},{"damage":0.0,"enemies":"Book of Stabbing","floor":23.0,"turns":5.0},{"damage":0.0,"enemies":"Centurion and Healer","floor":24.0,"turns":6.0},{"damage":0.0,"enemies":"Snecko","floor":29.0,"turns":5.0},{"damage":0.0,"enemies":"Slavers","floor":30.0,"turns":8.0},{"damage":0.0,"enemies":"Snake Plant","floor":31.0,"turns":3.0},{"damage":0.0,"enemies":"Automaton","floor":33.0,"turns":10.0},{"damage":0,"enemies":"Orb Walker","floor":35,"turns":6},{"damage":0,"enemies":"3 Darklings","floor":37,"turns":5},{"damage":0,"enemies":"Jaw Worm Horde","floor":39,"turns":5},{"damage":0,"enemies":"Reptomancer","floor":40,"turns":6},{"damage":0,"enemies":"Sphere and 2 Shapes","floor":41,"turns":7},{"damage":0,"enemies":"Nemesis","floor":44,"turns":7},{"damage":0,"enemies":"4 Shapes","floor":45,"turns":5},{"damage":0,"enemies":"Writhing Mass","floor":46,"turns":4},{"damage":0,"enemies":"Reptomancer","floor":48,"turns":6},{"damage":0,"enemies":"Time Eater","floor":50,"turns":10},{"damage":19,"enemies":"Shield and Spear","floor":54,"turns":6},{"damage":20,"enemies":"The Heart","floor":55,"turns":10}],"seed_played":"-8293925083632340080","potions_obtained":[{"floor":1.0,"key":"LiquidMemories"},{"floor":5.0,"key":"SteroidPotion"},{"floor":10.0,"key":"LiquidMemories"},{"floor":18.0,"key":"FocusPotion"}],"is_trial":false,"path_per_floor":["M","M","M","$","M","R","E","R","T","E","R","M","$","M","R","B",null,"M","$","M","$","M","E","M","?","T","?","?","M","E","M","R","B",null,"M","$","M","?","M","E","M","$","T","E","M","M","?","E","R","B",null,"R","$","E","B",null],"character_chosen":"DEFECT","items_purchased":["Capacitor","ClockworkSouvenir","HandDrill","PowerPotion","Strawberry","Oddly Smooth Stone","Bag of Marbles","Lee\u0027s Waffle"],"campfire_rested":2,"item_purchase_floors":[13,19,21,21,42,53,53,53],"current_hp_per_floor":[82,82,82,82,82,82,82,82,82,82,82,82,82,82,82,82,82,82,82,82,82,82,82,82,82,82,82,82,82,82,82,82,82,82,82,82,82,82,82,82,82,89,89,89,89,89,89,89,89,89,89,89,96,87,77],"gold":59,"neow_bonus":"TEN_PERCENT_HP_BONUS","is_daily":false,"chose_seed":false,"campfire_upgraded":1,"win_rate":0.0,"timestamp":1613751344,"path_taken":["M","M","M","$","M","R","E","R","T","E","R","M","$","M","R","BOSS","M","$","M","$","M","E","M","?","T","?","?","M","E","?","R","BOSS","M","$","M","?","M","E","M","$","T","E","?","M","?","E","R","BOSS","R","$","E","BOSS"],"items_purchased_type":["Card","Relic","Relic","Potion","Relic","Relic","Relic","Relic"],"build_version":"2020-12-22","purchased_purges":0,"victory":true,"max_hp_per_floor":[82,82,82,82,82,82,82,82,82,82,82,82,82,82,82,82,82,82,82,82,82,82,82,82,82,82,82,82,82,82,82,82,82,82,82,82,82,82,82,82,82,89,89,89,89,89,89,89,89,89,89,89,96,96,96],"card_choices":[{"not_picked":["Doom and Gloom","Reprogram","Sunder"],"picked":"SKIP","floor":1.0},{"not_picked":["Sweeping Beam","Beam Cell"],"picked":"Conserve Battery","floor":2.0},{"not_picked":["Beam Cell","Ball Lightning"],"picked":"Self Repair","floor":3.0},{"not_picked":["Beam Cell","Leap"],"picked":"Hologram","floor":5.0},{"not_picked":["Hologram","Biased Cognition","Double Energy"],"picked":"SKIP","floor":7.0},{"not_picked":["Reinforced Body","Darkness"],"picked":"Defragment","floor":10.0},{"not_picked":["Skim","Doom and Gloom","Steam"],"picked":"SKIP","floor":12.0},{"not_picked":["Gash","Stack","Chill"],"picked":"SKIP","floor":14.0},{"not_picked":["Storm","Hello World","Compile Driver"],"picked":"SKIP","floor":18.0},{"not_picked":["Hologram+1","Beam Cell","Steam+1"],"picked":"SKIP","floor":20.0},{"not_picked":["Chaos","Beam Cell+1"],"picked":"Fusion","floor":22.0},{"not_picked":["Rip and Tear+1","Steam"],"picked":"BootSequence","floor":23.0},{"not_picked":["Compile Driver","Sweeping Beam"],"picked":"Multi-Cast","floor":24.0},{"not_picked":["Redo","Static Discharge","Sunder+1"],"picked":"SKIP","floor":29.0},{"not_picked":["Gash","Melter","Scrape"],"picked":"SKIP","floor":30.0},{"not_picked":["FTL+1","Redo+1","Stack"],"picked":"SKIP","floor":31.0},{"not_picked":["Fission","Meteor Strike"],"picked":"Echo Form","floor":33.0},{"not_picked":["Double Energy+1","Rebound"],"picked":"Glacier+1","floor":35},{"not_picked":["Reprogram+1","Rip and Tear"],"picked":"Ball Lightning+1","floor":37},{"not_picked":["BootSequence","Turbo+1","Heatsinks+1"],"picked":"SKIP","floor":39},{"not_picked":["BootSequence+1","Melter+1","Rainbow"],"picked":"SKIP","floor":40},{"not_picked":["Redo","Compile Driver","Stack"],"picked":"SKIP","floor":41},{"not_picked":["Conserve Battery","Recycle+1","Rainbow"],"picked":"SKIP","floor":44},{"not_picked":["Sweeping Beam","Conserve Battery","Skim"],"picked":"SKIP","floor":45},{"not_picked":["Turbo","Skim","Go for the Eyes"],"picked":"SKIP","floor":46},{"not_picked":["Coolheaded+1","Core Surge","Hologram+1"],"picked":"SKIP","floor":48},{"not_picked":["Streamline+1","Gash"],"picked":"Undo","floor":54}],"player_experience":71300,"relics_obtained":[{"floor":7.0,"key":"Toy Ornithopter"},{"floor":9.0,"key":"Eternal Feather"},{"floor":10.0,"key":"FossilizedHelix"},{"floor":23.0,"key":"Ancient Tea Set"},{"floor":26.0,"key":"Mercury Hourglass"},{"floor":30.0,"key":"Shovel"},{"floor":32.0,"key":"Lantern"},{"floor":40,"key":"HornCleat"},{"floor":44,"key":"MawBank"},{"floor":48,"key":"Frozen Egg 2"},{"floor":49,"key":"Whetstone"},{"floor":52,"key":"Kunai"},{"floor":54,"key":"Incense Burner"}],"event_choices":[{"damage_healed":0.0,"max_hp_gain":0.0,"max_hp_loss":0.0,"gold_gain":0.0,"event_name":"The Mausoleum","player_choice":"Opened","floor":25.0,"gold_loss":0.0,"damage_taken":0.0,"relics_obtained":["Bronze Scales"]},{"damage_healed":0.0,"max_hp_gain":0.0,"max_hp_loss":0.0,"gold_gain":0.0,"event_name":"Ghosts","player_choice":"Ignored","floor":27.0,"gold_loss":0.0,"damage_taken":0.0},{"damage_healed":0.0,"max_hp_gain":0.0,"max_hp_loss":0.0,"gold_gain":99.0,"event_name":"Nest","player_choice":"Stole From Cult","floor":28.0,"gold_loss":0.0,"damage_taken":0.0},{"damage_healed":0,"gold_gain":0,"player_choice":"Got Potions","damage_taken":0,"max_hp_gain":0,"max_hp_loss":0,"event_name":"Lab","floor":38,"gold_loss":0},{"damage_healed":22,"gold_gain":0,"player_choice":"Writhe","damage_taken":0,"max_hp_gain":0,"max_hp_loss":0,"event_name":"Winding Halls","floor":47,"gold_loss":0,"cards_obtained":["Writhe"]}],"is_beta":false,"boss_relics":[{"not_picked":["Snecko Eye","Astrolabe"],"picked":"Fusion Hammer"},{"not_picked":["Runic Dome","FrozenCore"],"picked":"Sozu"}],"items_purged_floors":[],"is_endless":false,"potions_floor_spawned":[1,5,10,12,16,18,20,30,37,39,44,45,48,54],"ascension_level":3}}