{"host":"vyjryxuuuxkt43k4","time":1613710644,"event":{"mods":["AchievementEnabler","BaseMod","Colored Map","DeckTracker","Keyboard Shortcuts","Minty Spire (QoL Compilation)","Permanent Neow","Quick Restart","StSLib","SuperFastMode","everything is the same but u backflip on backflip"],"gold_per_floor":[214,51,65,84,94,94,123,123,147,17,17,17,17,17,17,113,113,134,134,78,38,51,51,51,51],"floor_reached":24,"language":"KOR","playtime":745,"items_purged":["Strike_R"],"score":584,"play_id":"87274a44-f148-4116-8b5e-5b5ea9872b09","local_time":"20210219135723","is_ascension_mode":true,"campfire_choices":[{"data":"Uppercut","floor":6.0,"key":"SMITH"},{"data":"Dark Embrace","floor":8.0,"key":"SMITH"},{"data":"Rampage","floor":11.0,"key":"SMITH"},{"data":"Shrug It Off","floor":15.0,"key":"SMITH"},{"data":"Feed","floor":23.0,"key":"SMITH"}],"circlet_count":0,"master_deck":["AscendersBane","Strike_R","Strike_R","Defend_R","Defend_R","Defend_R","Defend_R","Bash","Uppercut+1","Rampage+1","Shrug It Off+1","Dark Embrace+1","Feed+1","Shrug It Off","Flex+1"],"relics":["Burning Blood","TheAbacus","Bag of Preparation","Pen Nib","Golden Idol","Gremlin Horn","Boot","Empty Cage"],"acts_visited":["Exordium","TheCity"],"potions_floor_usage":[],"damage_taken":[{"damage":8.0,"enemies":"2 Louse","floor":1.0,"turns":4.0},{"damage":6.0,"enemies":"Jaw Worm","floor":3.0,"turns":4.0},{"damage":12.0,"enemies":"Small Slimes","floor":4.0,"turns":4.0},{"damage":7.0,"enemies":"2 Fungi Beasts","floor":5.0,"turns":5.0},{"damage":21.0,"enemies":"Lagavulin","floor":7.0,"turns":6.0},{"damage":26.0,"enemies":"Hexaghost","floor":16.0,"turns":7.0},{"damage":26.0,"enemies":"Shell Parasite","floor":18.0,"turns":7.0},{"damage":20.0,"enemies":"Spheric Guardian","floor":22.0,"turns":6.0},{"damage":56,"enemies":"Book of Stabbing","floor":24,"turns":5}],"seed_played":"-7853302404431628102","potions_obtained":[{"floor":16.0,"key":"Dexterity Potion"},{"floor":21.0,"key":"Regen Potion"},{"floor":21.0,"key":"DistilledChaos"}],"is_trial":false,"path_per_floor":["M","$","M","M","M","R","E","R","T","$","R","?","T","?","R","B",null,"M","?","$","?","M","R","E"],"character_chosen":"IRONCLAD","items_purchased":["TheAbacus","PowerPotion","BloodPotion"],"campfire_rested":0,"item_purchase_floors":[2,10,20],"current_hp_per_floor":[66,66,66,60,59,59,44,44,44,44,44,44,44,44,44,24,57,37,37,50,50,54,54,0,0],"gold":51,"neow_bonus":"HUNDRED_GOLD","is_daily":false,"chose_seed":false,"campfire_upgraded":5,"win_rate":0.0,"timestamp":1613710643,"path_taken":["M","$","M","M","M","R","E","R","T","$","R","?","?","?","R","BOSS","M","?","?","?","M","R","E"],"items_purchased_type":["Relic","Potion","Potion"],"build_version":"2020-12-22","purchased_purges":1,"victory":false,"max_hp_per_floor":[75,75,75,75,75,75,75,75,75,75,75,68,68,68,68,68,68,68,68,68,68,71,71,71,71],"card_choices":[{"not_picked":["Thunderclap","Armaments"],"picked":"Uppercut","floor":1.0},{"not_picked":["Havoc","Rupture"],"picked":"Rampage","floor":3.0},{"not_picked":["Hemokinesis","Cleave"],"picked":"Shrug It Off","floor":4.0},{"not_picked":["Twin Strike","Anger"],"picked":"Dark Embrace","floor":5.0},{"not_picked":["Warcry","Clash","Thunderclap"],"picked":"SKIP","floor":7.0},{"not_picked":["Immolate","Limit Break"],"picked":"Feed","floor":16.0},{"not_picked":["Reckless Charge","Anger+1"],"picked":"Shrug It Off","floor":18.0},{"not_picked":["Hemokinesis","Inflame+1"],"picked":"Flex+1","floor":22.0}],"player_experience":1035876,"relics_obtained":[{"floor":7.0,"key":"Bag of Preparation"},{"floor":9.0,"key":"Pen Nib"},{"floor":13.0,"key":"Gremlin Horn"}],"event_choices":[{"damage_healed":0.0,"max_hp_gain":0.0,"max_hp_loss":7.0,"gold_gain":0.0,"event_name":"Golden Idol","player_choice":"Lose Max HP","floor":12.0,"gold_loss":0.0,"damage_taken":0.0,"relics_obtained":["Golden Idol"]},{"damage_healed":0.0,"max_hp_gain":0.0,"max_hp_loss":0.0,"gold_gain":0.0,"event_name":"Dead Adventurer","player_choice":"Searched \u00271\u0027 times","floor":14.0,"gold_loss":0.0,"damage_taken":0.0,"relics_obtained":["Boot"]},{"damage_healed":0.0,"max_hp_gain":0.0,"max_hp_loss":0.0,"gold_gain":0.0,"event_name":"N\u0027loth","player_choice":"Ignored","floor":19.0,"gold_loss":0.0,"damage_taken":0.0},{"damage_healed":0.0,"max_hp_gain":0.0,"max_hp_loss":0.0,"gold_gain":0.0,"event_name":"The Woman in Blue","player_choice":"Bought 3 Potions","floor":21.0,"gold_loss":0.0,"damage_taken":0.0}],"is_beta":false,"boss_relics":[{"not_picked":["Busted Crown","Runic Pyramid"],"picked":"Empty Cage"}],"items_purged_floors":[10],"is_endless":false,"potions_floor_spawned":[16],"killed_by":"Book of Stabbing","ascension_level":20}}