{"host":"siagz6a7l016lv9o","time":1613707730,"event":{"mods":["AchievementEnabler","BaseMod","Colored Map","Downfall","Minty Spire (QoL Compilation)","Quick Restart","StSLib"],"gold_per_floor":[114,114,130,80,96,96,58,58,58,58,10,10,10,33,45,162,174,205,231,243,255,278,290,302,314,381,407,241,269,269,295,295,394,444,463,482,482,498,548,548,576,576,576,592,605,622,300,314,314,314],"floor_reached":51,"language":"ENG","playtime":2899,"items_purged":["Defend_G","Backstab+1"],"score":780,"play_id":"09219319-be30-4061-ab42-a157d30b31bc","local_time":"20210219050850","is_ascension_mode":false,"campfire_choices":[{"data":"Neutralize","floor":6.0,"key":"SMITH"},{"data":"Footwork","floor":8.0,"key":"SMITH"},{"data":"Survivor","floor":10.0,"key":"SMITH"},{"data":"Deadly Poison","floor":15.0,"key":"SMITH"},{"data":"Footwork","floor":23.0,"key":"SMITH"},{"data":"Crippling Poison","floor":25.0,"key":"SMITH"},{"data":"Dodge and Roll","floor":32.0,"key":"SMITH"},{"data":"Caltrops","floor":40,"key":"SMITH"},{"data":"Adrenaline","floor":49,"key":"SMITH"}],"circlet_count":0,"master_deck":["Defend_G","Defend_G","Defend_G+1","Survivor+1","Neutralize+1","Poisoned Stab+1","Footwork+1","Deadly Poison+1","Dodge and Roll+1","Deflect+1","Bouncing Flask+1","Crippling Poison+1","Bouncing Flask+1","Footwork+1","Prepared","Backflip","Caltrops+1","PiercingWail+1","Blur","Backflip+1","Burst","Deflect","Deflect+1","Footwork+1","Deadly Poison+1","Adrenaline+1"],"relics":["Ring of the Snake","Potion Belt","MawBank","Astrolabe","Anchor","PreservedInsect","Calipers","Tiny House","Peace Pipe","Paper Crane","Frozen Egg 2"],"acts_visited":["TheCity","TheBeyond"],"potions_floor_usage":[45,50,50,50,50],"damage_taken":[{"damage":1.0,"enemies":"Jaw Worm","floor":1.0,"turns":6.0},{"damage":5.0,"enemies":"2 Louse","floor":3.0,"turns":3.0},{"damage":0.0,"enemies":"Small Slimes","floor":5.0,"turns":3.0},{"damage":12.0,"enemies":"2 Fungi Beasts","floor":14.0,"turns":4.0},{"damage":2.0,"enemies":"Hexaghost","floor":16.0,"turns":11.0},{"damage":0.0,"enemies":"Chosen","floor":18.0,"turns":5.0},{"damage":0.0,"enemies":"Shell Parasite","floor":19.0,"turns":5.0},{"damage":12.0,"enemies":"Centurion and Healer","floor":22.0,"turns":6.0},{"damage":4.0,"enemies":"Snecko","floor":27.0,"turns":5.0},{"damage":21.0,"enemies":"Gremlin Leader","floor":29.0,"turns":8.0},{"damage":0.0,"enemies":"Book of Stabbing","floor":31.0,"turns":5.0},{"damage":6.0,"enemies":"Automaton","floor":33.0,"turns":13.0},{"damage":0.0,"enemies":"3 Shapes","floor":35.0,"turns":8.0},{"damage":3,"enemies":"3 Darklings","floor":36,"turns":6},{"damage":18,"enemies":"Jaw Worm Horde","floor":38,"turns":6},{"damage":0,"enemies":"Mind Bloom Boss Battle","floor":39,"turns":8},{"damage":0,"enemies":"Nemesis","floor":41,"turns":8},{"damage":3,"enemies":"Sphere and 2 Shapes","floor":44,"turns":7},{"damage":0,"enemies":"4 Shapes","floor":45,"turns":8},{"damage":0,"enemies":"Maw","floor":46,"turns":8},{"damage":0,"enemies":"3 Darklings","floor":48,"turns":4},{"damage":0,"enemies":"Donu and Deca","floor":50,"turns":11}],"seed_played":"1832138541489104780","potions_obtained":[{"floor":5.0,"key":"PowerPotion"},{"floor":16.0,"key":"SkillPotion"},{"floor":27.0,"key":"Strength Potion"},{"floor":34.0,"key":"GamblersBrew"},{"floor":38,"key":"Poison Potion"},{"floor":41,"key":"DistilledChaos"},{"floor":44,"key":"AttackPotion"},{"floor":45,"key":"DistilledChaos"}],"is_trial":false,"path_per_floor":["M","?","M","?","M","R","$","R","T","R","$","?","?","M","R","B",null,"M","M","$","?","M","R","?","R","T","M","$","E","?","E","R","B",null,"M","M","?","M","?","R","E","?","T","M","M","M","$","M","R","B",null],"character_chosen":"THE_SILENT","items_purchased":["Footwork","Deadly Poison","Backflip","Caltrops","Adrenaline","DuplicationPotion"],"campfire_rested":0,"item_purchase_floors":[7,11,28,28,47,47],"current_hp_per_floor":[76,61,56,56,56,56,56,56,56,56,56,49,42,30,30,28,77,77,77,77,77,65,65,65,65,65,61,61,40,40,40,40,34,82,82,79,79,61,61,61,61,61,61,58,58,58,58,58,58,58],"gold":314,"neow_bonus":"TEN_PERCENT_HP_BONUS","is_daily":false,"chose_seed":false,"campfire_upgraded":9,"win_rate":0.0,"timestamp":1613707730,"path_taken":["M","?","M","?","M","R","$","R","T","R","?","?","?","M","R","BOSS","M","M","$","?","M","R","?","R","T","?","?","E","?","E","R","BOSS","M","M","?","M","?","R","E","?","T","M","M","M","$","?","R","BOSS"],"items_purchased_type":["Card","Card","Card","Card","Card","Potion"],"build_version":"2020-12-22","purchased_purges":2,"victory":true,"max_hp_per_floor":[77,77,77,77,77,77,77,77,77,77,77,77,77,77,77,77,77,77,77,77,77,77,77,77,77,77,77,77,77,77,77,77,77,82,82,82,82,82,82,82,82,82,82,82,82,82,82,82,82,82],"card_choices":[{"not_picked":["Backflip","Masterful Stab"],"picked":"Poisoned Stab","floor":1.0},{"not_picked":["Flying Knee","Endless Agony","Skewer"],"picked":"SKIP","floor":3.0},{"not_picked":["Dash","Tactician"],"picked":"Underhanded Strike","floor":5.0},{"not_picked":["Slice","Endless Agony"],"picked":"Dodge and Roll","floor":14.0},{"not_picked":["Skewer","Eviscerate"],"picked":"Crippling Poison","floor":18.0},{"not_picked":["Terror","Dodge and Roll"],"picked":"Bouncing Flask+1","floor":19.0},{"not_picked":["Acrobatics","Calculated Gamble"],"picked":"Footwork","floor":22.0},{"not_picked":["Distraction","Finisher"],"picked":"Prepared","floor":27.0},{"not_picked":["Choke+1","Deadly Poison"],"picked":"PiercingWail+1","floor":29.0},{"not_picked":["Quick Slash","All Out Attack+1"],"picked":"Backflip+1","floor":31.0},{"not_picked":["Night Terror","Adrenaline"],"picked":"Burst","floor":33.0},{"not_picked":["Dagger Spray","Underhanded Strike"],"picked":"Deflect","floor":34.0},{"not_picked":["Slice","Tactician"],"picked":"Deflect+1","floor":35.0},{"not_picked":["Poisoned Stab+1","Sucker Punch+1"],"picked":"Footwork+1","floor":36},{"not_picked":["Sucker Punch","Quick Slash","Blade Dance"],"picked":"SKIP","floor":38},{"not_picked":["Choke","Dagger Throw+1","Doppelganger"],"picked":"SKIP","floor":41},{"not_picked":["Finisher+1","Dagger Throw+1"],"picked":"Deadly Poison+1","floor":44},{"not_picked":["Flechettes","Sucker Punch+1","Heel Hook+1"],"picked":"SKIP","floor":45},{"not_picked":["Tactician+1","Poisoned Stab+1","Sucker Punch+1"],"picked":"SKIP","floor":46},{"not_picked":["Eviscerate+1","Prepared","Sucker Punch"],"picked":"SKIP","floor":48}],"player_experience":2398,"relics_obtained":[{"floor":9.0,"key":"Potion Belt"},{"floor":26.0,"key":"Anchor"},{"floor":29.0,"key":"PreservedInsect"},{"floor":31.0,"key":"Calipers"},{"floor":39,"key":"Peace Pipe"},{"floor":41,"key":"Paper Crane"},{"floor":43,"key":"Frozen Egg 2"}],"event_choices":[{"damage_healed":0.0,"max_hp_gain":0.0,"max_hp_loss":0.0,"gold_gain":0.0,"event_name":"Shining Light","player_choice":"Entered Light","floor":2.0,"gold_loss":0.0,"damage_taken":15.0,"cards_upgraded":["Defend_G","Strike_G"]},{"cards_removed":["Strike_G"],"damage_healed":0.0,"max_hp_gain":0.0,"max_hp_loss":0.0,"gold_gain":0.0,"event_name":"The Cleric","player_choice":"Card Removal","floor":4.0,"gold_loss":50.0,"damage_taken":0.0},{"cards_removed":["Strike_G"],"damage_healed":0.0,"max_hp_gain":0.0,"max_hp_loss":0.0,"gold_gain":0.0,"event_name":"Golden Wing","player_choice":"Card Removal","floor":12.0,"gold_loss":0.0,"damage_taken":7.0},{"damage_healed":0.0,"max_hp_gain":0.0,"max_hp_loss":0.0,"gold_gain":0.0,"event_name":"Scrap Ooze","player_choice":"Success","floor":13.0,"gold_loss":0.0,"damage_taken":7.0,"relics_obtained":["MawBank"]},{"damage_healed":0.0,"max_hp_gain":0.0,"max_hp_loss":0.0,"gold_gain":0.0,"event_name":"NoteForYourself","player_choice":"Ignored","floor":24.0,"gold_loss":0.0,"damage_taken":0.0},{"damage_healed":0.0,"max_hp_gain":0.0,"max_hp_loss":0.0,"gold_gain":0.0,"event_name":"The Library","player_choice":"Read","floor":30.0,"gold_loss":0.0,"damage_taken":0.0,"cards_obtained":["Blur"]},{"cards_removed":["Underhanded Strike"],"damage_healed":0,"gold_gain":0,"player_choice":"Removed Attack","damage_taken":0,"max_hp_gain":0,"max_hp_loss":0,"event_name":"Falling","floor":37,"gold_loss":0},{"damage_healed":0,"gold_gain":0,"player_choice":"Fight","damage_taken":0,"max_hp_gain":0,"max_hp_loss":0,"event_name":"MindBloom","floor":39,"gold_loss":0},{"cards_removed":["Defend_G"],"damage_healed":0,"gold_gain":0,"player_choice":"Purged","damage_taken":0,"max_hp_gain":0,"max_hp_loss":0,"event_name":"Purifier","floor":42,"gold_loss":0}],"is_beta":false,"boss_relics":[{"not_picked":["Ring of the Serpent","SlaversCollar"],"picked":"Astrolabe"},{"not_picked":["Calling Bell","Fusion Hammer"],"picked":"Tiny House"}],"items_purged_floors":[28,47],"is_endless":false,"potions_floor_spawned":[5,16,27,38,41,44,45],"ascension_level":0}}