{"host":"Kdaddybrian","time":1613716023,"event":{"mods":["AchievementEnabler","BaseMod","Bestiary","Colored Map","Colored Powertips","Minty Spire (QoL Compilation)","Potion Indicator Mod","Quick Restart","Rare Cards Sparkle","Relic Stats","StSLib","Uncapped"],"gold_per_floor":[119,131,131,147,167,167,205,205,275,275,311,336,687,723,735,872,884,941,953,965,997,1009,1062,1097,396,421,511,555,4,4,22,22,166,166,204,218,218,233,308,308,15,36,83,146,159,159,199,267,267,267,267,267,45,85,85],"floor_reached":56,"language":"ENG","playtime":3250,"items_purged":["Strike_P+1"],"score":1990,"play_id":"a7f85a1e-00e4-4bef-8bc1-6116bff92458","local_time":"20210219012703","is_ascension_mode":true,"campfire_choices":[{"data":"Eruption","floor":6,"key":"SMITH"},{"floor":8,"key":"REST"},{"floor":15,"key":"REST"},{"floor":30,"key":"RECALL"},{"floor":32,"key":"REST"},{"floor":40,"key":"REST"},{"floor":49,"key":"REST"},{"floor":52,"key":"REST"}],"circlet_count":0,"master_deck":["AscendersBane","Strike_P+1","Defend_P+1","Defend_P+1","Defend_P+1","Defend_P+1","Eruption+1","Vigilance","ReachHeaven","Consecrate+1","Evaluate","Sanctity","TalkToTheHand","SandsOfTime","Tantrum","MasterReality","Wallop","Wish","Wallop","Protect+1","ClearTheMind+1","Thinking Ahead+1","Wallop","LessonLearned+1","WaveOfTheHand+1","FearNoEvil+1","Omniscience+1","TalkToTheHand","EmptyFist+1","EmptyBody+1","Tantrum+1","Crescendo+1","Halt+1","MentalFortress","Study+1","MentalFortress","ClearTheMind+1","Adaptation","Wallop+1","CarveReality"],"relics":["Black Star","Golden Idol","Dead Branch","Bag of Preparation","TeardropLocket","MawBank","Toy Ornithopter","Regal Pillow","Old Coin","Fusion Hammer","Toxic Egg 2","Pear","White Beast Statue","CloakClasp","Omamori","Nunchaku","Mummified Hand","Lee\u0027s Waffle","Empty Cage","OrangePellets","Centennial Puzzle","Gambling Chip","Blue Candle","Shuriken","Du-Vu Doll","Orrery","Orichalcum","Damaru"],"acts_visited":["Exordium","TheCity","TheBeyond","TheEnding"],"potions_floor_usage":[11,13,21,31,33,33,35,48,54,55,55,55],"damage_taken":[{"damage":2,"enemies":"2 Louse","floor":1,"turns":4},{"damage":0,"enemies":"Small Slimes","floor":2,"turns":3},{"damage":6,"enemies":"Cultist","floor":4,"turns":3},{"damage":6,"enemies":"Looter","floor":5,"turns":3},{"damage":24,"enemies":"3 Sentries","floor":7,"turns":8},{"damage":0,"enemies":"Lagavulin","floor":11,"turns":4},{"damage":5,"enemies":"Red Slaver","floor":12,"turns":3},{"damage":10,"enemies":"3 Sentries","floor":13,"turns":6},{"damage":12,"enemies":"Lots of Slimes","floor":14,"turns":5},{"damage":0,"enemies":"Slime Boss","floor":16,"turns":4},{"damage":0,"enemies":"Spheric Guardian","floor":18,"turns":4},{"damage":0,"enemies":"3 Byrds","floor":21,"turns":3},{"damage":24,"enemies":"Slavers","floor":23,"turns":3},{"damage":2,"enemies":"Shelled Parasite and Fungi","floor":24,"turns":4},{"damage":1,"enemies":"Chosen and Byrds","floor":28,"turns":4},{"damage":6,"enemies":"Snecko","floor":31,"turns":5},{"damage":64,"enemies":"Automaton","floor":33,"turns":7},{"damage":11,"enemies":"3 Darklings","floor":35,"turns":8},{"damage":12,"enemies":"3 Shapes","floor":36,"turns":6},{"damage":15,"enemies":"Writhing Mass","floor":38,"turns":6},{"damage":6,"enemies":"Maw","floor":39,"turns":6},{"damage":5,"enemies":"Sphere and 2 Shapes","floor":42,"turns":4},{"damage":0,"enemies":"Mind Bloom Boss Battle","floor":44,"turns":5},{"damage":0,"enemies":"Transient","floor":45,"turns":5},{"damage":0,"enemies":"Nemesis","floor":47,"turns":5},{"damage":20,"enemies":"2 Orb Walkers","floor":48,"turns":5},{"damage":55,"enemies":"Time Eater","floor":50,"turns":9},{"damage":5,"enemies":"Shield and Spear","floor":54,"turns":8},{"damage":56,"enemies":"The Heart","floor":55,"turns":8}],"seed_played":"1955913670343259878","potions_obtained":[{"floor":4,"key":"SteroidPotion"},{"floor":7,"key":"ColorlessPotion"},{"floor":11,"key":"Ancient Potion"},{"floor":14,"key":"GamblersBrew"},{"floor":23,"key":"BottledMiracle"},{"floor":24,"key":"Fire Potion"},{"floor":28,"key":"PowerPotion"},{"floor":31,"key":"AttackPotion"},{"floor":33,"key":"ColorlessPotion"},{"floor":35,"key":"SpeedPotion"},{"floor":36,"key":"Strength Potion"},{"floor":42,"key":"EntropicBrew"},{"floor":45,"key":"PowerPotion"},{"floor":48,"key":"GamblersBrew"},{"floor":54,"key":"LiquidMemories"}],"is_trial":false,"path_per_floor":["M","M","?","M","M","R","E","R","T","?","E","M","E","M","R","B",null,"M","?","?","M","?","E","M","$","T","?","M","$","R","M","R","B",null,"M","M","?","M","M","R","$","M","T","?","M","?","E","?","R","B",null,"R","$","E","B",null],"character_chosen":"WATCHER","items_purchased":["CloakClasp","Omamori","Thinking Ahead+1","Mummified Hand","Lee\u0027s Waffle","LessonLearned","WaveOfTheHand+1","OrangePellets","Centennial Puzzle","MentalFortress","Orrery"],"campfire_rested":6,"item_purchase_floors":[25,25,25,29,29,29,29,41,41,53,53],"current_hp_per_floor":[63,63,63,57,51,51,27,47,47,34,34,29,24,12,47,47,62,62,62,62,67,67,53,51,51,51,39,38,84,84,78,84,20,68,62,50,50,35,29,69,69,64,64,64,64,84,84,69,84,29,70,84,84,84,48],"gold":85,"neow_bonus":"BOSS_RELIC","is_daily":false,"chose_seed":false,"campfire_upgraded":1,"win_rate":0.0,"timestamp":1613716023,"path_taken":["M","M","?","M","M","R","E","R","T","?","E","M","E","M","R","BOSS","M","?","?","M","?","E","?","$","T","?","M","$","R","M","R","BOSS","M","M","?","M","M","R","$","?","T","?","M","?","E","?","R","BOSS","R","$","E","BOSS"],"items_purchased_type":["Relic","Relic","Card","Relic","Relic","Card","Card","Relic","Relic","Card","Relic"],"build_version":"2020-12-18","purchased_purges":1,"victory":true,"max_hp_per_floor":[72,72,67,67,67,67,67,67,67,67,67,67,67,67,67,67,67,67,67,67,67,67,77,77,77,77,77,77,84,84,84,84,84,84,84,84,84,84,84,84,84,84,84,84,84,84,84,84,84,84,84,84,84,84,84],"relic_stats":{"Regal Pillow":30,"Lee\u0027s Waffle":46,"counters":[29,148],"Golden Idol":229,"Dead Branch":[162],"Blue Candle":[1],"Bag of Preparation":[48],"CloakClasp":[314],"Orichalcum":[0],"MawBank":168,"OrangePellets":[5],"Nunchaku":[24],"Centennial Puzzle":[15],"Mummified Hand":[60],"Shuriken":[17],"Gambling Chip":[37],"Black Star":6,"obtain_stats":[{"Regal Pillow":13,"Bag of Preparation":7,"CloakClasp":25,"TeardropLocket":9,"Empty Cage":34,"Old Coin":13,"Nunchaku":26,"Centennial Puzzle":41,"Mummified Hand":29,"Gambling Chip":44,"Fusion Hammer":17,"Toxic Egg 2":20,"Lee\u0027s Waffle":29,"Pear":23,"Golden Idol":3,"Dead Branch":7,"Blue Candle":47,"Damaru":54,"Omamori":25,"Orichalcum":54,"MawBank":11,"White Beast Statue":23,"Du-Vu Doll":48,"OrangePellets":41,"Shuriken":47,"Orrery":53,"Black Star":0,"PureWater":0,"Toy Ornithopter":11},{"Regal Pillow":8,"Bag of Preparation":5,"CloakClasp":14,"TeardropLocket":5,"Empty Cage":17,"Old Coin":8,"Nunchaku":14,"Centennial Puzzle":21,"Mummified Hand":15,"Gambling Chip":23,"Fusion Hammer":10,"Toxic Egg 2":11,"Lee\u0027s Waffle":15,"Pear":13,"Golden Idol":2,"Dead Branch":5,"Blue Candle":25,"Damaru":28,"Omamori":14,"Orichalcum":28,"MawBank":6,"White Beast Statue":13,"Du-Vu Doll":26,"OrangePellets":21,"Shuriken":25,"Orrery":27,"Black Star":0,"PureWater":0,"Toy Ornithopter":6},{"Regal Pillow":34,"Bag of Preparation":21,"CloakClasp":57,"TeardropLocket":21,"Empty Cage":73,"Old Coin":34,"Nunchaku":57,"Centennial Puzzle":99,"Mummified Hand":61,"Gambling Chip":108,"Fusion Hammer":43,"Toxic Egg 2":47,"Lee\u0027s Waffle":61,"Pear":53,"Golden Idol":7,"Dead Branch":21,"Blue Candle":118,"Damaru":140,"Omamori":57,"Orichalcum":140,"MawBank":25,"White Beast Statue":53,"Du-Vu Doll":123,"OrangePellets":99,"Shuriken":118,"Orrery":132,"Black Star":0,"PureWater":0,"Toy Ornithopter":25}],"Toy Ornithopter":30},"card_choices":[{"not_picked":["ClearTheMind","Worship"],"picked":"ReachHeaven","floor":1},{"not_picked":["WaveOfTheHand","CrushJoints"],"picked":"Consecrate","floor":2},{"not_picked":["FlurryOfBlows","Indignation"],"picked":"Evaluate","floor":4},{"not_picked":["Weave","SashWhip"],"picked":"Sanctity","floor":5},{"not_picked":["SashWhip","CrushJoints"],"picked":"TalkToTheHand","floor":7},{"not_picked":["PathToVictory","SashWhip"],"picked":"SandsOfTime","floor":11},{"not_picked":["PathToVictory","FlyingSleeves"],"picked":"Tantrum","floor":12},{"not_picked":["Evaluate","FlyingSleeves"],"picked":"MasterReality","floor":13},{"not_picked":["Halt","CutThroughFate"],"picked":"Wallop","floor":14},{"not_picked":["Brilliance","Vault"],"picked":"Wish","floor":16},{"not_picked":["PathToVictory","Prostrate"],"picked":"Wallop","floor":18},{"not_picked":["PathToVictory+1","CutThroughFate","FlyingSleeves"],"picked":"SKIP","floor":21},{"not_picked":["Wireheading","Nirvana"],"picked":"Protect+1","floor":23},{"not_picked":["Consecrate","SashWhip"],"picked":"ClearTheMind+1","floor":24},{"not_picked":["Crescendo+1","JustLucky"],"picked":"Wallop","floor":28},{"not_picked":["Blasphemy+1","ForeignInfluence+1"],"picked":"FearNoEvil+1","floor":31},{"not_picked":["Judgement+1","Brilliance"],"picked":"Omniscience+1","floor":33},{"not_picked":["CutThroughFate","Nirvana","FlyingSleeves"],"picked":"SKIP","floor":35},{"not_picked":["Evaluate+1","MentalFortress"],"picked":"TalkToTheHand","floor":36},{"not_picked":["BattleHymn","Evaluate+1"],"picked":"EmptyFist","floor":38},{"not_picked":["CutThroughFate+1","Weave+1"],"picked":"EmptyBody+1","floor":39},{"not_picked":["CrushJoints","Consecrate","Nirvana"],"picked":"SKIP","floor":42},{"not_picked":["ThirdEye+1","Study"],"picked":"Tantrum+1","floor":45},{"not_picked":["PathToVictory+1","Collect+1"],"picked":"Crescendo+1","floor":47},{"not_picked":["SashWhip","Prostrate+1"],"picked":"Halt+1","floor":48},{"not_picked":["DeceiveReality+1","Conclude"],"picked":"Study+1","floor":53},{"not_picked":["CrushJoints","Halt+1"],"picked":"MentalFortress","floor":53},{"not_picked":["Indignation+1","CrushJoints"],"picked":"ClearTheMind+1","floor":53},{"not_picked":["Vault+1","FollowUp"],"picked":"Adaptation","floor":53},{"not_picked":["FlurryOfBlows+1","Consecrate"],"picked":"Wallop+1","floor":53},{"not_picked":["ReachHeaven","EmptyFist"],"picked":"CarveReality","floor":54}],"player_experience":3051778,"relics_obtained":[{"floor":7,"key":"Dead Branch"},{"floor":7,"key":"Bag of Preparation"},{"floor":9,"key":"TeardropLocket"},{"floor":11,"key":"MawBank"},{"floor":11,"key":"Toy Ornithopter"},{"floor":13,"key":"Regal Pillow"},{"floor":13,"key":"Old Coin"},{"floor":23,"key":"Pear"},{"floor":23,"key":"White Beast Statue"},{"floor":26,"key":"Nunchaku"},{"floor":44,"key":"Gambling Chip"},{"floor":47,"key":"Blue Candle"},{"floor":47,"key":"Shuriken"},{"floor":48,"key":"Du-Vu Doll"},{"floor":54,"key":"Orichalcum"},{"floor":54,"key":"Damaru"}],"event_choices":[{"damage_healed":0,"gold_gain":0,"player_choice":"Lose Max HP","damage_taken":0,"relics_obtained":["Golden Idol"],"max_hp_gain":0,"max_hp_loss":5,"event_name":"Golden Idol","floor":3,"gold_loss":0},{"damage_healed":0,"gold_gain":0,"player_choice":"Entered Light","damage_taken":13,"max_hp_gain":0,"max_hp_loss":0,"event_name":"Shining Light","floor":10,"gold_loss":0,"cards_upgraded":["Defend_P","Defend_P"]},{"damage_healed":0,"gold_gain":0,"player_choice":"Simplicity","damage_taken":0,"max_hp_gain":0,"max_hp_loss":0,"event_name":"Back to Basics","floor":19,"gold_loss":0,"cards_upgraded":["Strike_P","Strike_P","Strike_P","Strike_P","Defend_P","Defend_P"]},{"damage_healed":0,"gold_gain":0,"player_choice":"Opened","damage_taken":0,"relics_obtained":["Toxic Egg 2"],"max_hp_gain":0,"max_hp_loss":0,"event_name":"The Mausoleum","floor":20,"gold_loss":0,"cards_obtained":["Writhe"]},{"cards_removed":["Writhe"],"damage_healed":0,"gold_gain":0,"player_choice":"Purged","damage_taken":0,"max_hp_gain":0,"max_hp_loss":0,"event_name":"Purifier","floor":22,"gold_loss":0},{"damage_healed":0,"gold_gain":90,"player_choice":"GOLD ","damage_taken":12,"max_hp_gain":0,"max_hp_loss":0,"event_name":"Knowing Skull","floor":27,"potions_obtained":[],"gold_loss":0,"cards_obtained":[]},{"damage_healed":0,"gold_gain":0,"player_choice":"Bought 0 Potions","damage_taken":0,"max_hp_gain":0,"max_hp_loss":0,"event_name":"The Woman in Blue","floor":37,"gold_loss":0},{"damage_healed":0,"gold_gain":0,"player_choice":"Fight","damage_taken":0,"max_hp_gain":0,"max_hp_loss":0,"event_name":"MindBloom","floor":44,"gold_loss":0},{"damage_healed":21,"gold_gain":0,"player_choice":"Writhe","damage_taken":0,"max_hp_gain":0,"max_hp_loss":0,"event_name":"Winding Halls","floor":46,"gold_loss":0,"cards_obtained":["Writhe"]},{"damage_healed":0,"gold_gain":0,"player_choice":"Fight","damage_taken":0,"max_hp_gain":0,"max_hp_loss":0,"event_name":"Mysterious Sphere","floor":48,"gold_loss":0}],"is_beta":true,"boss_relics":[{"not_picked":["Runic Dome","VioletLotus"],"picked":"Fusion Hammer"},{"not_picked":["Coffee Dripper","Philosopher\u0027s Stone"],"picked":"Empty Cage"}],"items_purged_floors":[25],"is_endless":false,"potions_floor_spawned":[4,7,11,14,16,18,23,24,28,31,33,35,36,38,39,42,44,45,47,48,54],"ascension_level":12}}