{"host":"7gewg82ormp6yt4e","time":1613745268,"event":{"mods":["BaseMod","Block Reminder","Colored Map","DeckTracker","Highlight Path","Minty Spire (QoL Compilation)","Relic Stats","StSLib","ojb\u0027s Info Mod"],"gold_per_floor":[110,110,110,110,57,57,71,104,104,136,101,101,126,162,162,236,236,273,221,239,202,202,202,23,23,23,48,48,65,35,79,79,155,155,234,244,244,70,70,70,101,101,101,136,184,220,220,269,269,269,269,269,269,9,9,9],"floor_reached":55,"language":"JPN","playtime":4256,"items_purged":[],"score":1918,"play_id":"99b4b1e9-082c-44cd-bae4-f0edecf77b29","local_time":"20210219233428","is_ascension_mode":true,"campfire_choices":[{"data":"Eruption","floor":6.0,"key":"SMITH"},{"data":"SignatureMove","floor":15.0,"key":"SMITH"},{"data":"BowlingBash","floor":23.0,"key":"SMITH"},{"data":"Apotheosis","floor":25.0,"key":"SMITH"},{"floor":28.0,"key":"REST"},{"floor":32.0,"key":"REST"},{"floor":40.0,"key":"RECALL"},{"floor":42.0,"key":"REST"},{"floor":47.0,"key":"REST"},{"floor":49.0,"key":"REST"},{"floor":53.0,"key":"REST"}],"circlet_count":0,"master_deck":["AscendersBane","Strike_P","Strike_P","Defend_P","Defend_P+1","Defend_P","Eruption+1","Vigilance","EmptyBody+1","ThirdEye","EmptyFist","Consecrate","Wish","SignatureMove+1","FearNoEvil","Wish","Sanctity","Apotheosis+1","InnerPeace","WaveOfTheHand","TalkToTheHand","Adaptation","EmptyFist","SpiritShield","TalkToTheHand","TalkToTheHand","InnerPeace"],"relics":["PureWater","NeowsBlessing","Bag of Marbles","Lizard Tail","Vajra","Singing Bowl","VioletLotus","Ancient Tea Set","HornCleat","Omamori","Fusion Hammer","Pocketwatch","StrikeDummy"],"acts_visited":["Exordium","TheCity","TheBeyond","TheEnding"],"potions_floor_usage":[],"damage_taken":[{"damage":0.0,"enemies":"2 Louse","floor":1.0,"turns":1.0},{"damage":0.0,"enemies":"Jaw Worm","floor":7.0,"turns":1.0},{"damage":0.0,"enemies":"3 Sentries","floor":8.0,"turns":1.0},{"damage":12.0,"enemies":"Lagavulin","floor":10.0,"turns":8.0},{"damage":0.0,"enemies":"Gremlin Nob","floor":13.0,"turns":2.0},{"damage":0.0,"enemies":"Cultist","floor":14.0,"turns":3.0},{"damage":4.0,"enemies":"Hexaghost","floor":16.0,"turns":7.0},{"damage":14.0,"enemies":"2 Thieves","floor":18.0,"turns":2.0},{"damage":7.0,"enemies":"Shell Parasite","floor":20.0,"turns":5.0},{"damage":31.0,"enemies":"Slavers","floor":27.0,"turns":7.0},{"damage":9.0,"enemies":"Shelled Parasite and Fungi","floor":29.0,"turns":3.0},{"damage":37.0,"enemies":"Chosen and Byrds","floor":31.0,"turns":6.0},{"damage":93.0,"enemies":"Automaton","floor":33.0,"turns":13.0},{"damage":23.0,"enemies":"Orb Walker","floor":35.0,"turns":5.0},{"damage":13.0,"enemies":"3 Darklings","floor":36.0,"turns":4.0},{"damage":17.0,"enemies":"Giant Head","floor":41.0,"turns":6.0},{"damage":48.0,"enemies":"Reptomancer","floor":44.0,"turns":10.0},{"damage":0.0,"enemies":"Jaw Worm Horde","floor":45.0,"turns":6.0},{"damage":2.0,"enemies":"Sphere and 2 Shapes","floor":46.0,"turns":10.0},{"damage":0.0,"enemies":"3 Darklings","floor":48.0,"turns":5.0},{"damage":23.0,"enemies":"Awakened One","floor":50.0,"turns":25.0},{"damage":37.0,"enemies":"Donu and Deca","floor":51.0,"turns":16.0},{"damage":72,"enemies":"Shield and Spear","floor":55,"turns":8}],"seed_played":"8651066244912323162","potions_obtained":[{"floor":7.0,"key":"GamblersBrew"},{"floor":13.0,"key":"StancePotion"},{"floor":16.0,"key":"AttackPotion"},{"floor":27.0,"key":"SpeedPotion"},{"floor":29.0,"key":"Fire Potion"},{"floor":30.0,"key":"FairyPotion"},{"floor":30.0,"key":"Block Potion"},{"floor":31.0,"key":"Fire Potion"},{"floor":36.0,"key":"SkillPotion"},{"floor":41.0,"key":"Fire Potion"},{"floor":44.0,"key":"GamblersBrew"}],"is_trial":false,"path_per_floor":["M","?","?","?","$","R","M","E","T","E","?","?","E","M","R","B",null,"M","?","M","$","?","R","$","R","T","E","R","M","?","M","R","B",null,"M","M","?","$","?","R","E","R","T","E","M","M","R","M","R","B","B",null,"R","$","E"],"character_chosen":"WATCHER","items_purchased":["EmptyFist","Sanctity","Apotheosis","TalkToTheHand","Adaptation","TalkToTheHand","InnerPeace","LiquidBronze","Dexterity Potion"],"campfire_rested":6,"item_purchase_floors":[5,21,24,38,38,54,54,54,54],"current_hp_per_floor":[61,41,41,41,41,41,41,41,41,29,46,39,39,39,39,35,60,48,48,43,43,43,43,43,43,43,14,36,29,29,22,44,5,60,37,26,26,26,66,66,49,66,66,18,20,18,38,40,61,38,1,53,70,70,0,0],"gold":9,"neow_bonus":"THREE_ENEMY_KILL","is_daily":false,"chose_seed":false,"campfire_upgraded":4,"win_rate":0.0,"timestamp":1613745268,"path_taken":["M","?","?","?","$","R","?","E","T","E","?","?","E","M","R","BOSS","M","?","?","$","?","R","$","R","T","E","R","M","?","?","R","BOSS","M","M","?","$","?","R","E","R","T","E","M","M","R","M","R","BOSS","BOSS","R","$","E"],"items_purchased_type":["Card","Card","Card","Card","Card","Card","Card","Potion","Potion"],"build_version":"2020-12-22","purchased_purges":0,"victory":false,"max_hp_per_floor":[68,68,68,68,68,68,68,68,68,68,68,68,68,68,68,68,68,70,70,72,72,72,72,72,72,72,74,74,76,76,76,76,78,78,78,80,80,80,66,66,66,66,66,66,68,68,68,70,70,70,70,70,70,70,70,70],"relic_stats":{"Lizard Tail":38,"Singing Bowl":16,"counters":[23,154],"VioletLotus":[79],"obtain_stats":[{"NeowsBlessing":0,"Singing Bowl":13,"Vajra":10,"Omamori":27,"Ancient Tea Set":19,"Lizard Tail":9,"HornCleat":26,"VioletLotus":17,"Fusion Hammer":34,"Bag of Marbles":8,"PureWater":0,"StrikeDummy":44,"Pocketwatch":41},{"NeowsBlessing":0,"Singing Bowl":5,"Vajra":4,"Omamori":10,"Ancient Tea Set":8,"Lizard Tail":3,"HornCleat":9,"VioletLotus":7,"Fusion Hammer":13,"Bag of Marbles":3,"PureWater":0,"StrikeDummy":17,"Pocketwatch":16},{"NeowsBlessing":0,"Singing Bowl":13,"Vajra":11,"Omamori":37,"Ancient Tea Set":25,"Lizard Tail":3,"HornCleat":30,"VioletLotus":23,"Fusion Hammer":59,"Bag of Marbles":3,"PureWater":0,"StrikeDummy":84,"Pocketwatch":74}],"Pocketwatch":[87]},"card_choices":[{"not_picked":["JustLucky","Prostrate"],"picked":"EmptyBody","floor":1.0},{"not_picked":["ClearTheMind","EmptyBody"],"picked":"Consecrate","floor":7.0},{"not_picked":["ThirdEye","Study"],"picked":"Wish","floor":8.0},{"not_picked":["CutThroughFate","SashWhip"],"picked":"BowlingBash","floor":10.0},{"not_picked":["Sanctity","SashWhip"],"picked":"SignatureMove","floor":13.0},{"not_picked":["Crescendo","LikeWater"],"picked":"FearNoEvil","floor":14.0},{"not_picked":["Alpha","MasterReality"],"picked":"Wish","floor":16.0},{"not_picked":["CarveReality","Prostrate","JustLucky"],"picked":"Singing Bowl","floor":18.0},{"not_picked":["Swivel","Crescendo","EmptyBody"],"picked":"Singing Bowl","floor":20.0},{"not_picked":["JustLucky+1","BattleHymn+1","PathToVictory"],"picked":"Singing Bowl","floor":27.0},{"not_picked":["SashWhip","EmptyFist","Brilliance"],"picked":"Singing Bowl","floor":29.0},{"not_picked":["Crescendo","EmptyFist"],"picked":"InnerPeace","floor":31.0},{"not_picked":["LessonLearned","Establishment","ConjureBlade"],"picked":"Singing Bowl","floor":33.0},{"not_picked":["ThirdEye","EmptyFist"],"picked":"WaveOfTheHand","floor":35.0},{"not_picked":["WreathOfFlame+1","PathToVictory","FlurryOfBlows"],"picked":"Singing Bowl","floor":36.0},{"not_picked":["WreathOfFlame","PathToVictory"],"picked":"EmptyFist","floor":41.0},{"not_picked":["CutThroughFate","Collect"],"picked":"SpiritShield","floor":44.0},{"not_picked":["InnerPeace","Weave","Prostrate"],"picked":"Singing Bowl","floor":45.0},{"not_picked":["Halt","FollowUp"],"picked":"TalkToTheHand","floor":46.0},{"not_picked":["BowlingBash+1","FearNoEvil","Protect+1"],"picked":"Singing Bowl","floor":48.0}],"player_experience":2879284,"relics_obtained":[{"floor":8.0,"key":"Bag of Marbles"},{"floor":9.0,"key":"Lizard Tail"},{"floor":10.0,"key":"Vajra"},{"floor":13.0,"key":"Singing Bowl"},{"floor":26.0,"key":"HornCleat"},{"floor":27.0,"key":"Omamori"},{"floor":41.0,"key":"Pocketwatch"},{"floor":44.0,"key":"StrikeDummy"}],"event_choices":[{"damage_healed":0.0,"max_hp_gain":0.0,"max_hp_loss":0.0,"gold_gain":0.0,"event_name":"Shining Light","player_choice":"Entered Light","floor":2.0,"gold_loss":0.0,"damage_taken":20.0,"cards_upgraded":["Defend_P","EmptyBody"]},{"damage_healed":0.0,"max_hp_gain":0.0,"max_hp_loss":0.0,"gold_gain":0.0,"cards_transformed":["Strike_P"],"event_name":"Living Wall","player_choice":"Change","floor":3.0,"gold_loss":0.0,"damage_taken":0.0,"cards_obtained":["ThirdEye"]},{"cards_removed":["Defend_P"],"damage_healed":0.0,"max_hp_gain":0.0,"max_hp_loss":0.0,"gold_gain":0.0,"event_name":"Bonfire Elementals","player_choice":"Offered Basic","floor":4.0,"gold_loss":0.0,"damage_taken":0.0},{"damage_healed":17.0,"max_hp_gain":0.0,"max_hp_loss":0.0,"gold_gain":0.0,"event_name":"The Cleric","player_choice":"Healed","floor":11.0,"gold_loss":35.0,"damage_taken":0.0},{"cards_removed":["Strike_P"],"damage_healed":0.0,"max_hp_gain":0.0,"max_hp_loss":0.0,"gold_gain":0.0,"event_name":"Golden Wing","player_choice":"Card Removal","floor":12.0,"gold_loss":0.0,"damage_taken":7.0},{"damage_healed":0.0,"max_hp_gain":0.0,"max_hp_loss":0.0,"gold_gain":0.0,"event_name":"WeMeetAgain","player_choice":"Paid Gold","floor":19.0,"gold_loss":52.0,"damage_taken":0.0,"relics_obtained":["Ancient Tea Set"]},{"damage_healed":0.0,"max_hp_gain":0.0,"max_hp_loss":0.0,"gold_gain":0.0,"event_name":"Vampires","player_choice":"Ignored","floor":22.0,"gold_loss":0.0,"damage_taken":0.0},{"damage_healed":0.0,"max_hp_gain":0.0,"max_hp_loss":0.0,"gold_gain":0.0,"event_name":"The Woman in Blue","player_choice":"Bought 2 Potions","floor":30.0,"gold_loss":0.0,"damage_taken":0.0},{"cards_removed":["BowlingBash"],"damage_healed":0.0,"max_hp_gain":0.0,"max_hp_loss":0.0,"gold_gain":0.0,"event_name":"Falling","player_choice":"Removed Attack","floor":37.0,"gold_loss":0.0,"damage_taken":0.0},{"damage_healed":66.0,"max_hp_gain":0.0,"max_hp_loss":14.0,"gold_gain":0.0,"event_name":"The Moai Head","player_choice":"Heal","floor":39.0,"gold_loss":0.0,"damage_taken":0.0}],"is_beta":false,"boss_relics":[{"not_picked":["Calling Bell","Pandora\u0027s Box"],"picked":"VioletLotus"},{"not_picked":["Black Star","Astrolabe"],"picked":"Fusion Hammer"}],"items_purged_floors":[],"is_endless":false,"potions_floor_spawned":[7,13,16,27,29,31,36,41,44],"killed_by":"Shield and Spear","ascension_level":20}}