{"host":"ronyeowk3fr4dw6n","time":1613726620,"event":{"mods":["AchievementEnabler","BaseMod","Bestiary","Better Note","DeckTracker","Minty Spire (QoL Compilation)","Permanent Neow","Quick Restart","Relic Stats","StSLib","SuperFastMode"],"gold_per_floor":[119,130,141,141,158,192,192,221,233,265,288,317,364,42,42,42,42],"floor_reached":16,"language":"ENG","playtime":813,"items_purged":["Strike_B"],"score":180,"play_id":"bb684c0d-711a-4ecc-91e9-06fb36f2c993","local_time":"20210219162340","is_ascension_mode":true,"campfire_choices":[{"data":"Barrage","floor":7.0,"key":"SMITH"},{"data":"Doom and Gloom","floor":15.0,"key":"SMITH"}],"circlet_count":0,"master_deck":["Strike_B","Strike_B","Defend_B","Defend_B","Defend_B","Defend_B","Zap","Dualcast","Capacitor","Barrage+1","Streamline","Steam Power","Go for the Eyes","Consume","Ball Lightning","Doom and Gloom","Cold Snap","Self Repair","Doom and Gloom+1"],"relics":["Runic Pyramid","Strawberry","MawBank","Tiny Chest","Runic Capacitor"],"acts_visited":["Exordium"],"potions_floor_usage":[16],"damage_taken":[{"damage":0.0,"enemies":"Small Slimes","floor":1.0,"turns":4.0},{"damage":1.0,"enemies":"Cultist","floor":2.0,"turns":5.0},{"damage":3.0,"enemies":"Jaw Worm","floor":3.0,"turns":4.0},{"damage":2.0,"enemies":"2 Fungi Beasts","floor":5.0,"turns":4.0},{"damage":10.0,"enemies":"Lagavulin","floor":6.0,"turns":6.0},{"damage":5.0,"enemies":"Gremlin Nob","floor":8.0,"turns":4.0},{"damage":21.0,"enemies":"3 Louse","floor":10.0,"turns":4.0},{"damage":11.0,"enemies":"Blue Slaver","floor":11.0,"turns":3.0},{"damage":4.0,"enemies":"Red Slaver","floor":12.0,"turns":3.0},{"damage":17.0,"enemies":"3 Sentries","floor":13.0,"turns":5.0},{"damage":0,"enemies":"Slime Boss","floor":16,"turns":4}],"seed_played":"-9002180793847436253","potions_obtained":[{"floor":1.0,"key":"PotionOfCapacity"},{"floor":2.0,"key":"ColorlessPotion"},{"floor":3.0,"key":"Fire Potion"},{"floor":12.0,"key":"FearPotion"},{"floor":13.0,"key":"ColorlessPotion"}],"is_trial":false,"path_per_floor":["M","M","M","?","M","E","R","E","T","M","M","M","E","$","R","B"],"character_chosen":"DEFECT","items_purchased":["Self Repair","Runic Capacitor","Doom and Gloom"],"campfire_rested":0,"item_purchase_floors":[14,14,14],"current_hp_per_floor":[68,67,64,64,62,59,59,54,54,33,22,18,1,1,1,1,1],"gold":42,"neow_bonus":"BOSS_RELIC","is_daily":false,"chose_seed":false,"campfire_upgraded":2,"win_rate":0.0,"timestamp":1613726620,"path_taken":["M","M","M","?","M","E","R","E","T","M","M","?","E","$","R","BOSS"],"items_purchased_type":["Card","Relic","Card"],"build_version":"2020-12-22","purchased_purges":1,"victory":false,"max_hp_per_floor":[75,75,75,75,75,82,82,82,82,82,82,82,82,82,82,82,82],"relic_stats":{"counters":[11,46],"Tiny Chest":0,"MawBank":72,"obtain_stats":[{"Strawberry":6,"Tiny Chest":9,"Runic Capacitor":14,"Cracked Core":0,"MawBank":8,"Runic Pyramid":0},{"Strawberry":5,"Tiny Chest":6,"Runic Capacitor":10,"Cracked Core":0,"MawBank":6,"Runic Pyramid":0},{"Strawberry":23,"Tiny Chest":27,"Runic Capacitor":42,"Cracked Core":0,"MawBank":27,"Runic Pyramid":0}]},"card_choices":[{"not_picked":["Chaos","Blizzard"],"picked":"Capacitor","floor":1.0},{"not_picked":["Hologram","Melter"],"picked":"Barrage","floor":2.0},{"not_picked":["Leap","Hologram"],"picked":"Streamline","floor":3.0},{"not_picked":["Thunder Strike","Scrape"],"picked":"Go for the Eyes","floor":5.0},{"not_picked":["BootSequence","Undo","Tempest"],"picked":"SKIP","floor":6.0},{"not_picked":["Hologram","Double Energy"],"picked":"Consume","floor":8.0},{"not_picked":["Leap","Beam Cell"],"picked":"Ball Lightning","floor":10.0},{"not_picked":["Redo","Stack","Darkness"],"picked":"SKIP","floor":11.0},{"not_picked":["Reprogram","Steam Power"],"picked":"Doom and Gloom","floor":12.0},{"not_picked":["Barrage","White Noise"],"picked":"Cold Snap","floor":13.0}],"player_experience":246634,"relics_obtained":[{"floor":6.0,"key":"Strawberry"},{"floor":8.0,"key":"MawBank"},{"floor":9.0,"key":"Tiny Chest"}],"event_choices":[{"damage_healed":0.0,"max_hp_gain":0.0,"max_hp_loss":0.0,"gold_gain":0.0,"cards_transformed":["Strike_B"],"event_name":"Transmorgrifier","player_choice":"Transformed","floor":4.0,"gold_loss":0.0,"damage_taken":0.0,"cards_obtained":["Steam Power"]}],"is_beta":false,"boss_relics":[],"items_purged_floors":[14],"is_endless":false,"potions_floor_spawned":[1,2,3,12,13],"killed_by":"Slime Boss","ascension_level":9}}