{"host":"io90toq331y73m30","time":1613732739,"event":{"mods":["BaseMod","Colored Map","Downfall","Minty Spire (QoL Compilation)","StSLib","The Bug Knight","The Construct","The Cursed","The Disciple","The Necromancer","The Runesmith","The Servant 0.9.4"],"gold_per_floor":[116,131,131,131,131,158,158,184,184,184,201,235,235,265,265,365,365,365,365,365,365,365,365,365,365,365,365,365,118,118,77,77,77,77],"floor_reached":33,"language":"ENG","playtime":1914,"items_purged":[],"score":336,"play_id":"e992b239-9194-4f6e-a6ee-19bd63d2dd32","local_time":"20210219110539","is_ascension_mode":false,"campfire_choices":[{"floor":7,"key":"REST"},{"floor":13,"key":"REST"},{"floor":15,"key":"REST"},{"data":"RitualDagger","floor":32,"key":"SMITH"}],"circlet_count":0,"master_deck":["Defend_S+1","Defend_S","Defend_S","Defend_S+1","KidneyShot","Exchange","Ricochet","Ricochet","GearUp+1","Snipe","Comet","ShatteredReality","Dilation","Bite","Bite","Bite","Bite","Bite","SurpressingFire","Revamp+1","Bandage Up+1","RitualDagger+1","BestPractice"],"relics":["Uniform","Ice Cream","HollowMod:StagPassRelic","Calipers","Incense Burner","construct:BoolHorns","War Paint","Ectoplasm","HollowMod:LifeEnderRelic","White Beast Statue","MealTicket","Vajra"],"acts_visited":["Exordium","TheCity"],"potions_floor_usage":[23,27,33],"damage_taken":[{"damage":1,"enemies":"2 Louse","floor":1,"turns":3},{"damage":0,"enemies":"Small Slimes","floor":2,"turns":2},{"damage":28,"enemies":"HollowMod:MossKnight","floor":6,"turns":18},{"damage":10,"enemies":"Lagavulin","floor":8,"turns":9},{"damage":2,"enemies":"Jaw Worm","floor":11,"turns":4},{"damage":1,"enemies":"3 Sentries","floor":12,"turns":4},{"damage":33,"enemies":"Lagavulin","floor":14,"turns":8},{"damage":10,"enemies":"The Guardian","floor":16,"turns":12},{"damage":5,"enemies":"Spheric Guardian","floor":18,"turns":4},{"damage":2,"enemies":"Chosen","floor":20,"turns":4},{"damage":12,"enemies":"Snecko","floor":22,"turns":7},{"damage":8,"enemies":"HollowMod:Nosk","floor":23,"turns":13},{"damage":0,"enemies":"Shelled Parasite and Fungi","floor":24,"turns":6},{"damage":0,"enemies":"Centurion and Healer","floor":25,"turns":7},{"damage":17,"enemies":"Gremlin Leader","floor":27,"turns":6},{"damage":60,"enemies":"Collector","floor":33,"turns":5}],"seed_played":"3967887229707865005","potions_obtained":[{"floor":1,"key":"bronze:BurnAndBuffPotion"},{"floor":14,"key":"EssenceOfSteel"},{"floor":16,"key":"SteroidPotion"},{"floor":23,"key":"EssenceOfSteel"},{"floor":24,"key":"Fire Potion"},{"floor":27,"key":"Dexterity Potion"}],"is_trial":false,"path_per_floor":["M","M","?","?","?","E","R","E","T","T","M","E","R","E","R","B",null,"M","?","M","?","M","E","M","M","T","E","?","$","?","$","R","B"],"character_chosen":"THE_SERVANT","items_purchased":["Bandage Up","Vajra","BestPractice"],"campfire_rested":3,"item_purchase_floors":[29,29,31],"current_hp_per_floor":[70,70,56,61,54,26,48,38,38,38,36,35,57,24,46,36,76,71,53,53,53,47,53,53,53,53,50,50,53,47,53,53,0,0],"gold":77,"neow_bonus":"TEN_PERCENT_HP_BONUS","is_daily":false,"chose_seed":false,"campfire_upgraded":1,"win_rate":0.0,"timestamp":1613732739,"path_taken":["M","M","?","?","?","E","R","E","T","?","?","E","R","E","R","BOSS","M","?","M","?","M","E","M","M","T","E","?","$","?","?","R","BOSS"],"items_purchased_type":["Card","Relic","Card"],"build_version":"2020-12-22","purchased_purges":0,"victory":false,"max_hp_per_floor":[71,71,71,76,76,76,76,76,76,76,76,76,76,76,76,76,76,76,53,53,53,53,53,53,53,53,53,53,53,53,53,53,53,53],"card_choices":[{"not_picked":["Shuttle","Alleviate"],"picked":"Ricochet","floor":1},{"not_picked":["FastForward","Desolation"],"picked":"Ricochet","floor":2},{"not_picked":["DoubleEdge","Rearm"],"picked":"GearUp","floor":6},{"not_picked":["Ricochet","FloweringNight"],"picked":"Snipe","floor":8},{"not_picked":["Spin","Starlight"],"picked":"Comet","floor":11},{"not_picked":["DoubleEdge","Comet"],"picked":"ShatteredReality","floor":12},{"not_picked":["Hightail","FlawlessForm","StarChef"],"picked":"SKIP","floor":14},{"not_picked":["Solidify","MurderousAura"],"picked":"Dilation","floor":16},{"not_picked":["Sabotage","RealityMarble","Unruled"],"picked":"SKIP","floor":18},{"not_picked":["FastForward","Spin"],"picked":"SurpressingFire","floor":20},{"not_picked":["Replace","Spin+1","Collapse+1"],"picked":"SKIP","floor":22},{"not_picked":["TimeWarp","PendulumOfEternity","Hightail"],"picked":"SKIP","floor":23},{"not_picked":["TimeWarp","Ricochet","Unruled"],"picked":"SKIP","floor":24},{"not_picked":["Desolation+1","Misdirection"],"picked":"Revamp+1","floor":25},{"not_picked":["MurderousAura","FastForward","Hightail"],"picked":"SKIP","floor":27}],"player_experience":71037,"relics_obtained":[{"floor":6,"key":"Ice Cream"},{"floor":8,"key":"HollowMod:StagPassRelic"},{"floor":9,"key":"Calipers"},{"floor":10,"key":"Incense Burner"},{"floor":12,"key":"construct:BoolHorns"},{"floor":14,"key":"War Paint"},{"floor":23,"key":"HollowMod:LifeEnderRelic"},{"floor":26,"key":"White Beast Statue"},{"floor":27,"key":"MealTicket"}],"event_choices":[{"damage_healed":0,"gold_gain":0,"player_choice":"Entered Light","damage_taken":14,"max_hp_gain":0,"max_hp_loss":0,"event_name":"Shining Light","floor":3,"gold_loss":0,"cards_upgraded":["Defend_S","Strike_S"]},{"damage_healed":0,"gold_gain":0,"player_choice":"Donut","damage_taken":0,"max_hp_gain":5,"max_hp_loss":0,"event_name":"Big Fish","floor":4,"gold_loss":0},{"cards_removed":["Strike_S"],"damage_healed":0,"gold_gain":0,"player_choice":"Card Removal","damage_taken":7,"max_hp_gain":0,"max_hp_loss":0,"event_name":"Golden Wing","floor":5,"gold_loss":0},{"damage_healed":0,"gold_gain":0,"player_choice":"Became a vampire","damage_taken":0,"max_hp_gain":0,"max_hp_loss":23,"event_name":"Vampires","floor":19,"gold_loss":0,"cards_obtained":["Bite","Bite","Bite","Bite","Bite"]},{"damage_healed":0,"gold_gain":0,"player_choice":"Joined the Cult","damage_taken":6,"max_hp_gain":0,"max_hp_loss":0,"event_name":"Nest","floor":30,"gold_loss":0,"cards_obtained":["RitualDagger"]}],"is_beta":false,"boss_relics":[{"not_picked":["Tiny House","SacredBark"],"picked":"Ectoplasm"}],"items_purged_floors":[],"is_endless":false,"potions_floor_spawned":[1,14,16,23,24,27],"killed_by":"Collector","ascension_level":0}}