{"host":"121m0oxswv9tg9hk","time":1613753676,"event":{"mods":["BaseMod","Better Altar","Better Third Choice","Hermit","Hubris","Ironclad Rager","Minty Spire (QoL Compilation)","Replay The Spire","Shade Mod","StSLib","The Disciple"],"gold_per_floor":[119,139,154,174,184,210,210,210,233,249,249,276,292,46,46,117,117,132,76,90,140,103,132,132,132,132,109,109,24,24,57,57,132,132,152,171,71,85,103,134,134,168,180,192,204,216,254,278,290,302],"floor_reached":51,"language":"ENG","playtime":3508,"items_purged":["ICR:DragonStrike","ICR:CraneWing"],"score":1474,"play_id":"ca617904-fe63-41d3-a800-c2b53069c86f","local_time":"20210219175436","is_ascension_mode":true,"campfire_choices":[{"data":"Eruption","floor":7,"key":"SMITH"},{"floor":11,"key":"REST"},{"data":"ICR:DragonStrike","floor":15,"key":"PURGE"},{"data":"BattleHymn","floor":25,"key":"SMITH"},{"floor":28,"key":"REST"},{"floor":32,"key":"REST"},{"floor":41,"key":"REST"},{"floor":44,"key":"REST"},{"data":"hubris:DuctTapeCard","floor":49,"key":"SMITH"}],"circlet_count":0,"master_deck":["AscendersBane","Eruption+1","Vigilance","ICR:DragonStrike","ICR:DragonStrike","ICR:CraneWing","ICR:CraneWing+1","ICR:CraneWing","BowlingBash","Tantrum","TalkToTheHand+1","FlyingSleeves+1","EmptyBody","Evaluate","Protect","Evaluate","ClearTheMind+1","Adaptation","Study","hubris:DuctTapeCard+2","SpiritShield","Evaluate","Protect+1","ICR:YinYang+1","InnerPeace","Worship"],"relics":["PureWater","Pondfish Scales","hubris:Icosahedron","MealTicket","Bird Faced Urn","HandDrill","SlaversCollar","Gremlin Food","Damaru","Bag of Preparation","hubris:DuctTape","Oddly Smooth Stone","Sozu","Letter Opener","MawBank","Darkstone Periapt","Lantern"],"acts_visited":["Exordium","TheCity","TheBeyond"],"potions_floor_usage":[12,13,20,22,27],"damage_taken":[{"damage":7,"enemies":"Cultist","floor":1,"turns":3},{"damage":0,"enemies":"2 Louse","floor":2,"turns":2},{"damage":9,"enemies":"Jaw Worm","floor":3,"turns":4},{"damage":0,"enemies":"Red Slaver","floor":4,"turns":3},{"damage":1,"enemies":"Looter","floor":5,"turns":4},{"damage":10,"enemies":"Lagavulin","floor":6,"turns":6},{"damage":7,"enemies":"Blue Slaver","floor":10,"turns":5},{"damage":14,"enemies":"3 Sentries","floor":12,"turns":6},{"damage":0,"enemies":"Large Slime","floor":13,"turns":4},{"damage":0,"enemies":"Slime Boss","floor":16,"turns":6},{"damage":11,"enemies":"Spheric Guardian","floor":18,"turns":4},{"damage":0,"enemies":"3 Byrds","floor":20,"turns":4},{"damage":5,"enemies":"Shelled Parasite and Fungi","floor":22,"turns":9},{"damage":42,"enemies":"Slavers","floor":23,"turns":5},{"damage":24,"enemies":"Gremlin Leader","floor":27,"turns":5},{"damage":80,"enemies":"Slavers","floor":31,"turns":7},{"damage":39,"enemies":"Automaton","floor":33,"turns":8},{"damage":29,"enemies":"3 Darklings","floor":35,"turns":5},{"damage":11,"enemies":"3 Shapes","floor":36,"turns":7},{"damage":20,"enemies":"Jaw Worm Horde","floor":38,"turns":4},{"damage":0,"enemies":"Spire Growth","floor":39,"turns":6},{"damage":7,"enemies":"Nemesis","floor":40,"turns":5},{"damage":20,"enemies":"Reptomancer","floor":42,"turns":5},{"damage":20,"enemies":"Nemesis","floor":47,"turns":7},{"damage":0,"enemies":"Maw","floor":48,"turns":6},{"damage":61,"enemies":"Awakened One","floor":50,"turns":10}],"seed_played":"-1712150751816034028","potions_obtained":[{"floor":4,"key":"Elixir"},{"floor":6,"key":"Dexterity Potion"},{"floor":12,"key":"Fire Potion"},{"floor":13,"key":"Block Potion"},{"floor":18,"key":"Explosive Potion"},{"floor":22,"key":"FairyPotion"},{"floor":23,"key":"Swift Potion"}],"is_trial":false,"path_per_floor":["M","M","M","M","M","E","R","?","T","M","R","E","M","$","R","B",null,"M","$","M","?","M","E","?","R","T","E","R","$","?","E","R","B",null,"M","M","$","M","M","E","R","E","T","R","$","$","E","M","R","B",null],"character_chosen":"WATCHER","items_purchased":["HandDrill","Evaluate","Study"],"campfire_rested":5,"item_purchase_floors":[14,19,29],"current_hp_per_floor":[54,54,45,45,44,34,34,34,34,27,47,33,35,50,50,52,64,57,68,68,62,63,27,41,41,41,25,45,60,60,15,35,2,52,27,22,37,21,25,24,44,32,32,52,67,68,52,60,60,7],"gold":314,"neow_bonus":"WATCHER_MONK","is_daily":false,"chose_seed":false,"campfire_upgraded":3,"win_rate":0.0,"timestamp":1613753676,"path_taken":["M","M","M","?","M","E","R","?","T","M","R","E","M","$","R","BOSS","M","$","M","?","?","E","?","R","T","E","R","$","?","E","R","BOSS","M","M","$","M","?","E","R","E","T","R","?","$","E","M","R","BOSS"],"items_purchased_type":["Relic","Card","Card"],"build_version":"2020-12-22","purchased_purges":2,"victory":true,"max_hp_per_floor":[68,68,68,68,68,68,68,68,68,68,68,68,68,68,68,68,68,68,68,68,68,68,68,68,68,68,68,68,68,68,68,68,68,68,68,68,68,68,68,68,68,68,68,68,68,68,68,68,68,68],"card_choices":[{"not_picked":["EmptyFist","Protect"],"picked":"BowlingBash","floor":1},{"not_picked":["ThirdEye","EmptyBody"],"picked":"Tantrum","floor":2},{"not_picked":["SignatureMove","Replay:Battleflow"],"picked":"TalkToTheHand","floor":3},{"not_picked":["Replay:AtTheReady","FlurryOfBlows"],"picked":"FlyingSleeves","floor":4},{"not_picked":["ForeignInfluence","Halt"],"picked":"BattleHymn","floor":5},{"not_picked":["Collect","Prostrate"],"picked":"EmptyBody","floor":6},{"not_picked":["FlurryOfBlows","FollowUp","JustLucky"],"picked":"SKIP","floor":10},{"not_picked":["DeusExMachina","SignatureMove"],"picked":"Evaluate","floor":12},{"not_picked":["Halt","BattleHymn","FollowUp"],"picked":"SKIP","floor":13},{"not_picked":["Ragnarok","Brilliance"],"picked":"Replay:LoomingThreat","floor":16},{"not_picked":["PathToVictory","Nirvana"],"picked":"Protect","floor":18},{"not_picked":["Protect","SashWhip"],"picked":"ICR:YinYang","floor":20},{"not_picked":["Replay:Vibes+1","EmptyFist"],"picked":"ClearTheMind","floor":22},{"not_picked":["Judgement","ICR:YinYang"],"picked":"Adaptation","floor":23},{"not_picked":["Consecrate","JustLucky","FlurryOfBlows"],"picked":"SKIP","floor":27},{"not_picked":["CrushJoints","WindmillStrike","WheelKick"],"picked":"SKIP","floor":31},{"not_picked":["DevaForm","Brilliance"],"picked":"SpiritShield","floor":33},{"not_picked":["PathToVictory","CutThroughFate","FlurryOfBlows"],"picked":"SKIP","floor":35},{"not_picked":["JustLucky","Adaptation"],"picked":"Evaluate","floor":36},{"not_picked":["FlurryOfBlows+1","CutThroughFate"],"picked":"Protect+1","floor":38},{"not_picked":["CrushJoints","Consecrate"],"picked":"ICR:YinYang+1","floor":39},{"not_picked":["CutThroughFate","PathToVictory"],"picked":"InnerPeace","floor":40},{"not_picked":["Omniscience","Replay:Hum","Wireheading+1"],"picked":"SKIP","floor":42},{"not_picked":["FlyingSleeves+1","SpiritShield","EmptyBody"],"picked":"SKIP","floor":47},{"not_picked":["CutThroughFate","Study+1"],"picked":"Worship","floor":48}],"player_experience":2381467,"relics_obtained":[{"floor":6,"key":"Pondfish Scales"},{"floor":9,"key":"MealTicket"},{"floor":12,"key":"Bird Faced Urn"},{"floor":23,"key":"Gremlin Food"},{"floor":26,"key":"Damaru"},{"floor":27,"key":"Bag of Preparation"},{"floor":31,"key":"Oddly Smooth Stone"},{"floor":40,"key":"Letter Opener"},{"floor":42,"key":"MawBank"},{"floor":43,"key":"Darkstone Periapt"},{"floor":47,"key":"Lantern"}],"event_choices":[{"damage_healed":0,"gold_gain":50,"player_choice":"Touch","damage_taken":6,"max_hp_gain":0,"max_hp_loss":0,"event_name":"FaceTrader","floor":21,"gold_loss":0},{"damage_healed":14,"gold_gain":0,"player_choice":"Heal","damage_taken":0,"max_hp_gain":0,"max_hp_loss":0,"event_name":"The Library","floor":24,"gold_loss":0},{"cards_removed":["Replay:LoomingThreat"],"damage_healed":0,"gold_gain":0,"player_choice":"Gave Card","damage_taken":0,"relics_obtained":["hubris:DuctTape"],"max_hp_gain":0,"max_hp_loss":0,"event_name":"WeMeetAgain","floor":30,"gold_loss":0}],"is_beta":false,"boss_relics":[{"not_picked":["Runic Dome","Pandora\u0027s Box"],"picked":"SlaversCollar"},{"not_picked":["Honey Jar","ReplayTheSpireMod:DimensionalGlitch"],"picked":"Sozu"}],"items_purged_floors":[14,37],"is_endless":false,"potions_floor_spawned":[4,6,12,13,18,22,23,35,38,39,47],"ascension_level":16}}