{"host":"ju1b3c4x8n2jtjm7","time":1613740910,"event":{"mods":["AchievementEnabler","BaseMod","Colored Map","Colored Powertips","Highlight Path","Minty Spire (QoL Compilation)","Quick Restart","Rare Cards Sparkle","Relic Stats"],"gold_per_floor":[109,124,139,26,44,76,76,104,104,118,118,145,145,220,220,319,319,334,353,353,353,17,17,48,48,48,48,82,113,26,56,56,153,153,171,171,171,183,22,53,53,82,82,7,40,40,69,84,84,84,84,84,22,57,57],"floor_reached":56,"language":"ENG","playtime":3831,"items_purged":["Strike_R","Strike_R","Bash+1","Defend_R"],"score":1624,"play_id":"14eb4728-929c-4fac-8caa-9740d0ca9d05","local_time":"20210219142150","is_ascension_mode":true,"campfire_choices":[{"data":"Bash","floor":7.0,"key":"SMITH"},{"floor":11.0,"key":"REST"},{"data":"Fire Breathing","floor":13.0,"key":"SMITH"},{"data":"Dual Wield","floor":15.0,"key":"SMITH"},{"data":"Evolve","floor":23.0,"key":"SMITH"},{"floor":27.0,"key":"REST"},{"floor":32.0,"key":"REST"},{"data":"Armaments","floor":41.0,"key":"SMITH"},{"data":"Thinking Ahead","floor":46.0,"key":"SMITH"},{"floor":49.0,"key":"RECALL"},{"data":"Dark Embrace","floor":52.0,"key":"SMITH"}],"circlet_count":0,"master_deck":["Defend_R","Defend_R","Parasite","Fire Breathing+1","Power Through","Warcry","Fire Breathing","Sever Soul","Warcry+1","Dual Wield+1","Warcry","Offering","Pommel Strike","Shrug It Off+1","Impervious","Evolve+1","Dark Embrace","HandOfGreed","Warcry+1","Impervious","Dual Wield+1","Impervious+1","Feel No Pain+1","Feel No Pain+1","Thinking Ahead+1","Impervious+1","Power Through+1","Thinking Ahead","Armaments+1","Shrug It Off+1","Dark Embrace+1","Intimidate"],"relics":["Burning Blood","Ice Cream","Juzu Bracelet","Lantern","Odd Mushroom","Runic Cube","Membership Card","Gambling Chip","CultistMask","PreservedInsect","War Paint","Toy Ornithopter","Astrolabe","Blood Vial","Omamori","StrikeDummy","Bronze Scales","Anchor"],"acts_visited":["Exordium","TheCity","TheBeyond","TheEnding"],"potions_floor_usage":[55,55],"damage_taken":[{"damage":6.0,"enemies":"Cultist","floor":1.0,"turns":3.0},{"damage":10.0,"enemies":"Small Slimes","floor":2.0,"turns":5.0},{"damage":6.0,"enemies":"Jaw Worm","floor":3.0,"turns":5.0},{"damage":8.0,"enemies":"Blue Slaver","floor":5.0,"turns":4.0},{"damage":15.0,"enemies":"3 Sentries","floor":6.0,"turns":4.0},{"damage":43.0,"enemies":"Gremlin Nob","floor":8.0,"turns":5.0},{"damage":7.0,"enemies":"Looter","floor":10.0,"turns":4.0},{"damage":10.0,"enemies":"The Mushroom Lair","floor":12.0,"turns":3.0},{"damage":14.0,"enemies":"Hexaghost","floor":16.0,"turns":7.0},{"damage":8.0,"enemies":"Chosen","floor":18.0,"turns":4.0},{"damage":23.0,"enemies":"2 Thieves","floor":19.0,"turns":4.0},{"damage":30.0,"enemies":"Slavers","floor":24.0,"turns":2.0},{"damage":22.0,"enemies":"Book of Stabbing","floor":28.0,"turns":4.0},{"damage":12.0,"enemies":"Sentry and Sphere","floor":29.0,"turns":3.0},{"damage":6.0,"enemies":"Snecko","floor":31.0,"turns":4.0},{"damage":28.0,"enemies":"Champ","floor":33.0,"turns":7.0},{"damage":11.0,"enemies":"Orb Walker","floor":35.0,"turns":2.0},{"damage":0.0,"enemies":"3 Shapes","floor":38.0,"turns":3.0},{"damage":6.0,"enemies":"Giant Head","floor":40.0,"turns":6.0},{"damage":39.0,"enemies":"Reptomancer","floor":42.0,"turns":5.0},{"damage":6.0,"enemies":"Spire Growth","floor":45.0,"turns":5.0},{"damage":47.0,"enemies":"Giant Head","floor":47.0,"turns":9.0},{"damage":6.0,"enemies":"Writhing Mass","floor":48.0,"turns":8.0},{"damage":16.0,"enemies":"Donu and Deca","floor":50.0,"turns":7.0},{"damage":31.0,"enemies":"Shield and Spear","floor":54.0,"turns":5.0},{"damage":34,"enemies":"The Heart","floor":55,"turns":9}],"seed_played":"4836162005611057701","potions_obtained":[{"floor":5.0,"key":"Swift Potion"},{"floor":10.0,"key":"Explosive Potion"},{"floor":12.0,"key":"DistilledChaos"},{"floor":18.0,"key":"Dexterity Potion"},{"floor":24.0,"key":"LiquidBronze"},{"floor":28.0,"key":"PowerPotion"},{"floor":29.0,"key":"LiquidMemories"},{"floor":35.0,"key":"Swift Potion"},{"floor":40.0,"key":"SteroidPotion"},{"floor":47.0,"key":"CultistPotion"},{"floor":54.0,"key":"Regen Potion"}],"is_trial":false,"path_per_floor":["M","M","M","$","M","E","R","E","T","M","R","?","R","?","R","B",null,"M","M","?","?","$","R","E","?","T","R","E","M","$","M","R","B",null,"M","?","?","M","$","E","R","E","T","$","M","R","E","M","R","B",null,"R","$","E","B",null],"character_chosen":"IRONCLAD","items_purchased":["Fire Breathing","Membership Card","Dark Embrace","HandOfGreed","Toy Ornithopter","Anger","Thinking Ahead","DistilledChaos","Block Potion"],"campfire_rested":3,"item_purchase_floors":[4,22,22,22,30,30,39,53,53],"current_hp_per_floor":[72,68,68,68,66,57,57,20,20,19,43,39,39,28,28,20,65,63,46,46,46,46,46,22,22,22,46,30,24,24,29,53,36,69,64,64,64,70,70,70,70,39,39,39,41,41,7,9,9,16,64,64,64,46,45],"gold":57,"neow_bonus":"ONE_RARE_RELIC","is_daily":false,"chose_seed":false,"campfire_upgraded":7,"win_rate":0.0,"timestamp":1613740910,"path_taken":["M","M","M","?","M","E","R","E","T","M","R","?","R","?","R","BOSS","M","M","?","?","$","R","E","?","T","R","E","M","$","M","R","BOSS","M","?","?","M","$","E","R","E","T","$","M","R","E","M","R","BOSS","R","$","E","BOSS"],"items_purchased_type":["Card","Relic","Card","Card","Relic","Card","Card","Potion","Potion"],"build_version":"2020-12-22","purchased_purges":4,"victory":true,"max_hp_per_floor":[80,80,80,80,80,80,80,80,80,80,80,80,80,80,80,80,80,80,80,80,80,80,80,80,80,80,80,80,80,80,80,80,80,80,80,80,80,80,80,80,80,80,80,80,80,80,80,80,80,80,80,80,80,80,80],"relic_stats":{"Blood Vial":14,"counters":[26,127],"Gambling Chip":[41],"Astrolabe":["Dual Wield","Impervious","Feel No Pain"],"Bronze Scales":[189],"PreservedInsect":418,"Juzu Bracelet":1,"War Paint":["Warcry","Shrug It Off"],"obtain_stats":[{"Ice Cream":0,"Lantern":8,"Astrolabe":34,"PreservedInsect":26,"Juzu Bracelet":6,"Omamori":42,"Odd Mushroom":12,"War Paint":28,"Burning Blood":0,"Blood Vial":40,"Anchor":54,"Gambling Chip":24,"Bronze Scales":47,"CultistMask":25,"Membership Card":22,"StrikeDummy":43,"Toy Ornithopter":30,"Runic Cube":17},{"Ice Cream":0,"Lantern":6,"Astrolabe":16,"PreservedInsect":12,"Juzu Bracelet":5,"Omamori":20,"Odd Mushroom":8,"War Paint":13,"Burning Blood":0,"Blood Vial":19,"Anchor":25,"Gambling Chip":12,"Bronze Scales":22,"CultistMask":12,"Membership Card":11,"StrikeDummy":20,"Toy Ornithopter":14,"Runic Cube":9},{"Ice Cream":0,"Lantern":26,"Astrolabe":68,"PreservedInsect":50,"Juzu Bracelet":21,"Omamori":84,"Odd Mushroom":33,"War Paint":54,"Burning Blood":0,"Blood Vial":79,"Anchor":118,"Gambling Chip":50,"Bronze Scales":98,"CultistMask":50,"Membership Card":48,"StrikeDummy":84,"Toy Ornithopter":57,"Runic Cube":40}],"Burning Blood":156,"Toy Ornithopter":45,"Runic Cube":[49]},"card_choices":[{"not_picked":["Havoc","Body Slam"],"picked":"Fire Breathing","floor":1.0},{"not_picked":["Burning Pact","Dropkick"],"picked":"Power Through","floor":2.0},{"not_picked":["Twin Strike","Flex"],"picked":"Warcry","floor":3.0},{"not_picked":["Uppercut","Iron Wave"],"picked":"Sever Soul","floor":5.0},{"not_picked":["Flex","Shrug It Off"],"picked":"Warcry","floor":6.0},{"not_picked":["Fire Breathing","Seeing Red"],"picked":"Dual Wield","floor":8.0},{"not_picked":["Uppercut","Armaments"],"picked":"Warcry","floor":10.0},{"not_picked":["Corruption","Berserk"],"picked":"Offering","floor":16.0},{"not_picked":["Headbutt+1","True Grit"],"picked":"Pommel Strike","floor":18.0},{"not_picked":["Dual Wield","Warcry"],"picked":"Shrug It Off","floor":19.0},{"not_picked":["Armaments","Anger"],"picked":"Warcry+1","floor":24.0},{"not_picked":["Clash","Sever Soul","Twin Strike+1"],"picked":"SKIP","floor":28.0},{"not_picked":["True Grit","Heavy Blade","Double Tap"],"picked":"SKIP","floor":29.0},{"not_picked":["Anger","Wild Strike","Entrench"],"picked":"SKIP","floor":31.0},{"not_picked":["Brutality","Bludgeon"],"picked":"Impervious","floor":33.0},{"not_picked":["Entrench+1","Heavy Blade+1"],"picked":"Feel No Pain+1","floor":35.0},{"not_picked":["Jack Of All Trades","Enlightenment"],"picked":"Thinking Ahead","floor":36.0},{"not_picked":["Body Slam","Whirlwind"],"picked":"Power Through+1","floor":38.0},{"not_picked":["Battle Trance","Heavy Blade"],"picked":"Armaments","floor":40.0},{"not_picked":["Clothesline","Seeing Red"],"picked":"Shrug It Off+1","floor":42.0},{"not_picked":["Iron Wave+1","Pommel Strike+1"],"picked":"Dark Embrace","floor":45.0},{"not_picked":["Armaments+1","Sword Boomerang+1","Iron Wave+1"],"picked":"SKIP","floor":47.0},{"not_picked":["Iron Wave+1","Rupture","Clothesline+1"],"picked":"SKIP","floor":48.0},{"not_picked":["Heavy Blade","Pommel Strike"],"picked":"Intimidate","floor":54.0}],"player_experience":395556,"relics_obtained":[{"floor":6.0,"key":"Juzu Bracelet"},{"floor":8.0,"key":"Lantern"},{"floor":12.0,"key":"Odd Mushroom"},{"floor":24.0,"key":"Gambling Chip"},{"floor":26.0,"key":"PreservedInsect"},{"floor":28.0,"key":"War Paint"},{"floor":40.0,"key":"Blood Vial"},{"floor":42.0,"key":"Omamori"},{"floor":43.0,"key":"StrikeDummy"},{"floor":47.0,"key":"Bronze Scales"},{"floor":54.0,"key":"Anchor"}],"event_choices":[{"damage_healed":0.0,"max_hp_gain":0.0,"max_hp_loss":0.0,"gold_gain":0.0,"event_name":"Mushrooms","player_choice":"Fought Mushrooms","floor":12.0,"gold_loss":0.0,"damage_taken":0.0},{"damage_healed":0.0,"max_hp_gain":0.0,"max_hp_loss":0.0,"gold_gain":75.0,"event_name":"World of Goop","player_choice":"Gather Gold","floor":14.0,"gold_loss":0.0,"damage_taken":11.0},{"damage_healed":0.0,"max_hp_gain":0.0,"max_hp_loss":0.0,"gold_gain":0.0,"cards_transformed":["Strike_R","Strike_R"],"event_name":"Drug Dealer","player_choice":"Became Test Subject","floor":20.0,"gold_loss":0.0,"damage_taken":0.0,"cards_obtained":["Impervious","Evolve"]},{"damage_healed":0.0,"max_hp_gain":0.0,"max_hp_loss":0.0,"gold_gain":0.0,"event_name":"Vampires","player_choice":"Ignored","floor":21.0,"gold_loss":0.0,"damage_taken":0.0},{"damage_healed":0.0,"max_hp_gain":0.0,"max_hp_loss":0.0,"gold_gain":0.0,"event_name":"FaceTrader","player_choice":"Trade","floor":25.0,"gold_loss":0.0,"damage_taken":0.0,"relics_obtained":["CultistMask"]},{"damage_healed":0.0,"max_hp_gain":0.0,"max_hp_loss":0.0,"gold_gain":0.0,"event_name":"SensoryStone","player_choice":"Memory 1","floor":36.0,"gold_loss":0.0,"damage_taken":0.0},{"damage_healed":0.0,"max_hp_gain":0.0,"max_hp_loss":0.0,"gold_gain":0.0,"event_name":"Duplicator","player_choice":"Copied","floor":37.0,"gold_loss":0.0,"damage_taken":0.0,"cards_obtained":["Impervious"]}],"is_beta":false,"boss_relics":[{"not_picked":["Empty Cage","Fusion Hammer"],"picked":"Runic Cube"},{"not_picked":["SacredBark","Runic Dome"],"picked":"Astrolabe"}],"items_purged_floors":[4,22,39,44],"is_endless":false,"potions_floor_spawned":[5,10,12,18,24,28,29,35,40,47,54],"ascension_level":7}}