{"host":"Slaske","time":1613745617,"event":{"mods":["AchievementEnabler","BaseMod","Colored Map","Colored Powertips","Minty Spire (QoL Compilation)","Random Character Button","Relic Stats","slay the spire mod where everything is the same but ironclad has a cowboy hat"],"gold_per_floor":[363,29,39,53,66,95,95,95,95],"floor_reached":8,"language":"ENG","playtime":407,"items_purged":[],"score":107,"play_id":"b87b68b1-415c-4500-a058-d1b4d2a061ed","local_time":"20210219154017","is_ascension_mode":true,"campfire_choices":[{"floor":7,"key":"REST"}],"circlet_count":0,"master_deck":["AscendersBane","Strike_R","Strike_R","Strike_R","Strike_R","Strike_R","Defend_R","Defend_R","Defend_R","Defend_R","Bash","Whirlwind","Rupture","Blood for Blood","Rampage","Shrug It Off","Wild Strike","Seeing Red"],"relics":["Burning Blood","Lantern","Matryoshka"],"acts_visited":["Exordium"],"potions_floor_usage":[4,6],"damage_taken":[{"damage":12,"enemies":"Small Slimes","floor":1,"turns":6},{"damage":3,"enemies":"2 Louse","floor":3,"turns":2},{"damage":1,"enemies":"Cultist","floor":4,"turns":3},{"damage":6,"enemies":"Looter","floor":5,"turns":2},{"damage":57,"enemies":"Lagavulin","floor":6,"turns":7},{"damage":40,"enemies":"3 Sentries","floor":8,"turns":4}],"seed_played":"-9050706985331168356","potions_obtained":[{"floor":1,"key":"ColorlessPotion"},{"floor":4,"key":"Weak Potion"}],"is_trial":false,"path_per_floor":["M","$","M","M","M","E","R","E"],"character_chosen":"IRONCLAD","items_purchased":["Rupture","Blood for Blood","Lantern"],"campfire_rested":1,"item_purchase_floors":[2,2,2],"current_hp_per_floor":[62,62,65,68,68,17,37,0,0],"gold":95,"neow_bonus":"TWO_FIFTY_GOLD","is_daily":false,"chose_seed":false,"campfire_upgraded":0,"win_rate":0.0,"timestamp":1613745617,"path_taken":["M","$","M","M","M","E","R","E"],"items_purchased_type":["Card","Card","Relic"],"build_version":"2020-12-18","purchased_purges":0,"victory":false,"max_hp_per_floor":[68,68,68,68,68,68,68,68,68],"relic_stats":{"counters":[6,24],"obtain_stats":[{"Lantern":2,"Matryoshka":6,"Burning Blood":0},{"Lantern":1,"Matryoshka":5,"Burning Blood":0},{"Lantern":6,"Matryoshka":20,"Burning Blood":0}],"Burning Blood":28},"card_choices":[{"not_picked":["Infernal Blade","Pummel"],"picked":"Whirlwind","floor":1},{"not_picked":["Warcry","True Grit"],"picked":"Rampage","floor":3},{"not_picked":["Havoc","True Grit"],"picked":"Shrug It Off","floor":4},{"not_picked":["Iron Wave","Fiend Fire"],"picked":"Wild Strike","floor":5},{"not_picked":["Bloodletting","Burning Pact"],"picked":"Seeing Red","floor":6}],"player_experience":533650,"relics_obtained":[{"floor":6,"key":"Matryoshka"}],"event_choices":[],"is_beta":true,"boss_relics":[],"items_purged_floors":[],"is_endless":false,"potions_floor_spawned":[1,4],"killed_by":"3 Sentries","ascension_level":17}}