{"host":"pgxgichrafn85q5c","time":1613720648,"event":{"mods":["BaseMod","Colored Powertips","Highlight Path","Marisa£®ÏF”Í°°ƒß¿Ì…≥£©","Minty Spire (QoL Compilation)","StSLib"],"gold_per_floor":[116,131,151,76,95,129,129,159,159,193,193,204,233,64,64,168,168,188,198,198,198,198,198,225,225,225,260,277,311,329,5,5,129,179,222,2,11,44,71,121,121,178,178,178,211,272,321,321,321,321],"floor_reached":51,"language":"ZHS","playtime":8830,"items_purged":["Strike_MRS","Defend_MRS","Strike_MRS","Strike_MRS"],"score":1095,"play_id":"bd5d22d7-4035-4083-a77f-a8a707adb536","local_time":"20210219154408","daily_mods":["Heirloom","Elite Swarm"],"is_ascension_mode":true,"campfire_choices":[{"data":"TreasureHunter","floor":7.0,"key":"SMITH"},{"data":"BinaryStars","floor":11.0,"key":"SMITH"},{"floor":15.0,"key":"REST"},{"data":"CollectingQuirk","floor":23.0,"key":"SMITH"},{"data":"EarthLightRay","floor":25.0,"key":"SMITH"},{"data":"HandOfGreed","floor":32.0,"key":"SMITH"},{"floor":41.0,"key":"DIG"},{"data":"UltimateShortwave","floor":44.0,"key":"SMITH"},{"data":"BigCrunch","floor":49,"key":"SMITH"}],"circlet_count":0,"master_deck":["Defend_MRS","Defend_MRS+1","Defend_MRS","MasterSpark","UpSweep","LuminesStrike","PowerUp","EarthLightRay+1","TreasureHunter+1","BinaryStars+1","EnergyFlow","SatelliteIllusion","DarkMatter","CollectingQuirk+1","ShootTheMoon+1","StarBarrage","StarDustReverie","MillisecondPulsars","Parasite","Parasite","HandOfGreed+1","TreasureHunter","PropBag+1","Discovery","UltimateShortwave+1","BigCrunch+1"],"relics":["MiniHakkero","Pocketwatch","Blue Candle","Letter Opener","BreadOfAWashokuLover","Darkstone Periapt","Ancient Tea Set","Thread and Needle","CaptainsWheel","Incense Burner","Black Star","Bag of Preparation","Potion Belt","Ice Cream","Lizard Tail","Shovel","StrikeDummy","Unceasing Top","Nunchaku","Pear","HandmadeGrimoire","CeramicFish","ShroomBag","Mango","Tiny House","Membership Card","Boot","Akabeko","Singing Bowl","TungstenRod","Mercury Hourglass","Pen Nib","AmplifyWand","Dream Catcher","SproutingBranch","HornCleat","Gambling Chip","Torii"],"acts_visited":["Exordium","TheCity","TheBeyond"],"potions_floor_usage":[50,50,50,50,50,50,50],"damage_taken":[{"damage":0.0,"enemies":"Cultist","floor":1.0,"turns":3.0},{"damage":0.0,"enemies":"2 Louse","floor":2.0,"turns":2.0},{"damage":1.0,"enemies":"Jaw Worm","floor":3.0,"turns":3.0},{"damage":14.0,"enemies":"Large Slime","floor":5.0,"turns":4.0},{"damage":16.0,"enemies":"Gremlin Nob","floor":6.0,"turns":3.0},{"damage":22.0,"enemies":"3 Sentries","floor":8.0,"turns":5.0},{"damage":13.0,"enemies":"Lagavulin","floor":10.0,"turns":5.0},{"damage":2.0,"enemies":"Gremlin Gang","floor":12.0,"turns":3.0},{"damage":4.0,"enemies":"Gremlin Nob","floor":13.0,"turns":3.0},{"damage":13.0,"enemies":"Slime Boss","floor":16.0,"turns":11.0},{"damage":0.0,"enemies":"Chosen","floor":18.0,"turns":4.0},{"damage":8.0,"enemies":"Shell Parasite","floor":19.0,"turns":3.0},{"damage":22.0,"enemies":"Book of Stabbing","floor":24.0,"turns":5.0},{"damage":3.0,"enemies":"Slavers","floor":27.0,"turns":4.0},{"damage":0.0,"enemies":"Snake Plant","floor":28.0,"turns":3.0},{"damage":8.0,"enemies":"Gremlin Leader","floor":29.0,"turns":10.0},{"damage":38.0,"enemies":"Champ","floor":33.0,"turns":9.0},{"damage":0.0,"enemies":"3 Shapes","floor":35.0,"turns":5.0},{"damage":8.0,"enemies":"Orb Walker","floor":38.0,"turns":2.0},{"damage":27.0,"enemies":"3 Darklings","floor":39.0,"turns":4.0},{"damage":13.0,"enemies":"Nemesis","floor":40.0,"turns":5.0},{"damage":44.0,"enemies":"Giant Head","floor":42.0,"turns":8.0},{"damage":0.0,"enemies":"Reptomancer","floor":45.0,"turns":1.0},{"damage":0.0,"enemies":"Sphere and 2 Shapes","floor":46.0,"turns":4.0},{"damage":0.0,"enemies":"Giant Head","floor":47.0,"turns":4.0},{"damage":0,"enemies":"Awakened One","floor":50,"turns":5}],"seed_played":"4519215565117466411","potions_obtained":[{"floor":3.0,"key":"SmokeBomb"},{"floor":5.0,"key":"Strength Potion"},{"floor":8.0,"key":"Dexterity Potion"},{"floor":10.0,"key":"DistilledChaos"},{"floor":16.0,"key":"ColorlessPotion"},{"floor":18.0,"key":"Strength Potion"},{"floor":19.0,"key":"Fire Potion"},{"floor":29.0,"key":"LiquidBronze"},{"floor":33.0,"key":"Regen Potion"},{"floor":34.0,"key":"SteroidPotion"},{"floor":35.0,"key":"ColorlessPotion"},{"floor":38.0,"key":"BlessingOfTheForge"},{"floor":39.0,"key":"PowerPotion"},{"floor":39.0,"key":"EssenceOfSteel"},{"floor":40.0,"key":"DuplicationPotion"},{"floor":40.0,"key":"EntropicBrew"}],"is_trial":true,"path_per_floor":["M","M","M","$","M","E","R","E","T","E","R","M","E","$","R","B",null,"M","M","?","?","?","R","E","R","T","E","M","E","?","$","R","B",null,"M","$","?","M","M","E","R","E","T","R","E","M","E","?","R","B",null],"character_chosen":"MARISA","items_purchased":["DarkMatter","HandOfGreed","WitchOfGreed","Membership Card"],"campfire_rested":1,"item_purchase_floors":[14,31,31,36],"current_hp_per_floor":[75,75,74,74,60,48,48,30,30,21,21,23,19,19,41,37,75,75,71,71,71,71,71,53,53,53,56,62,70,82,82,82,70,116,116,116,116,114,96,97,97,77,77,77,81,105,125,125,125,135],"gold":321,"neow_bonus":"","is_daily":false,"chose_seed":false,"campfire_upgraded":7,"win_rate":0.0,"timestamp":1613720648,"path_taken":["M","M","M","$","?","E","R","E","T","E","R","M","E","$","R","BOSS","M","M","?","?","?","R","E","R","T","E","?","E","?","$","R","BOSS","M","$","?","M","?","E","R","E","T","R","E","M","E","?","R","BOSS"],"items_purchased_type":["Card","Card","Card","Relic"],"build_version":"2020-12-22","purchased_purges":4,"victory":true,"max_hp_per_floor":[75,75,75,75,75,75,75,75,75,75,75,75,75,75,75,75,75,75,75,75,75,75,75,75,75,75,75,75,85,97,97,97,111,116,116,116,116,116,116,118,118,131,131,131,133,135,135,135,135,135],"card_choices":[{"not_picked":["MachineGunSpark","MysteriousBeam"],"picked":"LuminesStrike","floor":1.0},{"not_picked":["Acceleration","MeteoricShower"],"picked":"PowerUp","floor":2.0},{"not_picked":["DarkSpark","DoubleSpark"],"picked":"StarBarrage","floor":3.0},{"not_picked":["IllusionStar","GravityBeat"],"picked":"EarthLightRay","floor":5.0},{"not_picked":["SuperNova","AbsoluteMagnitude"],"picked":"TreasureHunter","floor":6.0},{"not_picked":["BigCrunch","SatelliteIllusion"],"picked":"BinaryStars","floor":8.0},{"not_picked":["ManaRampage","SuperNova","BlazingStar"],"picked":"SKIP","floor":10.0},{"not_picked":["OortCloud","ManaConvection"],"picked":"EnergyFlow","floor":12.0},{"not_picked":["BigCrunch","StarDustReverie"],"picked":"SatelliteIllusion","floor":13.0},{"not_picked":["JA","SatelliteIllusion"],"picked":"CollectingQuirk","floor":16.0},{"not_picked":["DoubleSpark","MilkyWay"],"picked":"ShootTheMoon+1","floor":18.0},{"not_picked":["GasGiant","DC","Orbital"],"picked":"SKIP","floor":19.0},{"not_picked":["CasketOfStar","SatelliteIllusion"],"picked":"StarDustReverie","floor":24.0},{"not_picked":["BinaryStars","BigCrunch","StarDustReverie"],"picked":"SKIP","floor":27.0},{"not_picked":["FairyDestructionRay","MagicAbsorber","IllusionStar"],"picked":"SKIP","floor":28.0},{"not_picked":["CasketOfStar","BinaryStars"],"picked":"MillisecondPulsars","floor":29.0},{"not_picked":["JA","EscapeVelocity"],"picked":"TreasureHunter","floor":33.0},{"not_picked":["DC+1","FairyDestructionRay+1"],"picked":"PropBag+1","floor":35.0},{"not_picked":["Occultation+1","AsteroidBelt","SuperPerseids+1"],"picked":"SKIP","floor":38.0},{"not_picked":["OpenUniverse","ShootingEcho","FairyDestructionRay"],"picked":"SKIP","floor":39.0},{"not_picked":["CollectingQuirk","TreasureHunter","EscapeVelocity"],"picked":"Singing Bowl","floor":40.0},{"not_picked":["MaximisePower","FinalSpark"],"picked":"UltimateShortwave","floor":42.0},{"not_picked":["TreasureHunter","AbsoluteMagnitude","EscapeVelocity"],"picked":"Singing Bowl","floor":45.0},{"not_picked":["6A+1","WitchLeyline+1","LuminesStrike+1"],"picked":"Singing Bowl","floor":46.0},{"not_picked":["SatelliteIllusion","BlazingStar"],"picked":"BigCrunch","floor":47.0}],"player_experience":172662,"relics_obtained":[{"floor":6.0,"key":"Blue Candle"},{"floor":8.0,"key":"Letter Opener"},{"floor":8.0,"key":"BreadOfAWashokuLover"},{"floor":9.0,"key":"Darkstone Periapt"},{"floor":10.0,"key":"Ancient Tea Set"},{"floor":10.0,"key":"Thread and Needle"},{"floor":13.0,"key":"CaptainsWheel"},{"floor":16.0,"key":"Incense Burner"},{"floor":24.0,"key":"Potion Belt"},{"floor":24.0,"key":"Ice Cream"},{"floor":24.0,"key":"Lizard Tail"},{"floor":26.0,"key":"Shovel"},{"floor":27.0,"key":"StrikeDummy"},{"floor":27.0,"key":"Unceasing Top"},{"floor":27.0,"key":"Nunchaku"},{"floor":29.0,"key":"Pear"},{"floor":29.0,"key":"HandmadeGrimoire"},{"floor":29.0,"key":"CeramicFish"},{"floor":33.0,"key":"Mango"},{"floor":40.0,"key":"Boot"},{"floor":40.0,"key":"Akabeko"},{"floor":40.0,"key":"Singing Bowl"},{"floor":41.0,"key":"TungstenRod"},{"floor":42.0,"key":"Mercury Hourglass"},{"floor":42.0,"key":"Pen Nib"},{"floor":42.0,"key":"AmplifyWand"},{"floor":43.0,"key":"Dream Catcher"},{"floor":45.0,"key":"SproutingBranch"},{"floor":45.0,"key":"HornCleat"},{"floor":47.0,"key":"Gambling Chip"},{"floor":47.0,"key":"Torii"}],"event_choices":[{"damage_healed":0.0,"max_hp_gain":0.0,"max_hp_loss":0.0,"gold_gain":0.0,"event_name":"Ghosts","player_choice":"Ignored","floor":20.0,"gold_loss":0.0,"damage_taken":0.0},{"damage_healed":0.0,"max_hp_gain":0.0,"max_hp_loss":0.0,"gold_gain":0.0,"event_name":"The Mausoleum","player_choice":"Opened","floor":21.0,"gold_loss":0.0,"damage_taken":0.0,"relics_obtained":["Bag of Preparation"]},{"damage_healed":0.0,"max_hp_gain":0.0,"max_hp_loss":0.0,"gold_gain":0.0,"cards_transformed":["Strike_MRS"],"event_name":"Transmorgrifier","player_choice":"Transformed","floor":22.0,"gold_loss":0.0,"damage_taken":0.0,"cards_obtained":["StarBarrage"]},{"cards_removed":["StarBarrage"],"damage_healed":0.0,"max_hp_gain":0.0,"max_hp_loss":0.0,"gold_gain":0.0,"event_name":"WeMeetAgain","player_choice":"Gave Card","floor":30.0,"gold_loss":0.0,"damage_taken":0.0,"relics_obtained":["ShroomBag"]},{"damage_healed":0.0,"max_hp_gain":0.0,"max_hp_loss":0.0,"gold_gain":0.0,"event_name":"Match and Keep!","player_choice":"1 cards matched","floor":37.0,"gold_loss":0.0,"damage_taken":0.0,"cards_obtained":["Discovery"]},{"cards_removed":["WitchOfGreed"],"damage_healed":0.0,"max_hp_gain":0.0,"max_hp_loss":0.0,"gold_gain":0.0,"event_name":"Falling","player_choice":"Removed Power","floor":48.0,"gold_loss":0.0,"damage_taken":0.0}],"is_beta":false,"boss_relics":[{"not_picked":["Runic Dome","Pandora\u0027s Box"],"picked":"Black Star"},{"not_picked":["Busted Crown","Sozu"],"picked":"Tiny House"}],"items_purged_floors":[4,14,31,36],"is_endless":false,"potions_floor_spawned":[3,5,8,10,16,18,19,29,38,39,40,45],"ascension_level":1}}