{"host":"v86vpwf004p2esb7","time":1613774071,"event":{"mods":["AchievementEnabler","BaseMod","BetterRewards","Colored Powertips","Minty Spire (QoL Compilation)","Quick Restart","StSLib","Transform Curses"],"gold_per_floor":[116,116,116,116,81,114,114,127,127,127,127],"floor_reached":10,"language":"ENG","playtime":355,"items_purged":[],"score":77,"play_id":"e5531937-5cc1-47b4-be63-b33ff342fff7","local_time":"20210219143431","is_ascension_mode":true,"campfire_choices":[{"data":"Armaments","floor":7,"key":"SMITH"}],"circlet_count":0,"master_deck":["Strike_R","Strike_R","Strike_R","Strike_R+1","Strike_R","Defend_R","Defend_R","Defend_R","Defend_R","Bash+1","Shrug It Off","Flex","Armaments+1","Perfected Strike","Injury","Limit Break","Flex","Spot Weakness"],"relics":["Burning Blood","Prayer Wheel","Strange Spoon","Thread and Needle","Self Forming Clay","TungstenRod","Golden Idol","Whetstone","Bottled Flame"],"acts_visited":["Exordium"],"potions_floor_usage":[],"damage_taken":[{"damage":0,"enemies":"Jaw Worm","floor":1,"turns":5},{"damage":23,"enemies":"3 Sentries","floor":6,"turns":9},{"damage":0,"enemies":"2 Louse","floor":8,"turns":3},{"damage":37,"enemies":"Gremlin Nob","floor":10,"turns":4}],"seed_played":"4331718499216965985","potions_obtained":[{"floor":8,"key":"BlessingOfTheForge"}],"is_trial":false,"path_per_floor":["M","?","T","?","?","E","R","M","T","E"],"character_chosen":"IRONCLAD","items_purchased":["Prayer Wheel","Strange Spoon","Shrug It Off","Thread and Needle","Flex"],"campfire_rested":0,"item_purchase_floors":[0,0,0,0,0],"current_hp_per_floor":[50,25,25,25,45,28,28,34,34,0,0],"gold":127,"neow_bonus":"","is_daily":false,"chose_seed":false,"campfire_upgraded":1,"win_rate":0.0,"timestamp":1613774071,"path_taken":["M","?","?","?","?","E","R","?","T","E"],"items_purchased_type":["Relic","Relic","Card","Relic","Card"],"build_version":"2020-12-22","purchased_purges":0,"victory":false,"max_hp_per_floor":[80,80,80,80,80,80,80,80,80,80,80],"card_choices":[{"not_picked":["Clash","Disarm"],"picked":"Armaments","floor":1},{"not_picked":["Anger","Shockwave"],"picked":"Perfected Strike","floor":1},{"not_picked":["Reckless Charge","Sentinel"],"picked":"Limit Break","floor":6},{"not_picked":["Body Slam","Seeing Red"],"picked":"Flex","floor":8},{"not_picked":["Havoc","Second Wind"],"picked":"Spot Weakness","floor":8}],"player_experience":299715,"relics_obtained":[{"floor":3,"key":"TungstenRod"},{"floor":6,"key":"Whetstone"},{"floor":9,"key":"Bottled Flame"}],"event_choices":[{"damage_healed":0,"gold_gain":0,"player_choice":"Success","damage_taken":25,"relics_obtained":["Self Forming Clay"],"max_hp_gain":0,"max_hp_loss":0,"event_name":"Scrap Ooze","floor":2,"gold_loss":0},{"damage_healed":0,"gold_gain":0,"player_choice":"Take Wound","damage_taken":0,"relics_obtained":["Golden Idol"],"max_hp_gain":0,"max_hp_loss":0,"event_name":"Golden Idol","floor":4,"gold_loss":0,"cards_obtained":["Injury"]},{"damage_healed":20,"gold_gain":0,"player_choice":"Healed","damage_taken":0,"max_hp_gain":0,"max_hp_loss":0,"event_name":"The Cleric","floor":5,"gold_loss":35}],"is_beta":false,"boss_relics":[],"items_purged_floors":[],"is_endless":false,"potions_floor_spawned":[8],"killed_by":"Gremlin Nob","ascension_level":4}}