{"host":"72n3jwtrlpjobydj","time":1613752649,"event":{"mods":["AchievementEnabler","BaseMod","CapriCore","DeckTracker","Hermit","Koishi","KomeijiMod","Lobotomy","Marisa£¨Ùöéë¡¡Øª×âÞÞ£©","Minty Spire (QoL Compilation)","Permanent Neow","StSLib","SuperFastMode","The Cursed","The Hierophant","The Immortal"],"gold_per_floor":[118,118,43,43,58,58,83,83,132,7,7,7,20,20,20,124,124,140,140,15,25,25,25,36,47,47,0,0,0,31,50,50,50,50],"floor_reached":33,"language":"KOR","playtime":957,"items_purged":["Defend_B","Strike_B","Strike_B+1"],"score":261,"play_id":"a27c96e4-4602-44fb-b9e8-e2a28ae87d78","local_time":"20210220013729","is_ascension_mode":false,"campfire_choices":[{"data":"Cold Snap","floor":6,"key":"SMITH"},{"floor":8,"key":"REST"},{"floor":11,"key":"REST"},{"floor":15,"key":"REST"},{"data":"Dualcast","floor":23,"key":"SMITH"},{"floor":32,"key":"REST"}],"circlet_count":0,"master_deck":["Dualcast+1","Cold Snap+1","Chill","Coolheaded","Coolheaded","Hello World","Cold Snap"],"relics":["Cracked Core","Omamori","Whetstone","Anchor","Empty Cage","Bottled Flame","Meat on the Bone"],"acts_visited":["Exordium","TheCity"],"potions_floor_usage":[16,16,25,30,30,33],"damage_taken":[{"damage":0,"enemies":"2 Louse","floor":1,"turns":2},{"damage":1,"enemies":"Jaw Worm","floor":5,"turns":4},{"damage":29,"enemies":"Lagavulin","floor":7,"turns":7},{"damage":0,"enemies":"Cultist","floor":13,"turns":3},{"damage":30,"enemies":"Slime Boss","floor":16,"turns":16},{"damage":10,"enemies":"Shell Parasite","floor":18,"turns":9},{"damage":13,"enemies":"Spheric Guardian","floor":21,"turns":6},{"damage":10,"enemies":"Chosen and Byrds","floor":24,"turns":10},{"damage":0,"enemies":"Sentry and Sphere","floor":25,"turns":14},{"damage":24,"enemies":"Book of Stabbing","floor":30,"turns":11},{"damage":0,"enemies":"Snake Plant","floor":31,"turns":7},{"damage":54,"enemies":"Automaton","floor":33,"turns":9}],"seed_played":"-4687903887338210131","potions_obtained":[{"floor":1,"key":"CalmPotion"},{"floor":5,"key":"PotionOfCapacity"},{"floor":13,"key":"Swift Potion"},{"floor":18,"key":"FocusPotion"},{"floor":21,"key":"EssenceOfSteel"},{"floor":25,"key":"AttackPotion"},{"floor":30,"key":"Explosive Potion"}],"is_trial":false,"path_per_floor":["M","?","$","?","M","R","E","R","T","$","R","?","M","?","R","B",null,"M","?","$","M","?","R","M","M","T","?","$","?","E","M","R","B"],"character_chosen":"DEFECT","items_purchased":["Coolheaded"],"campfire_rested":4,"item_purchase_floors":[10],"current_hp_per_floor":[75,80,80,80,79,79,50,74,74,74,80,73,73,61,80,50,80,70,70,70,57,57,57,47,47,47,47,47,47,23,35,59,5,5],"gold":50,"neow_bonus":"TRANSFORM_CARD","is_daily":false,"chose_seed":false,"campfire_upgraded":2,"win_rate":0.0,"timestamp":1613752649,"path_taken":["M","?","$","?","?","R","E","R","T","$","R","?","M","?","R","BOSS","M","?","$","M","?","R","?","M","T","?","$","?","E","M","R","BOSS"],"items_purchased_type":["Card"],"build_version":"2020-12-22","purchased_purges":3,"victory":false,"max_hp_per_floor":[75,80,80,80,80,80,80,80,80,80,80,80,80,80,80,80,80,80,80,80,80,80,80,80,80,80,80,80,80,80,80,80,80,80],"card_choices":[{"not_picked":["Double Energy","Barrage","Reprogram"],"picked":"SKIP","floor":1},{"not_picked":["Gash","Compile Driver","Undo"],"picked":"SKIP","floor":5},{"not_picked":["Buffer","Steam"],"picked":"Chill","floor":7},{"not_picked":["Sunder","Hologram"],"picked":"Coolheaded","floor":13},{"not_picked":["Consume","Ball Lightning","Hologram"],"picked":"SKIP","floor":18},{"not_picked":["Steam+1","Compile Driver+1","Gash"],"picked":"SKIP","floor":21},{"not_picked":["Steam","Compile Driver+1"],"picked":"Cold Snap","floor":24},{"not_picked":["Go for the Eyes","Steam","Beam Cell+1"],"picked":"SKIP","floor":25},{"not_picked":["Sunder","Storm+1","Recycle"],"picked":"SKIP","floor":30},{"not_picked":["Darkness+1","Barrage","Sweeping Beam"],"picked":"SKIP","floor":31}],"player_experience":92541,"relics_obtained":[{"floor":7,"key":"Omamori"},{"floor":9,"key":"Whetstone"},{"floor":26,"key":"Bottled Flame"},{"floor":30,"key":"Meat on the Bone"}],"event_choices":[{"damage_healed":0,"gold_gain":0,"player_choice":"Donut","damage_taken":0,"max_hp_gain":5,"max_hp_loss":0,"event_name":"Big Fish","floor":2,"gold_loss":0},{"damage_healed":0,"gold_gain":0,"player_choice":"0 cards matched","damage_taken":0,"max_hp_gain":0,"max_hp_loss":0,"event_name":"Match and Keep!","floor":4,"gold_loss":0,"cards_obtained":[]},{"cards_removed":["Defend_B"],"damage_healed":0,"gold_gain":0,"player_choice":"Card Removal","damage_taken":7,"max_hp_gain":0,"max_hp_loss":0,"event_name":"Golden Wing","floor":12,"gold_loss":0},{"damage_healed":0,"gold_gain":0,"player_choice":"Success","damage_taken":12,"relics_obtained":["Anchor"],"max_hp_gain":0,"max_hp_loss":0,"event_name":"Scrap Ooze","floor":14,"gold_loss":0},{"cards_removed":["Defend_B"],"damage_healed":0,"gold_gain":0,"player_choice":"Elegance","damage_taken":0,"max_hp_gain":0,"max_hp_loss":0,"event_name":"Back to Basics","floor":19,"gold_loss":0},{"damage_healed":0,"gold_gain":0,"cards_transformed":["Zap"],"player_choice":"Transformed","damage_taken":0,"max_hp_gain":0,"max_hp_loss":0,"event_name":"Transmorgrifier","floor":22,"gold_loss":0,"cards_obtained":["Hello World"]},{"damage_healed":0,"gold_gain":0,"player_choice":"Paid Fearfully","damage_taken":0,"max_hp_gain":0,"max_hp_loss":0,"event_name":"Masked Bandits","floor":27,"gold_loss":47}],"is_beta":false,"boss_relics":[{"not_picked":["Nuclear Battery","Runic Pyramid"],"picked":"Empty Cage"}],"items_purged_floors":[3,10,20],"is_endless":false,"potions_floor_spawned":[1,5,13,18,21,25,30],"killed_by":"Automaton","ascension_level":0}}