{"host":"mwb0clku6crgv6yl","time":1613711943,"event":{"mods":["AchievementEnabler","BaseMod","Highlight Path","Minty Spire (QoL Compilation)","StSLib","The Cursed"],"gold_per_floor":[17,17,38,38,113,113,213,213,236,261,261,186,186,209,209,329,329,347,363,263,307,307,340,340,340],"floor_reached":24,"language":"ZHS","playtime":810,"items_purged":["Strike_B","Strike_B"],"score":202,"play_id":"73e8c315-7c30-4ff8-8f20-964941b14464","local_time":"20210219131903","is_ascension_mode":false,"campfire_choices":[{"data":"Zap","floor":6,"key":"SMITH"},{"data":"Echo Form","floor":8,"key":"SMITH"},{"data":"Gash","floor":11,"key":"SMITH"},{"floor":13,"key":"REST"},{"data":"Dualcast","floor":15,"key":"SMITH"}],"circlet_count":0,"master_deck":["Defend_B","Defend_B","Defend_B","Zap+1","Dualcast+1","Gash+1","Echo Form+1"],"relics":["Cracked Core","Golden Idol","Regal Pillow","Philosopher\u0027s Stone","Red Mask","CeramicFish"],"acts_visited":["Exordium","TheCity"],"potions_floor_usage":[16,21,21],"damage_taken":[{"damage":6,"enemies":"Jaw Worm","floor":1,"turns":3},{"damage":5,"enemies":"Small Slimes","floor":3,"turns":3},{"damage":1,"enemies":"Cultist","floor":10,"turns":3},{"damage":19,"enemies":"Exordium Thugs","floor":14,"turns":5},{"damage":32,"enemies":"The Guardian","floor":16,"turns":9},{"damage":15,"enemies":"Shell Parasite","floor":18,"turns":4},{"damage":20,"enemies":"Chosen","floor":19,"turns":5},{"damage":28,"enemies":"Masked Bandits","floor":21,"turns":4},{"damage":70,"enemies":"Slavers","floor":23,"turns":8},{"damage":0,"enemies":"Snecko","floor":24,"turns":2}],"seed_played":"-5127750858437585090","potions_obtained":[{"floor":1,"key":"SteroidPotion"},{"floor":3,"key":"Strength Potion"},{"floor":14,"key":"Block Potion"},{"floor":19,"key":"Regen Potion"},{"floor":23,"key":"Energy Potion"}],"is_trial":false,"path_per_floor":["M","?","M","?","?","R","?","R","T","M","R","$","R","M","R","B",null,"M","M","$","?","?","E","M"],"character_chosen":"DEFECT","items_purchased":[],"campfire_rested":1,"item_purchase_floors":[],"current_hp_per_floor":[69,51,46,46,35,35,35,35,35,34,34,34,71,52,52,20,75,60,40,40,21,75,5,5,5],"gold":340,"neow_bonus":"REMOVE_TWO","is_daily":false,"chose_seed":false,"campfire_upgraded":4,"win_rate":0.0,"timestamp":1613711943,"path_taken":["M","?","M","?","?","R","?","R","T","?","R","?","R","M","R","BOSS","M","M","$","?","?","E","?"],"items_purchased_type":[],"build_version":"2020-12-22","purchased_purges":2,"victory":false,"max_hp_per_floor":[75,75,75,75,75,75,75,75,75,75,75,75,75,75,75,75,75,75,75,75,75,75,75,75,75],"card_choices":[{"not_picked":["Sunder","Rebound","Cold Snap"],"picked":"SKIP","floor":1},{"not_picked":["Conserve Battery","Lockon"],"picked":"Gash","floor":3},{"not_picked":["Ball Lightning","Self Repair","Gash"],"picked":"SKIP","floor":10},{"not_picked":["Reinforced Body","Barrage","Doom and Gloom"],"picked":"SKIP","floor":14},{"not_picked":["Cold Snap","Beam Cell","Reinforced Body"],"picked":"SKIP","floor":18},{"not_picked":["Hologram","Redo","Reprogram"],"picked":"SKIP","floor":19},{"not_picked":["Streamline","Redo","Hologram"],"picked":"SKIP","floor":23}],"player_experience":346961,"relics_obtained":[{"floor":9,"key":"Regal Pillow"},{"floor":21,"key":"Red Mask"},{"floor":23,"key":"CeramicFish"}],"event_choices":[{"damage_healed":0,"gold_gain":0,"player_choice":"Take Damage","damage_taken":18,"relics_obtained":["Golden Idol"],"max_hp_gain":0,"max_hp_loss":0,"event_name":"Golden Idol","floor":2,"gold_loss":0},{"damage_healed":0,"gold_gain":0,"cards_transformed":["Strike_B"],"player_choice":"Change","damage_taken":0,"max_hp_gain":0,"max_hp_loss":0,"event_name":"Living Wall","floor":4,"gold_loss":0,"cards_obtained":["Echo Form"]},{"damage_healed":0,"gold_gain":75,"player_choice":"Gather Gold","damage_taken":11,"max_hp_gain":0,"max_hp_loss":0,"event_name":"World of Goop","floor":5,"gold_loss":0},{"damage_healed":0,"gold_gain":100,"player_choice":"Gold","damage_taken":0,"max_hp_gain":0,"max_hp_loss":0,"event_name":"Wheel of Change","floor":7,"gold_loss":0},{"damage_healed":0,"gold_gain":0,"player_choice":"Fought Bandits","damage_taken":0,"max_hp_gain":0,"max_hp_loss":0,"event_name":"Masked Bandits","floor":21,"gold_loss":0},{"damage_healed":54,"gold_gain":0,"player_choice":"Full Heal","damage_taken":0,"max_hp_gain":0,"max_hp_loss":0,"event_name":"Wheel of Change","floor":22,"gold_loss":0}],"is_beta":false,"boss_relics":[{"not_picked":["Coffee Dripper","Runic Dome"],"picked":"Philosopher\u0027s Stone"}],"items_purged_floors":[12,20],"is_endless":false,"potions_floor_spawned":[1,3,14,19,23],"killed_by":"Snecko","ascension_level":0}}