{"host":"9nqlpswyo8o6ezw3","time":1613698235,"event":{"mods":["Act Like it!","BaseMod","Colored Powertips","Downfall","Hallownest","Hermit","Lobotomy","LobotomyExtend","Marisa????????","Minty Spire (QoL Compilation)","StSLib","The Bug Knight","The Cursed","The Jungle"],"gold_per_floor":[113,32,32,32,32,32,43,43,43,63,63,79,95,95,95,190,190,202,202,216,216,227,261,261,274,274,292,306,317,346,359,359,457,457,477,477,493,343,357,357,377,377,377,377,389,406,140,152,152,152,152],"floor_reached":50,"language":"ENG","playtime":5496,"items_purged":["Porccubus","SnowQueen"],"score":630,"play_id":"fc3cf871-d67d-438d-8e94-95d59ced7f8f","local_time":"20210218203035","is_ascension_mode":false,"campfire_choices":[{"data":"hermit:BigShot","floor":6,"key":"SMITH"},{"data":"hermit:Snapshot","floor":11,"key":"SMITH"},{"floor":15,"key":"REST"},{"data":"hermit:Dive","floor":24,"key":"SMITH"},{"data":"hermit:Deadeye","floor":32,"key":"SMITH"},{"data":"hermit:Combo","floor":40,"key":"SMITH"},{"data":"hermit:DeadMansHand","floor":42,"key":"SMITH"},{"data":"hermit:Enervate","floor":44,"key":"SMITH"},{"data":"hermit:LoneWolf","floor":49,"key":"SMITH"}],"circlet_count":0,"master_deck":["hermit:Strike_Hermit","hermit:Strike_Hermit","hermit:Strike_Hermit","hermit:Strike_Hermit","hermit:Defend_Hermit","hermit:Defend_Hermit","hermit:Defend_Hermit","hermit:Snapshot+1","hermit:Covet","hermit:Dive+1","hermit:BigShot+1","OldLady","hermit:Headshot","Wellcheers","hermit:Headshot","hermit:Virtue","hermit:GhostlyPresence","Doubt","hermit:FatalDesire","DreamingCurrent","hermit:GoldenBullet","BlueStar","hermit:Shortfuse","hermit:Glare+1","OSAHOGD","hermit:Roughhouse","hermit:Deadeye+1","Hallownest:curseDreamersLament","Injury","hermit:Feint","hermit:Ricochet+1","UniverseFragment","hermit:Enervate+1","hermit:TakeAim+1","hermit:DeadMansHand+1","hermit:Gambit","hermit:Determination+1","hermit:EyeOfTheStorm+1","hermit:Combo+1","Parasite","hermit:TrackingShot+1","hermit:FullyLoaded","Regret","Hallownest:curseDreamersLament","hermit:WideOpen+1","hermit:CalledShot+1","hermit:LoneWolf+1","Good Instincts","hermit:Coalescence+1"],"relics":["hermit:ClaspedLocket","CogitoBucket","RabbitCall","LetterFromLob","Orichalcum","Meat on the Bone","Thread and Needle","HornCleat","LuminousBracelet","downfall:ExtraCursedKey","Ancient Tea Set","Gremlin Horn","AspirationHeart","Torii","hermit:BartenderGlass","Mummified Hand"],"acts_visited":["Hallownest:Greenpath","TheCity","TheBeyond"],"potions_floor_usage":[16,16,16,16,50,50],"damage_taken":[{"damage":4,"enemies":"Hallownest:2_Baldur","floor":1,"turns":4},{"damage":2,"enemies":"Hallownest:2_MossCreeps","floor":7,"turns":6},{"damage":0,"enemies":"Hallownest:monsterHuskWarrior","floor":10,"turns":3},{"damage":3,"enemies":"Hallownest:1_Ooma_and_2_Uuma","floor":12,"turns":5},{"damage":0,"enemies":"Hallownest:monsterAspidMother","floor":13,"turns":2},{"damage":62,"enemies":"Hallownest:BossHornet","floor":16,"turns":45},{"damage":37,"enemies":"3 Byrds","floor":18,"turns":3},{"damage":28,"enemies":"Shell Parasite","floor":20,"turns":10},{"damage":19,"enemies":"Sentry and Sphere","floor":22,"turns":4},{"damage":47,"enemies":"Gremlin Leader","floor":23,"turns":6},{"damage":42,"enemies":"Centurion and Healer","floor":25,"turns":8},{"damage":37,"enemies":"Snecko","floor":27,"turns":6},{"damage":23,"enemies":"Snake Plant","floor":28,"turns":4},{"damage":22,"enemies":"3 Cultists","floor":29,"turns":5},{"damage":18,"enemies":"HollowMod:Nosk","floor":30,"turns":7},{"damage":8,"enemies":"Shelled Parasite and Fungi","floor":31,"turns":6},{"damage":104,"enemies":"Champ","floor":33,"turns":17},{"damage":207,"enemies":"Orb Walker","floor":35,"turns":38},{"damage":18,"enemies":"3 Shapes","floor":37,"turns":4},{"damage":3,"enemies":"Writhing Mass","floor":39,"turns":5},{"damage":22,"enemies":"Sphere and 2 Shapes","floor":41,"turns":6},{"damage":28,"enemies":"Transient","floor":45,"turns":5},{"damage":1,"enemies":"Spire Growth","floor":46,"turns":3},{"damage":25,"enemies":"Writhing Mass","floor":48,"turns":5},{"damage":222,"enemies":"Donu and Deca","floor":50,"turns":10}],"seed_played":"-5447297695030030867","potions_obtained":[{"floor":1,"key":"EntropicBrew"},{"floor":7,"key":"SpeedPotion"},{"floor":16,"key":"bronze:BurnAndBuffPotion"},{"floor":18,"key":"hermit:BlackBile"},{"floor":20,"key":"FairyPotion"},{"floor":45,"key":"champ:CounterPotion"}],"is_trial":false,"path_per_floor":["M","$","M","$","?","R","M","T","T","M","R","M","M","?","R","B",null,"M","?","M","?","M","E","R","M","T","M","M","M","E","M","R","B",null,"M","?","M","$","M","R","M","R","T","R","M","M","$","M","R","B"],"character_chosen":"HERMIT","items_purchased":["hermit:BigShot","hermit:Combo","hermit:LoneWolf","Good Instincts"],"campfire_rested":1,"item_purchase_floors":[2,38,47,47],"current_hp_per_floor":[71,71,71,71,53,53,51,51,51,51,51,48,48,48,70,20,75,53,53,83,90,72,71,71,77,77,98,85,91,94,93,93,57,90,90,81,71,71,90,90,78,78,78,78,80,90,90,90,90,0,0],"gold":152,"neow_bonus":"","is_daily":false,"chose_seed":false,"campfire_upgraded":8,"win_rate":0.0,"timestamp":1613698235,"path_taken":["M","$","M","?","?","R","M","?","T","M","R","M","?","?","R","BOSS","M","?","M","?","M","E","R","M","T","M","?","M","E","M","R","BOSS","M","?","M","?","M","R","?","R","T","R","M","M","$","M","R","BOSS"],"items_purchased_type":["Card","Card","Card","Card"],"build_version":"2020-12-22","purchased_purges":2,"victory":false,"max_hp_per_floor":[75,75,75,75,75,75,75,75,75,75,75,75,75,75,75,75,75,90,90,90,90,90,90,90,90,90,100,100,100,100,100,100,90,90,90,90,90,90,90,90,90,90,90,90,90,90,90,90,90,90,90],"card_choices":[{"not_picked":["MHz","FieryBird","GalaxyChild"],"picked":"Singing Bowl","floor":1},{"not_picked":["Woodsman","Bloodbath"],"picked":"QueenBee","floor":1},{"not_picked":["hermit:Ricochet","hermit:Snipe"],"picked":"hermit:Dive","floor":1},{"not_picked":["HeroicMonk","CrumblingArmor","FairyFestival"],"picked":"Singing Bowl","floor":7},{"not_picked":["Scorched","FairyFestival"],"picked":"OldLady","floor":7},{"not_picked":["hermit:BigShot","hermit:WideOpen"],"picked":"hermit:Headshot","floor":7},{"not_picked":["BigBird","Freischutz"],"picked":"Wellcheers","floor":10},{"not_picked":["hermit:RoundhouseKick","hermit:Manifest"],"picked":"hermit:Headshot","floor":10},{"not_picked":["hermit:Ricochet","hermit:BodyArmor"],"picked":"hermit:Virtue","floor":12},{"not_picked":["UniverseFragment","Bloodbath"],"picked":"SnowQueen","floor":12},{"not_picked":["CrumblingArmor","Murderer"],"picked":"Porccubus","floor":13},{"not_picked":["hermit:Feint","hermit:CalledShot"],"picked":"hermit:GhostlyPresence","floor":13},{"not_picked":["FairyFestival","GreedKing","SpiderBud"],"picked":"Singing Bowl","floor":16},{"not_picked":["hermit:FinalCanter","hermit:EternalForm"],"picked":"hermit:FatalDesire","floor":16},{"not_picked":["FairyFestival","SpiderBud"],"picked":"DreamingCurrent","floor":18},{"not_picked":["hermit:SprayPray+1","hermit:CalledShot"],"picked":"hermit:GoldenBullet","floor":18},{"not_picked":["WhitesApple","NakedNest","Bloodbath"],"picked":"Singing Bowl","floor":20},{"not_picked":["Funeral","PunishingBird"],"picked":"BlueStar","floor":20},{"not_picked":["hermit:Desperado","hermit:Snipe"],"picked":"hermit:Shortfuse","floor":20},{"not_picked":["SpiderBud","FairyFestival","MHz"],"picked":"Singing Bowl","floor":22},{"not_picked":["hermit:Snipe","hermit:ItchyTrigger+1"],"picked":"hermit:Glare+1","floor":22},{"not_picked":["WallGazer","CrumblingArmor"],"picked":"OSAHOGD","floor":23},{"not_picked":["hermit:HeroicBravado","hermit:LuckOfTheDraw+1"],"picked":"hermit:Roughhouse","floor":23},{"not_picked":["QueenOfHatred","Mercenary","SingingMachine"],"picked":"Singing Bowl","floor":25},{"not_picked":["hermit:CalledShot","hermit:Coalescence+1"],"picked":"hermit:Deadeye","floor":25},{"not_picked":["PunishingBird","BeautyBeast","MeatLantern"],"picked":"Singing Bowl","floor":27},{"not_picked":["hermit:TakeCover","hermit:Scavenge"],"picked":"hermit:Feint","floor":27},{"not_picked":["BeautyBeast","Bloodbath","WallGazer"],"picked":"Singing Bowl","floor":28},{"not_picked":["hermit:Misfire","hermit:Desperado"],"picked":"hermit:Ricochet+1","floor":28},{"not_picked":["WhitesApple","Laetitia"],"picked":"UniverseFragment","floor":29},{"not_picked":["hermit:Brawl","hermit:HighCaliber"],"picked":"hermit:Enervate","floor":29},{"not_picked":["SingingMachine","PunishingBird","VoidDream"],"picked":"Singing Bowl","floor":30},{"not_picked":["hermit:LoneWolf","hermit:HighNoon"],"picked":"hermit:TakeAim+1","floor":30},{"not_picked":["GalaxyChild","SilentOrchestra","HeroicMonk"],"picked":"Singing Bowl","floor":31},{"not_picked":["hermit:PistolWhip+1","hermit:HighCaliber"],"picked":"hermit:DeadMansHand","floor":31},{"not_picked":["SingingMachine","BeautyBeast","QueenBee"],"picked":"Singing Bowl","floor":33},{"not_picked":["hermit:Adapt","hermit:Purgatory"],"picked":"hermit:Gambit","floor":33},{"not_picked":["SingingMachine","Scorched","NothingThere"],"picked":"Singing Bowl","floor":35},{"not_picked":["hermit:LowProfile","hermit:Scavenge"],"picked":"hermit:Determination+1","floor":35},{"not_picked":["MeltingLove","FieryBird","LittlePrince"],"picked":"Singing Bowl","floor":37},{"not_picked":["hermit:HeroicBravado","hermit:Dive+1"],"picked":"hermit:EyeOfTheStorm+1","floor":37},{"not_picked":["Laetitia","Scorched","Mercenary"],"picked":"Singing Bowl","floor":39},{"not_picked":["hermit:Headshot","hermit:BodyArmor"],"picked":"hermit:TrackingShot+1","floor":39},{"not_picked":["FairyFestival","LittleHelper","WallGazer"],"picked":"Singing Bowl","floor":41},{"not_picked":["hermit:TakeAim","hermit:Enervate"],"picked":"hermit:FullyLoaded","floor":41},{"not_picked":["hermit:CalledShot","hermit:GhostlyPresence+1"],"picked":"hermit:WideOpen+1","floor":45},{"not_picked":["LongBird","QueenOfHatred","BlackSwan"],"picked":"Singing Bowl","floor":46},{"not_picked":["hermit:LowProfile","hermit:Headshot+1"],"picked":"hermit:CalledShot+1","floor":46},{"not_picked":["hermit:Gambit","hermit:Gestalt"],"picked":"hermit:Coalescence+1","floor":48}],"player_experience":69840,"relics_obtained":[{"floor":1,"key":"LetterFromLob"},{"floor":8,"key":"Thread and Needle"},{"floor":9,"key":"HornCleat"},{"floor":23,"key":"Ancient Tea Set"},{"floor":26,"key":"Gremlin Horn"},{"floor":30,"key":"Torii"},{"floor":43,"key":"Mummified Hand"}],"event_choices":[{"damage_healed":0,"gold_gain":0,"player_choice":"Damaged","damage_taken":9,"max_hp_gain":0,"max_hp_loss":0,"event_name":"Wheel of Change","floor":36,"gold_loss":0}],"is_beta":false,"boss_relics":[{"not_picked":["Astrolabe","Runic Dome"],"picked":"hermit:ClaspedLocket"},{"not_picked":["Velvet Choker","Snecko Eye"],"picked":"hermit:BartenderGlass"}],"items_purged_floors":[38,47],"is_endless":false,"potions_floor_spawned":[1,7,16,18,20,25,28,33,45,48],"killed_by":"Donu and Deca","ascension_level":0}}