{"host":"o5jvvi5yapo90aia","time":1613734935,"event":{"mods":["BaseMod","CapriCore","Minty Spire (QoL Compilation)","MostiFishMod","Prisma Mod","Spicy Shops","StSLib","TestMod","The Immortal","Yakumo Yukari mod","【人物mod】游戏王New YuGiOh mod","【功能Mod】Neow奖励"],"gold_per_floor":[109,133,157,157,185,229,302,302,302,302,344,344,378,422,422,516,516,543,578,611,611,210,256,281,330,330,377,377,423,450,476,476,568,568,600,317,317,356,430,511,511,551,577,577,656,699,769,887,887,949,1018,1018,1018,1018,1069,1218],"floor_reached":57,"language":"ZHS","playtime":1954,"items_purged":["Strike_G","Defend_G","Defend_G","MostiFishMod:Wind+1"],"score":4105,"play_id":"13a288f8-cb28-41cc-9ca7-18dad8a6fc7f","local_time":"20210219194215","is_ascension_mode":true,"campfire_choices":[{"data":"Strike_G","floor":8.0,"key":"PURGE"},{"data":"Strike_G","floor":10.0,"key":"PURGE"},{"data":"Pain","floor":15.0,"key":"PURGE"},{"data":"Strike_G","floor":28.0,"key":"PURGE"},{"data":"Strike_G","floor":32.0,"key":"PURGE"},{"data":"Defend_G","floor":41,"key":"PURGE"},{"floor":49,"key":"RECALL"},{"data":"Acrobatics+1","floor":53,"key":"PURGE"}],"circlet_count":0,"master_deck":["Defend_G+1","Defend_G+1","Survivor+1","Blade Dance+1","Crippling Poison+1","MostiFishMod:Neurotoxin+1","Tactician+1","Catalyst+1","MostiFishMod:AdrenalineArouse+1","MostiFishMod:LethalBlade+1","Backflip+1","Adrenaline+1","testmod-AdversityCounterattack+1","MostiFishMod:ShivMaster+1"],"relics":["DaveBox","testmod-TestBox","Runic Dome","FeatherPendant","testmod-RandomTest","SynthV:TestCard","FaceOfCleric","Bottled Lightning","testmod-BouquetWithThorns","Letter Opener","WarpedTongs","Strawberry","RhineSuit","BrkXgEgg","Bag of Preparation","Tingsha","testmod-OneHitWonder","testmod-RainbowHikingShoes","Orichalcum","Blood Vial","Ginger","Runic Pyramid","DiscerningMonocle","testmod-Acrobat","MealTicket","testmod-IndustrialRevolution","BionicSphere","MostiFishMod:AdaptiveDefenses","CaptainsWheel","SynthV:C4","Centennial Puzzle","Dream Catcher","testmod-IntensifyImprint","testmod-Déjàvu","HornCleat","Pear","Toolbox","Thread and Needle"],"acts_visited":["Exordium","TheCity","TheBeyond","TheEnding"],"potions_floor_usage":[36,36,47,55,56,56,56,56,56],"damage_taken":[{"damage":4.0,"enemies":"2 Louse","floor":1.0,"turns":3.0},{"damage":0.0,"enemies":"Cultist","floor":2.0,"turns":2.0},{"damage":0.0,"enemies":"Small Slimes","floor":3.0,"turns":1.0},{"damage":4.0,"enemies":"Gremlin Gang","floor":5.0,"turns":4.0},{"damage":0.0,"enemies":"Lagavulin","floor":6.0,"turns":1.0},{"damage":0.0,"enemies":"Gremlin Nob","floor":7.0,"turns":1.0},{"damage":0.0,"enemies":"Gremlin Nob","floor":11.0,"turns":2.0},{"damage":0.0,"enemies":"2 Fungi Beasts","floor":13.0,"turns":2.0},{"damage":0.0,"enemies":"3 Sentries","floor":14.0,"turns":1.0},{"damage":0.0,"enemies":"Slime Boss","floor":16.0,"turns":3.0},{"damage":0.0,"enemies":"Chosen","floor":18.0,"turns":1.0},{"damage":0.0,"enemies":"Spheric Guardian","floor":19.0,"turns":1.0},{"damage":0.0,"enemies":"Snake Plant","floor":20.0,"turns":2.0},{"damage":0.0,"enemies":"Gremlin Leader","floor":23.0,"turns":3.0},{"damage":0.0,"enemies":"Book of Stabbing","floor":25.0,"turns":2.0},{"damage":0.0,"enemies":"Gremlin Leader","floor":27.0,"turns":1.0},{"damage":0.0,"enemies":"Slavers","floor":29.0,"turns":1.0},{"damage":0.0,"enemies":"Snecko","floor":30.0,"turns":2.0},{"damage":0.0,"enemies":"Centurion and Healer","floor":31.0,"turns":2.0},{"damage":0.0,"enemies":"Automaton","floor":33.0,"turns":1.0},{"damage":0.0,"enemies":"3 Shapes","floor":35.0,"turns":1.0},{"damage":0,"enemies":"Orb Walker","floor":38,"turns":1},{"damage":0,"enemies":"Maw","floor":39,"turns":2},{"damage":0,"enemies":"Reptomancer","floor":40,"turns":1},{"damage":0,"enemies":"Sphere and 2 Shapes","floor":42,"turns":1},{"damage":0,"enemies":"Giant Head","floor":45,"turns":2},{"damage":0,"enemies":"3 Darklings","floor":46,"turns":2},{"damage":0,"enemies":"Reptomancer","floor":47,"turns":1},{"damage":0,"enemies":"Reptomancer","floor":48,"turns":1},{"damage":0,"enemies":"Donu and Deca","floor":50,"turns":1},{"damage":0,"enemies":"Awakened One","floor":51,"turns":2},{"damage":0,"enemies":"Shield and Spear","floor":55,"turns":1},{"damage":0,"enemies":"The Heart","floor":56,"turns":3}],"seed_played":"-2175890583711503522","potions_obtained":[{"floor":3.0,"key":"Explosive Potion"},{"floor":7.0,"key":"testmod-EscapePotion"},{"floor":38,"key":"SteroidPotion"},{"floor":46,"key":"testmod-SpacePotion"},{"floor":55,"key":"Regen Potion"}],"is_trial":false,"path_per_floor":["M","M","M","?","M","E","?","R","T","R","E","?","M","E","R","B",null,"M","M","M","?","$","E","T","E","T","E","R","E","M","M","R","B",null,"M","$","?","M","M","E","R","M","T","?","E","M","E","?","R","B","B",null,"R","$","E","B",null],"character_chosen":"THE_SILENT","items_purchased":["BrkXgEgg","Bag of Preparation","DiscerningMonocle","testmod-Acrobat","MealTicket","testmod-IndustrialRevolution","BionicSphere","MostiFishMod:AdaptiveDefenses","testmod-SpacePotion","testmod-SpacePotion","Fire Potion","FairyPotion","testmod-IntensifyImprint","testmod-Déjàvu","HornCleat","Pear","Toolbox","Adrenaline+1","SkillPotion","SkillPotion","Dexterity Potion","Block Potion","testmod-AdversityCounterattack+1"],"campfire_rested":0,"item_purchase_floors":[22,22,36,36,36,36,36,36,36,36,36,36,54,54,54,54,54,54,54,54,54,54,54],"current_hp_per_floor":[55,57,59,59,58,61,64,64,64,64,69,69,71,79,79,80,80,81,82,83,83,83,84,84,85,85,86,86,87,88,89,89,90,90,91,91,91,92,93,94,94,95,95,95,96,97,98,99,99,100,101,101,101,111,112,113],"gold":1218,"neow_bonus":"BOSS_RELIC","is_daily":false,"chose_seed":false,"campfire_upgraded":0,"win_rate":0.0,"timestamp":1613734935,"path_taken":["M","M","M","?","?","E","?","R","T","R","E","?","M","E","R","BOSS","M","?","M","?","$","E","?","E","T","E","R","E","?","M","R","BOSS","M","$","?","M","M","E","R","M","T","?","E","M","E","?","R","BOSS","BOSS","R","$","E","BOSS"],"items_purchased_type":["Relic","Relic","Relic","Relic","Relic","Relic","Relic","Relic","Potion","Potion","Potion","Potion","Relic","Relic","Relic","Relic","Relic","Card","Potion","Potion","Potion","Potion","Card"],"build_version":"2020-12-22","purchased_purges":4,"victory":true,"max_hp_per_floor":[66,66,66,66,67,68,69,69,69,69,70,70,71,79,79,80,80,81,82,83,83,83,84,84,85,85,86,86,87,88,89,89,90,90,91,91,91,92,93,94,94,95,95,95,96,97,98,99,99,100,101,101,101,111,112,113],"card_choices":[{"not_picked":["PiercingWail","Leg Sweep","Underhanded Strike"],"picked":"SKIP","floor":1.0},{"not_picked":["Bane","Skewer","Dodge and Roll","Terror"],"picked":"Blade Dance","floor":2.0},{"not_picked":["Footwork","Escape Plan","Noxious Fumes","Blur","Acrobatics"],"picked":"SKIP","floor":3.0},{"not_picked":["Backstab","Flying Knee","Endless Agony","Deadly Poison"],"picked":"Crippling Poison","floor":5.0},{"not_picked":["Accuracy","Dash","Poisoned Stab","Finisher","Bouncing Flask"],"picked":"SKIP","floor":6.0},{"not_picked":["Skewer","Flechettes","MostiFishMod:ThornCasing","Finisher","MostiFishMod:PreservedThorns"],"picked":"SKIP","floor":11.0},{"not_picked":["Phantasmal Killer","PiercingWail","Outmaneuver","Sucker Punch","Flying Knee"],"picked":"SKIP","floor":13.0},{"not_picked":["Backflip","MostiFishMod:FrostNova","Infinite Blades","Quick Slash"],"picked":"MostiFishMod:Wind","floor":14.0},{"not_picked":["MostiFishMod:Wind","Burst","MostiFishMod:GrandStart","Night Terror"],"picked":"MostiFishMod:Neurotoxin","floor":16.0},{"not_picked":["Bouncing Flask","Finisher+1","MostiFishMod:PoisonShield","Sucker Punch","Skewer"],"picked":"SKIP","floor":18.0},{"not_picked":["Deadly Poison","Underhanded Strike","Sucker Punch","Quick Slash"],"picked":"Tactician","floor":19.0},{"not_picked":["Deflect","Backflip","Eviscerate","Quick Slash"],"picked":"Catalyst","floor":20.0},{"not_picked":["Concentrate","Slice","Eviscerate+1","Bane"],"picked":"Acrobatics","floor":21.0},{"not_picked":["Bane","Dash+1","Escape Plan+1","PiercingWail"],"picked":"MostiFishMod:AdrenalineArouse","floor":21.0},{"not_picked":["Calculated Gamble","Underhanded Strike","MostiFishMod:PoisonShield","Night Terror+1","Prepared"],"picked":"SKIP","floor":23.0},{"not_picked":["Backstab","Escape Plan","Dagger Spray+1","Prepared","Reflex"],"picked":"SKIP","floor":25.0},{"not_picked":["Dash","Endless Agony","Dagger Throw","MostiFishMod:PoisonShield","Blade Dance"],"picked":"SKIP","floor":27.0},{"not_picked":["A Thousand Cuts+1","Underhanded Strike","Acrobatics","Deflect","All Out Attack"],"picked":"SKIP","floor":29.0},{"not_picked":["Distraction","Bane","All Out Attack","Dodge and Roll","MostiFishMod:PerfectParry"],"picked":"SKIP","floor":30.0},{"not_picked":["Outmaneuver","Dagger Spray","Dodge and Roll","Die Die Die+1","Flying Knee"],"picked":"SKIP","floor":31.0},{"not_picked":["MostiFishMod:Neurotoxin+1","MostiFishMod:ShivMaster+1","MostiFishMod:GrandStart+1","MostiFishMod:SpreadingSpore+1"],"picked":"MostiFishMod:LethalBlade+1","floor":33.0},{"not_picked":["Dodge and Roll+1","Cloak And Dagger","Reflex","Slice","Prepared+1"],"picked":"SKIP","floor":35.0},{"not_picked":["MostiFishMod:InvigoratingSolution+1","Footwork","Cloak And Dagger","All Out Attack","Leg Sweep"],"picked":"SKIP","floor":38},{"not_picked":["Backflip","Acrobatics","Dagger Throw","Crippling Poison+1","Dash"],"picked":"SKIP","floor":39},{"not_picked":["Acrobatics","Dagger Throw","Crippling Poison+1","Dash"],"picked":"Backflip","floor":39},{"not_picked":["Slice","Blade Dance","Noxious Fumes+1","Heel Hook+1","Prepared"],"picked":"SKIP","floor":40},{"not_picked":["Blur+1","Slice","Deadly Poison","MostiFishMod:PerfectParry","Acrobatics"],"picked":"SKIP","floor":42},{"not_picked":["Skewer","Underhanded Strike","Poisoned Stab+1","Backstab","Masterful Stab"],"picked":"SKIP","floor":45},{"not_picked":["Noxious Fumes","MostiFishMod:VineMother","Footwork","Blur","Backstab"],"picked":"SKIP","floor":46},{"not_picked":["Bouncing Flask","Tools of the Trade+1","Calculated Gamble","Bane","Dodge and Roll+1"],"picked":"SKIP","floor":47},{"not_picked":["Slice","Deadly Poison+1","Deflect","MostiFishMod:PerfectParry+1"],"picked":"MostiFishMod:ShivMaster+1","floor":55}],"player_experience":1581158,"relics_obtained":[{"floor":1.0,"key":"SynthV:TestCard"},{"floor":6.0,"key":"Bottled Lightning"},{"floor":7.0,"key":"testmod-BouquetWithThorns"},{"floor":11.0,"key":"Letter Opener"},{"floor":14.0,"key":"Strawberry"},{"floor":23.0,"key":"Tingsha"},{"floor":24.0,"key":"testmod-OneHitWonder"},{"floor":25.0,"key":"testmod-RainbowHikingShoes"},{"floor":26.0,"key":"Orichalcum"},{"floor":27.0,"key":"Blood Vial"},{"floor":29.0,"key":"Ginger"},{"floor":40,"key":"CaptainsWheel"},{"floor":43,"key":"SynthV:C4"},{"floor":45,"key":"Centennial Puzzle"},{"floor":47,"key":"Dream Catcher"},{"floor":55,"key":"Thread and Needle"}],"event_choices":[{"damage_healed":0.0,"max_hp_gain":0.0,"max_hp_loss":0.0,"gold_gain":0.0,"event_name":"FaceTrader","player_choice":"Trade","floor":4.0,"gold_loss":0.0,"damage_taken":0.0,"relics_obtained":["FaceOfCleric"]},{"damage_healed":0.0,"max_hp_gain":0.0,"max_hp_loss":0.0,"gold_gain":30.0,"event_name":"Dead Adventurer","player_choice":"Searched \u00273\u0027 times","floor":7.0,"gold_loss":0.0,"damage_taken":0.0},{"damage_healed":0.0,"max_hp_gain":0.0,"max_hp_loss":0.0,"gold_gain":0.0,"event_name":"Accursed Blacksmith","player_choice":"Rummage","floor":12.0,"gold_loss":0.0,"damage_taken":0.0,"relics_obtained":["WarpedTongs"],"cards_obtained":["Pain"]},{"damage_healed":0.0,"max_hp_gain":0.0,"max_hp_loss":0.0,"gold_gain":0.0,"event_name":"给自己的盒子","player_choice":"Swap Relic","floor":21.0,"relics_lost":["Orrery"],"gold_loss":0.0,"damage_taken":0.0,"relics_obtained":["Orrery"]},{"cards_removed":["Neutralize"],"damage_healed":0,"gold_gain":0,"player_choice":"Removed Attack","damage_taken":0,"max_hp_gain":0,"max_hp_loss":0,"event_name":"Falling","floor":37,"gold_loss":0},{"damage_healed":0,"gold_gain":0,"player_choice":"Ignored","damage_taken":0,"max_hp_gain":0,"max_hp_loss":0,"event_name":"Tomb of Lord Red Mask","floor":44,"gold_loss":0}],"is_beta":false,"boss_relics":[{"not_picked":["WristBlade","OneHitWonderSystem"],"picked":"RhineSuit"},{"not_picked":["GreenFoldingFan","Astrolabe"],"picked":"Runic Pyramid"}],"items_purged_floors":[22,36,36,54],"is_endless":false,"potions_floor_spawned":[3,7,11,14,18,19,23,29,38,40,46,55],"ascension_level":20}}