{"host":"13o02hya6v6rzuva","time":1613742904,"event":{"mods":["BaseMod","Minty Spire (QoL Compilation)","Relic Stats"],"gold_per_floor":[114,129,129,142,142,174,174,192,192,211,211,181,181,194,194,293,293,306,157,167,180,193,224,224,258,336,361,372,2,2,14,14,14,14],"floor_reached":33,"language":"ENG","playtime":1297,"items_purged":["Pain"],"score":479,"play_id":"c6873db6-31a0-4285-89a3-122fbbd3972b","local_time":"20210219145504","is_ascension_mode":true,"campfire_choices":[{"data":"Sucker Punch","floor":7,"key":"SMITH"},{"floor":13,"key":"REST"},{"floor":15,"key":"REST"},{"floor":24,"key":"REST"},{"floor":32,"key":"REST"}],"circlet_count":0,"master_deck":["AscendersBane","Strike_G","Strike_G","Strike_G","Strike_G","Defend_G","Defend_G","Defend_G","Defend_G","Defend_G","Survivor","Neutralize","Quick Slash","Deflect","Sucker Punch+1","Dagger Spray","Crippling Poison","PiercingWail","A Thousand Cuts","PiercingWail","Deadly Poison","Corpse Explosion","Crippling Poison","Catalyst","Footwork","Backstab+1","Dodge and Roll","Leg Sweep","PiercingWail+1"],"relics":["Ring of the Snake","PreservedInsect","WarpedTongs","Incense Burner","White Beast Statue","Lantern","Runic Pyramid","Blue Candle","Boot","Mercury Hourglass","Shuriken","TwistedFunnel","Bag of Marbles"],"acts_visited":["Exordium","TheCity"],"potions_floor_usage":[8,10,14,16,25,27,33,33],"damage_taken":[{"damage":2,"enemies":"Jaw Worm","floor":1,"turns":5},{"damage":3,"enemies":"Cultist","floor":2,"turns":4},{"damage":8,"enemies":"2 Louse","floor":4,"turns":3},{"damage":30,"enemies":"3 Sentries","floor":6,"turns":8},{"damage":8,"enemies":"Large Slime","floor":8,"turns":7},{"damage":0,"enemies":"Exordium Wildlife","floor":10,"turns":4},{"damage":2,"enemies":"Looter","floor":12,"turns":4},{"damage":2,"enemies":"Exordium Thugs","floor":14,"turns":3},{"damage":29,"enemies":"The Guardian","floor":16,"turns":12},{"damage":3,"enemies":"3 Byrds","floor":18,"turns":4},{"damage":0,"enemies":"Spheric Guardian","floor":20,"turns":4},{"damage":12,"enemies":"3 Cultists","floor":21,"turns":5},{"damage":1,"enemies":"Centurion and Healer","floor":22,"turns":4},{"damage":15,"enemies":"Book of Stabbing","floor":23,"turns":7},{"damage":12,"enemies":"Gremlin Leader","floor":25,"turns":7},{"damage":6,"enemies":"Book of Stabbing","floor":27,"turns":4},{"damage":9,"enemies":"Snake Plant","floor":28,"turns":4},{"damage":0,"enemies":"3 Cultists","floor":31,"turns":1},{"damage":57,"enemies":"Champ","floor":33,"turns":14}],"seed_played":"3374242316592808517","potions_obtained":[{"floor":1,"key":"Ancient Potion"},{"floor":2,"key":"GamblersBrew"},{"floor":8,"key":"DistilledChaos"},{"floor":10,"key":"Fire Potion"},{"floor":14,"key":"Poison Potion"},{"floor":16,"key":"Strength Potion"},{"floor":20,"key":"Fire Potion"},{"floor":23,"key":"Block Potion"},{"floor":25,"key":"Strength Potion"},{"floor":27,"key":"Dexterity Potion"},{"floor":28,"key":"Explosive Potion"}],"is_trial":false,"path_per_floor":["M","M","?","M","T","E","R","M","T","M","?","M","R","M","R","B",null,"M","$","M","M","M","E","R","E","T","E","M","$","?","M","R","B"],"character_chosen":"THE_SILENT","items_purchased":["Catalyst","TwistedFunnel","Bag of Marbles","Leg Sweep"],"campfire_rested":4,"item_purchase_floors":[19,29,29,29],"current_hp_per_floor":[61,58,58,50,50,20,20,12,12,12,12,10,31,29,50,21,58,55,55,55,43,42,27,48,36,36,30,21,21,21,21,42,0,0],"gold":14,"neow_bonus":"RANDOM_COMMON_RELIC","is_daily":false,"chose_seed":false,"campfire_upgraded":1,"win_rate":0.0,"timestamp":1613742904,"path_taken":["M","M","?","?","?","E","R","M","T","M","?","?","R","M","R","BOSS","M","$","?","M","M","E","R","E","T","E","M","$","?","M","R","BOSS"],"items_purchased_type":["Card","Relic","Relic","Card"],"build_version":"2020-12-22","purchased_purges":1,"victory":false,"max_hp_per_floor":[70,70,70,70,70,70,70,70,70,70,70,70,70,70,70,70,70,70,70,70,70,70,70,70,70,70,70,70,70,70,70,70,70,70],"relic_stats":{"counters":[19,104],"Shuriken":[3],"Blue Candle":[0],"PreservedInsect":168,"Boot":[12],"obtain_stats":[{"TwistedFunnel":29,"Lantern":9,"Blue Candle":23,"PreservedInsect":0,"Incense Burner":5,"Boot":25,"White Beast Statue":6,"WarpedTongs":3,"Mercury Hourglass":26,"Shuriken":27,"Bag of Marbles":29,"Ring of the Snake":0,"Runic Pyramid":17},{"TwistedFunnel":17,"Lantern":5,"Blue Candle":14,"PreservedInsect":0,"Incense Burner":3,"Boot":15,"White Beast Statue":4,"WarpedTongs":2,"Mercury Hourglass":15,"Shuriken":16,"Bag of Marbles":17,"Ring of the Snake":0,"Runic Pyramid":9},{"TwistedFunnel":89,"Lantern":27,"Blue Candle":74,"PreservedInsect":0,"Incense Burner":12,"Boot":81,"White Beast Statue":20,"WarpedTongs":9,"Mercury Hourglass":81,"Shuriken":85,"Bag of Marbles":89,"Ring of the Snake":0,"Runic Pyramid":50}],"Ring of the Snake":[38],"WarpedTongs":[95],"Mercury Hourglass":[39]},"card_choices":[{"not_picked":["Choke","Dodge and Roll"],"picked":"Quick Slash","floor":1},{"not_picked":["Outmaneuver","Underhanded Strike"],"picked":"Deflect","floor":2},{"not_picked":["Backflip","Deadly Poison"],"picked":"Sucker Punch","floor":4},{"not_picked":["Calculated Gamble","Outmaneuver"],"picked":"Dagger Spray","floor":6},{"not_picked":["Dodge and Roll","Flying Knee"],"picked":"Crippling Poison","floor":8},{"not_picked":["Backflip","Dagger Throw"],"picked":"PiercingWail","floor":10},{"not_picked":["Sucker Punch","Dodge and Roll"],"picked":"PiercingWail","floor":12},{"not_picked":["Expertise","Tools of the Trade"],"picked":"Deadly Poison","floor":14},{"not_picked":["Doppelganger","Envenom"],"picked":"Corpse Explosion","floor":16},{"not_picked":["Flechettes+1","Bane"],"picked":"Crippling Poison","floor":18},{"not_picked":["Slice+1","Underhanded Strike","Dagger Throw+1"],"picked":"SKIP","floor":20},{"not_picked":["Expertise+1","Slice","Sucker Punch+1"],"picked":"SKIP","floor":21},{"not_picked":["Backflip","PiercingWail"],"picked":"Footwork","floor":22},{"not_picked":["Terror","Sucker Punch+1","Setup"],"picked":"SKIP","floor":23},{"not_picked":["Blur","Masterful Stab"],"picked":"Backstab+1","floor":25},{"not_picked":["Riddle With Holes","Prepared"],"picked":"Dodge and Roll","floor":27},{"not_picked":["Dagger Spray","Cloak And Dagger+1","Underhanded Strike+1"],"picked":"SKIP","floor":28},{"not_picked":["Die Die Die","Underhanded Strike"],"picked":"PiercingWail+1","floor":31}],"player_experience":1234317,"relics_obtained":[{"floor":5,"key":"Incense Burner"},{"floor":6,"key":"White Beast Statue"},{"floor":9,"key":"Lantern"},{"floor":23,"key":"Blue Candle"},{"floor":25,"key":"Boot"},{"floor":26,"key":"Mercury Hourglass"},{"floor":27,"key":"Shuriken"}],"event_choices":[{"damage_healed":0,"gold_gain":0,"player_choice":"Rummage","damage_taken":0,"relics_obtained":["WarpedTongs"],"max_hp_gain":0,"max_hp_loss":0,"event_name":"Accursed Blacksmith","floor":3,"gold_loss":0,"cards_obtained":["Pain"]},{"damage_healed":0,"gold_gain":0,"cards_transformed":["Strike_G"],"player_choice":"Transformed","damage_taken":0,"max_hp_gain":0,"max_hp_loss":0,"event_name":"Transmorgrifier","floor":11,"gold_loss":0,"cards_obtained":["A Thousand Cuts"]},{"damage_healed":0,"gold_gain":0,"player_choice":"Ignored","damage_taken":0,"max_hp_gain":0,"max_hp_loss":0,"event_name":"Ghosts","floor":30,"gold_loss":0}],"is_beta":false,"boss_relics":[{"not_picked":["Pandora\u0027s Box","Ectoplasm"],"picked":"Runic Pyramid"}],"items_purged_floors":[19],"is_endless":false,"potions_floor_spawned":[1,2,8,10,12,14,16,18,20,21,22,23,25,27,28,31],"killed_by":"Champ","ascension_level":11}}