{"host":"bvc3bp2iol2n355r","time":1613721309,"event":{"mods":["AchievementEnabler","BaseMod","Dark Map","Downfall","Minty Spire (QoL Compilation)","Relic Stats","StSLib"],"gold_per_floor":[109,109,6,24,24,56,56,87,87,113,38,72,85,100,100,200,200,211,230,230,85,10,44,44,44,69,79,19,19,19],"floor_reached":29,"language":"ENG","playtime":1317,"items_purged":["Strike_B"],"score":377,"play_id":"3d992a82-ff9e-46ed-9546-12fcfa871204","local_time":"20210219025509","is_ascension_mode":true,"campfire_choices":[{"data":"Zap","floor":7.0,"key":"SMITH"},{"data":"Go for the Eyes","floor":15,"key":"SMITH"},{"data":"Biased Cognition","floor":24,"key":"SMITH"}],"circlet_count":0,"master_deck":["Strike_B","Defend_B","Defend_B","Zap+1","Dualcast","Cold Snap","Go for the Eyes+1","Coolheaded","Coolheaded","Darkness","Glacier","Biased Cognition+1","Lockon+1","Sweeping Beam","Darkness+1","Capacitor+1"],"relics":["Cracked Core","Du-Vu Doll","Cables","Boot","Toy Ornithopter","Unceasing Top","TungstenRod","Empty Cage","ClockworkSouvenir","Toxic Egg 2","Bag of Preparation"],"acts_visited":["Exordium","TheCity"],"potions_floor_usage":[12,23,23,29],"damage_taken":[{"damage":5.0,"enemies":"Small Slimes","floor":1.0,"turns":3.0},{"damage":3.0,"enemies":"2 Louse","floor":4.0,"turns":2.0},{"damage":30.0,"enemies":"3 Sentries","floor":6.0,"turns":11.0},{"damage":10.0,"enemies":"Gremlin Nob","floor":8.0,"turns":4.0},{"damage":17,"enemies":"Lagavulin","floor":10,"turns":7},{"damage":12,"enemies":"3 Sentries","floor":12,"turns":8},{"damage":4,"enemies":"Jaw Worm","floor":13,"turns":4},{"damage":2,"enemies":"2 Fungi Beasts","floor":14,"turns":3},{"damage":11,"enemies":"Slime Boss","floor":16,"turns":13},{"damage":0,"enemies":"Shell Parasite","floor":18,"turns":7},{"damage":0,"enemies":"3 Byrds","floor":19,"turns":4},{"damage":31,"enemies":"Slavers","floor":23,"turns":10},{"damage":3,"enemies":"Snake Plant","floor":27,"turns":3},{"damage":36,"enemies":"Sentry and Sphere","floor":29,"turns":3}],"seed_played":"7793298562155711365","potions_obtained":[{"floor":4.0,"key":"FearPotion"},{"floor":8.0,"key":"FairyPotion"},{"floor":10,"key":"Fire Potion"},{"floor":13,"key":"Ancient Potion"},{"floor":16,"key":"SteroidPotion"},{"floor":23,"key":"PowerPotion"},{"floor":27,"key":"FearPotion"}],"is_trial":false,"path_per_floor":["M","?","$","M","?","E","R","E","T","E","$","E","M","M","R","B",null,"M","M","?","$","?","E","R","?","T","M","?","M"],"character_chosen":"DEFECT","items_purchased":["Fruit Juice","ClockworkSouvenir"],"campfire_rested":0,"item_purchase_floors":[3,21],"current_hp_per_floor":[63,56,61,58,80,50,50,40,40,23,23,16,12,10,10,24,66,66,66,52,52,52,31,31,31,31,28,28,0,0],"gold":19,"neow_bonus":"ONE_RARE_RELIC","is_daily":false,"chose_seed":false,"campfire_upgraded":3,"win_rate":0.0,"timestamp":1613721309,"path_taken":["M","?","$","M","?","E","R","E","T","E","$","E","M","M","R","BOSS","M","M","?","$","?","E","R","?","T","M","?","M"],"items_purchased_type":["Potion","Relic"],"build_version":"2020-12-22","purchased_purges":1,"victory":false,"max_hp_per_floor":[75,75,80,80,80,80,80,80,80,80,80,80,80,80,80,80,80,80,80,85,85,85,85,85,85,85,85,85,85,85],"relic_stats":{"counters":[14,82],"Bag of Preparation":[4],"Boot":[40],"obtain_stats":[{"Du-Vu Doll":0,"Bag of Preparation":26,"Toxic Egg 2":23,"Cracked Core":0,"Boot":8,"Empty Cage":17,"Toy Ornithopter":9,"Unceasing Top":10,"TungstenRod":12,"Cables":6,"ClockworkSouvenir":21},{"Du-Vu Doll":0,"Bag of Preparation":12,"Toxic Egg 2":12,"Cracked Core":0,"Boot":4,"Empty Cage":9,"Toy Ornithopter":4,"Unceasing Top":5,"TungstenRod":6,"Cables":3,"ClockworkSouvenir":11},{"Du-Vu Doll":0,"Bag of Preparation":76,"Toxic Egg 2":76,"Cracked Core":0,"Boot":20,"Empty Cage":55,"Toy Ornithopter":20,"Unceasing Top":27,"TungstenRod":35,"Cables":16,"ClockworkSouvenir":66}],"Toy Ornithopter":20,"Unceasing Top":[1],"TungstenRod":23,"Cables":[56,16,33,7,0]},"card_choices":[{"not_picked":["Sweeping Beam","Ball Lightning"],"picked":"Cold Snap","floor":1.0},{"not_picked":["Beam Cell","Streamline"],"picked":"Go for the Eyes","floor":4.0},{"not_picked":["Amplify","Stack"],"picked":"Coolheaded","floor":6.0},{"not_picked":["Aggregate","Auto Shields"],"picked":"Coolheaded","floor":8.0},{"not_picked":["Turbo","Tempest","Storm"],"picked":"SKIP","floor":10},{"not_picked":["Beam Cell","Chill"],"picked":"Darkness","floor":12},{"not_picked":["Barrage","Turbo"],"picked":"Glacier","floor":13},{"not_picked":["Heatsinks","Stack","Cold Snap"],"picked":"SKIP","floor":14},{"not_picked":["Amplify","Reboot"],"picked":"Biased Cognition","floor":16},{"not_picked":["Stack","Steam"],"picked":"Lockon+1","floor":18},{"not_picked":["Coolheaded","Ball Lightning+1"],"picked":"Sweeping Beam","floor":19},{"not_picked":["Go for the Eyes","Barrage"],"picked":"Darkness+1","floor":23},{"not_picked":["Skim+1","Defragment"],"picked":"Capacitor+1","floor":27}],"player_experience":600420,"relics_obtained":[{"floor":6.0,"key":"Cables"},{"floor":8.0,"key":"Boot"},{"floor":9.0,"key":"Toy Ornithopter"},{"floor":10,"key":"Unceasing Top"},{"floor":12,"key":"TungstenRod"},{"floor":23,"key":"Toxic Egg 2"},{"floor":26,"key":"Bag of Preparation"}],"event_choices":[{"cards_removed":["downfall:Haunted"],"damage_healed":0.0,"max_hp_gain":0.0,"max_hp_loss":0.0,"gold_gain":0.0,"event_name":"Golden Wing","player_choice":"Card Removal","floor":2.0,"gold_loss":0.0,"damage_taken":7.0},{"damage_healed":26.0,"max_hp_gain":0.0,"max_hp_loss":0.0,"gold_gain":0.0,"event_name":"Big Fish","player_choice":"Banana","floor":5.0,"gold_loss":0.0,"damage_taken":0.0},{"damage_healed":0,"gold_gain":0,"player_choice":"Shed Blood","damage_taken":20,"max_hp_gain":5,"max_hp_loss":0,"event_name":"Forgotten Altar","floor":20,"gold_loss":0},{"cards_removed":["Defend_B"],"damage_healed":0,"gold_gain":0,"player_choice":"Gave Gold","damage_taken":0,"max_hp_gain":0,"max_hp_loss":0,"event_name":"Beggar","floor":22,"gold_loss":75},{"damage_healed":0,"gold_gain":0,"player_choice":"Ignored","damage_taken":0,"max_hp_gain":0,"max_hp_loss":0,"event_name":"Ghosts","floor":25,"gold_loss":0},{"cards_removed":["Defend_B"],"damage_healed":0,"gold_gain":0,"player_choice":"Single Remove","damage_taken":0,"max_hp_gain":0,"max_hp_loss":0,"event_name":"Designer","floor":28,"gold_loss":60}],"is_beta":false,"boss_relics":[{"not_picked":["Coffee Dripper","Black Star"],"picked":"Empty Cage"}],"items_purged_floors":[11],"is_endless":false,"potions_floor_spawned":[4,8,10,13,16,23,27],"killed_by":"Sentry and Sphere","ascension_level":8}}