{"host":"bq4pt811tk9yrmjl","time":1613696883,"event":{"mods":["AchievementEnabler","BaseMod","Colored Map","Colored Powertips","Defuse TimeMaze Blight","Minty Spire (QoL Compilation)","Smile Girya","StSLib","SuperFastMode"],"gold_per_floor":[118,118,118,118,128,159,159,174,249,249,265,275,306,260,260,359,359,378,124,155,155,166,166,179,213,213,241,241,60,80,99,99,199,199,213,228,273,173,187,187,516,516,539,558,264,264,264,275,275,275,275,275,51,78,78,78],"floor_reached":55,"language":"ENG","playtime":1223,"items_purged":[],"score":807,"play_id":"546292f1-6114-40fc-88f2-3d6728aca22b","local_time":"20210218230803","is_ascension_mode":true,"campfire_choices":[{"data":"Demon Form","floor":7.0,"key":"SMITH"},{"data":"Body Slam","floor":10.0,"key":"SMITH"},{"floor":15.0,"key":"RECALL"},{"data":"Demon Form","floor":23.0,"key":"SMITH"},{"floor":28.0,"key":"REST"},{"floor":32.0,"key":"REST"},{"floor":40.0,"key":"REST"},{"floor":46.0,"key":"REST"},{"data":"Apotheosis","floor":49.0,"key":"SMITH"},{"data":"Limit Break","floor":52,"key":"SMITH"}],"circlet_count":0,"master_deck":["Defend_R","Defend_R+1","Defend_R","Defend_R","Bash","Body Slam+1","Demon Form+1","Rage","Twin Strike","Demon Form+1","Reaper+1","Offering+1","Carnage+1","Heavy Blade","Dropkick+1","Shrug It Off+1","Apotheosis+1","Limit Break+1","Shrug It Off+1","Body Slam+1","Metallicize"],"relics":["Burning Blood","NeowsBlessing","Orichalcum","Bottled Tornado","Anchor","Astrolabe","Pantograph","Red Mask","Mercury Hourglass","Turnip","Empty Cage","Torii","Old Coin","Ancient Tea Set","Paper Frog","Toy Ornithopter","Blue Candle"],"acts_visited":["Exordium","TheCity","TheBeyond","TheEnding"],"potions_floor_usage":[50,54,54],"damage_taken":[{"damage":0.0,"enemies":"2 Louse","floor":1.0,"turns":1.0},{"damage":0.0,"enemies":"Small Slimes","floor":5.0,"turns":1.0},{"damage":0.0,"enemies":"Lagavulin","floor":6.0,"turns":1.0},{"damage":0.0,"enemies":"Cultist","floor":8.0,"turns":4.0},{"damage":6.0,"enemies":"Blue Slaver","floor":11.0,"turns":3.0},{"damage":7.0,"enemies":"Large Slime","floor":12.0,"turns":3.0},{"damage":19.0,"enemies":"3 Sentries","floor":13.0,"turns":6.0},{"damage":8.0,"enemies":"Hexaghost","floor":16.0,"turns":6.0},{"damage":8.0,"enemies":"Chosen","floor":18.0,"turns":4.0},{"damage":30.0,"enemies":"Masked Bandits","floor":20.0,"turns":7.0},{"damage":10.0,"enemies":"Shell Parasite","floor":22.0,"turns":3.0},{"damage":18.0,"enemies":"Centurion and Healer","floor":24.0,"turns":4.0},{"damage":40.0,"enemies":"Book of Stabbing","floor":25.0,"turns":6.0},{"damage":27.0,"enemies":"Gremlin Leader","floor":27.0,"turns":5.0},{"damage":10.0,"enemies":"Snecko","floor":30.0,"turns":4.0},{"damage":20.0,"enemies":"Chosen and Byrds","floor":31.0,"turns":4.0},{"damage":49.0,"enemies":"Collector","floor":33.0,"turns":6.0},{"damage":35.0,"enemies":"3 Darklings","floor":35.0,"turns":5.0},{"damage":15.0,"enemies":"3 Shapes","floor":36.0,"turns":7.0},{"damage":62.0,"enemies":"2 Orb Walkers","floor":37.0,"turns":4.0},{"damage":17.0,"enemies":"Writhing Mass","floor":39.0,"turns":7.0},{"damage":52.0,"enemies":"Nemesis","floor":41.0,"turns":7.0},{"damage":17.0,"enemies":"4 Shapes","floor":44.0,"turns":10.0},{"damage":6.0,"enemies":"Transient","floor":48.0,"turns":5.0},{"damage":104,"enemies":"Awakened One","floor":50,"turns":10},{"damage":79,"enemies":"Shield and Spear","floor":54,"turns":7},{"damage":59,"enemies":"The Heart","floor":55,"turns":2}],"seed_played":"3082256247726565032","potions_obtained":[{"floor":8.0,"key":"Weak Potion"},{"floor":13.0,"key":"DuplicationPotion"},{"floor":16.0,"key":"Fire Potion"},{"floor":18.0,"key":"EssenceOfSteel"},{"floor":20.0,"key":"Strength Potion"},{"floor":25.0,"key":"Dexterity Potion"},{"floor":31.0,"key":"SpeedPotion"},{"floor":35.0,"key":"GamblersBrew"},{"floor":54,"key":"AttackPotion"}],"is_trial":false,"path_per_floor":["M","?","$","?","M","E","R","M","T","R","M","M","E","?","R","B",null,"M","$","?","?","M","R","M","E","T","E","R","$","M","M","R","B",null,"M","M","?","$","M","R","E","$","T","M","$","R","?","M","R","B",null,"R","$","E","B"],"character_chosen":"IRONCLAD","items_purchased":["Pantograph","Apotheosis","EntropicBrew","Paper Frog","PowerPotion","Toy Ornithopter","GamblersBrew"],"campfire_rested":4,"item_purchase_floors":[19,29,38,45,45,53,53],"current_hp_per_floor":[80,64,64,64,70,76,76,80,80,80,80,79,66,66,66,64,80,80,80,72,72,78,78,66,32,32,39,63,63,59,45,69,37,80,80,80,24,24,54,78,32,32,32,61,61,80,80,80,80,30,80,80,80,7,0,0],"gold":78,"neow_bonus":"THREE_ENEMY_KILL","is_daily":false,"chose_seed":false,"campfire_upgraded":5,"win_rate":0.0,"timestamp":1613696883,"path_taken":["M","?","$","?","M","E","R","M","T","R","?","M","E","?","R","BOSS","M","$","?","?","M","R","M","E","T","E","R","$","M","M","R","BOSS","M","M","?","$","M","R","E","$","T","M","$","R","?","M","R","BOSS","R","$","E","BOSS"],"items_purchased_type":["Relic","Card","Potion","Relic","Potion","Relic","Potion"],"build_version":"2020-12-22","purchased_purges":0,"victory":false,"max_hp_per_floor":[80,80,80,80,80,80,80,80,80,80,80,80,80,80,80,80,80,80,80,80,80,80,80,80,80,80,80,80,80,80,80,80,80,80,80,80,80,80,80,80,80,80,80,80,80,80,80,80,80,80,80,80,80,80,80,80],"card_choices":[{"not_picked":["Perfected Strike","Hemokinesis"],"picked":"Body Slam","floor":1.0},{"not_picked":["Havoc","Exhume","Thunderclap"],"picked":"SKIP","floor":5.0},{"not_picked":["Clash","Thunderclap"],"picked":"Demon Form","floor":6.0},{"not_picked":["Iron Wave","Anger"],"picked":"Rage","floor":8.0},{"not_picked":["Body Slam","Sword Boomerang","Evolve"],"picked":"SKIP","floor":11.0},{"not_picked":["Havoc","Searing Blow"],"picked":"Twin Strike","floor":12.0},{"not_picked":["Flex","Twin Strike","Thunderclap"],"picked":"SKIP","floor":13.0},{"not_picked":["Feed","Brutality"],"picked":"Demon Form","floor":16.0},{"not_picked":["Dark Embrace","Perfected Strike","Heavy Blade"],"picked":"SKIP","floor":18.0},{"not_picked":["Dark Embrace","Perfected Strike"],"picked":"Heavy Blade","floor":18.0},{"not_picked":["Sentinel+1","Twin Strike+1"],"picked":"Dropkick+1","floor":20.0},{"not_picked":["Sword Boomerang","Thunderclap","Burning Pact"],"picked":"SKIP","floor":22.0},{"not_picked":["Double Tap","Infernal Blade"],"picked":"Shrug It Off+1","floor":24.0},{"not_picked":["Metallicize","Headbutt","Cleave"],"picked":"SKIP","floor":25.0},{"not_picked":["Spot Weakness","Shrug It Off","Pummel+1"],"picked":"SKIP","floor":27.0},{"not_picked":["Disarm","Rupture","Anger"],"picked":"SKIP","floor":30.0},{"not_picked":["Disarm","Entrench","Battle Trance"],"picked":"SKIP","floor":31.0},{"not_picked":["Fiend Fire","Corruption"],"picked":"Limit Break","floor":33.0},{"not_picked":["Warcry","Dark Embrace"],"picked":"Shrug It Off+1","floor":35.0},{"not_picked":["Pommel Strike+1","Headbutt","Shrug It Off+1"],"picked":"SKIP","floor":36.0},{"not_picked":["Pommel Strike","Warcry+1","Heavy Blade+1"],"picked":"SKIP","floor":39.0},{"not_picked":["Body Slam","Armaments+1","Thunderclap+1"],"picked":"SKIP","floor":41.0},{"not_picked":["Spot Weakness+1","Reckless Charge+1"],"picked":"Body Slam+1","floor":44.0},{"not_picked":["Headbutt+1","Battle Trance","Shrug It Off+1"],"picked":"SKIP","floor":48.0},{"not_picked":["Body Slam+1","True Grit"],"picked":"Metallicize","floor":54}],"player_experience":276968,"relics_obtained":[{"floor":6.0,"key":"Orichalcum"},{"floor":9.0,"key":"Bottled Tornado"},{"floor":13.0,"key":"Anchor"},{"floor":20.0,"key":"Red Mask"},{"floor":25.0,"key":"Mercury Hourglass"},{"floor":27.0,"key":"Turnip"},{"floor":37.0,"key":"Torii"},{"floor":41.0,"key":"Old Coin"},{"floor":43.0,"key":"Ancient Tea Set"},{"floor":54,"key":"Blue Candle"}],"event_choices":[{"damage_healed":0.0,"max_hp_gain":0.0,"max_hp_loss":0.0,"gold_gain":0.0,"event_name":"Shining Light","player_choice":"Entered Light","floor":2.0,"gold_loss":0.0,"damage_taken":16.0,"cards_upgraded":["Defend_R","Strike_R"]},{"damage_healed":0.0,"max_hp_gain":0.0,"max_hp_loss":0.0,"gold_gain":0.0,"event_name":"The Woman in Blue","player_choice":"Bought 0 Potions","floor":4.0,"gold_loss":0.0,"damage_taken":0.0},{"damage_healed":0.0,"max_hp_gain":0.0,"max_hp_loss":0.0,"gold_gain":0.0,"event_name":"World of Goop","player_choice":"Left Gold","floor":14.0,"gold_loss":46.0,"damage_taken":0.0},{"damage_healed":0.0,"max_hp_gain":0.0,"max_hp_loss":0.0,"gold_gain":0.0,"event_name":"Masked Bandits","player_choice":"Fought Bandits","floor":20.0,"gold_loss":0.0,"damage_taken":0.0},{"damage_healed":0.0,"max_hp_gain":0.0,"max_hp_loss":0.0,"gold_gain":0.0,"event_name":"Ghosts","player_choice":"Ignored","floor":21.0,"gold_loss":0.0,"damage_taken":0.0},{"damage_healed":0.0,"max_hp_gain":0.0,"max_hp_loss":0.0,"gold_gain":0.0,"event_name":"Mysterious Sphere","player_choice":"Fight","floor":37.0,"gold_loss":0.0,"damage_taken":0.0},{"damage_healed":0.0,"max_hp_gain":0.0,"max_hp_loss":0.0,"gold_gain":0.0,"event_name":"Transmorgrifier","player_choice":"Ignored","floor":47.0,"gold_loss":0.0,"damage_taken":0.0}],"is_beta":false,"boss_relics":[{"not_picked":["Fusion Hammer","Ectoplasm"],"picked":"Astrolabe"},{"not_picked":["Snecko Eye","Coffee Dripper"],"picked":"Empty Cage"}],"items_purged_floors":[],"is_endless":false,"potions_floor_spawned":[8,13,16,18,20,25,31,35,36,37,54],"killed_by":"The Heart","ascension_level":1}}