{"host":"08xvxt5w1s7zc7e5","time":1613723250,"event":{"mods":["AchievementEnabler","BaseMod","DeckTracker","Minty Spire (QoL Compilation)","Quick Restart","StSLib","SuperFastMode"],"gold_per_floor":[113,2,2,2,17,17,33,33,114,126,139,139,172,192,192,321,321,335,349,24,24,24,24,57,57,138,153,171,215,215,228,228,359,359,372,372,372,387,411,411,450,469,469,469,498,538,572,594,594,594],"floor_reached":51,"language":"KOR","playtime":1826,"items_purged":["Strike_G"],"score":1168,"play_id":"28ee108a-3fea-4821-9db2-e5d8a74907d6","local_time":"20210219172730","is_ascension_mode":true,"campfire_choices":[{"data":"Neutralize","floor":6.0,"key":"SMITH"},{"data":"Noxious Fumes","floor":8.0,"key":"SMITH"},{"data":"Deadly Poison","floor":15.0,"key":"SMITH"},{"data":"Venomology","floor":23.0,"key":"SMITH"},{"data":"Bane","floor":25.0,"key":"SMITH"},{"data":"Venomology","floor":30.0,"key":"SMITH"},{"data":"Adrenaline","floor":32.0,"key":"SMITH"},{"data":"Adrenaline","floor":40.0,"key":"SMITH"},{"data":"Blade Dance","floor":44.0,"key":"SMITH"},{"data":"Dodge and Roll","floor":49,"key":"SMITH"}],"circlet_count":0,"master_deck":["Strike_G+1","Strike_G+1","Strike_G+1","Strike_G+1","Defend_G+1","Defend_G+1","Defend_G+1","Defend_G+1","Survivor","Neutralize+1","Adrenaline+1","Blade Dance+1","Noxious Fumes+1","Escape Plan","Dagger Spray","Deadly Poison+1","Backflip","Venomology+1","Backflip+1","Bane+1","PiercingWail","Venomology+1","Dash+1","Adrenaline+1","Escape Plan+1","Footwork+1","Outmaneuver+1","Blur+1","Dodge and Roll+1","Bane+1"],"relics":["Ring of the Serpent","The Courier","Golden Idol","FossilizedHelix","SacredBark","Matryoshka","Bag of Preparation","Shuriken","Eternal Feather","Letter Opener","Vajra","Omamori","CeramicFish","Kunai"],"acts_visited":["Exordium","TheCity","TheBeyond"],"potions_floor_usage":[46,46,46,47,48,50,50,50],"damage_taken":[{"damage":3.0,"enemies":"2 Louse","floor":1.0,"turns":3.0},{"damage":4.0,"enemies":"Small Slimes","floor":5.0,"turns":4.0},{"damage":1.0,"enemies":"Jaw Worm","floor":7.0,"turns":3.0},{"damage":12.0,"enemies":"3 Louse","floor":10.0,"turns":4.0},{"damage":0.0,"enemies":"Blue Slaver","floor":11.0,"turns":4.0},{"damage":7.0,"enemies":"Lagavulin","floor":13.0,"turns":7.0},{"damage":0.0,"enemies":"2 Fungi Beasts","floor":14.0,"turns":3.0},{"damage":0.0,"enemies":"The Guardian","floor":16.0,"turns":9.0},{"damage":0.0,"enemies":"3 Byrds","floor":18.0,"turns":4.0},{"damage":0.0,"enemies":"Shell Parasite","floor":19.0,"turns":6.0},{"damage":0.0,"enemies":"Shelled Parasite and Fungi","floor":22.0,"turns":1.0},{"damage":11.0,"enemies":"Slavers","floor":24.0,"turns":6.0},{"damage":0.0,"enemies":"Snecko","floor":27.0,"turns":5.0},{"damage":0.0,"enemies":"3 Cultists","floor":28.0,"turns":4.0},{"damage":0.0,"enemies":"Book of Stabbing","floor":29.0,"turns":2.0},{"damage":0.0,"enemies":"Cultist and Chosen","floor":31.0,"turns":3.0},{"damage":1.0,"enemies":"Collector","floor":33.0,"turns":7.0},{"damage":0.0,"enemies":"3 Shapes","floor":35.0,"turns":5.0},{"damage":0.0,"enemies":"Orb Walker","floor":38.0,"turns":3.0},{"damage":0.0,"enemies":"4 Shapes","floor":39.0,"turns":5.0},{"damage":0.0,"enemies":"Reptomancer","floor":41.0,"turns":5.0},{"damage":0.0,"enemies":"3 Darklings","floor":42.0,"turns":3.0},{"damage":0.0,"enemies":"Writhing Mass","floor":45.0,"turns":8.0},{"damage":18,"enemies":"Nemesis","floor":46,"turns":7},{"damage":11,"enemies":"Sphere and 2 Shapes","floor":47,"turns":4},{"damage":0,"enemies":"3 Darklings","floor":48,"turns":4},{"damage":7,"enemies":"Awakened One","floor":50,"turns":13}],"seed_played":"3163628285426564359","potions_obtained":[{"floor":5.0,"key":"CultistPotion"},{"floor":11.0,"key":"GamblersBrew"},{"floor":13.0,"key":"SmokeBomb"},{"floor":27.0,"key":"CunningPotion"},{"floor":28.0,"key":"SteroidPotion"},{"floor":33.0,"key":"Regen Potion"},{"floor":41.0,"key":"ColorlessPotion"},{"floor":42.0,"key":"Ancient Potion"},{"floor":46,"key":"Energy Potion"}],"is_trial":false,"path_per_floor":["M","$","?","?","M","R","M","R","T","M","M","?","E","M","R","B",null,"M","M","$","?","M","R","E","R","T","M","M","E","R","M","R","B",null,"M","?","$","M","M","R","E","M","T","R","M","E","M","M","R","B",null],"character_chosen":"THE_SILENT","items_purchased":["Noxious Fumes","Matryoshka","Bag of Preparation"],"campfire_rested":0,"item_purchase_floors":[2,20,20],"current_hp_per_floor":[60,60,53,58,54,54,53,53,53,41,41,41,34,34,34,34,60,60,60,60,60,60,60,49,49,49,49,49,49,61,61,69,68,69,69,69,69,69,69,69,69,69,69,69,69,69,58,58,69,62],"gold":594,"neow_bonus":"ONE_RANDOM_RARE_CARD","is_daily":false,"chose_seed":false,"campfire_upgraded":10,"win_rate":0.0,"timestamp":1613723250,"path_taken":["M","$","?","?","M","R","M","R","T","M","M","?","E","M","R","BOSS","M","M","$","?","M","R","E","R","T","M","M","E","R","M","R","BOSS","M","?","$","M","M","R","E","M","T","R","M","E","M","M","R","BOSS"],"items_purchased_type":["Card","Relic","Relic"],"build_version":"2020-12-22","purchased_purges":1,"victory":true,"max_hp_per_floor":[70,70,70,75,75,75,75,75,75,75,75,69,69,69,69,69,69,69,69,69,69,69,69,69,69,69,69,69,69,69,69,69,69,69,69,69,69,69,69,69,69,69,69,69,69,69,69,69,69,69],"card_choices":[{"not_picked":["Distraction","Outmaneuver"],"picked":"Blade Dance","floor":1.0},{"not_picked":["Blade Dance","Prepared"],"picked":"Escape Plan","floor":5.0},{"not_picked":["Blade Dance","Catalyst","Slice"],"picked":"SKIP","floor":7.0},{"not_picked":["Dagger Throw","Concentrate"],"picked":"Dagger Spray","floor":10.0},{"not_picked":["Dagger Throw","Underhanded Strike"],"picked":"Deadly Poison","floor":11.0},{"not_picked":["Dagger Throw","Leg Sweep"],"picked":"Backflip","floor":13.0},{"not_picked":["Outmaneuver","Slice","Leg Sweep"],"picked":"SKIP","floor":14.0},{"not_picked":["Unload","Envenom"],"picked":"Venomology","floor":16.0},{"not_picked":["Deadly Poison","Dagger Throw"],"picked":"Backflip+1","floor":18.0},{"not_picked":["Poisoned Stab","Dagger Throw","Acrobatics"],"picked":"SKIP","floor":19.0},{"not_picked":["Slice","Envenom"],"picked":"Bane","floor":24.0},{"not_picked":["Dagger Throw","Quick Slash","Deflect"],"picked":"SKIP","floor":27.0},{"not_picked":["Leg Sweep","Underhanded Strike"],"picked":"PiercingWail","floor":28.0},{"not_picked":["Dodge and Roll","Accuracy"],"picked":"Venomology","floor":29.0},{"not_picked":["Quick Slash","Masterful Stab+1"],"picked":"Dash+1","floor":31.0},{"not_picked":["Venomology","Tools of the Trade"],"picked":"Adrenaline","floor":33.0},{"not_picked":["Finisher","Slice","Setup"],"picked":"SKIP","floor":35.0},{"not_picked":["Dagger Spray+1","Flying Knee","Backflip+1"],"picked":"SKIP","floor":38.0},{"not_picked":["Acrobatics","Underhanded Strike"],"picked":"Escape Plan+1","floor":39.0},{"not_picked":["Acrobatics","Distraction"],"picked":"Footwork+1","floor":41.0},{"not_picked":["Infinite Blades+1","Masterful Stab+1"],"picked":"Outmaneuver+1","floor":42.0},{"not_picked":["Prepared+1","Flying Knee"],"picked":"Blur+1","floor":45.0},{"not_picked":["Underhanded Strike","Outmaneuver","Well Laid Plans"],"picked":"SKIP","floor":46},{"not_picked":["Backflip+1","Dagger Spray+1"],"picked":"Dodge and Roll","floor":47},{"not_picked":["Glass Knife","Tactician"],"picked":"Bane+1","floor":48}],"player_experience":386885,"relics_obtained":[{"floor":9.0,"key":"The Courier"},{"floor":13.0,"key":"FossilizedHelix"},{"floor":24.0,"key":"Shuriken"},{"floor":26.0,"key":"Eternal Feather"},{"floor":26.0,"key":"Letter Opener"},{"floor":29.0,"key":"Vajra"},{"floor":41.0,"key":"Omamori"},{"floor":43.0,"key":"CeramicFish"},{"floor":46,"key":"Kunai"}],"event_choices":[{"cards_removed":["Defend_G"],"damage_healed":0.0,"max_hp_gain":0.0,"max_hp_loss":0.0,"gold_gain":0.0,"event_name":"Golden Wing","player_choice":"Card Removal","floor":3.0,"gold_loss":0.0,"damage_taken":7.0},{"damage_healed":0.0,"max_hp_gain":5.0,"max_hp_loss":0.0,"gold_gain":0.0,"event_name":"Big Fish","player_choice":"Donut","floor":4.0,"gold_loss":0.0,"damage_taken":0.0},{"damage_healed":0.0,"max_hp_gain":0.0,"max_hp_loss":6.0,"gold_gain":0.0,"event_name":"Golden Idol","player_choice":"Lose Max HP","floor":12.0,"gold_loss":0.0,"damage_taken":0.0,"relics_obtained":["Golden Idol"]},{"damage_healed":0.0,"max_hp_gain":0.0,"max_hp_loss":0.0,"gold_gain":0.0,"event_name":"Back to Basics","player_choice":"Simplicity","floor":21.0,"gold_loss":0.0,"damage_taken":0.0,"cards_upgraded":["Strike_G","Strike_G","Strike_G","Strike_G","Defend_G","Defend_G","Defend_G","Defend_G"]},{"damage_healed":0.0,"max_hp_gain":0.0,"max_hp_loss":0.0,"gold_gain":0.0,"event_name":"Tomb of Lord Red Mask","player_choice":"Ignored","floor":36.0,"gold_loss":0.0,"damage_taken":0.0}],"is_beta":false,"boss_relics":[{"not_picked":["Fusion Hammer","WristBlade"],"picked":"SacredBark"},{"not_picked":["Black Star","Velvet Choker"],"picked":"Ring of the Serpent"}],"items_purged_floors":[2],"is_endless":false,"potions_floor_spawned":[5,11,13,22,27,28,33,35,41,42,46,48],"ascension_level":7}}