{"host":"z37g2hkgkh2zjyzk","time":1613742110,"event":{"mods":["2.2 Compatiblity","AchievementEnabler","BaseMod","Bestiary","Colored Map","Colored Powertips","Curses Come First","Keyboard Shortcuts","Minty Spire (QoL Compilation)","Relic Stats","StSLib","SuperFastMode"],"gold_per_floor":[118,137,137,137,137,87,122,122,122,122,132,166,185,37,37,135,135,149,162,192,212,226,226,255,255,255,354,354,11,31,57,57,156,156,175,530,752,771,151,151,181,195,195,47,47,72,91,120,120,120,120,120,53,80,80,80],"floor_reached":55,"language":"ENG","playtime":4811,"items_purged":["Strike_G","Strike_G","Strike_G"],"score":1025,"play_id":"f231aeb4-fdf7-49d8-9541-c7760f83e9d6","local_time":"20210219144150","is_ascension_mode":true,"campfire_choices":[{"data":"Dash","floor":8.0,"key":"SMITH"},{"floor":10.0,"key":"REST"},{"data":"Accuracy","floor":15.0,"key":"SMITH"},{"floor":23.0,"key":"DIG"},{"data":"Bullet Time","floor":25.0,"key":"SMITH"},{"data":"Cloak And Dagger","floor":32.0,"key":"SMITH"},{"data":"Backflip","floor":40.0,"key":"SMITH"},{"data":"Cloak And Dagger","floor":45.0,"key":"SMITH"},{"floor":49.0,"key":"RECALL"},{"floor":52.0,"key":"DIG"}],"circlet_count":0,"master_deck":["Defend_G","Defend_G","Defend_G","Defend_G","Defend_G","Survivor","Neutralize+1","Blade Dance","Dash+1","Finisher","Quick Slash","Dagger Spray","Accuracy+1","Bullet Time+1","Cloak And Dagger+1","Deflect+1","Backstab","Cloak And Dagger+1","Slice","PiercingWail","Dramatic Entrance","Well Laid Plans","Dash+1","Cloak And Dagger","Phantasmal Killer","Backflip+1","Cloak And Dagger+1","Blade Dance","Backflip","Cloak And Dagger+1","Shame","Doubt","Storm of Steel","Acrobatics+1","Footwork","Backstab+1"],"relics":["Ring of the Snake","Shovel","Calipers","Blue Candle","Du-Vu Doll","Question Card","WristBlade","Red Mask","Anchor","Gremlin Horn","Singing Bowl","Incense Burner","Strawberry","Cursed Key","Old Coin","Bag of Marbles","Paper Crane","Darkstone Periapt","Oddly Smooth Stone","Orichalcum","Bottled Flame","Letter Opener","The Specimen"],"acts_visited":["Exordium","TheCity","TheBeyond","TheEnding"],"potions_floor_usage":[55],"damage_taken":[{"damage":4.0,"enemies":"Jaw Worm","floor":1.0,"turns":5.0},{"damage":0.0,"enemies":"2 Louse","floor":2.0,"turns":2.0},{"damage":19.0,"enemies":"Lagavulin","floor":7.0,"turns":9.0},{"damage":0.0,"enemies":"Small Slimes","floor":11.0,"turns":3.0},{"damage":12.0,"enemies":"3 Sentries","floor":12.0,"turns":9.0},{"damage":1.0,"enemies":"Blue Slaver","floor":13.0,"turns":3.0},{"damage":17.0,"enemies":"The Guardian","floor":16.0,"turns":12.0},{"damage":1.0,"enemies":"Shell Parasite","floor":18.0,"turns":3.0},{"damage":0.0,"enemies":"3 Byrds","floor":19.0,"turns":4.0},{"damage":0.0,"enemies":"Masked Bandits","floor":20.0,"turns":3.0},{"damage":0.0,"enemies":"Sentry and Sphere","floor":21.0,"turns":4.0},{"damage":0.0,"enemies":"Snecko","floor":22.0,"turns":3.0},{"damage":3.0,"enemies":"Slavers","floor":24.0,"turns":3.0},{"damage":16.0,"enemies":"Cultist and Chosen","floor":30.0,"turns":5.0},{"damage":4.0,"enemies":"Book of Stabbing","floor":31.0,"turns":5.0},{"damage":48.0,"enemies":"Champ","floor":33.0,"turns":9.0},{"damage":2.0,"enemies":"3 Darklings","floor":35.0,"turns":3.0},{"damage":11.0,"enemies":"2 Orb Walkers","floor":36.0,"turns":5.0},{"damage":0.0,"enemies":"3 Shapes","floor":38.0,"turns":3.0},{"damage":0.0,"enemies":"Reptomancer","floor":41.0,"turns":2.0},{"damage":0.0,"enemies":"Sphere and 2 Shapes","floor":42.0,"turns":1.0},{"damage":0.0,"enemies":"Jaw Worm Horde","floor":47.0,"turns":2.0},{"damage":0.0,"enemies":"Giant Head","floor":48.0,"turns":5.0},{"damage":4.0,"enemies":"Awakened One","floor":50.0,"turns":8.0},{"damage":27.0,"enemies":"Shield and Spear","floor":54.0,"turns":5.0},{"damage":69,"enemies":"The Heart","floor":55,"turns":6}],"seed_played":"-2524451079540429885","potions_obtained":[{"floor":2.0,"key":"EntropicBrew"},{"floor":13.0,"key":"CultistPotion"},{"floor":16.0,"key":"BlessingOfTheForge"},{"floor":18.0,"key":"SpeedPotion"},{"floor":21.0,"key":"DistilledChaos"},{"floor":24.0,"key":"Poison Potion"},{"floor":36.0,"key":"LiquidBronze"},{"floor":42.0,"key":"Explosive Potion"}],"is_trial":false,"path_per_floor":["M","M","?","T","?","?","E","R","T","R","M","E","M","$","R","B",null,"M","M","?","M","M","R","E","R","T","?","?","$","M","E","R","B",null,"M","?","?","M","$","R","E","M","T","$","R","T","M","E","R","B",null,"R","$","E","B"],"character_chosen":"THE_SILENT","items_purchased":["Accuracy","Dramatic Entrance","Well Laid Plans","DuplicationPotion","Bag of Marbles","Paper Crane","Blade Dance","Backflip","Oddly Smooth Stone","Footwork"],"campfire_rested":1,"item_purchase_floors":[14,29,29,29,39,39,39,39,44,53],"current_hp_per_floor":[66,66,63,63,56,56,37,37,37,58,58,46,45,45,45,28,70,69,69,69,69,69,69,66,66,66,66,66,66,50,53,53,5,77,77,66,66,66,66,66,66,68,74,74,74,80,80,80,80,76,93,93,93,66,0,0],"gold":80,"neow_bonus":"UPGRADE_CARD","is_daily":false,"chose_seed":false,"campfire_upgraded":6,"win_rate":0.0,"timestamp":1613742110,"path_taken":["M","M","?","?","?","?","E","R","T","R","?","E","M","$","R","BOSS","M","M","?","M","M","R","E","R","T","?","?","$","M","E","R","BOSS","M","?","?","M","$","R","E","M","T","$","R","?","M","E","R","BOSS","R","$","E","BOSS"],"items_purchased_type":["Card","Card","Card","Potion","Relic","Relic","Card","Card","Relic","Card"],"build_version":"2020-12-22","purchased_purges":3,"victory":false,"max_hp_per_floor":[70,70,70,70,70,70,70,70,70,70,70,70,70,70,70,70,70,70,70,70,70,70,70,70,70,70,70,70,70,70,77,77,77,77,79,79,79,79,79,79,79,81,87,87,87,93,93,93,93,93,93,93,93,93,93,93],"relic_stats":{"Darkstone Periapt":12,"Shovel":2,"Gremlin Horn":[13,17],"Singing Bowl":4,"counters":[26,122],"Blue Candle":[0],"Letter Opener":[30],"Orichalcum":[6],"Question Card":19,"Cursed Key":2,"obtain_stats":[{"Darkstone Periapt":41,"Calipers":4,"Gremlin Horn":24,"Singing Bowl":26,"The Specimen":54,"Blue Candle":7,"Oddly Smooth Stone":44,"Incense Burner":28,"Letter Opener":52,"Paper Crane":39,"Orichalcum":46,"Question Card":12,"Cursed Key":34,"Old Coin":36,"Du-Vu Doll":9,"Anchor":23,"Bottled Flame":48,"Shovel":3,"WristBlade":17,"Strawberry":31,"Red Mask":20,"Bag of Marbles":39,"Ring of the Snake":0},{"Darkstone Periapt":20,"Calipers":2,"Gremlin Horn":13,"Singing Bowl":13,"The Specimen":25,"Blue Candle":3,"Oddly Smooth Stone":21,"Incense Burner":13,"Letter Opener":24,"Paper Crane":19,"Orichalcum":21,"Question Card":5,"Cursed Key":16,"Old Coin":18,"Du-Vu Doll":3,"Anchor":12,"Bottled Flame":23,"Shovel":2,"WristBlade":7,"Strawberry":15,"Red Mask":10,"Bag of Marbles":19,"Ring of the Snake":0},{"Darkstone Periapt":95,"Calipers":7,"Gremlin Horn":63,"Singing Bowl":63,"The Specimen":116,"Blue Candle":16,"Oddly Smooth Stone":96,"Incense Burner":63,"Letter Opener":111,"Paper Crane":93,"Orichalcum":96,"Question Card":28,"Cursed Key":82,"Old Coin":90,"Du-Vu Doll":16,"Anchor":60,"Bottled Flame":103,"Shovel":7,"WristBlade":43,"Strawberry":73,"Red Mask":53,"Bag of Marbles":93,"Ring of the Snake":0}],"Ring of the Snake":[52]},"card_choices":[{"not_picked":["Sucker Punch","PiercingWail"],"picked":"Blade Dance","floor":1.0},{"not_picked":["Prepared","Cloak And Dagger"],"picked":"Dash","floor":2.0},{"not_picked":["Deadly Poison","PiercingWail"],"picked":"Finisher","floor":7.0},{"not_picked":["Slice","Prepared"],"picked":"Quick Slash","floor":11.0},{"not_picked":["Poisoned Stab","Heel Hook"],"picked":"Dagger Spray","floor":12.0},{"not_picked":["Quick Slash","Prepared","Poisoned Stab","Dagger Spray"],"picked":"SKIP","floor":13.0},{"not_picked":["Glass Knife","Doppelganger","Venomology"],"picked":"Bullet Time","floor":16.0},{"not_picked":["Flying Knee","Sucker Punch","Prepared"],"picked":"Cloak And Dagger","floor":18.0},{"not_picked":["Dodge and Roll","Well Laid Plans","Dagger Spray"],"picked":"Deflect+1","floor":19.0},{"not_picked":["Bouncing Flask","Bane+1","Catalyst"],"picked":"Backstab","floor":20.0},{"not_picked":["Blur","Dagger Throw+1","Poisoned Stab"],"picked":"Cloak And Dagger","floor":21.0},{"not_picked":["Underhanded Strike","Bane+1","Venomology"],"picked":"Slice","floor":22.0},{"not_picked":["Dagger Spray+1","Crippling Poison","Deflect"],"picked":"PiercingWail","floor":24.0},{"not_picked":["Sucker Punch","PiercingWail","Dagger Spray"],"picked":"Dash+1","floor":30.0},{"not_picked":["Endless Agony","Dodge and Roll","Dagger Spray"],"picked":"Cloak And Dagger","floor":31.0},{"not_picked":["Doppelganger","Bullet Time","Tools of the Trade"],"picked":"Phantasmal Killer","floor":33.0},{"not_picked":["Dagger Spray","Choke","Caltrops+1","Flying Knee"],"picked":"Singing Bowl","floor":35.0},{"not_picked":["Flying Knee+1","Outmaneuver","Choke"],"picked":"Backflip","floor":36.0},{"not_picked":["Prepared+1","Deflect","Caltrops"],"picked":"Cloak And Dagger+1","floor":38.0},{"not_picked":["Outmaneuver","Blade Dance+1","Leg Sweep"],"picked":"Cloak And Dagger+1","floor":41.0},{"not_picked":["Outmaneuver","Quick Slash","Dodge and Roll","Blade Dance"],"picked":"Singing Bowl","floor":42.0},{"not_picked":["Deadly Poison+1","All Out Attack","Flying Knee+1"],"picked":"Storm of Steel","floor":47.0},{"not_picked":["Dagger Spray+1","Crippling Poison+1","Blade Dance"],"picked":"Acrobatics+1","floor":48.0},{"not_picked":["Poisoned Stab+1","Dodge and Roll","Acrobatics+1"],"picked":"Backstab+1","floor":54.0}],"player_experience":114407,"relics_obtained":[{"floor":4.0,"key":"Calipers"},{"floor":7.0,"key":"Blue Candle"},{"floor":9.0,"key":"Du-Vu Doll"},{"floor":12.0,"key":"Question Card"},{"floor":20.0,"key":"Red Mask"},{"floor":23.0,"key":"Anchor"},{"floor":24.0,"key":"Gremlin Horn"},{"floor":26.0,"key":"Singing Bowl"},{"floor":31.0,"key":"Strawberry"},{"floor":36.0,"key":"Old Coin"},{"floor":41.0,"key":"Darkstone Periapt"},{"floor":46.0,"key":"Orichalcum"},{"floor":48.0,"key":"Bottled Flame"},{"floor":52.0,"key":"Letter Opener"},{"floor":54.0,"key":"The Specimen"}],"event_choices":[{"damage_healed":0.0,"max_hp_gain":0.0,"max_hp_loss":0.0,"gold_gain":0.0,"event_name":"Scrap Ooze","player_choice":"Success","floor":3.0,"gold_loss":0.0,"damage_taken":3.0,"relics_obtained":["Shovel"]},{"cards_removed":["Strike_G"],"damage_healed":0.0,"max_hp_gain":0.0,"max_hp_loss":0.0,"gold_gain":0.0,"event_name":"Golden Wing","player_choice":"Card Removal","floor":5.0,"gold_loss":0.0,"damage_taken":7.0},{"cards_removed":["Strike_G"],"damage_healed":0.0,"max_hp_gain":0.0,"max_hp_loss":0.0,"gold_gain":0.0,"event_name":"The Cleric","player_choice":"Card Removal","floor":6.0,"gold_loss":50.0,"damage_taken":0.0},{"damage_healed":0.0,"max_hp_gain":0.0,"max_hp_loss":0.0,"gold_gain":0.0,"event_name":"Masked Bandits","player_choice":"Fought Bandits","floor":20.0,"gold_loss":0.0,"damage_taken":0.0},{"damage_healed":0.0,"max_hp_gain":0.0,"max_hp_loss":0.0,"gold_gain":99.0,"event_name":"Nest","player_choice":"Stole From Cult","floor":27.0,"gold_loss":0.0,"damage_taken":0.0},{"damage_healed":0.0,"max_hp_gain":0.0,"max_hp_loss":0.0,"gold_gain":0.0,"event_name":"The Mausoleum","player_choice":"Opened","floor":28.0,"gold_loss":0.0,"damage_taken":0.0,"relics_obtained":["Incense Burner"]},{"damage_healed":0.0,"max_hp_gain":0.0,"max_hp_loss":0.0,"gold_gain":0.0,"event_name":"Mysterious Sphere","player_choice":"Fight","floor":36.0,"gold_loss":0.0,"damage_taken":0.0},{"damage_healed":0.0,"max_hp_gain":0.0,"max_hp_loss":0.0,"gold_gain":222.0,"event_name":"Tomb of Lord Red Mask","player_choice":"Wore Mask","floor":37.0,"gold_loss":0.0,"damage_taken":0.0}],"is_beta":false,"boss_relics":[{"not_picked":["SlaversCollar","Runic Pyramid"],"picked":"WristBlade"},{"not_picked":["Velvet Choker","Tiny House"],"picked":"Cursed Key"}],"items_purged_floors":[14,29,39],"is_endless":false,"potions_floor_spawned":[2,13,16,18,21,24,36,42],"killed_by":"The Heart","ascension_level":4}}