{"host":"js2su9tbbk4rmjfl","time":1613695081,"event":{"mods":["AchievementEnabler","BaseMod","Block Reminder","Colored Map","Colored Powertips","Highlight Path","Minty Spire (QoL Compilation)","Relic Stats"],"gold_per_floor":[116,116,41,55,20,20,40,40,40,56,56,90,115,128,128,128,128],"floor_reached":16,"language":"ENG","playtime":733,"items_purged":["Injury"],"score":194,"play_id":"560dfaa9-0766-456c-af68-02178d3f5ab0","local_time":"20210219013801","is_ascension_mode":true,"campfire_choices":[{"data":"Wild Strike","floor":6,"key":"SMITH"},{"data":"Sever Soul","floor":8,"key":"SMITH"},{"data":"Bash","floor":11,"key":"SMITH"},{"data":"Strike_R","floor":15,"key":"SMITH"}],"circlet_count":0,"master_deck":["AscendersBane","Strike_R+1","Strike_R","Strike_R","Strike_R","Strike_R","Defend_R","Defend_R","Defend_R","Defend_R","Bash+1","Sever Soul+1","Wild Strike+1","Exhume"],"relics":["Burning Blood","Ancient Tea Set","Golden Idol","Self Forming Clay","Tiny Chest"],"acts_visited":["Exordium"],"potions_floor_usage":[10],"damage_taken":[{"damage":8,"enemies":"Cultist","floor":1,"turns":5},{"damage":5,"enemies":"2 Louse","floor":4,"turns":4},{"damage":0,"enemies":"Jaw Worm","floor":7,"turns":1},{"damage":0,"enemies":"Large Slime","floor":10,"turns":3},{"damage":41,"enemies":"3 Sentries","floor":12,"turns":9},{"damage":9,"enemies":"Looter","floor":13,"turns":3},{"damage":13,"enemies":"Blue Slaver","floor":14,"turns":4},{"damage":31,"enemies":"Hexaghost","floor":16,"turns":9}],"seed_played":"3735307188969603652","potions_obtained":[{"floor":7,"key":"DistilledChaos"},{"floor":14,"key":"SmokeBomb"}],"is_trial":false,"path_per_floor":["M","?","$","M","?","R","M","R","T","M","R","E","M","M","R","B"],"character_chosen":"IRONCLAD","items_purchased":[],"campfire_rested":0,"item_purchase_floors":[],"current_hp_per_floor":[66,66,66,67,67,67,73,73,73,75,75,40,37,30,30,0,0],"gold":128,"neow_bonus":"RANDOM_COMMON_RELIC","is_daily":false,"chose_seed":false,"campfire_upgraded":4,"win_rate":0.0,"timestamp":1613695081,"path_taken":["M","?","$","M","?","R","M","R","T","M","R","E","M","M","R","BOSS"],"items_purchased_type":[],"build_version":"2020-12-22","purchased_purges":1,"victory":false,"max_hp_per_floor":[75,75,75,75,75,75,75,75,75,75,75,75,75,75,75,75,75],"relic_stats":{"counters":[8,38],"Golden Idol":25,"Self Forming Clay":[51],"Tiny Chest":0,"obtain_stats":[{"Golden Idol":2,"Self Forming Clay":9,"Tiny Chest":12,"Ancient Tea Set":0,"Burning Blood":0},{"Golden Idol":1,"Self Forming Clay":3,"Tiny Chest":5,"Ancient Tea Set":0,"Burning Blood":0},{"Golden Idol":5,"Self Forming Clay":10,"Tiny Chest":22,"Ancient Tea Set":0,"Burning Blood":0}],"Burning Blood":38},"card_choices":[{"not_picked":["Twin Strike","True Grit"],"picked":"Sever Soul","floor":1},{"not_picked":["Sever Soul","Fire Breathing"],"picked":"Wild Strike","floor":4},{"not_picked":["Blood for Blood","Clothesline","Body Slam"],"picked":"SKIP","floor":7},{"not_picked":["Body Slam","Clothesline","Blood for Blood"],"picked":"SKIP","floor":10},{"not_picked":["Cleave","Iron Wave"],"picked":"Exhume","floor":12},{"not_picked":["Fire Breathing","Warcry","Clothesline"],"picked":"SKIP","floor":13},{"not_picked":["Spot Weakness","Anger","Infernal Blade"],"picked":"SKIP","floor":14}],"player_experience":855942,"relics_obtained":[{"floor":9,"key":"Self Forming Clay"},{"floor":12,"key":"Tiny Chest"}],"event_choices":[{"damage_healed":0,"gold_gain":0,"player_choice":"Take Wound","damage_taken":0,"relics_obtained":["Golden Idol"],"max_hp_gain":0,"max_hp_loss":0,"event_name":"Golden Idol","floor":2,"gold_loss":0,"cards_obtained":["Injury"]},{"damage_healed":0,"gold_gain":0,"player_choice":"Left Gold","damage_taken":0,"max_hp_gain":0,"max_hp_loss":0,"event_name":"World of Goop","floor":5,"gold_loss":35}],"is_beta":false,"boss_relics":[],"items_purged_floors":[3],"is_endless":false,"potions_floor_spawned":[7,14],"killed_by":"Hexaghost","ascension_level":18}}