{"host":"qxeepl7ydvsgmfdb","time":1613751414,"event":{"mods":["AchievementEnabler","BaseMod","Colored Powertips","Minty Spire (QoL Compilation)","Quick Restart","slay the spire mod where everything is the same but ironclad has a cowboy hat"],"gold_per_floor":[115,390,408,333,175,175,201,161,161,196,208,241,241,254,254,331,331,347,397,55,73,90,90,180,190,190,190,190,215,227,257,257,257,257],"floor_reached":33,"language":"ENG","playtime":1021,"items_purged":["Strike_G"],"score":607,"play_id":"825acbc6-3627-43c6-945d-c11265122398","local_time":"20210219111654","is_ascension_mode":true,"campfire_choices":[{"data":"Deadly Poison","floor":6.0,"key":"SMITH"},{"floor":15.0,"key":"REST"},{"floor":23.0,"key":"REST"},{"floor":27,"key":"REST"},{"floor":32,"key":"REST"}],"circlet_count":0,"master_deck":["AscendersBane","Strike_G+1","Strike_G","Strike_G+1","Defend_G","Defend_G","Defend_G","Defend_G","Defend_G","Survivor","Neutralize","Cloak And Dagger","Deadly Poison+1","Blade Dance","Slice","Deflect","Die Die Die","Deadly Poison+1","Poisoned Stab","Deflect","Noxious Fumes+1","Venomology+1","Bouncing Flask+1"],"relics":["Ring of the Snake","NeowsBlessing","Bag of Marbles","Whetstone","FossilizedHelix","The Courier","Potion Belt","SlaversCollar","Bronze Scales","Toxic Egg 2","Question Card","Frozen Egg 2"],"acts_visited":["Exordium","TheCity"],"potions_floor_usage":[31,31,31,33],"damage_taken":[{"damage":0.0,"enemies":"Jaw Worm","floor":1.0,"turns":1.0},{"damage":0.0,"enemies":"Cultist","floor":3.0,"turns":1.0},{"damage":0.0,"enemies":"Lagavulin","floor":7.0,"turns":1.0},{"damage":9.0,"enemies":"3 Sentries","floor":10.0,"turns":7.0},{"damage":0.0,"enemies":"Small Slimes","floor":11.0,"turns":2.0},{"damage":10.0,"enemies":"Gremlin Nob","floor":12.0,"turns":4.0},{"damage":0.0,"enemies":"3 Louse","floor":14.0,"turns":3.0},{"damage":30.0,"enemies":"The Guardian","floor":16.0,"turns":11.0},{"damage":44.0,"enemies":"Spheric Guardian","floor":18.0,"turns":8.0},{"damage":8.0,"enemies":"Shell Parasite","floor":21.0,"turns":3.0},{"damage":0.0,"enemies":"Cultist and Chosen","floor":22.0,"turns":4.0},{"damage":0,"enemies":"Sentry and Sphere","floor":25,"turns":3},{"damage":32,"enemies":"Slavers","floor":29,"turns":5},{"damage":0,"enemies":"Chosen and Byrds","floor":30,"turns":5},{"damage":7,"enemies":"Gremlin Leader","floor":31,"turns":4},{"damage":23,"enemies":"Champ","floor":33,"turns":6}],"seed_played":"-7690214684029448469","potions_obtained":[{"floor":3.0,"key":"SkillPotion"},{"floor":7.0,"key":"Energy Potion"},{"floor":14.0,"key":"BlessingOfTheForge"},{"floor":30,"key":"Weak Potion"}],"is_trial":false,"path_per_floor":["M","?","M","?","$","R","E","?","T","E","M","E","?","M","R","B",null,"M","?","$","M","M","R","?","M","T","R","?","E","M","E","R","B"],"character_chosen":"THE_SILENT","items_purchased":["Bag of Marbles","Bronze Scales","Poisoned Stab","Strength Potion","Regen Potion"],"campfire_rested":4,"item_purchase_floors":[5,20,20,20,20],"current_hp_per_floor":[59,59,59,59,59,59,59,59,59,50,50,40,40,40,59,29,57,13,13,13,17,17,36,24,24,24,43,43,11,11,4,23,0,0],"gold":257,"neow_bonus":"THREE_ENEMY_KILL","is_daily":false,"chose_seed":false,"campfire_upgraded":1,"win_rate":0.0,"timestamp":1613751414,"path_taken":["M","?","?","?","$","R","E","?","T","E","?","E","?","M","R","BOSS","M","?","$","M","M","R","?","?","T","R","?","E","M","E","R","BOSS"],"items_purchased_type":["Relic","Relic","Card","Potion","Potion"],"build_version":"2020-12-22","purchased_purges":1,"victory":false,"max_hp_per_floor":[66,66,66,66,66,66,66,66,66,66,66,66,66,66,66,66,66,66,66,66,66,66,66,66,66,66,66,66,66,66,66,66,66,66],"card_choices":[{"not_picked":["Deadly Poison","Backflip"],"picked":"Cloak And Dagger","floor":1.0},{"not_picked":["Sucker Punch","Acrobatics"],"picked":"Deadly Poison","floor":3.0},{"not_picked":["Bane","Grand Finale"],"picked":"Blade Dance","floor":7.0},{"not_picked":["Setup","Expertise"],"picked":"Slice","floor":10.0},{"not_picked":["Sucker Punch","Distraction"],"picked":"Deflect","floor":11.0},{"not_picked":["Riddle With Holes","Bane","Deflect"],"picked":"SKIP","floor":12.0},{"not_picked":["Outmaneuver","Backflip","Endless Agony"],"picked":"SKIP","floor":14.0},{"not_picked":["Phantasmal Killer","Corpse Explosion"],"picked":"Die Die Die","floor":16.0},{"not_picked":["Slice","Dagger Throw"],"picked":"Deadly Poison+1","floor":18.0},{"not_picked":["Prepared","Heel Hook"],"picked":"Deflect","floor":21.0},{"not_picked":["Dagger Spray","Crippling Poison"],"picked":"Noxious Fumes","floor":22.0},{"not_picked":["Slice","Cloak And Dagger","Backflip"],"picked":"SKIP","floor":25},{"not_picked":["Bane","Flying Knee+1"],"picked":"Venomology+1","floor":29},{"not_picked":["Escape Plan+1","Eviscerate","Flying Knee","Calculated Gamble+1"],"picked":"SKIP","floor":30},{"not_picked":["Crippling Poison+1","Dodge and Roll+1","Skewer"],"picked":"Bouncing Flask+1","floor":31}],"player_experience":178955,"relics_obtained":[{"floor":7.0,"key":"Whetstone"},{"floor":9.0,"key":"FossilizedHelix"},{"floor":10.0,"key":"The Courier"},{"floor":12.0,"key":"Potion Belt"},{"floor":26,"key":"Toxic Egg 2"},{"floor":29,"key":"Question Card"},{"floor":31,"key":"Frozen Egg 2"}],"event_choices":[{"damage_healed":0.0,"max_hp_gain":0.0,"max_hp_loss":0.0,"gold_gain":275.0,"event_name":"Golden Shrine","player_choice":"Desecrate","floor":2.0,"gold_loss":0.0,"damage_taken":0.0,"cards_obtained":["Regret"]},{"cards_removed":["Regret"],"damage_healed":0.0,"max_hp_gain":0.0,"max_hp_loss":0.0,"gold_gain":0.0,"event_name":"The Cleric","player_choice":"Card Removal","floor":4.0,"gold_loss":75.0,"damage_taken":0.0},{"damage_healed":0.0,"max_hp_gain":0.0,"max_hp_loss":0.0,"gold_gain":0.0,"event_name":"The Woman in Blue","player_choice":"Bought 3 Potions","floor":8.0,"gold_loss":0.0,"damage_taken":0.0},{"cards_removed":["Strike_G"],"damage_healed":0.0,"max_hp_gain":0.0,"max_hp_loss":0.0,"gold_gain":0.0,"event_name":"Living Wall","player_choice":"Forget","floor":13.0,"gold_loss":0.0,"damage_taken":0.0},{"damage_healed":0.0,"max_hp_gain":0.0,"max_hp_loss":0.0,"gold_gain":50.0,"event_name":"Nest","player_choice":"Stole From Cult","floor":19.0,"gold_loss":0.0,"damage_taken":0.0},{"damage_healed":0.0,"max_hp_gain":0.0,"max_hp_loss":0.0,"gold_gain":90.0,"event_name":"Knowing Skull","player_choice":"GOLD ","floor":24.0,"potions_obtained":[],"gold_loss":0.0,"damage_taken":12.0,"cards_obtained":[]},{"damage_healed":0,"gold_gain":0,"player_choice":"Forge","damage_taken":0,"max_hp_gain":0,"max_hp_loss":0,"event_name":"Accursed Blacksmith","floor":28,"gold_loss":0,"cards_upgraded":["Noxious Fumes"]}],"is_beta":false,"boss_relics":[{"not_picked":["HoveringKite","Astrolabe"],"picked":"SlaversCollar"}],"items_purged_floors":[20],"is_endless":false,"potions_floor_spawned":[3,7,14,30],"killed_by":"Champ","ascension_level":17}}