{"host":"n1v11un6j7y72mz7","time":1613739620,"event":{"mods":["Act Like it!","BaseMod","Downfall","Minty Spire (QoL Compilation)","Reliquary","StSLib","The Animator","Waifu the Spire"],"gold_per_floor":[111,11,25,25,25,25,25,25,61,75,124,149,149,14,14,14,29,29,29,149,149,162,178,178,192,211,211,246,246,246,262,275,288,319,319,319,319,440,440,453,511,511,261,280,293,293,306,306,306,286,306,339,364,364,364,364],"floor_reached":57,"language":"ZHS","playtime":2199,"items_purged":["Strike_G","Slimebound:Tackle+1"],"score":1009,"play_id":"b7efdba3-f1a1-414a-93e8-01005ff20d81","local_time":"20210219210020","is_ascension_mode":true,"campfire_choices":[{"data":"Blade Dance","floor":8,"key":"SMITH"},{"data":"Reflex","floor":13,"key":"SMITH"},{"data":"Cloak And Dagger","floor":15,"key":"SMITH"},{"data":"Panacea","floor":18,"key":"SMITH"},{"data":"Concentrate","floor":19,"key":"SMITH"},{"data":"Noxious Fumes","floor":27,"key":"SMITH"},{"data":"Acrobatics","floor":29,"key":"SMITH"},{"floor":36,"key":"REST"},{"data":"Tactician","floor":37,"key":"SMITH"},{"data":"Tactician","floor":46,"key":"SMITH"},{"data":"A Thousand Cuts","floor":48,"key":"SMITH"},{"data":"Reflex","floor":55,"key":"SMITH"}],"circlet_count":0,"master_deck":["Defend_G","Defend_G","Defend_G","Survivor","Neutralize","Blade Dance+1","Reflex+1","Cloak And Dagger+1","Panacea+1","Concentrate+1","Adrenaline","Blade Dance","Slimebound:Tackle+1","Slimebound:Tackle+1","Noxious Fumes+1","Acrobatics+1","Crippling Poison","Tactician+1","Accuracy+1","Grand Finale","Prepared+1","Prepared+1","Acrobatics+1","Reflex+1","Tactician+1","A Thousand Cuts+1","Purity"],"relics":["Ring of the Snake","NeowsBlessing","Golden Idol","reliquary:PorcupineQuills","reliquary:Spinner","reliquary:RadioactivePellet","sneckomod:SneckoTalon","Matryoshka","Ancient Tea Set","Shuriken","Art of War","HoveringKite","Prayer Wheel","reliquary:Buckler","Blood Vial","Sundial","reliquary:ExpiredCoupon"],"acts_visited":["Exordium","TheCity","TheBeyond"],"potions_floor_usage":[20,28,28,32,34,38,38,41,56,56],"damage_taken":[{"damage":0,"enemies":"Cultist","floor":1,"turns":1},{"damage":0,"enemies":"2 Louse","floor":3,"turns":1},{"damage":0,"enemies":"Gremlin Nob","floor":9,"turns":1},{"damage":0,"enemies":"Jaw Worm","floor":10,"turns":3},{"damage":6,"enemies":"Large Slime","floor":17,"turns":6},{"damage":60,"enemies":"The Guardian","floor":20,"turns":15},{"damage":0,"enemies":"Chosen","floor":22,"turns":5},{"damage":7,"enemies":"Shell Parasite","floor":23,"turns":7},{"damage":12,"enemies":"Snake Plant","floor":25,"turns":4},{"damage":11,"enemies":"Centurion and Healer","floor":26,"turns":5},{"damage":23,"enemies":"Book of Stabbing","floor":28,"turns":4},{"damage":3,"enemies":"Snecko","floor":31,"turns":3},{"damage":1,"enemies":"Shelled Parasite and Fungi","floor":32,"turns":4},{"damage":1,"enemies":"3 Cultists","floor":33,"turns":5},{"damage":5,"enemies":"Gremlin Leader","floor":34,"turns":4},{"damage":12,"enemies":"Champ","floor":38,"turns":5},{"damage":8,"enemies":"3 Shapes","floor":40,"turns":2},{"damage":32,"enemies":"2 Orb Walkers","floor":41,"turns":4},{"damage":1,"enemies":"3 Darklings","floor":44,"turns":2},{"damage":0,"enemies":"Sphere and 2 Shapes","floor":45,"turns":2},{"damage":0,"enemies":"Transient","floor":47,"turns":5},{"damage":0,"enemies":"Writhing Mass","floor":51,"turns":3},{"damage":1,"enemies":"Reptomancer","floor":52,"turns":2},{"damage":0,"enemies":"3 Darklings","floor":53,"turns":3},{"damage":0,"enemies":"Donu and Deca","floor":56,"turns":2}],"seed_played":"-7990845561016128019","potions_obtained":[{"floor":3,"key":"Fire Potion"},{"floor":20,"key":"Dexterity Potion"},{"floor":22,"key":"Fruit Juice"},{"floor":23,"key":"PowerPotion"},{"floor":28,"key":"Dexterity Potion"},{"floor":31,"key":"Ancient Potion"},{"floor":34,"key":"Fire Potion"},{"floor":40,"key":"AttackPotion"},{"floor":44,"key":"Poison Potion"},{"floor":47,"key":"DuplicationPotion"},{"floor":52,"key":"Dexterity Potion"}],"is_trial":false,"path_per_floor":["M","$","M","?","?","?","$","R","E","M","T","T","R","$","R","?","M","R","R","B",null,"M","M","?","M","M","R","E","R","T","M","M","M","E","?","R","R","B",null,"M","?","?","$","M","M","R","M","R","T","?","M","E","M","?","R","B",null],"character_chosen":"THE_SILENT","items_purchased":["Blade Dance","Cloak And Dagger","Panacea","reliquary:Buckler"],"campfire_rested":1,"item_purchase_floors":[2,14,14,43],"current_hp_per_floor":[70,70,70,63,63,63,63,63,63,63,63,63,63,63,63,68,62,62,62,2,70,70,63,63,51,40,40,22,22,22,19,18,17,12,12,34,34,22,75,67,35,66,66,65,65,65,65,65,65,65,66,65,66,66,66,66],"gold":364,"neow_bonus":"THREE_ENEMY_KILL","is_daily":false,"chose_seed":false,"campfire_upgraded":11,"win_rate":0.0,"timestamp":1613739620,"path_taken":["M","$","?","?","?","?","$","R","E","M","T","T","R","?","R","?","M","R","R","BOSS","M","M","?","M","M","R","E","R","T","M","M","M","E","?","R","R","BOSS","M","?","?","$","M","M","R","M","R","T","?","?","E","M","?","R","BOSS"],"items_purchased_type":["Card","Card","Card","Relic"],"build_version":"2020-12-22","purchased_purges":2,"victory":true,"max_hp_per_floor":[70,70,70,70,65,65,65,65,65,65,65,65,65,65,65,70,70,70,70,70,70,70,70,70,70,70,70,75,75,75,75,75,75,75,75,75,75,75,75,75,75,66,66,66,66,66,66,66,66,66,66,66,66,66,66,66],"card_choices":[{"not_picked":["Flying Knee","Sucker Punch","Bane"],"picked":"SKIP","floor":1},{"not_picked":["All Out Attack","Outmaneuver","Dodge and Roll"],"picked":"SKIP","floor":3},{"not_picked":["Skewer","Sucker Punch"],"picked":"Reflex","floor":9},{"not_picked":["Slice","Wraith Form v2","Deflect"],"picked":"SKIP","floor":10},{"not_picked":["Backflip","Outmaneuver"],"picked":"Concentrate","floor":17},{"not_picked":["Night Terror","Glass Knife"],"picked":"Adrenaline","floor":20},{"not_picked":["Eviscerate","Leg Sweep","Riddle With Holes"],"picked":"SKIP","floor":22},{"not_picked":["Endless Agony+1","Deadly Poison"],"picked":"Blade Dance","floor":23},{"not_picked":["Quick Slash","Flying Knee"],"picked":"Noxious Fumes","floor":25},{"not_picked":["Outmaneuver+1","Deadly Poison"],"picked":"Acrobatics","floor":26},{"not_picked":["Riddle With Holes","Dagger Spray"],"picked":"Crippling Poison","floor":28},{"not_picked":["Slice","Sucker Punch","Skewer"],"picked":"SKIP","floor":31},{"not_picked":["Quick Slash","Distraction","Underhanded Strike+1"],"picked":"SKIP","floor":32},{"not_picked":["Backflip","Backstab"],"picked":"Tactician","floor":33},{"not_picked":["Eviscerate","Tools of the Trade"],"picked":"Accuracy","floor":34},{"not_picked":["Night Terror","Malaise"],"picked":"Grand Finale","floor":38},{"not_picked":["Dagger Throw+1","Backflip"],"picked":"Prepared+1","floor":40},{"not_picked":["Poisoned Stab","Sucker Punch"],"picked":"Prepared","floor":41},{"not_picked":["Backflip","Deflect+1"],"picked":"Acrobatics+1","floor":44},{"not_picked":["Flechettes","PiercingWail","Calculated Gamble"],"picked":"SKIP","floor":44},{"not_picked":["Bouncing Flask+1","Flying Knee+1"],"picked":"Reflex","floor":45},{"not_picked":["Eviscerate+1","Backflip"],"picked":"Tactician","floor":45},{"not_picked":["Prepared+1","Blade Dance+1"],"picked":"A Thousand Cuts","floor":47},{"not_picked":["Deflect","Dagger Throw","Deadly Poison+1"],"picked":"SKIP","floor":47},{"not_picked":["Bane","Crippling Poison","Venomology"],"picked":"SKIP","floor":51},{"not_picked":["Bouncing Flask","Dodge and Roll","Backflip"],"picked":"SKIP","floor":51},{"not_picked":["Prepared","Deflect","Bouncing Flask"],"picked":"SKIP","floor":52},{"not_picked":["Prepared","Deflect","Bouncing Flask"],"picked":"SKIP","floor":52},{"not_picked":["Tactician","Blade Dance","Catalyst"],"picked":"SKIP","floor":53},{"not_picked":["Predator","Sucker Punch","Riddle With Holes+1"],"picked":"SKIP","floor":53},{"not_picked":["Bandage Up","Dark Shackles"],"picked":"Purity","floor":54}],"player_experience":221249,"relics_obtained":[{"floor":9,"key":"reliquary:PorcupineQuills"},{"floor":11,"key":"reliquary:Spinner"},{"floor":12,"key":"reliquary:RadioactivePellet"},{"floor":28,"key":"Matryoshka"},{"floor":30,"key":"Ancient Tea Set"},{"floor":30,"key":"Shuriken"},{"floor":34,"key":"Art of War"},{"floor":41,"key":"Prayer Wheel"},{"floor":49,"key":"Blood Vial"},{"floor":49,"key":"Sundial"},{"floor":52,"key":"reliquary:ExpiredCoupon"}],"event_choices":[{"cards_removed":["Defend_G"],"damage_healed":0,"gold_gain":0,"player_choice":"Card Removal","damage_taken":7,"max_hp_gain":0,"max_hp_loss":0,"event_name":"Golden Wing","floor":4,"gold_loss":0},{"damage_healed":0,"gold_gain":0,"player_choice":"Lose Max HP","damage_taken":0,"relics_obtained":["Golden Idol"],"max_hp_gain":0,"max_hp_loss":5,"event_name":"Golden Idol","floor":5,"gold_loss":0},{"damage_healed":0,"gold_gain":0,"player_choice":"Ignored","damage_taken":0,"max_hp_gain":0,"max_hp_loss":0,"event_name":"Shining Light","floor":6,"gold_loss":0},{"damage_healed":0,"gold_gain":0,"player_choice":"Donut","damage_taken":0,"max_hp_gain":5,"max_hp_loss":0,"event_name":"Big Fish","floor":16,"gold_loss":0},{"cards_removed":["Defend_G"],"damage_healed":0,"gold_gain":0,"player_choice":"Elegance","damage_taken":0,"max_hp_gain":0,"max_hp_loss":0,"event_name":"Back to Basics","floor":35,"gold_loss":0},{"damage_healed":0,"gold_gain":0,"player_choice":"Fight","damage_taken":0,"max_hp_gain":0,"max_hp_loss":0,"event_name":"Mysterious Sphere","floor":41,"gold_loss":0},{"damage_healed":66,"gold_gain":0,"player_choice":"Heal","damage_taken":0,"max_hp_gain":0,"max_hp_loss":9,"event_name":"The Moai Head","floor":42,"gold_loss":0},{"damage_healed":0,"gold_gain":0,"player_choice":"Bought 1 Potion","damage_taken":0,"max_hp_gain":0,"max_hp_loss":0,"event_name":"The Woman in Blue","floor":50,"gold_loss":0},{"damage_healed":0,"gold_gain":0,"player_choice":"Memory 1","damage_taken":0,"max_hp_gain":0,"max_hp_loss":0,"event_name":"SensoryStone","floor":54,"gold_loss":0}],"is_beta":false,"boss_relics":[{"not_picked":["SlaversCollar","SacredBark"],"picked":"sneckomod:SneckoTalon"},{"not_picked":["Snecko Eye","Velvet Choker"],"picked":"HoveringKite"}],"items_purged_floors":[2,43],"is_endless":false,"potions_floor_spawned":[3,20,22,23,28,31,34,40,44,47,52],"ascension_level":4}}