{"host":"fbdlh90rovbiajun","time":1613763270,"event":{"mods":["AchievementEnabler","BaseMod","Colored Map","Keyboard Shortcuts","Minty Spire (QoL Compilation)","SuperFastMode"],"gold_per_floor":[111,111,61,61,61,89,89,101,101,135,135,167,167,181,181,284,284,299,224,224,46,46,371,296,296,296,329,339,367,386,417,417,518,568,584,604,615,266,286,313,323,323,323],"floor_reached":42,"language":"KOR","playtime":1391,"items_purged":["Defend_P","Defend_P","Defend_P+1"],"score":715,"play_id":"882c02a1-5edd-4942-8a70-eddf22216f89","local_time":"20210220043430","is_ascension_mode":true,"campfire_choices":[{"data":"Eruption","floor":7,"key":"SMITH"},{"data":"Halt","floor":11,"key":"SMITH"},{"data":"Vigilance","floor":13,"key":"SMITH"},{"floor":15,"key":"REST"},{"data":"SandsOfTime","floor":25,"key":"SMITH"},{"data":"TalkToTheHand","floor":32,"key":"SMITH"}],"circlet_count":0,"master_deck":["Strike_P+1","Eruption+1","Vigilance+1","Halt+1","TalkToTheHand+1","SandsOfTime+1","FlurryOfBlows+1","MentalFortress","Adaptation","Adaptation+1"],"relics":["PureWater","NeowsBlessing","Letter Opener","TeardropLocket","Blood Vial","Whetstone","Coffee Dripper","Old Coin","Shuriken","Unceasing Top","The Courier","PreservedInsect","Tiny House","HornCleat","Bag of Marbles"],"acts_visited":["Exordium","TheCity","TheBeyond"],"potions_floor_usage":[16,23,29,33,33,40,40],"damage_taken":[{"damage":0,"enemies":"Jaw Worm","floor":1,"turns":1},{"damage":0,"enemies":"3 Sentries","floor":6,"turns":1},{"damage":0,"enemies":"Small Slimes","floor":8,"turns":1},{"damage":16,"enemies":"Gremlin Nob","floor":10,"turns":3},{"damage":6,"enemies":"3 Sentries","floor":12,"turns":8},{"damage":0,"enemies":"2 Louse","floor":14,"turns":1},{"damage":10,"enemies":"Hexaghost","floor":16,"turns":9},{"damage":0,"enemies":"Spheric Guardian","floor":18,"turns":3},{"damage":3,"enemies":"Gremlin Leader","floor":23,"turns":4},{"damage":10,"enemies":"Book of Stabbing","floor":27,"turns":3},{"damage":0,"enemies":"Shell Parasite","floor":28,"turns":2},{"damage":0,"enemies":"Gremlin Leader","floor":29,"turns":2},{"damage":12,"enemies":"Centurion and Healer","floor":30,"turns":2},{"damage":32,"enemies":"Book of Stabbing","floor":31,"turns":3},{"damage":0,"enemies":"Champ","floor":33,"turns":7},{"damage":3,"enemies":"Orb Walker","floor":35,"turns":2},{"damage":11,"enemies":"3 Shapes","floor":36,"turns":2},{"damage":15,"enemies":"3 Darklings","floor":37,"turns":3},{"damage":6,"enemies":"Sphere and 2 Shapes","floor":39,"turns":3},{"damage":5,"enemies":"Reptomancer","floor":40,"turns":4},{"damage":0,"enemies":"Jaw Worm Horde","floor":41,"turns":3},{"damage":54,"enemies":"Writhing Mass","floor":42,"turns":1}],"seed_played":"4100736443295867924","potions_obtained":[{"floor":6,"key":"Fruit Juice"},{"floor":14,"key":"BottledMiracle"},{"floor":16,"key":"Swift Potion"},{"floor":27,"key":"Ambrosia"},{"floor":28,"key":"SkillPotion"},{"floor":29,"key":"CultistPotion"},{"floor":33,"key":"AttackPotion"},{"floor":34,"key":"Ancient Potion"},{"floor":40,"key":"Energy Potion"}],"is_trial":false,"path_per_floor":["M","?","?","$","?","E","R","M","T","E","R","E","R","M","R","B",null,"M","$","?","$","?","E","?","R","T","E","M","E","M","E","R","B",null,"M","M","M","$","M","E","M","M"],"character_chosen":"WATCHER","items_purchased":["SandsOfTime","Adaptation","HornCleat"],"campfire_rested":1,"item_purchase_floors":[21,38,38],"current_hp_per_floor":[72,65,65,65,51,51,51,51,51,35,35,31,31,33,54,51,77,77,77,77,77,77,74,74,74,74,66,68,70,60,30,30,32,82,79,70,57,57,53,50,52,0,0],"gold":323,"neow_bonus":"THREE_ENEMY_KILL","is_daily":false,"chose_seed":false,"campfire_upgraded":5,"win_rate":0.0,"timestamp":1613763270,"path_taken":["M","?","?","$","?","E","R","M","T","E","R","E","R","M","R","BOSS","M","$","?","$","?","E","?","R","T","E","M","E","M","E","R","BOSS","M","M","M","$","M","E","M","M"],"items_purchased_type":["Card","Card","Relic"],"build_version":"2020-12-22","purchased_purges":3,"victory":false,"max_hp_per_floor":[72,72,72,72,72,72,72,72,72,72,72,72,72,72,72,77,77,77,77,77,77,77,77,77,77,77,77,77,77,77,77,77,77,82,82,82,82,82,82,82,82,82,82],"card_choices":[{"not_picked":["Prostrate","Consecrate","Evaluate"],"picked":"SKIP","floor":1},{"not_picked":["Swivel","Nirvana","Devotion"],"picked":"SKIP","floor":6},{"not_picked":["Weave","EmptyMind","BowlingBash"],"picked":"SKIP","floor":8},{"not_picked":["FlurryOfBlows","CrushJoints"],"picked":"Halt","floor":10},{"not_picked":["FollowUp","SashWhip","Crescendo"],"picked":"SKIP","floor":12},{"not_picked":["FollowUp","Perseverance","Tantrum"],"picked":"SKIP","floor":14},{"not_picked":["Nirvana","ReachHeaven","FearNoEvil"],"picked":"SKIP","floor":18},{"not_picked":["Nirvana","ReachHeaven","FearNoEvil"],"picked":"SKIP","floor":18},{"not_picked":["Study","Weave","EmptyBody"],"picked":"SKIP","floor":23},{"not_picked":["Brilliance","Evaluate","ThirdEye"],"picked":"SKIP","floor":27},{"not_picked":["PathToVictory","ReachHeaven","Protect+1"],"picked":"SKIP","floor":28},{"not_picked":["Perseverance","FlyingSleeves+1","ForeignInfluence"],"picked":"SKIP","floor":29},{"not_picked":["PathToVictory","Alpha","FlurryOfBlows"],"picked":"SKIP","floor":30},{"not_picked":["Establishment","Worship","Meditate"],"picked":"SKIP","floor":31},{"not_picked":["Prostrate+1","Meditate+1","WaveOfTheHand"],"picked":"SKIP","floor":35},{"not_picked":["FlurryOfBlows","Crescendo+1","Tantrum"],"picked":"SKIP","floor":36},{"not_picked":["CutThroughFate","Crescendo+1"],"picked":"MentalFortress","floor":37},{"not_picked":["WindmillStrike","Pray+1","WheelKick+1"],"picked":"SKIP","floor":39},{"not_picked":["Collect+1","Wish","Study"],"picked":"SKIP","floor":40},{"not_picked":["FlyingSleeves","Wireheading"],"picked":"Adaptation+1","floor":41}],"player_experience":99823,"relics_obtained":[{"floor":6,"key":"Letter Opener"},{"floor":9,"key":"TeardropLocket"},{"floor":10,"key":"Blood Vial"},{"floor":12,"key":"Whetstone"},{"floor":23,"key":"Old Coin"},{"floor":26,"key":"Shuriken"},{"floor":27,"key":"Unceasing Top"},{"floor":29,"key":"The Courier"},{"floor":31,"key":"PreservedInsect"},{"floor":40,"key":"Bag of Marbles"}],"event_choices":[{"cards_removed":["Defend_P"],"damage_healed":0,"gold_gain":0,"player_choice":"Card Removal","damage_taken":7,"max_hp_gain":0,"max_hp_loss":0,"event_name":"Golden Wing","floor":2,"gold_loss":0},{"cards_removed":["Strike_P"],"damage_healed":0,"gold_gain":0,"player_choice":"Card Removal","damage_taken":0,"max_hp_gain":0,"max_hp_loss":0,"event_name":"The Cleric","floor":3,"gold_loss":50},{"damage_healed":0,"gold_gain":0,"player_choice":"Entered Light","damage_taken":14,"max_hp_gain":0,"max_hp_loss":0,"event_name":"Shining Light","floor":5,"gold_loss":0,"cards_upgraded":["Defend_P","Strike_P"]},{"damage_healed":0,"gold_gain":0,"player_choice":"Read","damage_taken":0,"max_hp_gain":0,"max_hp_loss":0,"event_name":"The Library","floor":20,"gold_loss":0,"cards_obtained":["TalkToTheHand"]},{"damage_healed":0,"gold_gain":0,"cards_transformed":["Strike_P","Strike_P"],"player_choice":"Became Test Subject","damage_taken":0,"max_hp_gain":0,"max_hp_loss":0,"event_name":"Drug Dealer","floor":22,"gold_loss":0,"cards_obtained":["EmptyMind","FlurryOfBlows"]},{"cards_removed":["EmptyMind"],"damage_healed":0,"gold_gain":0,"player_choice":"Gave Gold","damage_taken":0,"max_hp_gain":0,"max_hp_loss":0,"event_name":"Beggar","floor":24,"gold_loss":75}],"is_beta":false,"boss_relics":[{"not_picked":["SacredBark","Cursed Key"],"picked":"Coffee Dripper"},{"not_picked":["Velvet Choker","Pandora\u0027s Box"],"picked":"Tiny House"}],"items_purged_floors":[19,21,38],"is_endless":false,"potions_floor_spawned":[6,14,16,27,28,29,31,33,37,39,40],"killed_by":"Writhing Mass","ascension_level":3}}