{"host":"swavyr4ofmkhu42f","time":1613711119,"event":{"mods":["BaseMod","Colored Map","Googly Eyes","Minty Spire (QoL Compilation)","StSLib","everything is the same but u backflip on backflip"],"gold_per_floor":[119,41,41,55,55,82,99,110,137,173,210,234,321,333,345,357,357],"floor_reached":16,"language":"ENG","playtime":387,"items_purged":[],"score":189,"play_id":"fe71c635-0610-45a9-a997-91a24238aba2","local_time":"20210219000519","is_ascension_mode":true,"campfire_choices":[{"floor":15,"key":"REST"}],"circlet_count":0,"master_deck":["Strike_G","Strike_G","Strike_G","Strike_G","Strike_G","Defend_G","Defend_G","Defend_G","Defend_G","Defend_G","Survivor","Neutralize","Endless Agony","Cloak And Dagger","Slice","Slice"],"relics":["Ring of the Snake","NeowsBlessing","Bag of Preparation","MawBank","Vajra","Smiling Mask","Golden Idol"],"acts_visited":["Exordium"],"potions_floor_usage":[8,8],"damage_taken":[{"damage":0.0,"enemies":"2 Louse","floor":1.0,"turns":1.0},{"damage":0.0,"enemies":"Cultist","floor":4.0,"turns":1.0},{"damage":0.0,"enemies":"Gremlin Nob","floor":6.0,"turns":1.0},{"damage":0,"enemies":"Small Slimes","floor":7,"turns":3},{"damage":9,"enemies":"Gremlin Gang","floor":8,"turns":4},{"damage":41,"enemies":"Lagavulin","floor":11,"turns":8},{"damage":0,"enemies":"Large Slime","floor":12,"turns":5},{"damage":15,"enemies":"Hexaghost","floor":16,"turns":9}],"seed_played":"-5331596182055307683","potions_obtained":[{"floor":1.0,"key":"Fire Potion"},{"floor":7,"key":"Energy Potion"}],"is_trial":false,"path_per_floor":["M","$","?","M","$","E","M","M","T","T","E","M","?","?","R","B"],"character_chosen":"THE_SILENT","items_purchased":["Endless Agony"],"campfire_rested":1,"item_purchase_floors":[2],"current_hp_per_floor":[63,63,63,63,63,63,63,54,54,54,13,13,2,2,21,6,6],"gold":357,"neow_bonus":"THREE_ENEMY_KILL","is_daily":false,"chose_seed":false,"campfire_upgraded":0,"win_rate":0.0,"timestamp":1613711119,"path_taken":["M","$","?","M","$","E","M","?","T","?","E","M","?","?","R","BOSS"],"items_purchased_type":["Card"],"build_version":"2020-12-22","purchased_purges":0,"victory":false,"max_hp_per_floor":[70,70,70,70,70,70,70,70,70,70,70,70,70,65,65,65,65],"card_choices":[{"not_picked":["Flechettes","Deadly Poison","Quick Slash"],"picked":"SKIP","floor":1.0},{"not_picked":["Sucker Punch","Quick Slash","Poisoned Stab"],"picked":"SKIP","floor":4.0},{"not_picked":["Poisoned Stab","Quick Slash"],"picked":"Cloak And Dagger","floor":6.0},{"not_picked":["Deadly Poison","Bane","Outmaneuver"],"picked":"SKIP","floor":7},{"not_picked":["Grand Finale","Poisoned Stab","Sucker Punch"],"picked":"SKIP","floor":8},{"not_picked":["Footwork","Quick Slash"],"picked":"Slice","floor":11},{"not_picked":["Dagger Throw","Leg Sweep"],"picked":"Slice","floor":12}],"player_experience":216942,"relics_obtained":[{"floor":6.0,"key":"Bag of Preparation"},{"floor":9,"key":"MawBank"},{"floor":10,"key":"Vajra"},{"floor":11,"key":"Smiling Mask"}],"event_choices":[{"damage_healed":0.0,"max_hp_gain":0.0,"max_hp_loss":0.0,"gold_gain":0.0,"event_name":"Transmorgrifier","player_choice":"Ignored","floor":3.0,"gold_loss":0.0,"damage_taken":0.0},{"damage_healed":0,"gold_gain":75,"player_choice":"Gather Gold","damage_taken":11,"max_hp_gain":0,"max_hp_loss":0,"event_name":"World of Goop","floor":13,"gold_loss":0},{"damage_healed":0,"gold_gain":0,"player_choice":"Lose Max HP","damage_taken":0,"relics_obtained":["Golden Idol"],"max_hp_gain":0,"max_hp_loss":5,"event_name":"Golden Idol","floor":14,"gold_loss":0}],"is_beta":false,"boss_relics":[],"items_purged_floors":[],"is_endless":false,"potions_floor_spawned":[1,7],"killed_by":"Hexaghost","ascension_level":8}}