{"host":"3tyeyqdkopu0dn2g","time":1613732089,"event":{"mods":["AchievementEnabler","BaseMod","Downfall","Minty Spire (QoL Compilation)","Quick Restart","StSLib"],"gold_per_floor":[99,114,124,38,48,48,48,198,39,39,24,51,67,67,81,81,81,81],"floor_reached":16,"language":"ZHS","playtime":1274,"items_purged":["downfall:Icky"],"score":90,"play_id":"9a3e78d3-4c82-4776-b11a-490c2501310c","local_time":"20210219185449","is_ascension_mode":false,"campfire_choices":[{"data":"hexamod:Sear","floor":1.0,"key":"SMITH"},{"data":"hexamod:HexaLevel","floor":6.0,"key":"SMITH"}],"circlet_count":0,"master_deck":["hexamod:Strike","hexamod:Strike","hexamod:Strike","hexamod:Strike","hexamod:Defend","hexamod:Defend","hexamod:Defend","hexamod:Defend","hexamod:Sear+1","hexamod:Float","hexamod:EtherealExpedition","hexamod:HeatMetal","hexamod:HexaLevel+1","hexamod:PhantomFireball","hexamod:RecurringNightmare","hexamod:Haunt","hexamod:NightmareStrike","hexamod:RadiantFlame","hexamod:FastForward"],"relics":["hexamod:SpiritBrand","Ice Cream","Odd Mushroom"],"acts_visited":["Exordium"],"potions_floor_usage":[16,16,16],"damage_taken":[{"damage":10.0,"enemies":"Small Slimes","floor":2.0,"turns":5.0},{"damage":0.0,"enemies":"2 Louse","floor":3.0,"turns":3.0},{"damage":0.0,"enemies":"downfall:FleeingMerchant","floor":4.0,"turns":4.0},{"damage":11.0,"enemies":"Jaw Worm","floor":5.0,"turns":4.0},{"damage":10.0,"enemies":"downfall:FleeingMerchant","floor":9.0,"turns":4.0},{"damage":1,"enemies":"downfall:FleeingMerchant","floor":11,"turns":4},{"damage":26,"enemies":"The Mushroom Lair","floor":12,"turns":5},{"damage":8,"enemies":"3 Louse","floor":13,"turns":3},{"damage":20,"enemies":"Exordium Thugs","floor":15,"turns":6},{"damage":18,"enemies":"IC_STATUS_ARCHETYPE","floor":16,"turns":4}],"seed_played":"3385305914596769801","potions_obtained":[{"floor":2.0,"key":"Ancient Potion"},{"floor":3.0,"key":"CultistPotion"},{"floor":5.0,"key":"SpeedPotion"},{"floor":12,"key":"DuplicationPotion"}],"is_trial":false,"path_per_floor":["R","M","M","$","M","R","T","?","$","?","$","?","M","?","M","B"],"character_chosen":"THE_SPIRIT","items_purchased":["hexamod:PhantomFireball","hexamod:Haunt"],"campfire_rested":0,"item_purchase_floors":[4,9],"current_hp_per_floor":[77,67,67,67,56,56,56,56,46,46,45,19,11,36,16,0,0,0],"gold":81,"neow_bonus":"TEN_PERCENT_HP_BONUS","is_daily":false,"chose_seed":false,"campfire_upgraded":2,"win_rate":0.0,"timestamp":1613732089,"path_taken":["R","M","M","$","M","R","T","?","$","?","$","?","M","?","M","BOSS"],"items_purchased_type":["Card","Card"],"build_version":"2020-12-22","purchased_purges":1,"victory":false,"max_hp_per_floor":[77,77,77,77,77,77,77,77,77,77,77,77,77,77,77,77,77,77],"card_choices":[{"not_picked":["hexamod:RadiantFlame","hexamod:InspiringFlames"],"picked":"hexamod:EtherealExpedition","floor":2.0},{"not_picked":["hexamod:SwordOfDarkness","hexamod:PhantomCloak"],"picked":"hexamod:HeatMetal","floor":3.0},{"not_picked":["hexamod:Again","hexamod:InspiringFlames"],"picked":"hexamod:HexaLevel","floor":4.0},{"not_picked":["hexamod:SpectersWail","hexamod:InspiringFlames","hexamod:ThermalTransfer"],"picked":"SKIP","floor":5.0},{"not_picked":["hexamod:BacktrackSmack","hexamod:GhostLash"],"picked":"hexamod:RecurringNightmare","floor":9.0},{"not_picked":["hexamod:RadiantFlame","hexamod:Firestarter","hexamod:NightmareGuise"],"picked":"SKIP","floor":11},{"not_picked":["hexamod:HexaLevel","hexamod:SwordOfDarkness"],"picked":"hexamod:NightmareStrike","floor":12},{"not_picked":["hexamod:GhostOfSpirePast","hexamod:SecondSeal"],"picked":"hexamod:RadiantFlame","floor":13},{"not_picked":["hexamod:Firestarter","hexamod:NightmareStrike"],"picked":"hexamod:FastForward","floor":15}],"player_experience":350221,"relics_obtained":[{"floor":7.0,"key":"Ice Cream"},{"floor":12,"key":"Odd Mushroom"}],"event_choices":[{"damage_healed":0,"gold_gain":0,"player_choice":"Fought Mushrooms","damage_taken":0,"max_hp_gain":0,"max_hp_loss":0,"event_name":"Mushrooms","floor":12,"gold_loss":0},{"damage_healed":25,"gold_gain":0,"player_choice":"Banana","damage_taken":0,"max_hp_gain":0,"max_hp_loss":0,"event_name":"Big Fish","floor":14,"gold_loss":0}],"is_beta":false,"boss_relics":[],"items_purged_floors":[9],"is_endless":false,"potions_floor_spawned":[2,3,5,12],"killed_by":"IC_STATUS_ARCHETYPE","ascension_level":0}}