{"host":"sncdgiue1dtzeg79","time":1613745479,"event":{"mods":["BaseMod","Beaked The Cultist","ChefMod","Colored Powertips","Hubris","Jorbs\u0027s Wanderer Trilogy","Minty Spire (QoL Compilation)","Reliquary","StSLib","Swap Starting Deck Mod","The Bladedancer","The Cursed","The Hierophant","The Marked","The Necromancer","The Runesmith","The Wild Card","Weighted Paths"],"gold_per_floor":[116,116,128,203,9,39,39,67,145,145,145,145,165,340,340,443,443,459,459,476,50,50,50,170,92,117,130,130,148,248,276,276,376,376,395,395,414,114,0,0,13,47,47,61,81,115,132,96,96,96],"floor_reached":51,"language":"ENG","playtime":4237,"items_purged":["theWildCard:Sakuya","theWildCard:MagicMettle","Doubt"],"score":885,"play_id":"2ec57d19-6f3a-4aa9-a141-dc0ce6e32f28","local_time":"20210219153759","is_ascension_mode":false,"campfire_choices":[{"data":"theWildCard:Abstinence","floor":7,"key":"SMITH"},{"data":"theWildCard:PowerOfTheArcana","floor":10,"key":"SMITH"},{"data":"theWildCard:Safeguard","floor":15,"key":"SMITH"},{"data":"theWildCard:Scathach","floor":23,"key":"SMITH"},{"data":"theWildCard:ArchaicAssault","floor":28,"key":"SMITH"},{"data":"theWildCard:SeveringSlash","floor":32,"key":"SMITH"},{"data":"Apotheosis","floor":40,"key":"SMITH"},{"floor":49,"key":"REST"}],"circlet_count":0,"master_deck":["theWildCard:BasicStrike","theWildCard:BasicStrike+1","theWildCard:BasicDefend","theWildCard:BasicDefend+1","theWildCard:BasicDefend","theWildCard:CallToAdventure+1","theWildCard:Scathach+1","theWildCard:Abstinence+1","theWildCard:Safeguard+1","theWildCard:PowerOfTheArcana+1","theWildCard:SeveringSlash+1","theWildCard:Overwhelm+1","theWildCard:ArcanaArtistry+1","theWildCard:CryOfAgony+1","theWildCard:UnderLockAndKey+1","theWildCard:StalwartBlade+1","theWildCard:ArchaicAssault+1","theWildCard:ArcaneArts+1","theWildCard:Salvation","theWildCard:Desolation","theWildCard:CryOfAgony+1","Apotheosis+1","theWildCard:Attunement","theWildCard:SacrificialStroke"],"relics":["theWildCard:VelvetContract","NeowsBlessing","reliquary:WeakTea","Gremlin Horn","Medical Kit","Blue Candle","Astrolabe","hubris:SphereOfDissonance","hubris:Icosahedron","Boot","Centennial Puzzle","reliquary:IridiumChain","Whetstone","Sozu","Red Mask","War Paint","reliquary:PartyBalloon","Smiling Mask"],"acts_visited":["Exordium","TheCity","TheBeyond"],"potions_floor_usage":[8,8,29,30,31,45,50],"damage_taken":[{"damage":0,"enemies":"Jaw Worm","floor":1,"turns":1},{"damage":0,"enemies":"Small Slimes","floor":3,"turns":1},{"damage":0,"enemies":"3 Sentries","floor":6,"turns":1},{"damage":0,"enemies":"Lagavulin","floor":8,"turns":5},{"damage":0,"enemies":"Cultist","floor":13,"turns":5},{"damage":32,"enemies":"Hexaghost","floor":16,"turns":30},{"damage":8,"enemies":"Chosen","floor":18,"turns":8},{"damage":30,"enemies":"2 Thieves","floor":20,"turns":4},{"damage":0,"enemies":"Snake Plant","floor":24,"turns":7},{"damage":0,"enemies":"Sentry and Sphere","floor":27,"turns":10},{"damage":0,"enemies":"3 Cultists","floor":29,"turns":5},{"damage":4,"enemies":"Colosseum Slavers","floor":30,"turns":4},{"damage":10,"enemies":"Colosseum Nobs","floor":30,"turns":7},{"damage":9,"enemies":"Gremlin Leader","floor":31,"turns":12},{"damage":0,"enemies":"Champ","floor":33,"turns":14},{"damage":9,"enemies":"Orb Walker","floor":35,"turns":5},{"damage":5,"enemies":"3 Shapes","floor":37,"turns":4},{"damage":0,"enemies":"Jaw Worm Horde","floor":41,"turns":6},{"damage":2,"enemies":"Reptomancer","floor":42,"turns":8},{"damage":5,"enemies":"Spire Growth","floor":44,"turns":6},{"damage":16,"enemies":"Transient","floor":45,"turns":5},{"damage":35,"enemies":"Giant Head","floor":46,"turns":13},{"damage":1,"enemies":"4 Shapes","floor":47,"turns":5},{"damage":0,"enemies":"Jaw Worm Horde","floor":48,"turns":5},{"damage":0,"enemies":"hubris:GrandSnecko","floor":50,"turns":20}],"seed_played":"5528848917084738885","potions_obtained":[{"floor":3,"key":"AttackPotion"},{"floor":6,"key":"AttackPotion"},{"floor":18,"key":"AttackPotion"},{"floor":24,"key":"CultistPotion"},{"floor":30,"key":"Explosive Potion"},{"floor":31,"key":"Explosive Potion"},{"floor":33,"key":"EssenceOfSteel"}],"is_trial":false,"path_per_floor":["M","?","M","?","$","E","R","E","T","R","?","?","M","?","R","B",null,"M","?","M","$","?","R","M","?","T","M","R","M","?","E","R","B",null,"M","?","M","$","?","R","M","E","T","M","M","E","M","M","R","B",null],"character_chosen":"THE_WILD_CARD","items_purchased":["theWildCard:Safeguard","theWildCard:SeveringSlash","theWildCard:ArchaicAssault","hubris:SphereOfDissonance","Apotheosis"],"campfire_rested":1,"item_purchase_floors":[5,5,21,21,38],"current_hp_per_floor":[60,60,60,49,49,49,49,52,52,52,45,45,48,48,48,22,60,55,55,29,29,29,29,40,40,40,47,47,58,47,49,49,53,60,51,51,50,50,50,50,54,56,56,51,39,8,15,15,33,37],"gold":96,"neow_bonus":"THREE_ENEMY_KILL","is_daily":false,"chose_seed":false,"campfire_upgraded":7,"win_rate":0.0,"timestamp":1613745479,"path_taken":["M","?","M","?","$","E","R","E","T","R","?","?","?","?","R","BOSS","M","?","M","$","?","R","M","?","T","?","R","M","?","E","R","BOSS","M","?","M","$","?","R","M","E","T","M","M","E","M","M","R","BOSS"],"items_purchased_type":["Card","Card","Card","Relic","Card"],"build_version":"2020-12-22","purchased_purges":3,"victory":true,"max_hp_per_floor":[60,60,60,60,60,60,60,60,60,60,60,60,60,60,60,60,60,60,60,60,60,60,60,60,60,60,60,60,60,60,60,60,60,60,60,60,60,60,60,60,60,60,60,60,60,60,60,60,60,60],"card_choices":[{"not_picked":["theWildCard:EnergizedStroke","theWildCard:Proficiency"],"picked":"theWildCard:Sakuya","floor":1},{"not_picked":["theWildCard:Proficiency","theWildCard:ArcaneArts"],"picked":"theWildCard:Abstinence","floor":3},{"not_picked":["theWildCard:Salvation","theWildCard:BladeOfGenerations","theWildCard:Scathach"],"picked":"SKIP","floor":6},{"not_picked":["theWildCard:TheUniverse","theWildCard:Michael"],"picked":"theWildCard:PowerOfTheArcana","floor":8},{"not_picked":["theWildCard:ArcaneArts","theWildCard:BladeOfGenerations"],"picked":"theWildCard:SeveringSlash","floor":13},{"not_picked":["theWildCard:Ruination","theWildCard:FinalHour"],"picked":"theWildCard:Overwhelm","floor":16},{"not_picked":["theWildCard:PaleRider","theWildCard:Polydeuces"],"picked":"theWildCard:StalwartBlade+1","floor":18},{"not_picked":["theWildCard:BladeOfGenerations","theWildCard:PaleRider"],"picked":"theWildCard:MagicMettle","floor":20},{"not_picked":["theWildCard:StalwartBlade","theWildCard:SeveringSlash","theWildCard:Metatron"],"picked":"SKIP","floor":24},{"not_picked":["theWildCard:Overwhelm","theWildCard:StalwartBlade"],"picked":"theWildCard:ArcaneArts","floor":27},{"not_picked":["theWildCard:EnergizedStroke","theWildCard:StalwartBlade","theWildCard:Proficiency"],"picked":"SKIP","floor":29},{"not_picked":["theWildCard:ShieldOfMany","theWildCard:ArcaneArts"],"picked":"theWildCard:Salvation","floor":31},{"not_picked":["theWildCard:TheUniverse","theWildCard:Amaterasu"],"picked":"theWildCard:Desolation","floor":33},{"not_picked":["theWildCard:EnergizedStroke+1","theWildCard:UnendingRitual+1","theWildCard:UnderLockAndKey"],"picked":"SKIP","floor":35},{"not_picked":["theWildCard:MaskChange+1","theWildCard:ArcaneArts"],"picked":"theWildCard:CryOfAgony+1","floor":37},{"not_picked":["theWildCard:EnergizedStroke","theWildCard:Sakuya+1","theWildCard:EnergyTheft"],"picked":"SKIP","floor":41},{"not_picked":["theWildCard:Odin","theWildCard:SeveringSlash+1"],"picked":"theWildCard:Attunement","floor":42},{"not_picked":["theWildCard:Unburden+1","theWildCard:TheUniverse","theWildCard:PaleRider"],"picked":"SKIP","floor":44},{"not_picked":["theWildCard:StalwartBlade+1","theWildCard:StingingStrike+1"],"picked":"theWildCard:SacrificialStroke","floor":45},{"not_picked":["theWildCard:Attunement","theWildCard:Salvation","theWildCard:Patience+1"],"picked":"SKIP","floor":46},{"not_picked":["theWildCard:SeveringSlash+1","theWildCard:Patience+1","theWildCard:BladeOfGenerations+1"],"picked":"SKIP","floor":47},{"not_picked":["theWildCard:SeveringSlash+1","theWildCard:PowerOfTheArcana+1","theWildCard:ArcaneArts+1"],"picked":"SKIP","floor":48}],"player_experience":526952,"relics_obtained":[{"floor":6,"key":"reliquary:WeakTea"},{"floor":8,"key":"Gremlin Horn"},{"floor":26,"key":"Centennial Puzzle"},{"floor":30,"key":"reliquary:IridiumChain"},{"floor":31,"key":"Whetstone"},{"floor":42,"key":"War Paint"},{"floor":43,"key":"reliquary:PartyBalloon"},{"floor":46,"key":"Smiling Mask"}],"event_choices":[{"damage_healed":0,"gold_gain":75,"player_choice":"Gather Gold","damage_taken":11,"max_hp_gain":0,"max_hp_loss":0,"event_name":"World of Goop","floor":4,"gold_loss":0},{"cards_removed":["theWildCard:Arsene"],"damage_healed":0,"gold_gain":0,"player_choice":"Card Removal","damage_taken":7,"max_hp_gain":0,"max_hp_loss":0,"event_name":"Golden Wing","floor":11,"gold_loss":0},{"damage_healed":0,"gold_gain":0,"player_choice":"Ignored","damage_taken":0,"max_hp_gain":0,"max_hp_loss":0,"event_name":"NoteForYourself","floor":12,"gold_loss":0},{"damage_healed":0,"gold_gain":175,"player_choice":"AGREE","damage_taken":0,"max_hp_gain":0,"max_hp_loss":0,"event_name":"Liars Game","floor":14,"gold_loss":0,"cards_obtained":["Doubt"]},{"damage_healed":0,"gold_gain":0,"player_choice":"Paid Gold","damage_taken":0,"relics_obtained":["Boot"],"max_hp_gain":0,"max_hp_loss":0,"event_name":"WeMeetAgain","floor":25,"gold_loss":78},{"damage_healed":0,"gold_gain":0,"player_choice":"Fight","damage_taken":0,"max_hp_gain":0,"max_hp_loss":0,"event_name":"Colosseum","floor":30,"gold_loss":0},{"damage_healed":0,"gold_gain":0,"player_choice":"Fought Nobs","damage_taken":0,"max_hp_gain":0,"max_hp_loss":0,"event_name":"Colosseum","floor":30,"gold_loss":0},{"cards_removed":["theWildCard:BasicDefend"],"damage_healed":0,"gold_gain":0,"player_choice":"Removed Skill","damage_taken":0,"max_hp_gain":0,"max_hp_loss":0,"event_name":"Falling","floor":36,"gold_loss":0},{"damage_healed":0,"gold_gain":0,"player_choice":"Paid","damage_taken":0,"relics_obtained":["Red Mask"],"max_hp_gain":0,"max_hp_loss":0,"event_name":"Tomb of Lord Red Mask","floor":39,"gold_loss":114}],"is_beta":false,"boss_relics":[{"not_picked":["SlaversCollar","Fusion Hammer"],"picked":"Astrolabe"},{"not_picked":["hubris:ScarierMask","beaked:SacredDeck"],"picked":"Sozu"}],"items_purged_floors":[5,21,38],"is_endless":false,"potions_floor_spawned":[3,6,18,24,30,30,31,33,35,42,46,47,48],"ascension_level":0}}