{"host":"ll3bk5uyh699087h","time":1613713487,"event":{"mods":["2.2 Compatiblity","AchievementEnabler","Act Like it!","Ascension Unlocker","Aspiration","BaseMod","Block Reminder","Card Forge","Colored Map","Colored Powertips","Conspire","Dark Map","Energized Spire","GifTheSpireLib","Hubris","Infinite Spire","Marked Mod","Minty Spire (QoL Compilation)","Practice Mode","Rare Cards Sparkle","Reliquary","Remove Card Discount Mod","Replay The Spire","Shop Mod","Spicy Shops","StSLib","Stuff the Spire","The Accelerator","Uncapped"],"gold_per_floor":[109,85,35,47,66,66,66,66,119,119,159,172,94,94,94,225,175,194,194,194,208,208,208,226,226,226,261,274,356,369,383,383,484,484,500,523,14,34,34,34,0,0,70,80,80,80,80,209,209,209],"floor_reached":51,"language":"ENG","playtime":2011,"items_purged":["Looming Evil","Normality","Defend_G","Strike_G","Defend_G","Strike_G","Defend_G","Strike_G","Strike_G","Defend_G","Replay:Bag of Tricks","Deadly Poison+1","StuffTheSpire:Sprint+1"],"score":1057,"play_id":"85aa0783-a4f0-427a-a5c3-56208e6d4002","local_time":"20210219004447","is_ascension_mode":false,"campfire_choices":[{"data":"conspire:SpireCoStock","floor":6.0,"key":"SMITH"},{"floor":8.0,"key":"REST"},{"floor":10.0,"key":"REST"},{"floor":15.0,"key":"REST"},{"floor":23.0,"key":"REST"},{"floor":40.0,"key":"REST"},{"data":"Infinite Blades","floor":47.0,"key":"SMITH"},{"data":"Specialist","floor":49,"key":"SMITH"}],"circlet_count":0,"master_deck":["hubris:Fate+1","conspire:SpireCoStock+1","ReplayTheSpireMod:Black Plague","Backflip","Hidden Blade","Bullet Time","Replay:Bag of Tricks","Infinite Blades+1","hubris:InfiniteBlow+88","Consecrate","Backstab+1","StuffTheSpire:BrainWave","Specialist+1","infinitespire:Gouge"],"relics":["Ring of the Snake","Hammer of Thor","Seething Fire","Anvil of the Gods","NeowsBlessing","Dream Catcher","ReplayTheSpireMod:CursedCoin","infinitespire:Satchel","Medical Kit","energizedSpire:HugeHouse","hubris:ScarierMask","ReplayTheSpireMod:TigerMarble","Thread and Needle","Toy Ornithopter","infinitespire:Broken Mirror","MerchantsRug","hubris:DisguiseKit","Red Mask","Replay:Accelerometer","StuffTheSpire:NeowsTribute","Boot"],"acts_visited":["Exordium","TheCity","TheBeyond"],"potions_floor_usage":[],"damage_taken":[{"damage":0.0,"enemies":"Cultist","floor":1.0,"turns":1.0},{"damage":0.0,"enemies":"conspire:RoseBush","floor":4.0,"turns":1.0},{"damage":0.0,"enemies":"2 Louse","floor":5.0,"turns":1.0},{"damage":6.0,"enemies":"Exordium Thugs","floor":11.0,"turns":4.0},{"damage":0.0,"enemies":"Large Slime","floor":12.0,"turns":4.0},{"damage":0.0,"enemies":"Hexaghost","floor":16.0,"turns":2.0},{"damage":0.0,"enemies":"Shell Parasite","floor":18.0,"turns":2.0},{"damage":6.0,"enemies":"conspire:FuzzyDice","floor":21.0,"turns":3.0},{"damage":0.0,"enemies":"conspire:HollyBat","floor":24.0,"turns":1.0},{"damage":0.0,"enemies":"Slavers","floor":27.0,"turns":1.0},{"damage":0.0,"enemies":"Chosen and Byrds","floor":28.0,"turns":2.0},{"damage":0.0,"enemies":"Cultist and Chosen","floor":30.0,"turns":3.0},{"damage":0.0,"enemies":"Sentry and Sphere","floor":31.0,"turns":1.0},{"damage":0.0,"enemies":"Collector","floor":33.0,"turns":1.0},{"damage":0.0,"enemies":"3 Darklings","floor":35.0,"turns":1.0},{"damage":0.0,"enemies":"3 Shapes","floor":36.0,"turns":2.0},{"damage":18.0,"enemies":"Maw","floor":38.0,"turns":3.0},{"damage":0.0,"enemies":"3 Darklings","floor":44.0,"turns":1.0},{"damage":0.0,"enemies":"infinitespire:Three Voidlings","floor":48.0,"turns":2.0},{"damage":0.0,"enemies":"Nightmare_Alpha","floor":48.0,"turns":1.0},{"damage":0,"enemies":"conspire:OrnateMirror","floor":50,"turns":1}],"seed_played":"-219566315294470274","potions_obtained":[{"floor":5.0,"key":"DistilledChaos"},{"floor":12.0,"key":"Explosive Potion"},{"floor":24.0,"key":"Toxic Potion"},{"floor":31.0,"key":"SpeedPotion"},{"floor":33.0,"key":"SkillPotion"},{"floor":35.0,"key":"Flashbang"}],"is_trial":false,"path_per_floor":["M","$","?","M","M","R","?","R","T","R","M","M","$","?","R","B",null,"M","?","?","M","AVR","R","M","?","T","E","M","?","M","M","R_BF","B",null,"M","M","$","M","AVR","R","?","?","T","M","?","?","R","?","R","B",null],"character_chosen":"THE_SILENT","items_purchased":["Blade Dance","ReplayTheSpireMod:CursedCoin","infinitespire:Satchel","Medical Kit","infinitespire:Broken Mirror","Infinite Blades","MerchantsRug"],"campfire_rested":5,"item_purchase_floors":[2,13,13,13,37,37,37],"current_hp_per_floor":[70,70,70,70,70,70,52,70,70,70,64,64,64,64,70,70,65,65,65,65,59,59,65,65,65,65,65,65,49,49,49,65,65,65,65,65,65,47,47,65,65,65,65,65,59,59,59,59,59,59],"gold":209,"neow_bonus":"THREE_ENEMY_KILL","is_daily":false,"chose_seed":false,"campfire_upgraded":3,"win_rate":0.0,"timestamp":1613713487,"path_taken":["M","$","?","M","M","R","?","R","T","R","M","M","$","?","R","BOSS","M","?","?","M","AVR","R","M","?","T","E","M","?","M","?","R_BF","BOSS","M","M","$","M","AVR","R","?","?","T","?","?","?","R","?","R","BOSS"],"items_purchased_type":["Card","Relic","Relic","Relic","Relic","Card","Relic"],"build_version":"2020-12-22","purchased_purges":13,"victory":true,"max_hp_per_floor":[70,70,70,70,70,70,70,70,70,70,70,70,70,70,70,70,65,65,65,65,65,65,65,65,65,65,65,65,65,65,65,65,65,65,65,65,65,65,65,65,65,65,65,65,59,59,59,59,59,59],"card_choices":[{"not_picked":["Expertise","Outmaneuver"],"picked":"Flying Knee","floor":1.0},{"not_picked":["Prepared","Sucker Punch"],"picked":"Quick Slash","floor":4.0},{"not_picked":["Tactician","Sucker Punch"],"picked":"Deflect","floor":5.0},{"not_picked":["infinitespire:Menacing","infinitespire:Punishment"],"picked":"ReplayTheSpireMod:Black Plague","floor":7.0},{"not_picked":["Flechettes","Draining Mist"],"picked":"Backflip","floor":10.0},{"not_picked":["Dagger Spray","Dodge and Roll"],"picked":"Masterful Stab","floor":11.0},{"not_picked":["PiercingWail","Expertise"],"picked":"Hidden Blade","floor":12.0},{"not_picked":["Outmaneuver","Crippling Poison"],"picked":"Distraction","floor":15.0},{"not_picked":["Phantasmal Killer","Burst"],"picked":"Bullet Time","floor":16.0},{"not_picked":["StuffTheSpire:Python","ReplayTheSpireMod:Scrap Shanks+1","Expertise"],"picked":"SKIP","floor":18.0},{"not_picked":["Outmaneuver","Deadly Poison"],"picked":"Blade Dance","floor":21.0},{"not_picked":["StuffTheSpire:MirrorStance","StuffTheSpire:ClusterCrunch"],"picked":"Blade Dance","floor":24.0},{"not_picked":["StuffTheSpire:BumpUp","Caltrops"],"picked":"Envenom","floor":27.0},{"not_picked":["Leg Sweep","Underhanded Strike","Dagger Spray+1"],"picked":"SKIP","floor":28.0},{"not_picked":["StuffTheSpire:ReptileScales+1","Skewer"],"picked":"Replay:Bag of Tricks","floor":29.0},{"not_picked":["Prepared+1","PiercingWail"],"picked":"Deadly Poison+1","floor":29.0},{"not_picked":["Caltrops+1","StuffTheSpire:Python+1"],"picked":"StuffTheSpire:Sprint+1","floor":30.0},{"not_picked":["Dagger Spray+1","Dodge and Roll+1"],"picked":"StuffTheSpire:BrimstoneBlast+1","floor":31.0},{"not_picked":["Flying Knee","ReplayTheSpireMod:Scrap Shanks"],"picked":"Hidden Blade","floor":32.0},{"not_picked":["Glass Knife","Poison Darts"],"picked":"Replay:Bag of Tricks","floor":33.0},{"not_picked":["Dodge and Roll","PiercingWail+1"],"picked":"Infinite Blades+1","floor":35.0},{"not_picked":["StuffTheSpire:Incursion","StuffTheSpire:Python+1","Underhanded Strike+1"],"picked":"SKIP","floor":36.0},{"not_picked":["Prepared+1","StuffTheSpire:ReptileScales+1","Slice"],"picked":"SKIP","floor":38.0},{"not_picked":["Calculated Gamble+1","Draining Mist+1","Hidden Blade"],"picked":"Consecrate","floor":40.0},{"not_picked":["hubris:SlightOfHand+1","Predator+1","FlurryOfBlows"],"picked":"Backstab+1","floor":44.0},{"not_picked":["Apotheosis","StuffTheSpire:PlasmaPulse"],"picked":"Specialist","floor":46.0},{"not_picked":["ReplayTheSpireMod:Chaos Vortex","infinitespire:Punishment"],"picked":"infinitespire:Gouge","floor":48}],"player_experience":23944,"relics_obtained":[{"floor":9.0,"key":"Dream Catcher"},{"floor":26.0,"key":"ReplayTheSpireMod:TigerMarble"},{"floor":27.0,"key":"Thread and Needle"},{"floor":29.0,"key":"Toy Ornithopter"},{"floor":43.0,"key":"Replay:Accelerometer"},{"floor":48,"key":"StuffTheSpire:NeowsTribute"},{"floor":48,"key":"Boot"}],"event_choices":[{"damage_healed":0.0,"max_hp_gain":0.0,"max_hp_loss":0.0,"gold_gain":0.0,"event_name":"conspire:Investor","player_choice":"Invest 1","floor":3.0,"gold_loss":0.0,"damage_taken":0.0},{"damage_healed":0.0,"max_hp_gain":0.0,"max_hp_loss":0.0,"gold_gain":0.0,"event_name":"NoteForYourself","player_choice":"Ignored","floor":14.0,"gold_loss":0.0,"damage_taken":0.0},{"damage_healed":0.0,"max_hp_gain":0.0,"max_hp_loss":0.0,"gold_gain":0.0,"event_name":"Vampires","player_choice":"Ignored","floor":25.0,"gold_loss":0.0,"damage_taken":0.0},{"damage_healed":0.0,"max_hp_gain":0.0,"max_hp_loss":0.0,"gold_gain":0.0,"event_name":"Tomb of Lord Red Mask","player_choice":"Paid","floor":41.0,"gold_loss":34.0,"damage_taken":0.0,"relics_obtained":["Red Mask"]},{"damage_healed":0.0,"max_hp_gain":0.0,"max_hp_loss":0.0,"gold_gain":0.0,"cards_transformed":["Envenom"],"event_name":"Transmorgrifier","player_choice":"Transformed","floor":42.0,"gold_loss":0.0,"damage_taken":0.0,"cards_obtained":["StuffTheSpire:Shiver"]},{"damage_healed":0.0,"max_hp_gain":0.0,"max_hp_loss":0.0,"gold_gain":0.0,"event_name":"SensoryStone","player_choice":"Memory 1","floor":46.0,"gold_loss":0.0,"damage_taken":0.0}],"is_beta":false,"boss_relics":[{"not_picked":["Runic Dome","energizedSpire:StickyHand"],"picked":"energizedSpire:HugeHouse"},{"not_picked":["Velvet Choker","aspiration:FutureDiary","Replay:Drink Me"]}],"items_purged_floors":[13,13,13,13,13,13,13,13,13,13,37,37,37],"is_endless":false,"potions_floor_spawned":[5,12,24,31,33,35,48],"ascension_level":0}}