{"host":"2ty4h143nj8vwezc","time":1613713803,"event":{"mods":["BaseMod","Colored Map","Googly Eyes","Highlight Path","Minty Spire (QoL Compilation)","Quick Restart","StSLib"],"gold_per_floor":[112,127,52,52,52,91,91,126,180,106,121,9,9,45,45,138,138,152,0,13,33,48,48,89,89,89,89,127,127,143,167,167,265,265,288,312,343,343,343,343],"floor_reached":39,"language":"ENG","playtime":1951,"items_purged":["Injury"],"score":768,"play_id":"103fafb4-f9f8-4307-b793-db136ad199b6","local_time":"20210219005003","is_ascension_mode":true,"campfire_choices":[{"data":"Defragment","floor":7.0,"key":"SMITH"},{"floor":15.0,"key":"REST"},{"floor":23.0,"key":"REST"},{"floor":25.0,"key":"REST"},{"data":"Chaos","floor":27.0,"key":"SMITH"},{"data":"Creative AI","floor":32.0,"key":"SMITH"}],"circlet_count":0,"master_deck":["AscendersBane","Strike_B","Strike_B","Strike_B","Strike_B","Defend_B","Defend_B","Defend_B","Defend_B","Zap","Dualcast","Defragment+1","Ball Lightning","Static Discharge","Cold Snap","Storm","Conserve Battery","Heatsinks+1","Glacier","Doom and Gloom","Biased Cognition","Defragment","Double Energy","Chaos+1","Genetic Algorithm+1","Thunder Strike","Creative AI+1","Force Field","Turbo","Biased Cognition","Conserve Battery","White Noise+1"],"relics":["Cracked Core","NeowsBlessing","Golden Idol","Lantern","Pear","Question Card","Happy Flower","Odd Mushroom","SlaversCollar","Regal Pillow","Symbiotic Virus","White Beast Statue","SacredBark","Incense Burner"],"acts_visited":["Exordium","TheCity","TheBeyond"],"potions_floor_usage":[35,35],"damage_taken":[{"damage":0.0,"enemies":"Jaw Worm","floor":1.0,"turns":1.0},{"damage":0.0,"enemies":"Cultist","floor":2.0,"turns":1.0},{"damage":0.0,"enemies":"Lagavulin","floor":6.0,"turns":1.0},{"damage":18.0,"enemies":"3 Sentries","floor":8.0,"turns":6.0},{"damage":8.0,"enemies":"Small Slimes","floor":11.0,"turns":2.0},{"damage":7.0,"enemies":"The Mushroom Lair","floor":14.0,"turns":3.0},{"damage":8.0,"enemies":"Hexaghost","floor":16.0,"turns":9.0},{"damage":0.0,"enemies":"Spheric Guardian","floor":18.0,"turns":5.0},{"damage":14.0,"enemies":"2 Thieves","floor":20.0,"turns":4.0},{"damage":12.0,"enemies":"Centurion and Healer","floor":21.0,"turns":10.0},{"damage":11.0,"enemies":"Chosen and Byrds","floor":22.0,"turns":5.0},{"damage":34.0,"enemies":"Gremlin Leader","floor":24.0,"turns":5.0},{"damage":42.0,"enemies":"Slavers","floor":28.0,"turns":5.0},{"damage":0.0,"enemies":"Sentry and Sphere","floor":30.0,"turns":3.0},{"damage":6.0,"enemies":"Cultist and Chosen","floor":31.0,"turns":6.0},{"damage":23.0,"enemies":"Automaton","floor":33.0,"turns":9.0},{"damage":0,"enemies":"3 Shapes","floor":35,"turns":4},{"damage":1,"enemies":"Orb Walker","floor":36,"turns":5},{"damage":21,"enemies":"Mind Bloom Boss Battle","floor":37,"turns":4},{"damage":61,"enemies":"4 Shapes","floor":39,"turns":5}],"seed_played":"-1072850443337105151","potions_obtained":[{"floor":2.0,"key":"PowerPotion"},{"floor":11.0,"key":"DuplicationPotion"},{"floor":14.0,"key":"LiquidMemories"},{"floor":16.0,"key":"BlessingOfTheForge"},{"floor":24.0,"key":"Dexterity Potion"},{"floor":30.0,"key":"EssenceOfSteel"},{"floor":31.0,"key":"Explosive Potion"},{"floor":33.0,"key":"Swift Potion"},{"floor":35,"key":"BlessingOfTheForge"},{"floor":36,"key":"FocusPotion"}],"is_trial":false,"path_per_floor":["M","M","$","?","T","E","R","E","T","$","M","$","?","?","R","B",null,"M","$","M","M","M","R","E","R","T","R","E","?","M","M","R","B",null,"M","M","?","?","M"],"character_chosen":"DEFECT","items_purchased":["Static Discharge","Storm","Heatsinks","Glacier","Defragment"],"campfire_rested":3,"item_purchase_floors":[3,10,12,12,19],"current_hp_per_floor":[64,64,64,64,64,74,74,56,56,56,48,48,48,41,65,57,75,75,75,61,49,38,62,28,67,67,67,25,81,81,75,75,52,74,74,73,52,52,0,0],"gold":343,"neow_bonus":"THREE_ENEMY_KILL","is_daily":false,"chose_seed":false,"campfire_upgraded":3,"win_rate":0.0,"timestamp":1613713803,"path_taken":["M","M","$","?","?","E","R","E","T","$","?","$","?","?","R","BOSS","M","$","M","M","M","R","E","R","T","R","E","?","M","?","R","BOSS","M","M","?","?","?"],"items_purchased_type":["Card","Card","Card","Card","Card"],"build_version":"2020-12-22","purchased_purges":1,"victory":false,"max_hp_per_floor":[71,71,71,71,71,81,81,81,81,81,81,81,81,81,81,81,81,81,81,81,81,81,81,81,81,81,81,81,81,81,81,81,81,81,81,81,81,81,81,81],"card_choices":[{"not_picked":["Compile Driver","Barrage"],"picked":"Defragment","floor":1.0},{"not_picked":["Rebound","Undo"],"picked":"Ball Lightning","floor":2.0},{"not_picked":["Sweeping Beam","Skim"],"picked":"Cold Snap","floor":6.0},{"not_picked":["Melter","Hello World","Lockon"],"picked":"SKIP","floor":8.0},{"not_picked":["Double Energy","Barrage","Streamline"],"picked":"Conserve Battery","floor":11.0},{"not_picked":["Stack","Ball Lightning","Sweeping Beam"],"picked":"Doom and Gloom","floor":14.0},{"not_picked":["Reboot","Hyperbeam","Seek"],"picked":"Biased Cognition","floor":16.0},{"not_picked":["Darkness","Compile Driver","Coolheaded","Fusion"],"picked":"SKIP","floor":18.0},{"not_picked":["Consume","Ball Lightning","Gash"],"picked":"Double Energy","floor":20.0},{"not_picked":["Scrape","Sunder","Blizzard"],"picked":"Chaos","floor":21.0},{"not_picked":["Turbo","Gash","Reinforced Body"],"picked":"Genetic Algorithm+1","floor":22.0},{"not_picked":["Turbo","Sweeping Beam","Reprogram"],"picked":"Thunder Strike","floor":24.0},{"not_picked":["Streamline","Conserve Battery+1","Scrape"],"picked":"Creative AI","floor":28.0},{"not_picked":["Recycle","Redo","Steam Power"],"picked":"Force Field","floor":30.0},{"not_picked":["Blizzard","Doom and Gloom","Hologram"],"picked":"Turbo","floor":31.0},{"not_picked":["Meteor Strike","Core Surge","Hyperbeam"],"picked":"Biased Cognition","floor":33.0},{"not_picked":["Gash","Tempest","Steam+1"],"picked":"Conserve Battery","floor":35},{"not_picked":["Undo","Glacier","Cold Snap","Coolheaded+1"],"picked":"SKIP","floor":36},{"not_picked":["Rebound","Fusion","Sweeping Beam"],"picked":"White Noise+1","floor":37}],"player_experience":445251,"relics_obtained":[{"floor":5.0,"key":"Lantern"},{"floor":6.0,"key":"Pear"},{"floor":8.0,"key":"Question Card"},{"floor":9.0,"key":"Happy Flower"},{"floor":14.0,"key":"Odd Mushroom"},{"floor":24.0,"key":"Regal Pillow"},{"floor":26.0,"key":"Symbiotic Virus"},{"floor":28.0,"key":"White Beast Statue"},{"floor":37,"key":"Incense Burner"}],"event_choices":[{"damage_healed":0.0,"max_hp_gain":0.0,"max_hp_loss":0.0,"gold_gain":0.0,"event_name":"Golden Idol","player_choice":"Take Wound","floor":4.0,"gold_loss":0.0,"damage_taken":0.0,"relics_obtained":["Golden Idol"],"cards_obtained":["Injury"]},{"damage_healed":0.0,"max_hp_gain":0.0,"max_hp_loss":0.0,"gold_gain":0.0,"event_name":"Living Wall","player_choice":"Grow","floor":13.0,"gold_loss":0.0,"damage_taken":0.0,"cards_upgraded":["Heatsinks"]},{"damage_healed":0.0,"max_hp_gain":0.0,"max_hp_loss":0.0,"gold_gain":0.0,"event_name":"Mushrooms","player_choice":"Fought Mushrooms","floor":14.0,"gold_loss":0.0,"damage_taken":0.0},{"damage_healed":56.0,"max_hp_gain":0.0,"max_hp_loss":0.0,"gold_gain":0.0,"event_name":"Wheel of Change","player_choice":"Full Heal","floor":29.0,"gold_loss":0.0,"damage_taken":0.0},{"damage_healed":0,"gold_gain":0,"player_choice":"Fight","damage_taken":0,"max_hp_gain":0,"max_hp_loss":0,"event_name":"MindBloom","floor":37,"gold_loss":0},{"damage_healed":0,"gold_gain":0,"player_choice":"Bought 0 Potions","damage_taken":0,"max_hp_gain":0,"max_hp_loss":0,"event_name":"The Woman in Blue","floor":38,"gold_loss":0}],"is_beta":false,"boss_relics":[{"not_picked":["Runic Dome","Ectoplasm"],"picked":"SlaversCollar"},{"not_picked":["FrozenCore","Astrolabe"],"picked":"SacredBark"}],"items_purged_floors":[19],"is_endless":false,"potions_floor_spawned":[2,11,14,16,20,22,24,30,31,33,35,36,37],"killed_by":"4 Shapes","ascension_level":14}}