{"host":"jlz4is0nf6zo9oab","time":1613763203,"event":{"mods":["AchievementEnabler","BaseMod","Colored Map","Colored Powertips","Highlight Path","Minty Spire (QoL Compilation)","StSLib"],"gold_per_floor":[117,292,217,217,7,7,17,35,83,83,83,100,100,120,120,120,120],"floor_reached":16,"language":"SPA","playtime":512,"items_purged":["Doubt"],"score":153,"play_id":"a2d6aeda-3433-4da6-9640-8b580346b8a4","local_time":"20210219203323","is_ascension_mode":true,"campfire_choices":[{"data":"Caltrops","floor":6,"key":"SMITH"},{"data":"Blur","floor":11,"key":"SMITH"},{"floor":13,"key":"REST"},{"data":"Neutralize","floor":15,"key":"SMITH"}],"circlet_count":0,"master_deck":["AscendersBane","Strike_G","Strike_G","Strike_G","Strike_G","Strike_G","Defend_G","Defend_G","Defend_G","Defend_G","Defend_G","Survivor","Neutralize+1","Caltrops+1","Blur+1"],"relics":["Ring of the Snake","CultistMask","Juzu Bracelet","Tiny Chest","Dream Catcher"],"acts_visited":["Exordium"],"potions_floor_usage":[14,16],"damage_taken":[{"damage":3,"enemies":"2 Louse","floor":1,"turns":3},{"damage":2,"enemies":"Cultist","floor":7,"turns":4},{"damage":1,"enemies":"Jaw Worm","floor":8,"turns":6},{"damage":6,"enemies":"3 Louse","floor":12,"turns":6},{"damage":4,"enemies":"Lots of Slimes","floor":14,"turns":6},{"damage":67,"enemies":"Hexaghost","floor":16,"turns":14}],"seed_played":"-8540250339226274081","potions_obtained":[{"floor":7,"key":"Dexterity Potion"},{"floor":14,"key":"DistilledChaos"}],"is_trial":false,"path_per_floor":["M","?","$","?","$","R","M","M","T","?","R","M","R","M","R","B"],"character_chosen":"THE_SILENT","items_purchased":["Juzu Bracelet","Caltrops"],"campfire_rested":1,"item_purchase_floors":[5,5],"current_hp_per_floor":[62,62,62,62,62,62,60,59,59,52,52,46,67,63,63,0,0],"gold":120,"neow_bonus":"TEN_PERCENT_HP_BONUS","is_daily":false,"chose_seed":false,"campfire_upgraded":3,"win_rate":0.0,"timestamp":1613763203,"path_taken":["M","?","$","?","$","R","M","M","T","?","R","M","R","M","R","BOSS"],"items_purchased_type":["Relic","Card"],"build_version":"2020-12-22","purchased_purges":1,"victory":false,"max_hp_per_floor":[72,72,72,72,72,72,72,72,72,72,72,72,72,72,72,72,72],"card_choices":[{"not_picked":["Sucker Punch","Outmaneuver","Well Laid Plans"],"picked":"SKIP","floor":1},{"not_picked":["Well Laid Plans","Expertise"],"picked":"Blur","floor":7},{"not_picked":["Dash","Sucker Punch","Outmaneuver"],"picked":"SKIP","floor":8},{"not_picked":["Dagger Spray","Dagger Throw","Prepared"],"picked":"SKIP","floor":12},{"not_picked":["Poisoned Stab","Deadly Poison","PiercingWail"],"picked":"SKIP","floor":14}],"player_experience":980339,"relics_obtained":[{"floor":9,"key":"Tiny Chest"}],"event_choices":[{"damage_healed":0,"gold_gain":175,"player_choice":"AGREE","damage_taken":0,"max_hp_gain":0,"max_hp_loss":0,"event_name":"Liars Game","floor":2,"gold_loss":0,"cards_obtained":["Doubt"]},{"damage_healed":0,"gold_gain":0,"player_choice":"Trade","damage_taken":0,"relics_obtained":["CultistMask"],"max_hp_gain":0,"max_hp_loss":0,"event_name":"FaceTrader","floor":4,"gold_loss":0},{"damage_healed":0,"gold_gain":0,"player_choice":"Success","damage_taken":7,"relics_obtained":["Dream Catcher"],"max_hp_gain":0,"max_hp_loss":0,"event_name":"Scrap Ooze","floor":10,"gold_loss":0}],"is_beta":false,"boss_relics":[],"items_purged_floors":[3],"is_endless":false,"potions_floor_spawned":[7,14],"killed_by":"Hexaghost","ascension_level":14}}