{"host":"xo0glkmxta74xh34","time":1613769757,"event":{"mods":["BaseMod","Downfall","Minty Spire (QoL Compilation)","Reliquary","Replay The Spire","StSLib"],"gold_per_floor":[0,12,12,28,39,69,69,82,82,82,113,126,126,145,165,262,262,262,280,291,201,201,186,209,134,134,148,148,160,192,203,213,318,318,318,329,329,329,342,327,350,368,368,393,393,409,31,31,44,44],"floor_reached":51,"language":"ENG","playtime":5296,"items_purged":["downfall:Malfunctioning","Guardian:Strike_Guardian"],"score":1060,"play_id":"e9708952-171a-43e4-bc6a-563d14317cec","local_time":"20210219152237","is_ascension_mode":true,"campfire_choices":[{"data":"Guardian:TwinSlam","floor":1.0,"key":"SMITH"},{"floor":10.0,"key":"REST"},{"data":"Guardian:PiercingHide","floor":18.0,"key":"SMITH"},{"data":"Guardian:DecasProtection","floor":26.0,"key":"SMITH"},{"floor":28.0,"key":"REST"},{"floor":35.0,"key":"DIG"},{"floor":43.0,"key":"REST"},{"data":"Guardian:AncientConstruct","floor":45.0,"key":"SMITH"}],"circlet_count":0,"master_deck":["Guardian:Strike_Guardian+1","Guardian:Strike_Guardian+1","Guardian:Defend_Guardian","Guardian:Defend_Guardian+1","Guardian:Defend_Guardian","Guardian:CurlUp","Guardian:TwinSlam+1","Guardian:PiercingHide+1","Guardian:DecasProtection+1","Guardian:BronzeOrb","Guardian:Clone","Guardian:RefractedBeam","Guardian:ExploitGems","Guardian:SentryBeam","Guardian:Suspension","Guardian:PiercingHide","Guardian:Preprogram","Guardian:GatlingBeam","Guardian:SpikerProtocol+1","Guardian:Incinerate","Guardian:EvasiveProtocol+1","Guardian:ShieldSpikes+1","Guardian:DecasProtection","Guardian:AncientConstruct+1","Guardian:BodySlam","Guardian:CompilePackage","Guardian:Gem_Red","Guardian:Gem_Lightblue","Guardian:Emergency+1","expansioncontent:Hexaburn","Guardian:EvasiveProtocol","Guardian:ChargeUp+1","Guardian:PrismaticBarrier","Guardian:RollAttack+1","Guardian:ShieldSpikes+1","Guardian:SpikerProtocol+1","Guardian:StasisEngine","Guardian:FuturePlans","Guardian:Gem_Cyan","Guardian:ChargeUp+1","Guardian:MultiBeam+1"],"relics":["Guardian:ModeShifter","Mango","reliquary:GummyVitamins","reliquary:Sod","Prayer Wheel","Guardian:PickAxe","Snecko Heart","sneckomod:BlankCard","Omamori","ReplayTheSpireMod:CursedCoin","Ginger","Calling Bell","Vajra","Replay:Ringing Soul","Gambling Chip","Guardian:SackOfGems","Ring of Peace","Ring of Misfortune","Akabeko","Onion Ring","Thread and Needle","Replay:Accelerometer"],"acts_visited":["Exordium","TheCity","TheBeyond"],"potions_floor_usage":[50,50,50],"damage_taken":[{"damage":0.0,"enemies":"2 Louse","floor":2.0,"turns":2.0},{"damage":1.0,"enemies":"Cultist","floor":4.0,"turns":4.0},{"damage":3.0,"enemies":"Small Slimes","floor":5.0,"turns":4.0},{"damage":27.0,"enemies":"3 Sentries","floor":6.0,"turns":14.0},{"damage":7.0,"enemies":"3 Louse","floor":8.0,"turns":4.0},{"damage":13.0,"enemies":"Gremlin Nob","floor":11.0,"turns":5.0},{"damage":0.0,"enemies":"2 Fungi Beasts","floor":12.0,"turns":4.0},{"damage":7.0,"enemies":"2 Fungi Beasts","floor":13.0,"turns":6.0},{"damage":6.0,"enemies":"Exordium Thugs","floor":14.0,"turns":5.0},{"damage":1.0,"enemies":"3 Louse","floor":15.0,"turns":2.0},{"damage":2.0,"enemies":"IC_STATUS_ARCHETYPE","floor":16.0,"turns":8.0},{"damage":3.0,"enemies":"Chosen","floor":19.0,"turns":5.0},{"damage":8.0,"enemies":"Spheric Guardian","floor":20.0,"turns":5.0},{"damage":0.0,"enemies":"downfall:FleeingMerchant","floor":21.0,"turns":4.0},{"damage":5.0,"enemies":"downfall:FleeingMerchant","floor":23.0,"turns":4.0},{"damage":0.0,"enemies":"downfall:FleeingMerchant","floor":25.0,"turns":4.0},{"damage":0.0,"enemies":"Cultist and Chosen","floor":27.0,"turns":6.0},{"damage":0.0,"enemies":"Snecko","floor":29.0,"turns":4.0},{"damage":15.0,"enemies":"Book of Stabbing","floor":30.0,"turns":5.0},{"damage":8.0,"enemies":"Snake Plant","floor":31.0,"turns":4.0},{"damage":0.0,"enemies":"Centurion and Healer","floor":32.0,"turns":9.0},{"damage":12.0,"enemies":"DF_ARCHETYPE_CLAW","floor":33.0,"turns":8.0},{"damage":26.0,"enemies":"Orb Walker","floor":36.0,"turns":7.0},{"damage":0.0,"enemies":"3 Shapes","floor":39.0,"turns":7.0},{"damage":3.0,"enemies":"downfall:FleeingMerchant","floor":40.0,"turns":4.0},{"damage":4.0,"enemies":"Spire Growth","floor":42.0,"turns":5.0},{"damage":0.0,"enemies":"Reptomancer","floor":44.0,"turns":7.0},{"damage":0,"enemies":"Writhing Mass","floor":46,"turns":7},{"damage":0,"enemies":"downfall:FleeingMerchant","floor":47,"turns":1},{"damage":0,"enemies":"3 Darklings","floor":49,"turns":2},{"damage":22,"enemies":"WA_ARCHETYPE_DIVINITY","floor":50,"turns":12}],"seed_played":"8882390827945417265","potions_obtained":[{"floor":4.0,"key":"Languid Potion"},{"floor":12.0,"key":"ColorlessPotion"},{"floor":14.0,"key":"SteroidPotion"},{"floor":15.0,"key":"BlessingOfTheForge"},{"floor":20.0,"key":"sneckomod:MuddlingPotion"},{"floor":27.0,"key":"Dexterity Potion"},{"floor":32.0,"key":"hexamod:SoulburnPotion"},{"floor":33.0,"key":"Swift Potion"},{"floor":36.0,"key":"Guardian:AcceleratePotion"},{"floor":42.0,"key":"Guardian:DefensiveModePotion"},{"floor":44.0,"key":"Reflective Coating"},{"floor":46,"key":"SkillPotion"}],"is_trial":false,"path_per_floor":["R","M","?","M","M","E","T","M","?","R","E","M","?","M","M","B",null,"R","M","M","$","?","$","T","$","R","M","R","M","E","M","M","B",null,"R","M","?","?","M","$","T","M","R","E","R","M","$","?","M","B",null],"character_chosen":"GUARDIAN","items_purchased":["Omamori","ReplayTheSpireMod:CursedCoin","Guardian:Gem_Purple","Thread and Needle","Replay:Accelerometer","Guardian:FuturePlans"],"campfire_rested":3,"item_purchase_floors":[25,25,25,47,47,47],"current_hp_per_floor":[86,86,86,85,82,55,55,48,48,76,63,63,56,50,49,47,82,82,79,71,71,71,66,66,66,66,66,94,94,79,71,71,59,85,88,65,65,68,71,71,71,70,103,106,106,109,112,115,118,96],"gold":44,"neow_bonus":"ONE_RARE_RELIC","is_daily":false,"chose_seed":false,"campfire_upgraded":4,"win_rate":0.0,"timestamp":1613769757,"path_taken":["R","M","?","M","?","E","T","M","?","R","E","M","?","M","M","BOSS","R","M","M","$","?","$","T","?","R","M","R","M","E","?","M","BOSS","R","M","?","?","M","$","T","M","R","E","R","M","$","?","M","BOSS"],"items_purchased_type":["Relic","Relic","Card","Relic","Relic","Card"],"build_version":"2020-12-22","purchased_purges":2,"victory":true,"max_hp_per_floor":[94,94,94,94,94,94,94,94,94,94,94,94,94,94,94,94,94,94,94,94,94,94,94,94,94,94,94,94,94,94,94,94,94,94,97,100,100,103,106,109,109,112,112,115,115,118,121,124,127,127],"card_choices":[{"not_picked":["Guardian:WalkerClaw","Guardian:PrimingBeam"],"picked":"Guardian:PiercingHide","floor":2.0},{"not_picked":["Guardian:Planning","Guardian:Gem_White"],"picked":"Guardian:DecasProtection","floor":4.0},{"not_picked":["Guardian:Planning","Guardian:Gem_Purple"],"picked":"Guardian:Gem_Yellow","floor":5.0},{"not_picked":["Guardian:TemporalStrike","Guardian:PiercingHide"],"picked":"Guardian:BronzeOrb","floor":6.0},{"not_picked":["Guardian:Gem_White","Guardian:ShieldCharger"],"picked":"Guardian:Clone","floor":8.0},{"not_picked":["Guardian:VentSteam","Guardian:TemporalStrike"],"picked":"Guardian:RefractedBeam","floor":11.0},{"not_picked":["Guardian:Gem_Crimson","Guardian:Incinerate"],"picked":"Guardian:ExploitGems","floor":12.0},{"not_picked":["Guardian:Suspension","Guardian:PiercingHide"],"picked":"Guardian:SentryBeam","floor":12.0},{"not_picked":["Guardian:Suspension","Guardian:Incinerate"],"picked":"Guardian:Gem_Purple","floor":14.0},{"not_picked":["Guardian:Planning","Guardian:Recover"],"picked":"Guardian:Suspension","floor":14.0},{"not_picked":["Guardian:RollAttack","Guardian:BodySlam"],"picked":"Guardian:PiercingHide","floor":15.0},{"not_picked":["Guardian:GuardianWhirl","Guardian:Planning"],"picked":"Guardian:Preprogram","floor":15.0},{"not_picked":["Guardian:GemFinder","Guardian:CompilePackage"],"picked":"Guardian:GatlingBeam","floor":16.0},{"not_picked":["Guardian:Gem_Green","Guardian:RollAttack","Guardian:Harden"],"picked":"SKIP","floor":19.0},{"not_picked":["Guardian:Harden","Guardian:TemporalShield","Guardian:Preprogram"],"picked":"SKIP","floor":19.0},{"not_picked":["Guardian:Gem_Lightblue","Guardian:Gem_Red"],"picked":"Guardian:Gem_Purple","floor":20.0},{"not_picked":["Guardian:BodySlam","Guardian:ShieldCharger","Guardian:Clone"],"picked":"SKIP","floor":20.0},{"not_picked":["Guardian:Gem_Green","Guardian:Recover"],"picked":"Guardian:SpikerProtocol+1","floor":21.0},{"not_picked":["Guardian:Gem_Lightblue","Guardian:VentSteam"],"picked":"Guardian:Incinerate","floor":23.0},{"not_picked":["Guardian:VentSteam+1","Guardian:Gem_Crimson"],"picked":"Guardian:EvasiveProtocol+1","floor":25.0},{"not_picked":["Guardian:PrimingBeam","Guardian:Planning"],"picked":"Guardian:ShieldSpikes+1","floor":27.0},{"not_picked":["Guardian:WalkerClaw","Guardian:Reroute+1"],"picked":"Guardian:Gem_Green","floor":27.0},{"not_picked":["Guardian:ShieldCharger+1","Guardian:SpikerProtocol"],"picked":"Guardian:DecasProtection","floor":29.0},{"not_picked":["Guardian:Recover+1","Guardian:PiercingHide","Guardian:Gem_Cyan"],"picked":"SKIP","floor":29.0},{"not_picked":["Guardian:ShieldCharger+1","Guardian:CrystalBeam"],"picked":"Guardian:AncientConstruct","floor":30.0},{"not_picked":["Guardian:TemporalStrike","Guardian:Planning"],"picked":"Guardian:Gem_Blue","floor":31.0},{"not_picked":["Guardian:WalkerClaw","Guardian:Reroute","Guardian:Gem_Red"],"picked":"SKIP","floor":31.0},{"not_picked":["Guardian:ChargeCore","Guardian:CrystalBeam"],"picked":"Guardian:BodySlam","floor":32.0},{"not_picked":["Guardian:WalkerClaw+1","Guardian:Suspension","Guardian:VentSteam"],"picked":"SKIP","floor":32.0},{"not_picked":["Guardian:FierceBash","Guardian:StasisStrike"],"picked":"Guardian:CompilePackage","floor":33.0},{"not_picked":["Guardian:StasisField","Guardian:TemporalShield+1"],"picked":"Guardian:Emergency+1","floor":36.0},{"not_picked":["Guardian:Recover","Guardian:Emergency+1","Guardian:Gem_Lightblue"],"picked":"SKIP","floor":36.0},{"not_picked":["expansioncontent:PrepareCrush","expansioncontent:HyperBeam"],"picked":"expansioncontent:Hexaburn","floor":38.0},{"not_picked":["Guardian:Recover+1","Guardian:WalkerClaw"],"picked":"Guardian:EvasiveProtocol","floor":39.0},{"not_picked":["Guardian:TemporalStrike+1","Guardian:Gem_Blue"],"picked":"Guardian:ChargeUp+1","floor":39.0},{"not_picked":["Guardian:Gem_Cyan","Guardian:Gem_Red"],"picked":"Guardian:PrismaticBarrier","floor":40.0},{"not_picked":["Guardian:ChargeUp+1","Guardian:BronzeOrb"],"picked":"Guardian:RollAttack+1","floor":42.0},{"not_picked":["Guardian:TemporalShield","Guardian:Gem_Green","Guardian:Recover"],"picked":"SKIP","floor":42.0},{"not_picked":["Guardian:Gem_White","Guardian:PiercingHide"],"picked":"Guardian:ShieldSpikes+1","floor":44.0},{"not_picked":["Guardian:Orbwalk","Guardian:Incinerate"],"picked":"Guardian:SpikerProtocol+1","floor":46},{"not_picked":["Guardian:Planning","Guardian:WalkerClaw","Guardian:Clone"],"picked":"SKIP","floor":46},{"not_picked":["Guardian:TemporalStrike+1","Guardian:TemporalShield"],"picked":"Guardian:StasisEngine","floor":47},{"not_picked":["Guardian:Planning","Guardian:Gem_Red"],"picked":"Guardian:ChargeUp+1","floor":49},{"not_picked":["Guardian:Gem_Lightblue","Guardian:Gem_Cyan"],"picked":"Guardian:MultiBeam+1","floor":49}],"player_experience":518204,"relics_obtained":[{"floor":6.0,"key":"reliquary:GummyVitamins"},{"floor":7.0,"key":"reliquary:Sod"},{"floor":11.0,"key":"Prayer Wheel"},{"floor":24.0,"key":"sneckomod:BlankCard"},{"floor":30.0,"key":"Ginger"},{"floor":34.0,"key":"Vajra"},{"floor":34.0,"key":"Replay:Ringing Soul"},{"floor":34.0,"key":"Gambling Chip"},{"floor":35.0,"key":"Guardian:SackOfGems"},{"floor":37.0,"key":"Ring of Peace"},{"floor":37.0,"key":"Ring of Misfortune"},{"floor":41.0,"key":"Akabeko"},{"floor":44.0,"key":"Onion Ring"}],"event_choices":[{"cards_removed":["Guardian:Defend_Guardian"],"damage_healed":0.0,"max_hp_gain":0.0,"max_hp_loss":0.0,"gold_gain":0.0,"event_name":"Bonfire Elementals","player_choice":"Offered Basic","floor":3.0,"gold_loss":0.0,"damage_taken":0.0}],"is_beta":false,"boss_relics":[{"not_picked":["reliquary:RedCape","reliquary:RedPaperclip"],"picked":"Snecko Heart"},{"not_picked":["Cursed Key","Runic Pyramid"],"picked":"Calling Bell"}],"items_purged_floors":[21,47],"is_endless":false,"potions_floor_spawned":[4,12,13,14,15,20,27,31,32,33,36,42,44,46],"ascension_level":8}}