{"host":"8m7is3yylgn0pnts","time":1613710125,"event":{"mods":["ATMod(阿瑾Mod)","Act Like it!","Arknights","BaseMod","Downfall","Gensokyo","Hallownest","KinomotoSakuraMod(木之本樱)","Koishi","Lobotomy","Marisa（F雨　魔理沙）","Minty Spire (QoL Compilation)","Remilia_Scarlet Moed（蕾米莉亚・斯卡雷特）3.3.5","Remilia（蕾米莉亚）","StSLib","The Animator","The Gatherer","Waifu the Spire","WarShipGirlsR/战舰少女R mod","Yakumo Yukari mod"],"gold_per_floor":[99,118,138,138,138,165,165,176,76,93,93,93,93,105,120,225,225,125,135,135,135,151,184,209,227,247,347,347,327,327,344,356,561,561,561,576,587,607,619,161,161,180,230,130,130,146,165,293,304,404,404,530,6,6,6,106],"floor_reached":57,"language":"ZHS","playtime":7088,"items_purged":["Slimebound:Strike_Slimebound","Slimebound:Defend_Slimebound"],"score":2110,"play_id":"7d1acf5b-0f16-4470-8b34-24b810e2aba1","local_time":"20210219124845","is_ascension_mode":false,"campfire_choices":[{"data":"Slimebound:Split","floor":1,"key":"SMITH"},{"floor":9,"key":"RECALL"},{"data":"Slimebound:SelfFormingGoo","floor":18,"key":"SMITH"},{"floor":28,"key":"REST"},{"floor":30,"key":"REST"},{"data":"Slimebound:SamplingLick","floor":35,"key":"SMITH"},{"data":"expansioncontent:QuickStudy","floor":44,"key":"SMITH"},{"data":"Slimebound:FormOfPuddle","floor":54,"key":"SMITH"}],"circlet_count":0,"master_deck":["Slimebound:Strike_Slimebound","Slimebound:Tackle+1","Slimebound:Defend_Slimebound","Slimebound:Defend_Slimebound+1","Slimebound:Defend_Slimebound","Slimebound:Split+1","Slimebound:CorrosiveSpit","Slimebound:Schlurp","Slimebound:ComboTackle+1","Slimebound:SplitLeeching","Slimebound:AcidTongue","Slimebound:ForwardTackle","CurseOfTheBell","CurseOfTheBell","Slimebound:SplitBruiser","Slimebound:Replication","Slimebound:SelfFormingGoo+1","Slimebound:Dissolve+1","Slimebound:Repurpose","Slimebound:RollThrough+1","Slimebound:FormOfPuddle+1","Slimebound:SamplingLick+1","Slimebound:DisruptingSlam+1","Slimebound:Prepare","Slimebound:ViciousTackle+1","Slimebound:SplitLeeching+1","Slimebound:WasteNot","Slimebound:Equalize+1","Slimebound:ComboTackle+1","Slimebound:LevelUp","expansioncontent:QuickStudy+1","Slimebound:LeechEnergy+1","Slimebound:Prepare","Slimebound:SplitAcid+1","Slimebound:LeadByExample","Slimebound:SplitLeeching","Slimebound:SplitBruiser"],"relics":["Slimebound:AbsorbEndCombat","AT_ATBox","Lizard Tail","FossilizedHelix","AT_Manta","downfall:HeartBlessingGreen","downfall:ExtraCursedBell","AT_ArcaneBoots","AT_GuinsooRageblade","StoneCalendar","Sozu","downfall:HeartBlessingRed","WingedGreaves","AT_BellDemon","Shuriken","AT_BellowingDragoncrestRing","AT_TheCollector","Molten Egg 2","InkBottle","Busted Crown","Ice Cream","Lantern","ScarletDevilRocket","Slimebound:MaxSlimesRelic","Whetstone","Pocketwatch","Lee\u0027s Waffle","MealTicket","Torii","Ginger","downfall:HeartBlessingBlue","PreservedInsect","Ornamental Fan","HornCleat","Pen Nib","Gambling Chip","Thread and Needle","Bag of Preparation","AT_ArchangelStaff","AT_BladeRuinedKing","ClockworkSouvenir"],"acts_visited":["Exordium","TheCity","TheBeyond","TheEnding"],"potions_floor_usage":[25,25,33],"damage_taken":[{"damage":1,"enemies":"Cultist","floor":2,"turns":3},{"damage":5,"enemies":"Jaw Worm","floor":3,"turns":2},{"damage":21,"enemies":"Lagavulin","floor":6,"turns":7},{"damage":0,"enemies":"2 Louse","floor":8,"turns":2},{"damage":0,"enemies":"Blue Slaver","floor":10,"turns":3},{"damage":6,"enemies":"2 Fungi Beasts","floor":14,"turns":4},{"damage":0,"enemies":"downfall:LooterAlt","floor":15,"turns":2},{"damage":0,"enemies":"SI_SHIV_ARCHETYPE","floor":16,"turns":5},{"damage":0,"enemies":"Shell Parasite","floor":19,"turns":3},{"damage":3,"enemies":"Chosen","floor":22,"turns":3},{"damage":18,"enemies":"Gremlin Leader","floor":23,"turns":4},{"damage":10,"enemies":"Snake Plant","floor":25,"turns":2},{"damage":20,"enemies":"Sentry and Sphere","floor":26,"turns":4},{"damage":0,"enemies":"Colosseum Nobs","floor":27,"turns":3},{"damage":20,"enemies":"Chosen and Byrds","floor":31,"turns":3},{"damage":0,"enemies":"Snake Plant","floor":32,"turns":3},{"damage":25,"enemies":"DF_ARCHETYPE_CLAW","floor":33,"turns":5},{"damage":0,"enemies":"3 Darklings","floor":36,"turns":3},{"damage":0,"enemies":"3 Shapes","floor":37,"turns":2},{"damage":0,"enemies":"Transient","floor":38,"turns":5},{"damage":0,"enemies":"Sphere and 2 Shapes","floor":39,"turns":2},{"damage":0,"enemies":"downfall:FleeingMerchant","floor":40,"turns":2},{"damage":0,"enemies":"3 Darklings","floor":42,"turns":3},{"damage":0,"enemies":"3 Darklings","floor":43,"turns":3},{"damage":0,"enemies":"3 Darklings","floor":45,"turns":2},{"damage":0,"enemies":"Maw","floor":46,"turns":3},{"damage":0,"enemies":"Writhing Mass","floor":47,"turns":4},{"damage":0,"enemies":"Giant Head","floor":48,"turns":2},{"damage":0,"enemies":"Spire Growth","floor":49,"turns":3},{"damage":0,"enemies":"WA_ARCHETYPE_DIVINITY","floor":50,"turns":5},{"damage":0,"enemies":"downfall:CharBossMerchant","floor":52,"turns":3},{"damage":0,"enemies":"downfall:NeowBoss","floor":55,"turns":8},{"damage":0,"enemies":"downfall:NeowBossFinal","floor":56,"turns":5}],"seed_played":"4658333964019558479","potions_obtained":[{"floor":2,"key":"Regen Potion"},{"floor":14,"key":"Weak Potion"},{"floor":15,"key":"Fire Potion"},{"floor":16,"key":"SneckoOil"}],"is_trial":false,"path_per_floor":["R","M","M","?","T","E","T","M","R","M","?","?","?","M","M","B",null,"R","M","?","?","M","E","T","M","M","?","R","?","R","M","M","B",null,"R","M","M","M","M","$","T","M","?","R","?","M","M","E","M","B",null,"E","$","R","B","B",null],"character_chosen":"SLIMEBOUND","items_purchased":["Slimebound:LevelUp","expansioncontent:QuickStudy","Pocketwatch","Lee\u0027s Waffle","AT_BladeRuinedKing","Slimebound:LeadByExample","Slimebound:SplitLeeching","Slimebound:SplitBruiser","ClockworkSouvenir"],"campfire_rested":2,"item_purchase_floors":[40,40,40,40,53,53,53,53,53],"current_hp_per_floor":[71,71,68,68,68,55,55,59,59,61,61,61,61,59,61,65,71,71,71,71,71,70,54,54,46,26,30,51,51,71,51,51,46,71,71,71,71,71,71,78,78,78,78,88,88,88,88,88,88,88,88,88,88,88,88,88],"gold":106,"neow_bonus":"TEN_PERCENT_HP_BONUS","is_daily":false,"chose_seed":false,"campfire_upgraded":5,"win_rate":0.0,"timestamp":1613710125,"path_taken":["R","M","M","?","?","E","T","M","R","?","?","?","?","M","M","BOSS","R","M","?","?","?","E","T","M","M","?","R","?","R","M","M","BOSS","R","M","M","M","M","$","T","M","?","R","?","M","M","E","M","BOSS","E","$","R","BOSS","BOSS"],"items_purchased_type":["Card","Card","Relic","Relic","Relic","Card","Card","Card","Relic"],"build_version":"2020-12-22","purchased_purges":2,"victory":true,"max_hp_per_floor":[71,71,71,71,71,71,71,71,71,71,71,71,71,71,71,71,71,71,71,71,71,71,71,71,71,71,71,71,71,71,71,71,71,71,71,71,71,71,71,78,78,78,78,88,88,88,88,88,88,88,88,88,88,88,88,88],"card_choices":[{"not_picked":["Slimebound:TongueLash","Slimebound:SpikyOuterGoop"],"picked":"Slimebound:Schlurp","floor":2},{"not_picked":["Slimebound:GoopSpray","Slimebound:SplitMire"],"picked":"Slimebound:ComboTackle","floor":3},{"not_picked":["Slimebound:LeechEnergy","Slimebound:Nibble"],"picked":"Slimebound:SplitLeeching","floor":6},{"not_picked":["Slimebound:GrowthPunch","Slimebound:ComboTackle"],"picked":"Slimebound:AcidTongue","floor":8},{"not_picked":["Slimebound:Replication","Slimebound:Chomp"],"picked":"Slimebound:ForwardTackle","floor":10},{"not_picked":["Slimebound:FlameTackle","Slimebound:BestDefense"],"picked":"Slimebound:SplitBruiser","floor":14},{"not_picked":["Slimebound:HauntingLick","Slimebound:Chomp"],"picked":"Slimebound:Replication","floor":15},{"not_picked":["Slimebound:LeechLife","Slimebound:DuplicatedForm"],"picked":"Slimebound:SelfFormingGoo","floor":16},{"not_picked":["Slimebound:DisruptingSlam+1","Slimebound:GoopSpray"],"picked":"Slimebound:Dissolve+1","floor":19},{"not_picked":["Slimebound:LeechingTouch","Slimebound:ForwardTackle+1"],"picked":"Slimebound:RollThrough","floor":22},{"not_picked":["Slimebound:SplitMire+1","Slimebound:SlimeBarrage"],"picked":"Slimebound:FormOfPuddle","floor":23},{"not_picked":["Slimebound:FinishingTackle","Slimebound:ComboTackle"],"picked":"Slimebound:SamplingLick","floor":25},{"not_picked":["Slimebound:PressTheAttack","Slimebound:LeadByExample"],"picked":"Slimebound:DisruptingSlam+1","floor":26},{"not_picked":["Slimebound:FlameTackle+1","Slimebound:ViciousTackle+1"],"picked":"Slimebound:Prepare","floor":27},{"not_picked":["Slimebound:SpikyOuterGoop","Slimebound:SplitMire+1"],"picked":"Slimebound:ViciousTackle+1","floor":31},{"not_picked":["Slimebound:ComboTackle+1","Slimebound:SplitBruiser"],"picked":"Slimebound:SplitLeeching+1","floor":32},{"not_picked":["Slimebound:MassRepurpose","Slimebound:Teamwork"],"picked":"Slimebound:WasteNot","floor":33},{"not_picked":["Slimebound:GoopTackle+1"],"picked":"SKIP","floor":36},{"not_picked":[],"picked":"Slimebound:Equalize+1","floor":37},{"not_picked":["Slimebound:GrowthPunch+1"],"picked":"SKIP","floor":38},{"not_picked":["Slimebound:ItLooksTasty+1"],"picked":"SKIP","floor":39},{"not_picked":[],"picked":"Slimebound:ComboTackle+1","floor":40},{"not_picked":[],"picked":"Slimebound:LeechEnergy+1","floor":42},{"not_picked":[],"picked":"Slimebound:Prepare","floor":43},{"not_picked":["Slimebound:TongueLash+1"],"picked":"SKIP","floor":46},{"not_picked":["Slimebound:SamplingLick"],"picked":"SKIP","floor":47},{"not_picked":["Slimebound:RollThrough+1"],"picked":"SKIP","floor":48},{"not_picked":[],"picked":"Slimebound:SplitAcid+1","floor":49},{"not_picked":["Slimebound:PressTheAttack+1"],"picked":"SKIP","floor":52}],"player_experience":51349,"relics_obtained":[{"floor":5,"key":"Lizard Tail"},{"floor":6,"key":"FossilizedHelix"},{"floor":7,"key":"AT_Manta"},{"floor":12,"key":"AT_SpeedBoots"},{"floor":12,"key":"AT_GuinsooRageblade"},{"floor":12,"key":"StoneCalendar"},{"floor":23,"key":"WingedGreaves"},{"floor":24,"key":"AT_BellDemon"},{"floor":25,"key":"Shuriken"},{"floor":26,"key":"AT_BellowingDragoncrestRing"},{"floor":27,"key":"AT_TheCollector"},{"floor":27,"key":"Molten Egg 2"},{"floor":31,"key":"InkBottle"},{"floor":36,"key":"Ice Cream"},{"floor":37,"key":"Lantern"},{"floor":38,"key":"ScarletDevilRocket"},{"floor":39,"key":"Slimebound:MaxSlimesRelic"},{"floor":40,"key":"Whetstone"},{"floor":42,"key":"MealTicket"},{"floor":43,"key":"Torii"},{"floor":43,"key":"Ginger"},{"floor":45,"key":"PreservedInsect"},{"floor":46,"key":"Ornamental Fan"},{"floor":47,"key":"HornCleat"},{"floor":48,"key":"Pen Nib"},{"floor":48,"key":"Gambling Chip"},{"floor":49,"key":"Thread and Needle"},{"floor":52,"key":"Bag of Preparation"},{"floor":52,"key":"AT_ArchangelStaff"}],"event_choices":[{"cards_removed":["downfall:Malfunctioning"],"damage_healed":0,"gold_gain":0,"player_choice":"Card Removal","damage_taken":0,"max_hp_gain":0,"max_hp_loss":0,"event_name":"The Cleric","floor":13,"gold_loss":0},{"damage_healed":0,"gold_gain":0,"player_choice":"Read","damage_taken":0,"max_hp_gain":0,"max_hp_loss":0,"event_name":"The Library","floor":20,"gold_loss":0,"cards_obtained":["Slimebound:Repurpose"]},{"damage_healed":0,"gold_gain":0,"player_choice":"Got Potions","damage_taken":0,"max_hp_gain":0,"max_hp_loss":0,"event_name":"Lab","floor":21,"gold_loss":0}],"is_beta":false,"boss_relics":[{"not_picked":["Cursed Key","Astrolabe"],"picked":"Sozu"},{"not_picked":["Black Star","Empty Cage"],"picked":"Busted Crown"}],"items_purged_floors":[40,53],"is_endless":false,"potions_floor_spawned":[2,14,15,16,22,26,31,32,37,42,43,46,47,49],"ascension_level":0}}