{"host":"ad59wuc8ynh8u2z6","time":1613754097,"event":{"mods":["AchievementEnabler","BaseMod","Colored Powertips","DeckTracker","Highlight Path","Minty Spire (QoL Compilation)","Permanent Neow"],"gold_per_floor":[116,66,66,13,23,23,58,73,73,73,87,87,121,135,135,236,236,255,271,19,19,29,29,62,62,62,81,101,117,144,18,18,120,120,137,237,28,47,57,57,90,90,90,122,122,122,132,151,151,151],"floor_reached":51,"language":"ENG","playtime":2295,"items_purged":["Strike_B"],"score":1051,"play_id":"de17fa71-d9dc-4d78-9db3-0c897be4c2ea","local_time":"20210219180137","is_ascension_mode":true,"campfire_choices":[{"data":"Defragment","floor":6.0,"key":"SMITH"},{"data":"Coolheaded","floor":10.0,"key":"SMITH"},{"data":"1","floor":12.0,"key":"LIFT"},{"data":"2","floor":15.0,"key":"LIFT"},{"floor":23,"key":"REST"},{"floor":25,"key":"REST"},{"floor":32,"key":"REST"},{"data":"Chill","floor":40,"key":"SMITH"},{"data":"Coolheaded","floor":42,"key":"SMITH"},{"data":"Coolheaded","floor":46,"key":"SMITH"},{"floor":49,"key":"REST"}],"circlet_count":0,"master_deck":["Strike_B+1","Defend_B","Defend_B","Defend_B","Defend_B","Zap","Dualcast","CurseOfTheBell","Cold Snap+1","Defragment+1","Coolheaded+1","Coolheaded+1","Blizzard+1","Defragment+1","Chill+1","Coolheaded+1","Echo Form","Coolheaded"],"relics":["Calling Bell","Bronze Scales","Singing Bowl","Lizard Tail","Bottled Flame","Girya","Pear","Philosopher\u0027s Stone","Letter Opener","Whetstone","CaptainsWheel","Red Mask","Busted Crown","Runic Capacitor","Toxic Egg 2","Bottled Tornado","Mango"],"acts_visited":["Exordium","TheCity","TheBeyond"],"potions_floor_usage":[16,30,33,50,50,50],"damage_taken":[{"damage":6.0,"enemies":"Small Slimes","floor":1.0,"turns":3.0},{"damage":1.0,"enemies":"Jaw Worm","floor":5.0,"turns":5.0},{"damage":18.0,"enemies":"Gremlin Nob","floor":7.0,"turns":5.0},{"damage":5.0,"enemies":"2 Louse","floor":8.0,"turns":2.0},{"damage":6.0,"enemies":"Large Slime","floor":11.0,"turns":7.0},{"damage":2.0,"enemies":"Lagavulin","floor":13.0,"turns":11.0},{"damage":27.0,"enemies":"Exordium Thugs","floor":14.0,"turns":5.0},{"damage":27,"enemies":"Slime Boss","floor":16,"turns":14},{"damage":4,"enemies":"Chosen","floor":18,"turns":6},{"damage":21,"enemies":"3 Byrds","floor":19,"turns":3},{"damage":26,"enemies":"Snake Plant","floor":22,"turns":5},{"damage":31,"enemies":"Book of Stabbing","floor":24,"turns":7},{"damage":8,"enemies":"Sentry and Sphere","floor":27,"turns":6},{"damage":17,"enemies":"Chosen and Byrds","floor":28,"turns":6},{"damage":17,"enemies":"Shelled Parasite and Fungi","floor":29,"turns":5},{"damage":3,"enemies":"Masked Bandits","floor":30,"turns":4},{"damage":21,"enemies":"Automaton","floor":33,"turns":11},{"damage":19,"enemies":"3 Darklings","floor":35,"turns":5},{"damage":0,"enemies":"3 Shapes","floor":38,"turns":5},{"damage":11,"enemies":"Jaw Worm Horde","floor":39,"turns":4},{"damage":0,"enemies":"Giant Head","floor":41,"turns":8},{"damage":9,"enemies":"Nemesis","floor":44,"turns":7},{"damage":0,"enemies":"Maw","floor":47,"turns":6},{"damage":23,"enemies":"Transient","floor":48,"turns":5},{"damage":8,"enemies":"Awakened One","floor":50,"turns":7}],"seed_played":"7438657935156958880","potions_obtained":[{"floor":1.0,"key":"SmokeBomb"},{"floor":5.0,"key":"Block Potion"},{"floor":14.0,"key":"PotionOfCapacity"},{"floor":18,"key":"EssenceOfSteel"},{"floor":22,"key":"Explosive Potion"},{"floor":24,"key":"Dexterity Potion"},{"floor":35,"key":"SteroidPotion"},{"floor":39,"key":"CultistPotion"},{"floor":44,"key":"PowerPotion"},{"floor":45,"key":"Regen Potion"}],"is_trial":false,"path_per_floor":["M","?","?","$","M","R","E","M","T","R","M","R","E","M","R","B",null,"M","M","$","?","M","R","E","R","T","M","M","M","?","$","R","B",null,"M","?","$","M","M","R","E","R","T","E","?","R","M","M","R","B",null],"character_chosen":"DEFECT","items_purchased":["Cold Snap","Letter Opener","FocusPotion","Runic Capacitor","Coolheaded"],"campfire_rested":4,"item_purchase_floors":[4,20,31,37,37],"current_hp_per_floor":[64,64,64,64,63,63,45,42,42,42,38,38,48,23,23,49,85,83,64,64,44,18,49,18,49,49,41,26,9,6,6,38,17,85,68,68,68,70,61,61,63,63,63,70,70,70,72,51,91,98],"gold":151,"neow_bonus":"BOSS_RELIC","is_daily":false,"chose_seed":false,"campfire_upgraded":5,"win_rate":0.0,"timestamp":1613754097,"path_taken":["M","?","?","?","M","R","E","M","T","R","M","R","E","M","R","BOSS","M","M","$","?","M","R","E","R","T","M","M","M","?","$","R","BOSS","M","?","?","M","M","R","E","R","T","E","?","R","?","M","R","BOSS"],"items_purchased_type":["Card","Relic","Potion","Relic","Card"],"build_version":"2020-12-22","purchased_purges":1,"victory":true,"max_hp_per_floor":[77,77,77,77,77,77,77,79,79,79,81,81,93,95,95,97,97,99,101,101,106,106,106,106,106,106,106,108,108,108,108,108,108,108,110,110,110,112,114,114,116,116,116,132,132,132,134,136,136,136],"card_choices":[{"not_picked":["Sweeping Beam","Ball Lightning","Turbo"],"picked":"Singing Bowl","floor":1.0},{"not_picked":["Hologram","Melter"],"picked":"Defragment","floor":5.0},{"not_picked":["Streamline","Lockon"],"picked":"Coolheaded","floor":7.0},{"not_picked":["Self Repair","Redo","Stack"],"picked":"Singing Bowl","floor":8.0},{"not_picked":["Gash","Genetic Algorithm","Self Repair"],"picked":"Singing Bowl","floor":11.0},{"not_picked":["Doom and Gloom","Static Discharge","Self Repair"],"picked":"Singing Bowl","floor":13.0},{"not_picked":["BootSequence","Barrage","Go for the Eyes"],"picked":"Singing Bowl","floor":14.0},{"not_picked":["Multi-Cast","Buffer","Reboot"],"picked":"Singing Bowl","floor":16},{"not_picked":["Compile Driver","Beam Cell","Chill"],"picked":"Singing Bowl","floor":18},{"not_picked":["Beam Cell+1","Steam Power","Redo"],"picked":"Singing Bowl","floor":19},{"not_picked":["Barrage","Hologram"],"picked":"Coolheaded","floor":22},{"not_picked":["Reboot","Rebound"],"picked":"Blizzard+1","floor":24},{"not_picked":["Go for the Eyes+1","Rebound"],"picked":"Defragment+1","floor":27},{"not_picked":["Force Field","Leap+1","Beam Cell+1"],"picked":"Singing Bowl","floor":28},{"not_picked":["Consume","Redo"],"picked":"Chill","floor":29},{"not_picked":["Barrage","Steam Power"],"picked":"Coolheaded","floor":30},{"not_picked":["Biased Cognition","All For One"],"picked":"Echo Form","floor":33},{"not_picked":["Double Energy+1"],"picked":"Singing Bowl","floor":35},{"not_picked":["Beam Cell+1"],"picked":"Singing Bowl","floor":38},{"not_picked":["Redo+1"],"picked":"Singing Bowl","floor":39},{"not_picked":["Ball Lightning+1"],"picked":"Singing Bowl","floor":41},{"not_picked":["Hologram+1"],"picked":"Singing Bowl","floor":44},{"not_picked":["Sweeping Beam+1"],"picked":"Singing Bowl","floor":47},{"not_picked":["Streamline+1"],"picked":"Singing Bowl","floor":48}],"player_experience":109665,"relics_obtained":[{"floor":0.0,"key":"Bronze Scales"},{"floor":0.0,"key":"Singing Bowl"},{"floor":0.0,"key":"Lizard Tail"},{"floor":7.0,"key":"Bottled Flame"},{"floor":9.0,"key":"Girya"},{"floor":13.0,"key":"Pear"},{"floor":24,"key":"Whetstone"},{"floor":26,"key":"CaptainsWheel"},{"floor":30,"key":"Red Mask"},{"floor":41,"key":"Toxic Egg 2"},{"floor":43,"key":"Bottled Tornado"},{"floor":44,"key":"Mango"}],"event_choices":[{"cards_removed":["Strike_B"],"damage_healed":0.0,"max_hp_gain":0.0,"max_hp_loss":0.0,"gold_gain":0.0,"event_name":"The Cleric","player_choice":"Card Removal","floor":2.0,"gold_loss":50.0,"damage_taken":0.0},{"cards_removed":["Strike_B"],"damage_healed":0.0,"max_hp_gain":0.0,"max_hp_loss":0.0,"gold_gain":0.0,"event_name":"Living Wall","player_choice":"Forget","floor":3.0,"gold_loss":0.0,"damage_taken":0.0},{"damage_healed":0,"gold_gain":0,"player_choice":"Shed Blood","damage_taken":25,"max_hp_gain":5,"max_hp_loss":0,"event_name":"Forgotten Altar","floor":21,"gold_loss":0},{"damage_healed":0,"gold_gain":0,"player_choice":"Fought Bandits","damage_taken":0,"max_hp_gain":0,"max_hp_loss":0,"event_name":"Masked Bandits","floor":30,"gold_loss":0},{"damage_healed":0,"gold_gain":100,"player_choice":"Pray","damage_taken":0,"max_hp_gain":0,"max_hp_loss":0,"event_name":"Golden Shrine","floor":36,"gold_loss":0},{"damage_healed":0,"gold_gain":0,"player_choice":"Got Potions","damage_taken":0,"max_hp_gain":0,"max_hp_loss":0,"event_name":"Lab","floor":45,"gold_loss":0}],"is_beta":false,"boss_relics":[{"not_picked":["Nuclear Battery","Ectoplasm"],"picked":"Philosopher\u0027s Stone"},{"not_picked":["Astrolabe","Velvet Choker"],"picked":"Busted Crown"}],"items_purged_floors":[31],"is_endless":false,"potions_floor_spawned":[1,5,14,18,22,24,27,29,35,39,44],"ascension_level":6}}