{"host":"at5b10nm0iti0w4x","time":1613776263,"event":{"mods":["2.2 Compatiblity","AchievementEnabler","BaseMod","Bestiary","Block Reminder","Colored Map","Colored Powertips","Highlight Path","Keyboard Shortcuts","Minty Spire (QoL Compilation)","Quick Restart","Relic Stats","Slay the Relics Exporter","StSLib","SuperFastMode","Unknown Chances"],"gold_per_floor":[116,131,131,154,154,192,192,206,229,229,229,253,253,273,273,397,397,420,420,445,463,484,484,67,86,86,109,134,157,157,173,173,173,173],"floor_reached":33,"language":"ENG","playtime":623,"items_purged":[],"score":255,"play_id":"84e9eeed-96d1-42d0-b642-6b0de4bc7c43","local_time":"20210219181103","is_ascension_mode":false,"campfire_choices":[{"data":"Berserk","floor":7,"key":"SMITH"},{"floor":10,"key":"REST"},{"data":"Battle Trance","floor":13,"key":"SMITH"},{"floor":15,"key":"REST"},{"floor":23,"key":"REST"},{"floor":32,"key":"REST"}],"circlet_count":0,"master_deck":["Strike_R","Strike_R","Strike_R","Strike_R","Defend_R","Defend_R","Defend_R","Defend_R","Bash","Battle Trance+1","Perfected Strike+1","Cleave","Berserk+1","Cleave","Sword Boomerang","Headbutt","Perfected Strike","Double Tap","Rampage","Fire Breathing","Clothesline+1","Perfected Strike","Double Tap","Battle Trance","Feed","Shrug It Off","Reckless Charge"],"relics":["Burning Blood","NeowsBlessing","Golden Idol","Regal Pillow","Dream Catcher","Velvet Choker","Nloth\u0027s Gift","Lee\u0027s Waffle","Charon\u0027s Ashes"],"acts_visited":["Exordium","TheCity"],"potions_floor_usage":[21,27,31,33,33,33],"damage_taken":[{"damage":0,"enemies":"Cultist","floor":1,"turns":1},{"damage":0,"enemies":"2 Louse","floor":2,"turns":1},{"damage":0,"enemies":"Jaw Worm","floor":4,"turns":1},{"damage":14,"enemies":"Gremlin Nob","floor":6,"turns":3},{"damage":11,"enemies":"2 Fungi Beasts","floor":8,"turns":3},{"damage":5,"enemies":"Looter","floor":12,"turns":2},{"damage":23,"enemies":"Gremlin Gang","floor":14,"turns":4},{"damage":55,"enemies":"The Guardian","floor":16,"turns":8},{"damage":10,"enemies":"Chosen","floor":18,"turns":3},{"damage":28,"enemies":"Shell Parasite","floor":20,"turns":3},{"damage":21,"enemies":"3 Cultists","floor":21,"turns":4},{"damage":23,"enemies":"Sentry and Sphere","floor":22,"turns":3},{"damage":10,"enemies":"Cultist and Chosen","floor":25,"turns":4},{"damage":14,"enemies":"Shelled Parasite and Fungi","floor":27,"turns":2},{"damage":20,"enemies":"Centurion and Healer","floor":28,"turns":4},{"damage":42,"enemies":"Snake Plant","floor":29,"turns":3},{"damage":19,"enemies":"Chosen and Byrds","floor":31,"turns":4},{"damage":55,"enemies":"Collector","floor":33,"turns":6}],"seed_played":"-943768997876105457","potions_obtained":[{"floor":2,"key":"Energy Potion"},{"floor":4,"key":"Explosive Potion"},{"floor":14,"key":"Fire Potion"},{"floor":16,"key":"BloodPotion"},{"floor":21,"key":"Weak Potion"},{"floor":27,"key":"ColorlessPotion"},{"floor":31,"key":"AttackPotion"}],"is_trial":false,"path_per_floor":["M","M","?","M","?","E","R","M","T","R","?","M","R","M","R","B",null,"M","?","M","M","M","R","$","M","T","M","M","M","?","M","R","B"],"character_chosen":"IRONCLAD","items_purchased":["Lee\u0027s Waffle","Double Tap","HeartOfIron"],"campfire_rested":4,"item_purchase_floors":[24,24,24],"current_hp_per_floor":[80,80,60,66,66,58,58,53,53,80,68,69,69,52,80,31,80,76,76,54,55,38,77,87,83,83,75,61,25,25,12,53,0,0],"gold":173,"neow_bonus":"THREE_ENEMY_KILL","is_daily":false,"chose_seed":false,"campfire_upgraded":2,"win_rate":0.0,"timestamp":1613776263,"path_taken":["M","?","?","M","?","E","R","M","T","R","?","M","R","M","R","BOSS","M","?","?","M","M","R","$","M","T","M","M","M","?","?","R","BOSS"],"items_purchased_type":["Relic","Card","Potion"],"build_version":"2020-12-22","purchased_purges":0,"victory":false,"max_hp_per_floor":[80,80,80,80,80,80,80,80,80,80,80,80,80,80,80,80,80,80,80,80,80,80,80,87,87,87,87,87,87,87,87,87,87,87],"relic_stats":{"Regal Pillow":37,"Dream Catcher":3,"Lee\u0027s Waffle":10,"counters":[18,59],"Golden Idol":90,"Charon\u0027s Ashes":[3],"Nloth\u0027s Gift":0,"obtain_stats":[{"Regal Pillow":9,"Dream Catcher":11,"Lee\u0027s Waffle":24,"NeowsBlessing":0,"Golden Idol":3,"Velvet Choker":17,"Charon\u0027s Ashes":26,"Art of War":6,"Nloth\u0027s Gift":19,"Burning Blood":0},{"Regal Pillow":5,"Dream Catcher":5,"Lee\u0027s Waffle":12,"NeowsBlessing":0,"Golden Idol":2,"Velvet Choker":8,"Charon\u0027s Ashes":13,"Art of War":4,"Nloth\u0027s Gift":9,"Burning Blood":0},{"Regal Pillow":9,"Dream Catcher":9,"Lee\u0027s Waffle":36,"NeowsBlessing":0,"Golden Idol":2,"Velvet Choker":23,"Charon\u0027s Ashes":40,"Art of War":6,"Nloth\u0027s Gift":26,"Burning Blood":0}],"Burning Blood":90},"card_choices":[{"not_picked":["Clothesline","Disarm"],"picked":"Battle Trance","floor":1},{"not_picked":["Blood for Blood","True Grit"],"picked":"Perfected Strike","floor":2},{"not_picked":["Flex","Reckless Charge"],"picked":"Cleave","floor":4},{"not_picked":["Warcry","Sword Boomerang"],"picked":"Berserk","floor":6},{"not_picked":["Headbutt","Bludgeon"],"picked":"Cleave","floor":8},{"not_picked":["Entrench","Sentinel"],"picked":"Sword Boomerang","floor":12},{"not_picked":["Metallicize","Anger"],"picked":"Headbutt","floor":14},{"not_picked":["Iron Wave","Fire Breathing"],"picked":"Perfected Strike","floor":15},{"not_picked":["Corruption","Exhume"],"picked":"Double Tap","floor":16},{"not_picked":["Perfected Strike","Intimidate"],"picked":"Rampage","floor":18},{"not_picked":["Warcry","Sentinel"],"picked":"Fire Breathing","floor":20},{"not_picked":["Whirlwind","True Grit"],"picked":"Clothesline+1","floor":21},{"not_picked":["Fire Breathing+1","Shrug It Off"],"picked":"Perfected Strike","floor":22},{"not_picked":["Sword Boomerang","Exhume","Hemokinesis"],"picked":"SKIP","floor":25},{"not_picked":["Evolve+1","Dual Wield+1"],"picked":"Battle Trance","floor":27},{"not_picked":["Thunderclap","Dark Embrace","Twin Strike+1"],"picked":"SKIP","floor":28},{"not_picked":["Warcry","Anger","Wild Strike"],"picked":"SKIP","floor":29},{"not_picked":["Whirlwind","Armaments"],"picked":"Shrug It Off","floor":31},{"not_picked":["Sword Boomerang","Thunderclap"],"picked":"Reckless Charge","floor":32}],"player_experience":113055,"relics_obtained":[{"floor":6,"key":"Art of War"},{"floor":9,"key":"Regal Pillow"},{"floor":26,"key":"Charon\u0027s Ashes"}],"event_choices":[{"damage_healed":0,"gold_gain":0,"player_choice":"Take Damage","damage_taken":20,"relics_obtained":["Golden Idol"],"max_hp_gain":0,"max_hp_loss":0,"event_name":"Golden Idol","floor":3,"gold_loss":0},{"damage_healed":0,"gold_gain":0,"player_choice":"Grow","damage_taken":0,"max_hp_gain":0,"max_hp_loss":0,"event_name":"Living Wall","floor":5,"gold_loss":0,"cards_upgraded":["Perfected Strike"]},{"damage_healed":0,"gold_gain":0,"player_choice":"Success","damage_taken":12,"relics_obtained":["Dream Catcher"],"max_hp_gain":0,"max_hp_loss":0,"event_name":"Scrap Ooze","floor":11,"gold_loss":0},{"damage_healed":0,"gold_gain":0,"player_choice":"Traded Relic","damage_taken":0,"relics_obtained":["Nloth\u0027s Gift"],"max_hp_gain":0,"max_hp_loss":0,"event_name":"N\u0027loth","floor":19,"relics_lost":["Art of War"],"gold_loss":0},{"damage_healed":0,"gold_gain":0,"cards_transformed":["Strike_R"],"player_choice":"Transformed","damage_taken":0,"max_hp_gain":0,"max_hp_loss":0,"event_name":"Transmorgrifier","floor":30,"gold_loss":0,"cards_obtained":["Feed"]}],"is_beta":false,"boss_relics":[{"not_picked":["Pandora\u0027s Box","Astrolabe"],"picked":"Velvet Choker"}],"items_purged_floors":[],"is_endless":false,"potions_floor_spawned":[2,4,14,16,21,27,28,29,31],"killed_by":"Collector","ascension_level":0}}