{"host":"ie50qk0ts9eskyyo","time":1613750036,"event":{"mods":["BaseMod","BetterRewards","Colored Map","Curses Come First","Downfall","Friendly Minions","Highlight Path","Hubris","Infinite Spire","Minty Spire (QoL Compilation)","Quick Restart","Reliquary","Replay The Spire","Robot Space Explorer","Shop Mod","StSLib","SuperFastMode","The Jungle"],"gold_per_floor":[156,156,7,66,92,104,182,194,206,273,340,352,429,441,453,609,621,689,297,347,398,323,392,392,467,467,522,106,157,254,328,328,368,368],"floor_reached":33,"language":"ENG","playtime":1685,"items_purged":["Swivel","Strike_P","Strike_P"],"score":361,"play_id":"6cdf1239-5ca0-44ec-a7a0-d029f6410fc9","local_time":"20210219105356","is_ascension_mode":true,"campfire_choices":[{"data":"Replay:Vibes","floor":8.0,"key":"SMITH"},{"data":"Eruption","floor":12.0,"key":"SMITH"},{"data":"Wallop","floor":15.0,"key":"SMITH"},{"floor":24.0,"key":"REST"},{"data":"Predator","floor":32,"key":"SMITH"}],"circlet_count":0,"master_deck":["Defend_P","Defend_P","Defend_P","Defend_P","Eruption+1","Vigilance","Flash of Steel","Crescendo","Predator+1","hubris:NaturalOne","Replay:Vibes+1","Well Laid Plans+1","Wallop+1","Devotion+1","Tools of the Trade+1","Brilliance","Tantrum","ClearTheMind","Replay:LoomingThreat+1","Replay:AtTheReady","Perseverance","Conclude+1"],"relics":["Chemical X","downfall:KnowingSkull","hubris:Reverence","Replay:M_StaffOfTheSnake","Lee\u0027s Waffle","MawBank","hubris:Icosahedron","Frozen Egg 2","Orichalcum","Replay:Purple Gloves","WarpedTongs","Empty Cage","Blood Vial","Replay:Bottled Flurry","infinitespire:Joker Card","reliquary:PurpleTingedLeaf","infinitespire:Beetle Shell"],"acts_visited":["Exordium","TheCity"],"potions_floor_usage":[],"damage_taken":[{"damage":3.0,"enemies":"Jaw Worm","floor":1.0,"turns":4.0},{"damage":3.0,"enemies":"2 Louse","floor":4.0,"turns":1.0},{"damage":15.0,"enemies":"3 Sentries","floor":7.0,"turns":6.0},{"damage":3.0,"enemies":"Cultist","floor":10.0,"turns":2.0},{"damage":3.0,"enemies":"2 Fungi Beasts","floor":11.0,"turns":2.0},{"damage":3.0,"enemies":"Gremlin Nob","floor":13.0,"turns":3.0},{"damage":50.0,"enemies":"The Guardian","floor":16.0,"turns":8.0},{"damage":8.0,"enemies":"Chosen","floor":18.0,"turns":3.0},{"damage":6.0,"enemies":"3 Byrds","floor":20.0,"turns":3.0},{"damage":14.0,"enemies":"Snake Plant","floor":21.0,"turns":5.0},{"damage":40.0,"enemies":"Slavers","floor":23.0,"turns":5.0},{"damage":5,"enemies":"Snecko","floor":27,"turns":3},{"damage":16,"enemies":"Cultist and Chosen","floor":29,"turns":5},{"damage":34,"enemies":"Centurion and Healer","floor":30,"turns":6},{"damage":9,"enemies":"Replay:Snechameleon","floor":31,"turns":3},{"damage":17,"enemies":"Champ","floor":33,"turns":3}],"seed_played":"6953517595616391865","potions_obtained":[{"floor":4.0,"key":"SteroidPotion"},{"floor":7.0,"key":"FairyPotion"},{"floor":10.0,"key":"FearPotion"},{"floor":16.0,"key":"SteroidPotion"},{"floor":30,"key":"Milkshake"}],"is_trial":false,"path_per_floor":["M","?","$","M","T","?","E","R","T","M","M","R","E","?","R","B",null,"M","$","M","M","?","E","R","?","T","M","$","M","M","E","R","B"],"character_chosen":"WATCHER","items_purchased":["Chemical X","Lee\u0027s Waffle","Brilliance","Blood Vial","Tantrum","Perseverance","reliquary:PurpleTingedLeaf"],"campfire_rested":1,"item_purchase_floors":[0,3,19,19,19,28,28],"current_hp_per_floor":[29,29,79,76,76,76,61,61,61,58,55,55,52,52,52,2,79,71,71,67,55,55,17,40,33,33,30,30,18,31,25,25,12,12],"gold":368,"neow_bonus":"","is_daily":false,"chose_seed":false,"campfire_upgraded":4,"win_rate":0.0,"timestamp":1613750036,"path_taken":["M","?","$","M","?","?","E","R","T","?","M","R","E","?","R","BOSS","M","$","M","M","?","E","R","?","T","?","?","M","M","E","R","BOSS"],"items_purchased_type":["Relic","Relic","Card","Relic","Card","Card","Relic"],"build_version":"2020-12-22","purchased_purges":3,"victory":false,"max_hp_per_floor":[72,72,79,79,79,79,79,79,79,79,79,79,79,79,79,79,79,79,79,79,79,79,79,79,79,79,79,79,79,79,79,79,79,79],"card_choices":[{"not_picked":["Prostrate","Study"],"picked":"Crescendo","floor":1.0},{"not_picked":["Prostrate","Consecrate"],"picked":"Predator","floor":4.0},{"not_picked":["Evaluate","EmptyFist"],"picked":"Replay:Vibes","floor":7.0},{"not_picked":["SashWhip","Dagger Throw"],"picked":"Well Laid Plans+1","floor":10.0},{"not_picked":["Replay:ManipulateFuture","Replay:BluntJabs"],"picked":"Wallop","floor":11.0},{"not_picked":["TalkToTheHand","Conclude"],"picked":"Devotion+1","floor":13.0},{"not_picked":["Phantasmal Killer","MasterReality+1"],"picked":"Tools of the Trade+1","floor":16.0},{"not_picked":["Crescendo","Prostrate","FlurryOfBlows"],"picked":"SKIP","floor":18.0},{"not_picked":["PathToVictory","InnerPeace"],"picked":"ClearTheMind","floor":20.0},{"not_picked":["Protect","FlurryOfBlows","EmptyBody"],"picked":"SKIP","floor":21.0},{"not_picked":["Adaptation+1","SashWhip"],"picked":"Replay:LoomingThreat+1","floor":23.0},{"not_picked":["SandsOfTime","Crescendo"],"picked":"Replay:AtTheReady","floor":27},{"not_picked":["BowlingBash","PathToVictory","SashWhip"],"picked":"SKIP","floor":29},{"not_picked":["Acrobatics","CutThroughFate"],"picked":"Conclude+1","floor":30},{"not_picked":["EmptyFist","Doppelganger","Dagger Throw"],"picked":"SKIP","floor":31}],"player_experience":57093,"relics_obtained":[{"floor":5.0,"key":"MawBank"},{"floor":7.0,"key":"Frozen Egg 2"},{"floor":9.0,"key":"Orichalcum"},{"floor":13.0,"key":"Replay:Purple Gloves"},{"floor":23.0,"key":"Replay:Bottled Flurry"},{"floor":26,"key":"infinitespire:Joker Card"},{"floor":31,"key":"infinitespire:Beetle Shell"}],"event_choices":[{"damage_healed":0.0,"max_hp_gain":0.0,"max_hp_loss":0.0,"gold_gain":0.0,"event_name":"Accursed Blacksmith","player_choice":"Rummage","floor":14.0,"gold_loss":0.0,"damage_taken":0.0,"relics_obtained":["WarpedTongs"],"cards_obtained":["Pain"]},{"cards_removed":["Strike_P"],"damage_healed":0.0,"max_hp_gain":0.0,"max_hp_loss":0.0,"gold_gain":0.0,"event_name":"Beggar","player_choice":"Gave Gold","floor":22.0,"gold_loss":75.0,"damage_taken":0.0},{"damage_healed":0,"gold_gain":75,"player_choice":"Touch","damage_taken":7,"max_hp_gain":0,"max_hp_loss":0,"event_name":"FaceTrader","floor":25,"gold_loss":0}],"is_beta":false,"boss_relics":[{"not_picked":["Ring of Chaos","reliquary:WritOfMandamus"],"picked":"Empty Cage"}],"items_purged_floors":[0,19,28],"is_endless":false,"potions_floor_spawned":[4,7,10,16,18,27,30,31],"killed_by":"Champ","ascension_level":1}}