{"host":"n1v11un6j7y72mz7","time":1613732831,"event":{"mods":["Act Like it!","BaseMod","Downfall","Minty Spire (QoL Compilation)","Reliquary","StSLib","The Animator","Waifu the Spire"],"gold_per_floor":[113,113,128,140,157,157,171,200,227,227,227,227,227,242,242,242,372,372,397,322,322,345,360,108,108,108,108],"floor_reached":26,"language":"ZHS","playtime":615,"items_purged":["Defend_G","Strike_G"],"score":239,"play_id":"987e623f-c3c8-40aa-ab30-0724355b6c5c","local_time":"20210219190711","is_ascension_mode":true,"campfire_choices":[{"data":"Dagger Spray","floor":6.0,"key":"SMITH"},{"floor":12.0,"key":"REST"},{"floor":15.0,"key":"REST"},{"data":"Accuracy","floor":16.0,"key":"SMITH"},{"floor":25,"key":"REST"}],"circlet_count":0,"master_deck":["Strike_G","Strike_G","Defend_G","Defend_G","Defend_G","Survivor","Neutralize","Infinite Blades","Dagger Spray+1","Acrobatics","Calculated Gamble","Accuracy+1","Phantasmal Killer","Accuracy","Storm of Steel","Blade Dance","Prepared","Dagger Throw+1"],"relics":["Ring of the Snake","NeowsBlessing","StoneCalendar","sneckomod:BlankCard","StoneCalendar","Golden Idol","Empty Cage","MealTicket"],"acts_visited":["Exordium","TheCity"],"potions_floor_usage":[22,25,26],"damage_taken":[{"damage":0.0,"enemies":"2 Louse","floor":1.0,"turns":1.0},{"damage":0.0,"enemies":"Cultist","floor":3.0,"turns":1.0},{"damage":0.0,"enemies":"Small Slimes","floor":4.0,"turns":1.0},{"damage":3.0,"enemies":"Looter","floor":5.0,"turns":4.0},{"damage":11.0,"enemies":"2 Fungi Beasts","floor":7.0,"turns":3.0},{"damage":39.0,"enemies":"Gremlin Nob","floor":8.0,"turns":5.0},{"damage":9.0,"enemies":"Red Slaver","floor":14.0,"turns":4.0},{"damage":4.0,"enemies":"Slime Boss","floor":17.0,"turns":7.0},{"damage":22.0,"enemies":"Chosen","floor":19.0,"turns":6.0},{"damage":0,"enemies":"Shell Parasite","floor":22,"turns":2},{"damage":36,"enemies":"Snake Plant","floor":23,"turns":4},{"damage":33,"enemies":"Slavers","floor":26,"turns":2}],"seed_played":"9016032646788291607","potions_obtained":[{"floor":1.0,"key":"PowerPotion"},{"floor":3.0,"key":"Fruit Juice"},{"floor":14.0,"key":"LiquidMemories"},{"floor":19.0,"key":"DistilledChaos"},{"floor":23,"key":"Weak Potion"}],"is_trial":false,"path_per_floor":["M","?","M","M","M","R","M","E","T","T","?","R","?","M","R","R","B",null,"M","$","?","M","M","$","R","E"],"character_chosen":"THE_SILENT","items_purchased":["MealTicket"],"campfire_rested":3,"item_purchase_floors":[24],"current_hp_per_floor":[70,63,63,63,60,60,49,10,10,10,3,24,24,15,34,34,30,65,43,43,43,43,7,7,31,0,0],"gold":108,"neow_bonus":"THREE_ENEMY_KILL","is_daily":false,"chose_seed":false,"campfire_upgraded":2,"win_rate":0.0,"timestamp":1613732831,"path_taken":["M","?","M","M","M","R","?","E","T","?","?","R","?","M","R","R","BOSS","M","$","?","M","?","$","R","E"],"items_purchased_type":["Relic"],"build_version":"2020-12-22","purchased_purges":2,"victory":false,"max_hp_per_floor":[70,70,70,70,70,70,70,70,70,70,70,70,65,65,65,65,65,65,65,65,65,65,65,65,70,70,70],"card_choices":[{"not_picked":["Setup","Poisoned Stab"],"picked":"Infinite Blades","floor":1.0},{"not_picked":["Dodge and Roll","Poisoned Stab"],"picked":"Dagger Spray","floor":3.0},{"not_picked":["Dodge and Roll","Sucker Punch","Underhanded Strike"],"picked":"SKIP","floor":4.0},{"not_picked":["Quick Slash","Slice"],"picked":"Acrobatics","floor":5.0},{"not_picked":["Bane","Underhanded Strike"],"picked":"Calculated Gamble","floor":7.0},{"not_picked":["Outmaneuver","Quick Slash","Deflect"],"picked":"SKIP","floor":8.0},{"not_picked":["Prepared","Noxious Fumes"],"picked":"Accuracy","floor":14.0},{"not_picked":["Grand Finale","Bullet Time"],"picked":"Phantasmal Killer","floor":17.0},{"not_picked":["Dagger Throw+1","Expertise"],"picked":"Accuracy","floor":19.0},{"not_picked":["Acrobatics","Underhanded Strike"],"picked":"Prepared","floor":22},{"not_picked":["Slice+1","Bane+1"],"picked":"Dagger Throw+1","floor":23}],"player_experience":218501,"relics_obtained":[{"floor":8.0,"key":"StoneCalendar"},{"floor":9.0,"key":"sneckomod:BlankCard"},{"floor":10.0,"key":"reliquary:SculptingSteel"}],"event_choices":[{"damage_healed":0.0,"max_hp_gain":0.0,"max_hp_loss":0.0,"gold_gain":0.0,"event_name":"Wheel of Change","player_choice":"Damaged","floor":2.0,"gold_loss":0.0,"damage_taken":7.0},{"cards_removed":["Strike_G"],"damage_healed":0.0,"max_hp_gain":0.0,"max_hp_loss":0.0,"gold_gain":0.0,"event_name":"Golden Wing","player_choice":"Card Removal","floor":11.0,"gold_loss":0.0,"damage_taken":7.0},{"damage_healed":0.0,"max_hp_gain":0.0,"max_hp_loss":5.0,"gold_gain":0.0,"event_name":"Golden Idol","player_choice":"Lose Max HP","floor":13.0,"gold_loss":0.0,"damage_taken":0.0,"relics_obtained":["Golden Idol"]},{"damage_healed":0,"gold_gain":0,"player_choice":"2 cards matched","damage_taken":0,"max_hp_gain":0,"max_hp_loss":0,"event_name":"Match and Keep!","floor":21,"gold_loss":0,"cards_obtained":["Storm of Steel","Blade Dance"]}],"is_beta":false,"boss_relics":[{"not_picked":["expansioncontent:StudyCardRelic","bronze:MakeshiftBattery"],"picked":"Empty Cage"}],"items_purged_floors":[20,24],"is_endless":false,"potions_floor_spawned":[1,3,14,19,23],"killed_by":"Slavers","ascension_level":3}}