{"host":"pgm1p3lvdjflie30","time":1613751871,"event":{"mods":["ATMod(阿瑾Mod)","AchievementEnabler","Act Like it!","Alarm Clock","Aspiration","BaseMod","Better-Laid Plans","Bossed Relics","Challenge The Spire","Colored Map","Colored Powertips","Conspire","Dark Map","Energized Spire","Gensokyo","GungeonMod","Hallownest","Hermit","HornydragonMod","Jedi Mod","Minty Spire (QoL Compilation)","MostiFishMod","Pale of the Ancients","Permanent Neow","Quarter Circle Forward PUNCH!","Quick Restart","Reimu（博???）","Relic Stats","Reliquary","Replay The Spire","Robot Space Explorer","Spicy Shops","StSLib","TestMod","The Blackbeard","The Bug Knight","The Cursed","The Hayseed","The IronCluck","The Jungle","The Marked","The Runesmith","Waifu the Spire","Yakumo Yukari mod","【功能Mod】混沌之?修复?丁","【?物卡牌】REMEMod","篝火指南"],"gold_per_floor":[118,136,15,31,31,31,61,61,61,61,61,61,61,61],"floor_reached":13,"language":"ZHS","playtime":593,"items_purged":[],"score":145,"play_id":"8a2aaf04-468a-4ba0-b4b7-33f6e00b828d","local_time":"20210220002431","is_ascension_mode":true,"campfire_choices":[{"floor":6,"key":"RECALL"},{"data":"Flex","floor":8,"key":"SMITH"},{"data":"testmod-Mystery","floor":10,"key":"SMITH"}],"circlet_count":0,"master_deck":["AscendersBane","Strike_R","Strike_R","Strike_R","Strike_R","Strike_R","Defend_R","Bash","testmod-Mystery+1","AT_FamilyPortrait","TheSimpletonMod:Gnats","ReplayTheSpireMod:Strike From Hell","Pommel Strike","jedi:unlimitedpower","Flex+1","Perfected Strike","ReplayTheSpireMod:Corrosion Curse","ReplayTheSpireMod:Necrosis","Crippling Poison","Escape Plan"],"relics":["Burning Blood","AT_ATBox","DaveBox","testmod-TestBox","REME_ComplimentaryCards","ExusiaiGun","testmod-Justice","AT_RabadonDeathcap","SynthV:TestCard","DemoMod:Orange","White Beast Statue","AT_SilverBalance"],"acts_visited":["Gensokyo:Gensokyo"],"potions_floor_usage":[13],"damage_taken":[{"damage":0,"enemies":"Gensokyo:2_Kodama","floor":1,"turns":2},{"damage":0,"enemies":"Gensokyo:Gryphon","floor":2,"turns":1},{"damage":13,"enemies":"Gensokyo:3_Fairies","floor":4,"turns":4},{"damage":19,"enemies":"Gensokyo:Mamizou","floor":7,"turns":4},{"damage":44,"enemies":"Gensokyo:Cirno","floor":13,"turns":6}],"seed_played":"-7474883647175055775","potions_obtained":[{"floor":2,"key":"Explosive Potion"}],"is_trial":false,"path_per_floor":["M","M","$","M","COS","R","E","R","T","R","?","?","E"],"character_chosen":"IRONCLAD","items_purchased":["DemoMod:Orange"],"campfire_rested":0,"item_purchase_floors":[3],"current_hp_per_floor":[74,75,87,82,82,82,74,74,74,74,74,74,0,0],"gold":61,"neow_bonus":"ONE_RARE_RELIC","is_daily":false,"chose_seed":false,"campfire_upgraded":2,"win_rate":0.0,"timestamp":1613751871,"path_taken":["M","M","$","M","COS","R","E","R","T","R","?","?","E"],"items_purchased_type":["Relic"],"build_version":"2020-12-22","purchased_purges":0,"victory":false,"max_hp_per_floor":[75,75,87,87,87,87,87,87,87,87,87,87,87,87],"relic_stats":{"counters":[5,17],"obtain_stats":[{"AT_RabadonDeathcap":0,"AT_ATBox":0,"testmod-TestBox":0,"DaveBox":0,"DemoMod:Orange":3,"DemoMod:GlassGuonStoneRelic":2,"AT_SilverBalance":9,"ExusiaiGun":0,"testmod-Justice":0,"Burning Blood":0,"White Beast Statue":7,"SynthV:TestCard":1,"REME_ComplimentaryCards":0},{"AT_RabadonDeathcap":0,"AT_ATBox":0,"testmod-TestBox":0,"DaveBox":0,"DemoMod:Orange":2,"DemoMod:GlassGuonStoneRelic":2,"AT_SilverBalance":4,"ExusiaiGun":0,"testmod-Justice":0,"Burning Blood":0,"White Beast Statue":4,"SynthV:TestCard":1,"REME_ComplimentaryCards":0},{"AT_RabadonDeathcap":0,"AT_ATBox":0,"testmod-TestBox":0,"DaveBox":0,"DemoMod:Orange":3,"DemoMod:GlassGuonStoneRelic":3,"AT_SilverBalance":11,"ExusiaiGun":0,"testmod-Justice":0,"Burning Blood":0,"White Beast Statue":11,"SynthV:TestCard":2,"REME_ComplimentaryCards":0}],"Burning Blood":19},"card_choices":[{"not_picked":["Hemokinesis","jedi:hate"],"picked":"ReplayTheSpireMod:Strike From Hell","floor":1},{"not_picked":["Body Slam","AT_BodySlamDance","Searing Blow","Dark Embrace"],"picked":"Pommel Strike","floor":2},{"not_picked":["Clash","Bloodletting","Wild Strike","Sever Soul"],"picked":"jedi:unlimitedpower","floor":4},{"not_picked":["REME_SingleHolding","MostiFishMod:BrandingRite","Cleave","AT_BodySlamDance"],"picked":"Flex","floor":7},{"not_picked":["Flex","Heavy Blade","Twin Strike","ReplayTheSpireMod:LeadingStrike"],"picked":"Perfected Strike","floor":11},{"not_picked":["Body Slam","Armaments","Shrug It Off","Flame Barrier"],"picked":"ReplayTheSpireMod:Corrosion Curse","floor":11}],"player_experience":552216,"relics_obtained":[{"floor":1,"key":"SynthV:TestCard"},{"floor":7,"key":"White Beast Statue"},{"floor":9,"key":"AT_SilverBalance"}],"event_choices":[],"is_beta":false,"boss_relics":[],"items_purged_floors":[],"is_endless":false,"potions_floor_spawned":[2],"killed_by":"Gensokyo:Cirno","ascension_level":18}}