{"host":"ju66gn9zov5ov15o","time":1613752494,"event":{"mods":["100% Spire Juice","2.2 Compatiblity","Act Like it!","Aspiration","BaseMod","Conspire","Downfall","GifTheSpireLib","Hubris","Lobotomy","LobotomyExtend","Marisa????????","Minty Spire (QoL Compilation)","Pale of the Ancients","Rare Cards Sparkle","Relic Stats","Ruina","Shapeshifter Mod","StSLib","The Alterego","The Animator"],"gold_per_floor":[110,110,126,145,163,192,192,227,253,253,253,28,28,57,57,57,57],"floor_reached":16,"language":"ENG","playtime":525,"items_purged":[],"score":165,"play_id":"769ac018-ac44-4dd6-93c0-8463b3224a4a","local_time":"20210219173454","is_ascension_mode":true,"campfire_choices":[{"data":"Iron Wave","floor":7,"key":"SMITH"},{"floor":10,"key":"REST"},{"floor":15,"key":"REST"}],"circlet_count":0,"master_deck":["Strike_R+1","Strike_R","Strike_R+1","Strike_R","Strike_R","Defend_R","Defend_R","Defend_R","Defend_R","Bash","Scorched","Thunderclap","Iron Wave+1","HeroicMonk","OSAHOGD","RedShoes","SingingMachine","Anger","LittlePrince","Armaments","Injury","Disarm","PunishingBird"],"relics":["Burning Blood","CogitoBucket","LetterFromLob","GremlinMask","Whetstone","aspiration:ChemicalBlood","Anchor","Molten Egg 2","Medical Kit"],"acts_visited":["Exordium"],"potions_floor_usage":[6],"damage_taken":[{"damage":13,"enemies":"Small Slimes","floor":1,"turns":4},{"damage":1,"enemies":"Cultist","floor":3,"turns":3},{"damage":6,"enemies":"2 Louse","floor":4,"turns":3},{"damage":21,"enemies":"Large Slime","floor":5,"turns":5},{"damage":11,"enemies":"Gremlin Nob","floor":6,"turns":3},{"damage":43,"enemies":"3 Sentries","floor":8,"turns":5},{"damage":36,"enemies":"Gremlin Nob","floor":14,"turns":4},{"damage":100,"enemies":"Slime Boss","floor":16,"turns":2}],"seed_played":"-8783239314741024943","potions_obtained":[{"floor":3,"key":"LiquidBronze"},{"floor":4,"key":"Explosive Potion"},{"floor":5,"key":"SpeedPotion"},{"floor":14,"key":"Fire Potion"}],"is_trial":false,"path_per_floor":["M","?","M","M","M","E","R","E","T","R","?","$","?","E","R","B"],"character_chosen":"IRONCLAD","items_purchased":["Medical Kit","Disarm"],"campfire_rested":2,"item_purchase_floors":[12,12],"current_hp_per_floor":[65,65,70,70,55,50,50,13,13,37,37,37,37,7,31,0,0],"gold":57,"neow_bonus":"","is_daily":false,"chose_seed":false,"campfire_upgraded":1,"win_rate":0.0,"timestamp":1613752494,"path_taken":["M","?","M","?","M","E","R","E","T","R","?","$","?","E","R","BOSS"],"items_purchased_type":["Relic","Card"],"build_version":"2020-12-22","purchased_purges":0,"victory":false,"max_hp_per_floor":[80,80,80,80,80,80,80,80,80,80,80,80,80,80,80,80,80],"relic_stats":{"counters":[8,29],"Whetstone":["Strike_R","Strike_R"],"Medical Kit":[0],"obtain_stats":[{"CogitoBucket":0,"Anchor":9,"GremlinMask":2,"Molten Egg 2":11,"LetterFromLob":1,"Whetstone":6,"Medical Kit":12,"Burning Blood":0,"aspiration:ChemicalBlood":8},{"CogitoBucket":0,"Anchor":6,"GremlinMask":1,"Molten Egg 2":6,"LetterFromLob":1,"Whetstone":5,"Medical Kit":6,"Burning Blood":0,"aspiration:ChemicalBlood":6},{"CogitoBucket":0,"Anchor":23,"GremlinMask":4,"Molten Egg 2":23,"LetterFromLob":4,"Whetstone":18,"Medical Kit":23,"Burning Blood":0,"aspiration:ChemicalBlood":23}],"Burning Blood":42},"card_choices":[{"not_picked":["CrumblingArmor","HeroicMonk"],"picked":"Scorched","floor":1},{"not_picked":["Rupture","Ghostly Armor"],"picked":"Thunderclap","floor":1},{"not_picked":["Wild Strike","Clothesline"],"picked":"Iron Wave","floor":3},{"not_picked":["Murderer","MHz"],"picked":"HeroicMonk","floor":3},{"not_picked":["Wellcheers","MHz"],"picked":"OSAHOGD","floor":4},{"not_picked":["Headbutt","Sword Boomerang","hubris:ReadiedAction"],"picked":"SKIP","floor":4},{"not_picked":["Headbutt","Sword Boomerang","hubris:ReadiedAction"],"picked":"SKIP","floor":4},{"not_picked":["WallGazer","Bloodbath"],"picked":"RedShoes","floor":5},{"not_picked":["Clothesline","Seeing Red","Warcry"],"picked":"SKIP","floor":5},{"not_picked":["Clothesline","Seeing Red","Warcry"],"picked":"SKIP","floor":5},{"not_picked":["SpiderBud","Yin"],"picked":"SingingMachine","floor":6},{"not_picked":["Uppercut","Wild Strike"],"picked":"Anger","floor":6},{"not_picked":["BeautyBeast","BlackSwan"],"picked":"LittlePrince","floor":8},{"not_picked":["Sentinel","Twin Strike"],"picked":"Armaments","floor":8},{"not_picked":["FairyFestival","OldLady"],"picked":"PunishingBird","floor":14},{"not_picked":["Heavy Blade+1","Perfected Strike+1","Flex"],"picked":"SKIP","floor":14}],"player_experience":502343,"relics_obtained":[{"floor":1,"key":"LetterFromLob"},{"floor":6,"key":"Whetstone"},{"floor":8,"key":"aspiration:ChemicalBlood"},{"floor":9,"key":"Anchor"}],"event_choices":[{"damage_healed":0,"gold_gain":0,"player_choice":"Trade","damage_taken":0,"relics_obtained":["GremlinMask"],"max_hp_gain":0,"max_hp_loss":0,"event_name":"FaceTrader","floor":2,"gold_loss":0},{"damage_healed":0,"gold_gain":0,"player_choice":"Ignored","damage_taken":0,"max_hp_gain":0,"max_hp_loss":0,"event_name":"Shining Light","floor":13,"gold_loss":0}],"is_beta":false,"boss_relics":[],"items_purged_floors":[],"is_endless":false,"potions_floor_spawned":[3,4,5,14],"killed_by":"Slime Boss","ascension_level":8}}