{"host":"bq4pt811tk9yrmjl","time":1613695551,"event":{"mods":["AchievementEnabler","BaseMod","Colored Map","Colored Powertips","Defuse TimeMaze Blight","Minty Spire (QoL Compilation)","Smile Girya","StSLib","SuperFastMode"],"gold_per_floor":[114,114,127,2,2,37,37,65,88,102,54,72,72,92,92,194,194,208,208,222,422,278,312,312,312,312],"floor_reached":25,"language":"ENG","playtime":482,"items_purged":[],"score":293,"play_id":"b7bd7f89-11bd-4e79-a010-048f39450d1e","local_time":"20210218224551","is_ascension_mode":true,"campfire_choices":[{"data":"Defragment","floor":7,"key":"SMITH"},{"data":"Core Surge","floor":13,"key":"SMITH"},{"data":"Loop","floor":15,"key":"SMITH"},{"floor":24,"key":"REST"}],"circlet_count":0,"master_deck":["Strike_B","Strike_B","Strike_B+1","Strike_B+1","Defend_B","Defend_B","Defend_B","Defend_B","Zap","Dualcast+1","Auto Shields+1","Cold Snap","Defragment+1","Cold Snap","Echo Form","Core Surge+1","Loop+1","Creative AI","Blizzard","Coolheaded+1"],"relics":["Cracked Core","NeowsBlessing","Bag of Preparation","War Paint","Fusion Hammer","Runic Capacitor","Kunai"],"acts_visited":["Exordium","TheCity"],"potions_floor_usage":[8,12,16],"damage_taken":[{"damage":0,"enemies":"Jaw Worm","floor":1,"turns":1},{"damage":0,"enemies":"Small Slimes","floor":3,"turns":1},{"damage":0,"enemies":"Gremlin Nob","floor":6,"turns":1},{"damage":0,"enemies":"Lagavulin","floor":8,"turns":10},{"damage":3,"enemies":"2 Louse","floor":10,"turns":3},{"damage":2,"enemies":"Exordium Wildlife","floor":12,"turns":2},{"damage":6,"enemies":"2 Fungi Beasts","floor":14,"turns":4},{"damage":15,"enemies":"Hexaghost","floor":16,"turns":9},{"damage":1,"enemies":"Chosen","floor":18,"turns":10},{"damage":8,"enemies":"2 Thieves","floor":20,"turns":5},{"damage":44,"enemies":"Book of Stabbing","floor":23,"turns":7},{"damage":0,"enemies":"Slavers","floor":25,"turns":1}],"seed_played":"3902621421482474505","potions_obtained":[{"floor":1,"key":"PowerPotion"},{"floor":8,"key":"DistilledChaos"},{"floor":10,"key":"PowerPotion"},{"floor":16,"key":"FocusPotion"}],"is_trial":false,"path_per_floor":["M","?","M","$","?","E","R","E","T","M","?","M","R","M","R","B",null,"M","?","M","?","$","E","R","E"],"character_chosen":"DEFECT","items_purchased":["Defragment","Cold Snap","Runic Capacitor"],"campfire_rested":1,"item_purchase_floors":[4,4,22],"current_hp_per_floor":[75,60,60,60,60,60,60,60,60,57,57,55,55,49,49,34,75,74,60,52,52,52,8,32,32,32],"gold":312,"neow_bonus":"THREE_ENEMY_KILL","is_daily":false,"chose_seed":false,"campfire_upgraded":3,"win_rate":0.0,"timestamp":1613695551,"path_taken":["M","?","M","$","?","E","R","E","T","M","?","M","R","?","R","BOSS","M","?","M","?","$","E","R","E"],"items_purchased_type":["Card","Card","Relic"],"build_version":"2020-12-22","purchased_purges":0,"victory":false,"max_hp_per_floor":[75,75,75,75,75,75,75,75,75,75,75,75,75,75,75,75,75,75,80,80,80,80,80,80,80,80],"card_choices":[{"not_picked":["Barrage","Compile Driver"],"picked":"Auto Shields","floor":1},{"not_picked":["Beam Cell","Stack"],"picked":"Cold Snap","floor":3},{"not_picked":["Leap","Amplify"],"picked":"Echo Form","floor":6},{"not_picked":["Coolheaded","Rebound","Beam Cell"],"picked":"SKIP","floor":8},{"not_picked":["Coolheaded","Redo"],"picked":"Core Surge","floor":10},{"not_picked":["Leap","Barrage","FTL"],"picked":"SKIP","floor":12},{"not_picked":["Lockon","Storm"],"picked":"Loop","floor":14},{"not_picked":["Buffer","Multi-Cast"],"picked":"Creative AI","floor":16},{"not_picked":["Leap","Hello World","Cold Snap"],"picked":"SKIP","floor":18},{"not_picked":["Redo","Turbo"],"picked":"Blizzard","floor":20},{"not_picked":["Barrage","Electrodynamics"],"picked":"Coolheaded+1","floor":23}],"player_experience":276481,"relics_obtained":[{"floor":6,"key":"Bag of Preparation"},{"floor":8,"key":"War Paint"},{"floor":23,"key":"Kunai"}],"event_choices":[{"damage_healed":0,"gold_gain":0,"player_choice":"Entered Light","damage_taken":15,"max_hp_gain":0,"max_hp_loss":0,"event_name":"Shining Light","floor":2,"gold_loss":0,"cards_upgraded":["Strike_B","Strike_B"]},{"damage_healed":0,"gold_gain":0,"player_choice":"Ignored","damage_taken":0,"max_hp_gain":0,"max_hp_loss":0,"event_name":"Golden Wing","floor":5,"gold_loss":0},{"damage_healed":0,"gold_gain":0,"player_choice":"Left Gold","damage_taken":0,"max_hp_gain":0,"max_hp_loss":0,"event_name":"World of Goop","floor":11,"gold_loss":48},{"damage_healed":0,"gold_gain":0,"player_choice":"Shed Blood","damage_taken":19,"max_hp_gain":5,"max_hp_loss":0,"event_name":"Forgotten Altar","floor":19,"gold_loss":0},{"damage_healed":0,"gold_gain":200,"player_choice":"Gold","damage_taken":0,"max_hp_gain":0,"max_hp_loss":0,"event_name":"Wheel of Change","floor":21,"gold_loss":0}],"is_beta":false,"boss_relics":[{"not_picked":["Philosopher\u0027s Stone","Snecko Eye"],"picked":"Fusion Hammer"}],"items_purged_floors":[],"is_endless":false,"potions_floor_spawned":[1,8,10,16],"killed_by":"Slavers","ascension_level":1}}