{"host":"csv4uk4hw8wax4p9","time":1613752693,"event":{"mods":["Act Like it!","BaseMod","KinomotoSakuraMod(Ä¾Ö®±¾Ó£)","Minty Spire (QoL Compilation)","Quick Restart","StSLib"],"gold_per_floor":[112,112,122,47,63,98,98,124,148,148,78,108,220,244,256,373,385,414,445,470,492,16,16,48,48,48,48,58,86,101,129,129,224,224,234,249,249,260,303,329,54,54,131,131,145,175,190,208,208,208,208,208,13,47,47],"floor_reached":56,"language":"ZHS","playtime":4084,"items_purged":["ClowCardTheSword","ClowCardTheSword","ClowCardTheShield"],"score":1544,"play_id":"3708b4e6-1461-4cca-ab66-1f18c96bb3b7","local_time":"20210220003813","is_ascension_mode":true,"campfire_choices":[{"data":"ClowCardTheWatery","floor":7.0,"key":"SMITH"},{"data":"ClowCardTheTwin","floor":10.0,"key":"SMITH"},{"data":"ClowCardTheWave","floor":15.0,"key":"SMITH"},{"data":"1","floor":23.0,"key":"LIFT"},{"data":"2","floor":25.0,"key":"LIFT"},{"data":"3","floor":27.0,"key":"LIFT"},{"data":"ClowCardTheFly","floor":32.0,"key":"SMITH"},{"data":"ClowCardTheFlower","floor":42.0,"key":"SMITH"},{"floor":44.0,"key":"RECALL"},{"data":"ClowCardTheNothing","floor":49,"key":"SMITH"},{"data":"ClowCardTheThunder","floor":52,"key":"SMITH"}],"circlet_count":0,"master_deck":["ClowCardTheCreate","ClowCardTheRain","SakuraCardTheTwin+","ClowCardTheMirror","SakuraCardTheWatery+","SakuraCardTheSword+","ClowCardTheSword","ClowCardTheShield","ClowCardTheShield","ClowCardTheShield","SpellCardSeal","SpellCardRelease","ClowCardTheWatery+1","ClowCardTheDream","ClowCardTheBubbles","ClowCardTheSleep","ClowCardTheTwin+1","ClowCardTheWave+1","ClowCardTheWave","ClowCardTheMirror","ClowCardTheDark","ClowCardTheIllusion+1","ClowCardTheFlower+1","ClowCardTheSnow","ClowCardTheFly+1","ClowCardTheThunder+1","ClowCardTheWave+1","ClowCardTheCloud","ClowCardTheMaze","ClowCardTheTime","ClowCardTheEarthy+1","ClowCardTheRain+1","ClowCardTheCloud","ClowCardTheNothing+1","ClowCardTheShadow+1","ClowCardTheFight+1","ClowCardTheBubbles+1","ClowCardTheDash","ClowCardTheGlow+1"],"relics":["KSMOD_SealedBook","KSMOD_SealedWand","KSMOD_Cerberus","FaceOfCleric","Vajra","Strawberry","MawBank","KSMOD_DarknessWand","Girya","Gremlin Horn","Juzu Bracelet","Oddly Smooth Stone","Bottled Lightning","Coffee Dripper","Mango","OrangePellets","KSMOD_Compass","Molten Egg 2","Toy Ornithopter"],"acts_visited":["Exordium","TheCity","TheBeyond","TheEnding"],"potions_floor_usage":[55,55,55,55,55,55],"damage_taken":[{"damage":0.0,"enemies":"2 Louse","floor":1.0,"turns":4.0},{"damage":0.0,"enemies":"Cultist","floor":3.0,"turns":3.0},{"damage":0.0,"enemies":"Jaw Worm","floor":5.0,"turns":2.0},{"damage":35.0,"enemies":"Gremlin Nob","floor":6.0,"turns":5.0},{"damage":4.0,"enemies":"Lagavulin","floor":8.0,"turns":4.0},{"damage":9.0,"enemies":"3 Sentries","floor":12.0,"turns":9.0},{"damage":2.0,"enemies":"Exordium Thugs","floor":14.0,"turns":7.0},{"damage":32.0,"enemies":"The Guardian","floor":16.0,"turns":7.0},{"damage":0.0,"enemies":"3 Byrds","floor":18.0,"turns":3.0},{"damage":4.0,"enemies":"Chosen","floor":19.0,"turns":5.0},{"damage":0.0,"enemies":"Snake Plant","floor":20.0,"turns":2.0},{"damage":0.0,"enemies":"Centurion and Healer","floor":21.0,"turns":6.0},{"damage":21.0,"enemies":"Slavers","floor":24.0,"turns":2.0},{"damage":0.0,"enemies":"Snecko","floor":28.0,"turns":3.0},{"damage":3.0,"enemies":"Book of Stabbing","floor":29.0,"turns":3.0},{"damage":0.0,"enemies":"Shelled Parasite and Fungi","floor":30.0,"turns":2.0},{"damage":0.0,"enemies":"Slavers","floor":31.0,"turns":3.0},{"damage":0.0,"enemies":"Champ","floor":33.0,"turns":7.0},{"damage":10.0,"enemies":"Orb Walker","floor":35.0,"turns":3.0},{"damage":0.0,"enemies":"3 Shapes","floor":36.0,"turns":3.0},{"damage":0.0,"enemies":"Maw","floor":38.0,"turns":5.0},{"damage":20.0,"enemies":"KSMOD_TheNothingMonster","floor":39.0,"turns":6.0},{"damage":15.0,"enemies":"Reptomancer","floor":40.0,"turns":6.0},{"damage":0.0,"enemies":"4 Shapes","floor":45.0,"turns":5.0},{"damage":4.0,"enemies":"Nemesis","floor":46.0,"turns":6.0},{"damage":0.0,"enemies":"Transient","floor":47.0,"turns":5.0},{"damage":0.0,"enemies":"Sphere and 2 Shapes","floor":48.0,"turns":4.0},{"damage":0,"enemies":"Awakened One","floor":50,"turns":4},{"damage":0,"enemies":"Shield and Spear","floor":54,"turns":3},{"damage":58,"enemies":"The Heart","floor":55,"turns":10}],"seed_played":"-4613764864180275791","potions_obtained":[{"floor":3.0,"key":"BlessingOfTheForge"},{"floor":8.0,"key":"Swift Potion"},{"floor":16.0,"key":"AttackPotion"},{"floor":19.0,"key":"Weak Potion"},{"floor":28.0,"key":"Block Potion"},{"floor":29.0,"key":"Block Potion"},{"floor":33.0,"key":"Strength Potion"},{"floor":40.0,"key":"CultistPotion"},{"floor":46.0,"key":"EntropicBrew"},{"floor":54,"key":"ColorlessPotion"}],"is_trial":false,"path_per_floor":["M","?","M","$","M","E","R","E","T","R","$","E","?","M","R","B",null,"M","M","M","M","$","R","E","R","T","R","M","E","M","E","R","B",null,"M","M","?","M","?","E","$","R","T","R","M","E","M","M","R","B",null,"R","$","E","B",null],"character_chosen":"KINOMOTOSAKURA","items_purchased":["ClowCardTheWave","Girya","ClowCardTheWatery","OrangePellets","KSMOD_MagickBottle","ClowCardTheDash"],"campfire_rested":0,"item_purchase_floors":[11,22,22,41,53,53],"current_hp_per_floor":[63,63,64,64,65,66,66,70,70,70,70,62,62,61,61,30,77,78,75,76,77,77,77,57,57,57,57,58,56,57,58,58,59,87,78,79,79,80,61,61,61,61,61,61,62,59,60,61,61,62,111,111,111,112,88],"gold":47,"neow_bonus":"ONE_RARE_RELIC","is_daily":false,"chose_seed":false,"campfire_upgraded":7,"win_rate":0.0,"timestamp":1613752693,"path_taken":["M","?","M","?","M","E","R","E","T","R","$","E","?","?","R","BOSS","M","M","M","M","$","R","E","R","T","R","M","E","M","E","R","BOSS","M","M","?","M","?","E","$","R","T","R","M","E","M","M","R","BOSS","R","$","E","BOSS"],"items_purchased_type":["Card","Relic","Card","Relic","Potion","Card"],"build_version":"2020-12-22","purchased_purges":3,"victory":true,"max_hp_per_floor":[63,63,64,64,65,66,66,74,74,74,74,75,75,76,76,77,77,78,79,80,81,81,81,82,82,82,82,83,84,85,86,86,87,87,88,89,89,90,91,106,106,106,106,106,107,108,109,110,110,111,111,111,111,112,113],"card_choices":[{"not_picked":["ClowCardTheRain","ClowCardTheLibra"],"picked":"ClowCardTheWatery","floor":1.0},{"not_picked":["ClowCardTheWatery","ClowCardTheVoice"],"picked":"ClowCardTheDream","floor":3.0},{"not_picked":["ClowCardTheMaze","ClowCardTheSand"],"picked":"ClowCardTheBubbles","floor":5.0},{"not_picked":["ClowCardTheCloud","ClowCardTheLibra"],"picked":"ClowCardTheSleep","floor":6.0},{"not_picked":["ClowCardTheShot","ClowCardTheMirror"],"picked":"ClowCardTheTwin","floor":8.0},{"not_picked":["ClowCardThePower","ClowCardTheMove"],"picked":"ClowCardTheWave","floor":12.0},{"not_picked":["ClowCardTheVoice","ClowCardTheThrough"],"picked":"ClowCardTheMirror","floor":14.0},{"not_picked":["ClowCardTheTwin","ClowCardTheReturn"],"picked":"ClowCardTheDark","floor":16.0},{"not_picked":["ClowCardTheFreeze+1","ClowCardTheSand"],"picked":"ClowCardTheIllusion+1","floor":18.0},{"not_picked":["ClowCardTheShot","ClowCardTheMist","ClowCardTheDream"],"picked":"SKIP","floor":19.0},{"not_picked":["ClowCardTheSilent","ClowCardTheSand"],"picked":"ClowCardTheFlower","floor":20.0},{"not_picked":["ClowCardTheMirror","ClowCardTheWood"],"picked":"ClowCardTheSnow","floor":21.0},{"not_picked":["ClowCardTheDream+1","ClowCardTheSleep"],"picked":"ClowCardTheFly","floor":24.0},{"not_picked":["ClowCardTheArrow+1","ClowCardTheSnow"],"picked":"ClowCardTheThunder","floor":28.0},{"not_picked":["ClowCardTheErase","ClowCardTheMirror"],"picked":"ClowCardTheWave+1","floor":29.0},{"not_picked":["ClowCardTheWood+1","ClowCardTheWatery"],"picked":"ClowCardTheCloud","floor":30.0},{"not_picked":["ClowCardTheBubbles","ClowCardTheDream+1"],"picked":"ClowCardTheMaze","floor":31.0},{"not_picked":["ClowCardTheReturn","ClowCardTheDash"],"picked":"ClowCardTheTime","floor":33.0},{"not_picked":["ClowCardTheLittle","ClowCardTheFlower+1"],"picked":"ClowCardTheEarthy+1","floor":35.0},{"not_picked":["ClowCardTheJump","ClowCardTheMirror+1"],"picked":"ClowCardTheRain+1","floor":36.0},{"not_picked":["ClowCardTheFly","ClowCardTheSong"],"picked":"ClowCardTheCloud","floor":38.0},{"not_picked":["ClowCardTheVoice","ClowCardTheRain+1"],"picked":"ClowCardTheTwin","floor":40.0},{"not_picked":["ClowCardTheVoice+1","ClowCardTheArrow+1"],"picked":"ClowCardTheShadow+1","floor":45.0},{"not_picked":["ClowCardTheLock","ClowCardTheErase+1","ClowCardTheMirror+1"],"picked":"SKIP","floor":46.0},{"not_picked":["ClowCardTheArrow+1","ClowCardTheFloat+1"],"picked":"ClowCardTheFight+1","floor":47.0},{"not_picked":["ClowCardTheShot+1","ClowCardTheWood"],"picked":"ClowCardTheBubbles+1","floor":48.0},{"not_picked":["ClowCardTheSilent+1","ClowCardTheMove"],"picked":"ClowCardTheGlow+1","floor":54}],"player_experience":502005,"relics_obtained":[{"floor":6.0,"key":"Vajra"},{"floor":8.0,"key":"Strawberry"},{"floor":12.0,"key":"MawBank"},{"floor":24.0,"key":"Gremlin Horn"},{"floor":26.0,"key":"Juzu Bracelet"},{"floor":29.0,"key":"Oddly Smooth Stone"},{"floor":31.0,"key":"Bottled Lightning"},{"floor":40.0,"key":"Mango"},{"floor":43.0,"key":"KSMOD_Compass"},{"floor":46.0,"key":"Molten Egg 2"},{"floor":54,"key":"Toy Ornithopter"}],"event_choices":[{"damage_healed":0.0,"max_hp_gain":0.0,"max_hp_loss":0.0,"gold_gain":0.0,"event_name":"FaceTrader","player_choice":"Trade","floor":2.0,"gold_loss":0.0,"damage_taken":0.0,"relics_obtained":["FaceOfCleric"]},{"damage_healed":0.0,"max_hp_gain":0.0,"max_hp_loss":0.0,"gold_gain":100.0,"event_name":"Golden Shrine","player_choice":"Pray","floor":13.0,"gold_loss":0.0,"damage_taken":0.0},{"damage_healed":0.0,"max_hp_gain":0.0,"max_hp_loss":0.0,"gold_gain":0.0,"event_name":"Tomb of Lord Red Mask","player_choice":"Ignored","floor":37.0,"gold_loss":0.0,"damage_taken":0.0}],"is_beta":false,"boss_relics":[{"not_picked":["SlaversCollar","Tiny House"],"picked":"KSMOD_DarknessWand"},{"not_picked":["Black Star","Pandora\u0027s Box"],"picked":"Coffee Dripper"}],"items_purged_floors":[4,22,41],"is_endless":false,"potions_floor_spawned":[3,8,16,19,28,29,33,35,40,45,46,47,48,54],"ascension_level":1}}