{"host":"ojme7g6xlqwffsso","time":1613700375,"event":{"mods":["BaseMod","Downfall","Minty Spire (QoL Compilation)","Relic Stats","StSLib"],"gold_per_floor":[112,187,206,206,225,257,257,292,319,319,319,319,347,360,360,437,437,447,447,447,447,467,467,17,43,69,89,100,132,132,145,145,145,145],"floor_reached":33,"language":"ENG","playtime":1153,"items_purged":[],"score":625,"play_id":"fdc5e6a6-a6b8-4b23-a6d7-f7a4163a7533","local_time":"20210219110615","is_ascension_mode":true,"campfire_choices":[{"data":"Reprogram","floor":7.0,"key":"SMITH"},{"floor":10.0,"key":"REST"},{"data":"Sweeping Beam","floor":12.0,"key":"SMITH"},{"floor":15.0,"key":"REST"},{"data":"Gash","floor":23,"key":"SMITH"},{"data":"White Noise","floor":30,"key":"SMITH"},{"floor":32,"key":"REST"}],"circlet_count":0,"master_deck":["AscendersBane","Defend_B","Defend_B+1","Defend_B","Zap+1","Dualcast","Conserve Battery","Sweeping Beam+1","Reprogram+1","Auto Shields","Leap","Melter","Leap","Core Surge","Bite","Bite","Bite","Bite","Bite","Gash+1","Barrage","Coolheaded","White Noise+1","Ball Lightning","Glacier"],"relics":["SlaversCollar","Orichalcum","DataDisk","War Paint","Mercury Hourglass","Nuclear Battery","Boot","Mango","Toolbox","Dead Branch","Centennial Puzzle","Dream Catcher"],"acts_visited":["Exordium","TheCity"],"potions_floor_usage":[29],"damage_taken":[{"damage":13.0,"enemies":"Jaw Worm","floor":1.0,"turns":4.0},{"damage":5.0,"enemies":"Small Slimes","floor":3.0,"turns":3.0},{"damage":0.0,"enemies":"Cultist","floor":5.0,"turns":4.0},{"damage":17.0,"enemies":"Lagavulin","floor":6.0,"turns":9.0},{"damage":9.0,"enemies":"3 Sentries","floor":8.0,"turns":8.0},{"damage":13.0,"enemies":"Lagavulin","floor":13.0,"turns":8.0},{"damage":0.0,"enemies":"3 Louse","floor":14.0,"turns":2.0},{"damage":0.0,"enemies":"The Guardian","floor":16.0,"turns":11.0},{"damage":18.0,"enemies":"Chosen","floor":18.0,"turns":5.0},{"damage":7,"enemies":"Shell Parasite","floor":22,"turns":5},{"damage":23,"enemies":"Book of Stabbing","floor":25,"turns":7},{"damage":18,"enemies":"Cultist and Chosen","floor":27,"turns":5},{"damage":16,"enemies":"3 Cultists","floor":28,"turns":5},{"damage":25,"enemies":"Slavers","floor":29,"turns":4},{"damage":19,"enemies":"Snake Plant","floor":31,"turns":3},{"damage":69,"enemies":"Automaton","floor":33,"turns":12}],"seed_played":"-1780495850706597509","potions_obtained":[{"floor":1.0,"key":"Weak Potion"},{"floor":13.0,"key":"SkillPotion"},{"floor":18,"key":"Dexterity Potion"},{"floor":31,"key":"Ancient Potion"}],"is_trial":false,"path_per_floor":["M","?","M","?","M","E","R","E","T","R","?","R","E","M","R","B",null,"M","T","?","?","M","R","$","E","T","M","M","E","R","M","R","B"],"character_chosen":"DEFECT","items_purchased":["Mango","Toolbox"],"campfire_rested":3,"item_purchase_floors":[24,24],"current_hp_per_floor":[51,40,35,28,28,11,11,2,2,23,23,23,10,10,31,31,61,43,43,43,49,49,49,63,50,50,48,42,25,25,12,30,0,0],"gold":145,"neow_bonus":"BOSS_RELIC","is_daily":false,"chose_seed":false,"campfire_upgraded":4,"win_rate":0.0,"timestamp":1613700375,"path_taken":["M","?","M","?","M","E","R","E","T","R","?","R","E","M","R","BOSS","M","?","?","?","?","R","$","E","T","M","M","E","R","M","R","BOSS"],"items_purchased_type":["Relic","Relic"],"build_version":"2020-12-22","purchased_purges":0,"victory":false,"max_hp_per_floor":[71,71,71,71,71,71,71,71,71,71,71,71,71,71,71,71,71,71,71,49,49,49,49,63,63,63,63,63,63,63,63,63,63,63],"relic_stats":{"Centennial Puzzle":[15],"Dream Catcher":1,"counters":[16,94],"Dead Branch":[21],"Orichalcum":[102],"War Paint":["Defend_B","Zap"],"Boot":[11],"obtain_stats":[{"Dead Branch":25,"Mango":24,"Orichalcum":6,"War Paint":9,"Boot":19,"Mercury Hourglass":13,"Nuclear Battery":17,"SlaversCollar":0,"DataDisk":8,"Centennial Puzzle":26,"Dream Catcher":29,"Toolbox":24,"Cracked Core":0},{"Dead Branch":11,"Mango":10,"Orichalcum":4,"War Paint":5,"Boot":9,"Mercury Hourglass":6,"Nuclear Battery":8,"SlaversCollar":0,"DataDisk":5,"Centennial Puzzle":11,"Dream Catcher":14,"Toolbox":10,"Cracked Core":0},{"Dead Branch":65,"Mango":58,"Orichalcum":20,"War Paint":28,"Boot":53,"Mercury Hourglass":36,"Nuclear Battery":48,"SlaversCollar":0,"DataDisk":28,"Centennial Puzzle":65,"Dream Catcher":79,"Toolbox":58,"Cracked Core":0}],"Mercury Hourglass":[226]},"card_choices":[{"not_picked":["Force Field","Auto Shields"],"picked":"Conserve Battery","floor":1.0},{"not_picked":["Leap","Stack"],"picked":"Sweeping Beam","floor":3.0},{"not_picked":["Genetic Algorithm","Rebound"],"picked":"Reprogram","floor":5.0},{"not_picked":["Reinforced Body","Force Field"],"picked":"Auto Shields","floor":6.0},{"not_picked":["Barrage","Beam Cell"],"picked":"Leap","floor":8.0},{"not_picked":["Genetic Algorithm","Lockon"],"picked":"Melter","floor":13.0},{"not_picked":["Biased Cognition","Redo"],"picked":"Leap","floor":14.0},{"not_picked":["All For One","Multi-Cast"],"picked":"Core Surge","floor":16.0},{"not_picked":["Cold Snap","Leap","Capacitor"],"picked":"SKIP","floor":18},{"not_picked":["Turbo","Cold Snap"],"picked":"Gash","floor":22},{"not_picked":["Streamline","Darkness"],"picked":"Barrage","floor":25},{"not_picked":["Streamline+1","Rebound"],"picked":"Coolheaded","floor":27},{"not_picked":["Barrage","Beam Cell"],"picked":"White Noise","floor":28},{"not_picked":["All For One","Beam Cell","Go for the Eyes"],"picked":"SKIP","floor":29},{"not_picked":["Sunder","Fusion"],"picked":"Ball Lightning","floor":31},{"not_picked":["Leap","Meteor Strike"],"picked":"Glacier","floor":32}],"player_experience":1098244,"relics_obtained":[{"floor":6.0,"key":"Orichalcum"},{"floor":8.0,"key":"DataDisk"},{"floor":9.0,"key":"War Paint"},{"floor":13.0,"key":"Mercury Hourglass"},{"floor":19,"key":"Boot"},{"floor":25,"key":"Dead Branch"},{"floor":26,"key":"Centennial Puzzle"},{"floor":29,"key":"Dream Catcher"}],"event_choices":[{"damage_healed":0.0,"max_hp_gain":0.0,"max_hp_loss":0.0,"gold_gain":75.0,"event_name":"World of Goop","player_choice":"Gather Gold","floor":2.0,"gold_loss":0.0,"damage_taken":11.0},{"cards_removed":["Defend_B"],"damage_healed":0.0,"max_hp_gain":0.0,"max_hp_loss":0.0,"gold_gain":0.0,"event_name":"Golden Wing","player_choice":"Card Removal","floor":4.0,"gold_loss":0.0,"damage_taken":7.0},{"damage_healed":0.0,"max_hp_gain":0.0,"max_hp_loss":0.0,"gold_gain":0.0,"event_name":"NoteForYourself","player_choice":"Ignored","floor":11.0,"gold_loss":0.0,"damage_taken":0.0},{"damage_healed":0,"gold_gain":0,"player_choice":"Became a vampire","damage_taken":0,"max_hp_gain":0,"max_hp_loss":22,"event_name":"Vampires","floor":20,"gold_loss":0,"cards_obtained":["Bite","Bite","Bite","Bite","Bite"]},{"damage_healed":6,"gold_gain":0,"player_choice":"Full Heal","damage_taken":0,"max_hp_gain":0,"max_hp_loss":0,"event_name":"Wheel of Change","floor":21,"gold_loss":0}],"is_beta":false,"boss_relics":[{"not_picked":["Ectoplasm","Philosopher\u0027s Stone"],"picked":"Nuclear Battery"}],"items_purged_floors":[],"is_endless":false,"potions_floor_spawned":[1,13,18,22,27,31],"killed_by":"Automaton","ascension_level":14}}