{"host":"x5w9zppki4gdwvc7","time":1613763721,"event":{"mods":["AchievementEnabler","BaseMod","Colored Powertips","DeckTracker","Minty Spire (QoL Compilation)","SuperFastMode"],"gold_per_floor":[115,40,40,40,115,131,45,81,81,81,116,116,140,154,154,154,154],"floor_reached":16,"language":"ENG","playtime":618,"items_purged":["Strike_R"],"score":183,"play_id":"27936836-57b7-47d2-8a78-e2d5e814ce8b","local_time":"20210219204201","is_ascension_mode":false,"campfire_choices":[{"floor":12,"key":"REST"},{"data":"Madness","floor":15,"key":"SMITH"}],"circlet_count":0,"master_deck":["Strike_R","Strike_R","Strike_R","Strike_R","Defend_R","Defend_R","Defend_R","Defend_R","Bash","Uppercut+1","Seeing Red","Madness+1","Thunderclap"],"relics":["Burning Blood","Golden Idol","Singing Bowl","Champion Belt","PreservedInsect"],"acts_visited":["Exordium"],"potions_floor_usage":[16],"damage_taken":[{"damage":3,"enemies":"Small Slimes","floor":1,"turns":4},{"damage":6,"enemies":"Jaw Worm","floor":6,"turns":3},{"damage":42,"enemies":"3 Sentries","floor":8,"turns":11},{"damage":24,"enemies":"Gremlin Nob","floor":11,"turns":4},{"damage":4,"enemies":"2 Louse","floor":13,"turns":3},{"damage":8,"enemies":"Blue Slaver","floor":14,"turns":3}],"seed_played":"153436537990417380","potions_obtained":[{"floor":1,"key":"ElixirPotion"},{"floor":14,"key":"ColorlessPotion"}],"is_trial":false,"path_per_floor":["M","$","?","?","?","M","$","E","T","$","E","R","M","M","R","B"],"character_chosen":"IRONCLAD","items_purchased":["Madness"],"campfire_rested":1,"item_purchase_floors":[7],"current_hp_per_floor":[75,75,75,75,64,64,64,30,30,30,12,39,43,43,43,0,0],"gold":154,"neow_bonus":"TWENTY_PERCENT_HP_BONUS","is_daily":false,"chose_seed":false,"campfire_upgraded":1,"win_rate":0.0,"timestamp":1613763721,"path_taken":["M","$","?","?","?","M","?","E","T","$","E","R","?","M","R","BOSS"],"items_purchased_type":["Card"],"build_version":"2020-12-22","purchased_purges":1,"victory":false,"max_hp_per_floor":[96,96,96,89,89,89,89,91,91,91,91,91,93,95,95,95,95],"card_choices":[{"not_picked":["Ghostly Armor","Body Slam"],"picked":"Uppercut","floor":1},{"not_picked":["Uppercut","Flex"],"picked":"Seeing Red","floor":6},{"not_picked":["Evolve","Second Wind","Rupture"],"picked":"Singing Bowl","floor":8},{"not_picked":["Infernal Blade","Anger"],"picked":"Thunderclap","floor":11},{"not_picked":["Body Slam","Perfected Strike","Clash"],"picked":"Singing Bowl","floor":13},{"not_picked":["Perfected Strike","Thunderclap","Cleave"],"picked":"Singing Bowl","floor":14}],"player_experience":671739,"relics_obtained":[{"floor":8,"key":"Singing Bowl"},{"floor":9,"key":"Champion Belt"},{"floor":11,"key":"PreservedInsect"}],"event_choices":[{"damage_healed":0,"gold_gain":0,"player_choice":"Grow","damage_taken":0,"max_hp_gain":0,"max_hp_loss":0,"event_name":"Living Wall","floor":3,"gold_loss":0,"cards_upgraded":["Uppercut"]},{"damage_healed":0,"gold_gain":0,"player_choice":"Lose Max HP","damage_taken":0,"relics_obtained":["Golden Idol"],"max_hp_gain":0,"max_hp_loss":7,"event_name":"Golden Idol","floor":4,"gold_loss":0},{"damage_healed":0,"gold_gain":75,"player_choice":"Gather Gold","damage_taken":11,"max_hp_gain":0,"max_hp_loss":0,"event_name":"World of Goop","floor":5,"gold_loss":0}],"is_beta":false,"boss_relics":[],"items_purged_floors":[2],"is_endless":false,"potions_floor_spawned":[1,14],"killed_by":"The Guardian","ascension_level":0}}