{"host":"03qh43t1tt22vioj","time":1613769989,"event":{"mods":["2.2 Compatiblity","AchievementEnabler","BaseMod","Beaked The Cultist","Colored Map","Colored Powertips","DeckTracker","Disable Question Mark Monsters","Downfall","Friendly Minions","Minty Spire (QoL Compilation)","Permanent Neow","Quick Restart","Random Character Button","Random Character Mod","Rare Cards Sparkle","Relic Stats","SacredBarkPlus","Shop Mod","StSLib","Synergy Search","The Construct","Unceasing Turn Reminder","Unknown Chances"],"gold_per_floor":[112,112,112,192,42,54,87,87,87,40,53,88,104,120,120,216,216,227,227,7,7,26,26,26,26],"floor_reached":24,"language":"ENG","playtime":1795,"items_purged":["construct:Strike_Gold"],"score":229,"play_id":"79057fa0-4ae0-4491-ac94-b301680a04e9","local_time":"20210219222629","is_ascension_mode":false,"campfire_choices":[{"data":"construct:FlashFreeze","floor":15,"key":"SMITH"},{"data":"construct:FlashFreeze+1","floor":23,"key":"SMITH"}],"circlet_count":0,"master_deck":["construct:Strike_Gold","construct:Strike_Gold+1","construct:Strike_Gold","construct:Strike_Gold+1","construct:Defend_Gold","construct:Defend_Gold","construct:Defend_Gold","construct:Defend_Gold","construct:Defend_Gold","construct:DefenseMode","construct:Disrupt","construct:CreateCores+1","construct:Versatility","construct:Autoturret","construct:FlashFreeze+2","construct:Versatility","construct:Tumble","construct:ShieldBurst","construct:Rollout"],"relics":["construct:ClockworkPhoenix","NeowsBlessing","Matryoshka","MerchantsRug","Juzu Bracelet","Lantern","Eternal Feather","beaked:ShinyBauble","construct:WeddingRing","PreservedInsect"],"acts_visited":["Exordium","TheCity"],"potions_floor_usage":[12,16,16,24,24],"damage_taken":[{"damage":0,"enemies":"Cultist","floor":1,"turns":1},{"damage":0,"enemies":"Jaw Worm","floor":6,"turns":1},{"damage":0,"enemies":"Lagavulin","floor":7,"turns":1},{"damage":0,"enemies":"Small Slimes","floor":11,"turns":5},{"damage":37,"enemies":"3 Sentries","floor":12,"turns":34},{"damage":3,"enemies":"Looter","floor":13,"turns":4},{"damage":1,"enemies":"3 Louse","floor":14,"turns":5},{"damage":16,"enemies":"Hexaghost","floor":16,"turns":15},{"damage":0,"enemies":"Spheric Guardian","floor":18,"turns":8},{"damage":11,"enemies":"3 Byrds","floor":22,"turns":6},{"damage":68,"enemies":"Gremlin Leader","floor":24,"turns":8}],"seed_played":"-1857124007814894135","potions_obtained":[{"floor":7,"key":"sneckomod:MuddlingPotion"},{"floor":11,"key":"GamblersBrew"},{"floor":12,"key":"champ:CounterPotion"},{"floor":16,"key":"SkillPotion"},{"floor":18,"key":"CultistPotion"},{"floor":22,"key":"LiquidMemories"}],"is_trial":false,"path_per_floor":["M","?","?","T","$","M","E","?","T","$","M","E","M","M","R","B",null,"M","?","$","?","M","R","E"],"character_chosen":"THE_CONSTRUCT_MOD","items_purchased":["MerchantsRug","construct:Autoturret","PreservedInsect"],"campfire_rested":0,"item_purchase_floors":[5,10,20],"current_hp_per_floor":[85,78,61,61,61,61,61,61,61,61,61,24,21,20,29,13,85,85,69,69,69,58,67,0,0],"gold":26,"neow_bonus":"THREE_ENEMY_KILL","is_daily":false,"chose_seed":false,"campfire_upgraded":2,"win_rate":0.0,"timestamp":1613769989,"path_taken":["M","?","?","?","$","M","E","?","T","?","M","E","M","M","R","BOSS","M","?","$","?","M","R","E"],"items_purchased_type":["Relic","Card","Relic"],"build_version":"2020-12-22","purchased_purges":1,"victory":false,"max_hp_per_floor":[85,85,85,85,85,85,85,85,85,85,85,85,85,85,85,85,85,85,90,90,90,90,90,90,90],"relic_stats":{"counters":[11,84],"Eternal Feather":18,"PreservedInsect":45,"Juzu Bracelet":0,"obtain_stats":[{"MerchantsRug":5,"Lantern":9,"beaked:ShinyBauble":12,"Matryoshka":4,"construct:WeddingRing":17,"NeowsBlessing":0,"Eternal Feather":9,"PreservedInsect":20,"Juzu Bracelet":7,"construct:ClockworkPhoenix":0},{"MerchantsRug":1,"Lantern":3,"beaked:ShinyBauble":5,"Matryoshka":1,"construct:WeddingRing":8,"NeowsBlessing":0,"Eternal Feather":3,"PreservedInsect":9,"Juzu Bracelet":3,"construct:ClockworkPhoenix":0},{"MerchantsRug":1,"Lantern":3,"beaked:ShinyBauble":40,"Matryoshka":1,"construct:WeddingRing":62,"NeowsBlessing":0,"Eternal Feather":3,"PreservedInsect":70,"Juzu Bracelet":3,"construct:ClockworkPhoenix":0}]},"card_choices":[{"not_picked":["construct:Forcefield","construct:Stasis"],"picked":"construct:Disrupt","floor":1},{"not_picked":["construct:FlashFreeze","construct:Forcefield"],"picked":"construct:CreateCores","floor":6},{"not_picked":["construct:PhosphorStorm","construct:Synchronize"],"picked":"construct:Versatility","floor":7},{"not_picked":["construct:Anticipate","construct:SyphonStrike","construct:PowerUp"],"picked":"SKIP","floor":11},{"not_picked":["construct:HeavyBolt","construct:Boost"],"picked":"construct:FlashFreeze","floor":12},{"not_picked":["construct:SyphonStrike","construct:ClusterMines"],"picked":"construct:Versatility","floor":13},{"not_picked":["construct:ClusterMines","construct:HyperBeam"],"picked":"construct:Tumble","floor":14},{"not_picked":["construct:SpinDrive","construct:MassProduction"],"picked":"construct:ShieldBurst","floor":16},{"not_picked":["construct:ScrapCannon+1","construct:HeavyBolt","construct:QuickAttack"],"picked":"SKIP","floor":18},{"not_picked":["construct:Impenetrable","construct:Implosion"],"picked":"construct:Rollout","floor":22}],"player_experience":210023,"relics_obtained":[{"floor":4,"key":"Matryoshka"},{"floor":7,"key":"Juzu Bracelet"},{"floor":9,"key":"Lantern"},{"floor":9,"key":"Eternal Feather"},{"floor":12,"key":"beaked:ShinyBauble"}],"event_choices":[{"cards_removed":["construct:AttackMode"],"damage_healed":0,"gold_gain":0,"player_choice":"Card Removal","damage_taken":7,"max_hp_gain":0,"max_hp_loss":0,"event_name":"Golden Wing","floor":2,"gold_loss":0},{"damage_healed":0,"gold_gain":0,"player_choice":"Entered Light","damage_taken":17,"max_hp_gain":0,"max_hp_loss":0,"event_name":"Shining Light","floor":3,"gold_loss":0,"cards_upgraded":["construct:Strike_Gold","construct:Strike_Gold"]},{"damage_healed":0,"gold_gain":0,"player_choice":"Grow","damage_taken":0,"max_hp_gain":0,"max_hp_loss":0,"event_name":"Living Wall","floor":8,"gold_loss":0,"cards_upgraded":["construct:CreateCores"]},{"damage_healed":0,"gold_gain":0,"player_choice":"Shed Blood","damage_taken":21,"max_hp_gain":5,"max_hp_loss":0,"event_name":"Forgotten Altar","floor":19,"gold_loss":0},{"damage_healed":0,"gold_gain":0,"player_choice":"Ignored","damage_taken":0,"max_hp_gain":0,"max_hp_loss":0,"event_name":"Ghosts","floor":21,"gold_loss":0}],"is_beta":false,"boss_relics":[{"not_picked":["SacredBark","Black Star"],"picked":"construct:WeddingRing"}],"items_purged_floors":[20],"is_endless":false,"potions_floor_spawned":[7,11,12,16,18,22],"killed_by":"Gremlin Leader","ascension_level":0}}