{"host":"Lucas","time":1613772220,"event":{"mods":["BaseMod","Downfall","Minty Spire (QoL Compilation)","READ ME - Guardian Mod","StSLib","The Cursed","The Disciple","The Necromancer","The Servant 0.9.4"],"gold_per_floor":[99,99,99,99,111,182,207,229,329,353,381,381,401,33,56,56,56],"floor_reached":16,"language":"ENG","playtime":1587,"items_purged":[],"score":101,"play_id":"5deab74b-10e0-46cf-b04d-910216896f96","local_time":"20210219220340","is_ascension_mode":true,"campfire_choices":[{"data":"KidneyShot","floor":1.0,"key":"SMITH"}],"circlet_count":0,"master_deck":["Strike_S","Strike_S","Strike_S","Strike_S","Defend_S","Defend_S","Defend_S","Defend_S","KidneyShot+1","Exchange","StarChef","Luminosity","Potential","Ricochet","Rearm","Sabotage","RealityMarble","Rearm","Read","Potential","BottledTime","Defy","Revamp","Solidify","GearUp","Rewind"],"relics":["Uniform","downfall:HeartsMalice","CeramicFish","Omamori","Potion Belt","Orrery","Gremlin Horn"],"acts_visited":["Exordium"],"potions_floor_usage":[16],"damage_taken":[{"damage":0.0,"enemies":"Cultist","floor":2.0,"turns":1.0},{"damage":0.0,"enemies":"downfall:FleeingMerchant","floor":3.0,"turns":1.0},{"damage":0.0,"enemies":"Jaw Worm","floor":4.0,"turns":1.0},{"damage":0.0,"enemies":"Small Slimes","floor":5.0,"turns":3.0},{"damage":18.0,"enemies":"Lagavulin Event","floor":6.0,"turns":8.0},{"damage":6.0,"enemies":"downfall:LooterAlt","floor":8.0,"turns":4.0},{"damage":0.0,"enemies":"2 Fungi Beasts","floor":10.0,"turns":2.0},{"damage":10.0,"enemies":"Gremlin Gang","floor":11.0,"turns":5.0},{"damage":2.0,"enemies":"Exordium Wildlife","floor":13.0,"turns":4.0},{"damage":4.0,"enemies":"downfall:FleeingMerchant","floor":14.0,"turns":4.0},{"damage":0.0,"enemies":"Exordium Thugs","floor":15.0,"turns":4.0},{"damage":23,"enemies":"IC_STATUS_ARCHETYPE","floor":16,"turns":13}],"seed_played":"8774932084282491925","potions_obtained":[{"floor":6.0,"key":"DistilledChaos"},{"floor":11.0,"key":"SkillPotion"},{"floor":13.0,"key":"Regen Potion"},{"floor":15.0,"key":"ColorlessPotion"}],"is_trial":false,"path_per_floor":["R","M","$","M","M","?","T","M","?","M","M","?","M","$","M","B"],"character_chosen":"THE_SERVANT","items_purchased":["Orrery","Gremlin Horn"],"campfire_rested":0,"item_purchase_floors":[14,14],"current_hp_per_floor":[65,65,65,65,65,47,47,41,41,41,31,13,11,7,19,0,0],"gold":56,"neow_bonus":"THREE_ENEMY_KILL","is_daily":false,"chose_seed":false,"campfire_upgraded":1,"win_rate":0.0,"timestamp":1613772220,"path_taken":["R","M","$","M","M","?","T","M","?","M","M","?","M","$","M","BOSS"],"items_purchased_type":["Relic","Relic"],"build_version":"2020-12-18","purchased_purges":0,"victory":false,"max_hp_per_floor":[65,65,65,65,65,65,65,65,65,65,65,65,65,65,65,65,65],"card_choices":[{"not_picked":["MoonPhase","ShiftingGears"],"picked":"StarChef","floor":2.0},{"not_picked":["Rewind","Defy"],"picked":"Luminosity","floor":3.0},{"not_picked":["Defy","TimeWarp"],"picked":"Potential","floor":4.0},{"not_picked":["Duplication","Rewind"],"picked":"Ricochet","floor":5.0},{"not_picked":["Hightail","Starlight"],"picked":"Rearm","floor":6.0},{"not_picked":["Spin","Manipulate"],"picked":"Sabotage","floor":8.0},{"not_picked":["BottledTime","Ricochet"],"picked":"RealityMarble","floor":10.0},{"not_picked":["Starlight","Unruled"],"picked":"Rearm","floor":11.0},{"not_picked":["Contraction","Replace"],"picked":"Read","floor":13.0},{"not_picked":["ShatteredReality","Rewind"],"picked":"Potential","floor":14.0},{"not_picked":["ReturningBlade","Comet"],"picked":"BottledTime","floor":14.0},{"not_picked":["Replace","Comet"],"picked":"Defy","floor":14.0},{"not_picked":["Moonlight","BottledTime"],"picked":"Revamp","floor":14.0},{"not_picked":["MoonPhase","ShatteredReality"],"picked":"Solidify","floor":14.0},{"not_picked":["ShiftingGears","Rearm"],"picked":"GearUp","floor":14.0},{"not_picked":["BottledTime","MoonPhase"],"picked":"Rewind","floor":15.0}],"player_experience":1342394,"relics_obtained":[{"floor":6.0,"key":"CeramicFish"},{"floor":7.0,"key":"Omamori"}],"event_choices":[{"damage_healed":0.0,"max_hp_gain":0.0,"max_hp_loss":0.0,"gold_gain":0.0,"event_name":"Scrap Ooze","player_choice":"Success","floor":12.0,"gold_loss":0.0,"damage_taken":18.0,"relics_obtained":["Potion Belt"]}],"is_beta":true,"boss_relics":[],"items_purged_floors":[],"is_endless":false,"potions_floor_spawned":[6,11,13,15],"killed_by":"IC_STATUS_ARCHETYPE","ascension_level":2}}