{"host":"dscols65uipasqd2","time":1613718850,"event":{"mods":["2.2 Compatiblity","AchievementEnabler","Aspiration","BaseMod","Colored Powertips","Downfall","Energized Spire","GifTheSpireLib","Hermit","Hubris","Infinite Spire","Jorbs\u0027s Wanderer Trilogy","Minty Spire (QoL Compilation)","Rare Cards Sparkle","Relic Stats","Replay The Spire","Robot Space Explorer","Shade Mod","StSLib","Stuff the Spire","The Blue Laboratory","The Cursed","The Disciple","The Forsaken","The Hierophant","The Judge","The Jungle","The Mystic","The Runesmith","TheFirefly","Wandering Minibosses"],"gold_per_floor":[99,99,99,99,274,274,327,227,244,244,258,291,334,82,99,99,99,99],"floor_reached":16,"language":"ENG","playtime":536,"items_purged":["Doubt"],"score":155,"play_id":"21bc1a2c-79fa-4263-ad5d-61e143b11087","local_time":"20210219021410","is_ascension_mode":true,"campfire_choices":[{"floor":1,"key":"DIG"},{"floor":8,"key":"RECALL"}],"circlet_count":0,"master_deck":["sneckomod:Strike","sneckomod:Strike","sneckomod:Strike","sneckomod:Defend","sneckomod:Defend","sneckomod:Defend","sneckomod:TailWhip","sneckomod:SnekBite","sneckomod:Unknown","sneckomod:Unknown","sneckomod:WideSting","sneckomod:QuickBite","sneckomod:UnknownClassGREEN","sneckomod:Unknown1Cost","sneckomod:UnknownUncommonAttack","sneckomod:Unknown0Cost","ReplayTheSpireMod:Splinters","sneckomod:UnknownClassPURPLE","sneckomod:Unknown2Cost","sneckomod:QuickMove","expansioncontent:PrepareCrush","sneckomod:UnendingSupply","sneckomod:Restock"],"relics":["sneckomod:SneckoSoul","downfall:HeartsMalice","hubris:PeanutButter","aspiration:ChemicalBlood","downfall:HeartBlessingBlue","Mummified Hand","Anchor","Replay:Accelerometer"],"acts_visited":["Exordium"],"potions_floor_usage":[9,12,16,16,16,16],"damage_taken":[{"damage":0,"enemies":"Small Slimes","floor":2,"turns":1},{"damage":0,"enemies":"2 Louse","floor":3,"turns":1},{"damage":0,"enemies":"Jaw Worm","floor":4,"turns":1},{"damage":0,"enemies":"3 Louse","floor":9,"turns":3},{"damage":5,"enemies":"Large Slime","floor":11,"turns":3},{"damage":38,"enemies":"Lagavulin","floor":12,"turns":7},{"damage":0,"enemies":"downfall:FleeingMerchant","floor":14,"turns":4},{"damage":0,"enemies":"Red Slaver","floor":15,"turns":2},{"damage":49,"enemies":"DF_ARCHETYPE_STREAMLINE","floor":16,"turns":6}],"seed_played":"-5120465448501478184","potions_obtained":[{"floor":9,"key":"Fruit Juice"},{"floor":11,"key":"DistilledChaos"},{"floor":12,"key":"Death Potion"}],"is_trial":false,"path_per_floor":["R","M","M","M","?","?","T","R","M","?","M","E","?","$","M","B"],"character_chosen":"THE_SNECKO","items_purchased":["expansioncontent:PrepareCrush","sneckomod:UnendingSupply"],"campfire_rested":0,"item_purchase_floors":[14,14],"current_hp_per_floor":[81,81,81,81,81,74,74,84,89,89,84,46,46,48,48,0,0,0],"gold":99,"neow_bonus":"THREE_ENEMY_KILL","is_daily":false,"chose_seed":false,"campfire_upgraded":0,"win_rate":0.0,"timestamp":1613718850,"path_taken":["R","M","M","M","?","?","T","R","M","?","M","E","?","$","M","BOSS"],"items_purchased_type":["Card","Card"],"build_version":"2020-12-22","purchased_purges":1,"victory":false,"max_hp_per_floor":[90,90,90,90,90,90,90,100,105,105,105,105,105,107,107,107,107,107],"relic_stats":{"counters":[9,25],"Mummified Hand":[4],"obtain_stats":[{"Replay:Accelerometer":13,"Anchor":12,"downfall:HeartBlessingBlue":8,"Mummified Hand":10,"downfall:HeartsMalice":0,"hubris:PeanutButter":1,"sneckomod:SneckoSoul":0,"aspiration:ChemicalBlood":6},{"Replay:Accelerometer":6,"Anchor":6,"downfall:HeartBlessingBlue":3,"Mummified Hand":4,"downfall:HeartsMalice":0,"hubris:PeanutButter":0,"sneckomod:SneckoSoul":0,"aspiration:ChemicalBlood":3},{"Replay:Accelerometer":13,"Anchor":13,"downfall:HeartBlessingBlue":0,"Mummified Hand":3,"downfall:HeartsMalice":0,"hubris:PeanutButter":0,"sneckomod:SneckoSoul":0,"aspiration:ChemicalBlood":0}]},"card_choices":[{"not_picked":["sneckomod:DefensiveFlair","sneckomod:Rotation"],"picked":"sneckomod:WideSting","floor":2},{"not_picked":["sneckomod:QuickMove","sneckomod:UnknownClassGREEN"],"picked":"sneckomod:QuickBite","floor":3},{"not_picked":["sneckomod:UnknownStrike","sneckomod:Cheat"],"picked":"sneckomod:UnknownClassGREEN","floor":4},{"not_picked":["sneckomod:UnknownClassMYSTIC_PURPLE","sneckomod:UnknownClassGREEN"],"picked":"sneckomod:Unknown1Cost","floor":9},{"not_picked":["sneckomod:Rotation","sneckomod:SerpentIdol"],"picked":"sneckomod:UnknownUncommonAttack","floor":11},{"not_picked":["sneckomod:DiceCrush","sneckomod:UnknownClassTHE_CURSED_PURPLE"],"picked":"sneckomod:Unknown0Cost","floor":12},{"not_picked":["sneckomod:UnknownCommonAttack","sneckomod:UnknownClassTHE_CURSED_PURPLE"],"picked":"sneckomod:UnknownClassPURPLE","floor":13},{"not_picked":["sneckomod:Memorize","sneckomod:UnknownClassFORSAKEN_GOLD_COLOR"],"picked":"sneckomod:Unknown2Cost","floor":13},{"not_picked":["sneckomod:UnknownClassSHADE_COLOR","sneckomod:SlitherStrike"],"picked":"sneckomod:QuickMove","floor":14},{"not_picked":["sneckomod:UnknownClassSHADE_COLOR","sneckomod:UnknownClassFORSAKEN_GOLD_COLOR"],"picked":"sneckomod:Restock","floor":15}],"player_experience":649050,"relics_obtained":[{"floor":1,"key":"hubris:PeanutButter"},{"floor":10,"key":"Mummified Hand"},{"floor":12,"key":"Anchor"},{"floor":13,"key":"Replay:Accelerometer"}],"event_choices":[{"damage_healed":0,"gold_gain":0,"player_choice":"Success","damage_taken":7,"relics_obtained":["aspiration:ChemicalBlood"],"max_hp_gain":0,"max_hp_loss":0,"event_name":"Scrap Ooze","floor":6,"gold_loss":0}],"is_beta":false,"boss_relics":[],"items_purged_floors":[14],"is_endless":false,"potions_floor_spawned":[9,11,12],"killed_by":"DF_ARCHETYPE_STREAMLINE","ascension_level":7}}