{"host":"soyfmymeou4emntr","time":1613706813,"event":{"mods":["BaseMod","Minty Spire (QoL Compilation)","Permanent Neow","Relic Sorter","Relic Stats","StSLib"],"gold_per_floor":[115,6,26,26,45,45,73,86,111,123,123,162,162,162,162,258,258,271,271,291,7,7,7,27,47,99,128,85,113,213,247,247,325,325,345,670,685,702,57,57,90,100,123,123,170,203,203,213,213,213,213,213],"floor_reached":51,"language":"ENG","playtime":6163,"items_purged":["ConjureBlade"],"score":1546,"play_id":"c8508a6c-23b4-4e74-a187-ac2046fce66c","local_time":"20210218205333","is_ascension_mode":true,"campfire_choices":[{"data":"Blasphemy","floor":6.0,"key":"SMITH"},{"data":"ClearTheMind","floor":13.0,"key":"SMITH"},{"data":"Tantrum","floor":15.0,"key":"SMITH"},{"floor":23.0,"key":"REST"},{"data":"MentalFortress","floor":32.0,"key":"SMITH"},{"floor":40.0,"key":"RECALL"},{"data":"TalkToTheHand","floor":44.0,"key":"SMITH"},{"data":"Wireheading","floor":47.0,"key":"SMITH"},{"data":"Tantrum","floor":49,"key":"SMITH"}],"circlet_count":0,"master_deck":["AscendersBane","Strike_P+1","Strike_P+1","Strike_P+1","Strike_P+1","Defend_P+1","Defend_P+1","Defend_P+1","Defend_P+1","Eruption","Vigilance","Crescendo","MentalFortress+1","FlurryOfBlows","Tantrum+1","Blasphemy+1","EmptyFist","FlurryOfBlows","ClearTheMind+1","MentalFortress","Scrawl","TalkToTheHand+1","Tantrum+1","Wireheading+1","SignatureMove+1","LikeWater","Halt","Weave","JustLucky+1","CurseOfTheBell","Weave","ThirdEye","Weave","Panache","ThirdEye","CutThroughFate+1","MentalFortress"],"relics":["PureWater","Ancient Tea Set","Oddly Smooth Stone","Bloody Idol","Happy Flower","Runic Pyramid","Vajra","Strawberry","Mercury Hourglass","Sundial","Mango","Question Card","HornCleat","Calling Bell","Potion Belt","Pantograph","Torii","Old Coin","Shuriken","Akabeko","Juzu Bracelet","Unceasing Top","Boot"],"acts_visited":["Exordium","TheCity","TheBeyond"],"potions_floor_usage":[50,51],"damage_taken":[{"damage":6.0,"enemies":"Jaw Worm","floor":1.0,"turns":5.0},{"damage":0.0,"enemies":"2 Louse","floor":3.0,"turns":2.0},{"damage":0.0,"enemies":"Small Slimes","floor":5.0,"turns":2.0},{"damage":16.0,"enemies":"Lagavulin","floor":7.0,"turns":6.0},{"damage":0.0,"enemies":"Looter","floor":8.0,"turns":2.0},{"damage":0.0,"enemies":"Blue Slaver","floor":10.0,"turns":2.0},{"damage":0.0,"enemies":"Gremlin Nob","floor":12.0,"turns":3.0},{"damage":14.0,"enemies":"The Guardian","floor":16.0,"turns":5.0},{"damage":27.0,"enemies":"2 Thieves","floor":18.0,"turns":3.0},{"damage":0.0,"enemies":"Chosen","floor":20.0,"turns":4.0},{"damage":0.0,"enemies":"Snake Plant","floor":24.0,"turns":3.0},{"damage":0.0,"enemies":"Snecko","floor":25.0,"turns":4.0},{"damage":12.0,"enemies":"Slavers","floor":27.0,"turns":3.0},{"damage":1.0,"enemies":"Book of Stabbing","floor":29.0,"turns":2.0},{"damage":9.0,"enemies":"Colosseum Slavers","floor":30.0,"turns":2.0},{"damage":0.0,"enemies":"Colosseum Nobs","floor":30.0,"turns":3.0},{"damage":22.0,"enemies":"Slavers","floor":31.0,"turns":4.0},{"damage":7.0,"enemies":"Collector","floor":33.0,"turns":7.0},{"damage":16.0,"enemies":"Orb Walker","floor":35.0,"turns":3.0},{"damage":0.0,"enemies":"Mind Bloom Boss Battle","floor":36.0,"turns":4.0},{"damage":13.0,"enemies":"3 Darklings","floor":37.0,"turns":3.0},{"damage":1.0,"enemies":"Maw","floor":38.0,"turns":6.0},{"damage":1.0,"enemies":"Reptomancer","floor":41.0,"turns":4.0},{"damage":0.0,"enemies":"Sphere and 2 Shapes","floor":42.0,"turns":3.0},{"damage":0.0,"enemies":"2 Orb Walkers","floor":45.0,"turns":1.0},{"damage":14.0,"enemies":"Nemesis","floor":46.0,"turns":5.0},{"damage":0,"enemies":"3 Darklings","floor":48,"turns":2},{"damage":35,"enemies":"Awakened One","floor":50,"turns":7},{"damage":101,"enemies":"Time Eater","floor":51,"turns":4}],"seed_played":"-5533220635077229366","potions_obtained":[{"floor":3.0,"key":"Block Potion"},{"floor":5.0,"key":"ColorlessPotion"},{"floor":12.0,"key":"Swift Potion"},{"floor":16.0,"key":"Explosive Potion"},{"floor":18.0,"key":"Weak Potion"},{"floor":29.0,"key":"PowerPotion"},{"floor":30.0,"key":"Regen Potion"},{"floor":35.0,"key":"Dexterity Potion"},{"floor":41.0,"key":"Regen Potion"},{"floor":42.0,"key":"AttackPotion"},{"floor":45.0,"key":"Swift Potion"}],"is_trial":false,"path_per_floor":["M","$","M","?","M","R","E","M","T","M","?","E","R","?","R","B",null,"M","?","M","$","?","R","M","M","T","E","$","E","?","E","R","B",null,"M","?","M","M","$","R","E","M","T","R","?","E","R","M","R","B","B"],"character_chosen":"WATCHER","items_purchased":["MentalFortress","FlurryOfBlows","Vajra","Tantrum","Wireheading","LikeWater","Shuriken","Weave","Panache"],"campfire_rested":1,"item_purchase_floors":[2,2,21,21,21,28,39,39,39],"current_hp_per_floor":[55,55,55,55,55,55,39,39,39,39,39,39,39,20,20,6,48,21,21,26,26,26,44,49,54,66,59,59,63,73,56,56,69,80,69,83,75,79,79,79,83,83,83,83,83,74,74,79,79,48,0,0],"gold":213,"neow_bonus":"RANDOM_COMMON_RELIC","is_daily":false,"chose_seed":false,"campfire_upgraded":7,"win_rate":0.0,"timestamp":1613706813,"path_taken":["M","$","M","?","M","R","E","M","T","M","?","E","R","?","R","BOSS","M","?","M","$","?","R","M","M","T","E","?","E","?","E","R","BOSS","M","?","M","M","$","R","E","M","T","R","?","E","R","M","R","BOSS","BOSS"],"items_purchased_type":["Card","Card","Relic","Card","Card","Card","Relic","Card","Card"],"build_version":"2020-12-22","purchased_purges":1,"victory":false,"max_hp_per_floor":[68,68,68,68,68,68,68,68,68,68,62,62,62,62,62,62,62,62,62,62,62,62,62,62,62,69,69,69,69,83,83,83,83,83,83,83,83,83,83,83,83,83,83,83,83,83,83,83,83,83,83,83],"relic_stats":{"Happy Flower":[27],"Torii":3,"counters":[29,104],"Juzu Bracelet":0,"Question Card":12,"Boot":[0],"Mercury Hourglass":[277],"Sundial":[2],"Shuriken":[29],"Bloody Idol":75,"Pantograph":43,"obtain_stats":[{"Potion Belt":34,"Happy Flower":12,"Torii":34,"Golden Idol":11,"Oddly Smooth Stone":7,"Vajra":21,"Mango":30,"Juzu Bracelet":43,"Ancient Tea Set":0,"Question Card":30,"Boot":46,"Akabeko":41,"Mercury Hourglass":27,"Old Coin":36,"Calling Bell":34,"HornCleat":31,"Sundial":29,"Shuriken":39,"Bloody Idol":19,"Strawberry":26,"Pantograph":34,"PureWater":0,"Unceasing Top":45,"Runic Pyramid":17},{"Potion Belt":18,"Happy Flower":7,"Torii":18,"Golden Idol":6,"Oddly Smooth Stone":4,"Vajra":10,"Mango":16,"Juzu Bracelet":24,"Ancient Tea Set":0,"Question Card":16,"Boot":26,"Akabeko":23,"Mercury Hourglass":13,"Old Coin":20,"Calling Bell":18,"HornCleat":17,"Sundial":14,"Shuriken":22,"Bloody Idol":9,"Strawberry":12,"Pantograph":18,"PureWater":0,"Unceasing Top":25,"Runic Pyramid":8},{"Potion Belt":62,"Happy Flower":22,"Torii":62,"Golden Idol":19,"Oddly Smooth Stone":15,"Vajra":34,"Mango":51,"Juzu Bracelet":85,"Ancient Tea Set":0,"Question Card":51,"Boot":91,"Akabeko":82,"Mercury Hourglass":44,"Old Coin":69,"Calling Bell":62,"HornCleat":55,"Sundial":46,"Shuriken":78,"Bloody Idol":30,"Strawberry":41,"Pantograph":62,"PureWater":0,"Unceasing Top":86,"Runic Pyramid":27}],"Unceasing Top":[5]},"card_choices":[{"not_picked":["Evaluate","JustLucky"],"picked":"Crescendo","floor":1.0},{"not_picked":["JustLucky","WaveOfTheHand"],"picked":"Tantrum","floor":3.0},{"not_picked":["CrushJoints","SashWhip"],"picked":"Blasphemy","floor":5.0},{"not_picked":["EmptyBody","InnerPeace"],"picked":"EmptyFist","floor":7.0},{"not_picked":["Collect","Swivel"],"picked":"FlurryOfBlows","floor":8.0},{"not_picked":["Swivel","PathToVictory"],"picked":"ClearTheMind","floor":10.0},{"not_picked":["FlurryOfBlows","Halt"],"picked":"MentalFortress","floor":12.0},{"not_picked":["Vault","Brilliance"],"picked":"Scrawl","floor":16.0},{"not_picked":["Sanctity","Nirvana+1"],"picked":"TalkToTheHand","floor":18.0},{"not_picked":["Evaluate","FlyingSleeves","WheelKick"],"picked":"SKIP","floor":20.0},{"not_picked":["Evaluate","EmptyBody","ClearTheMind"],"picked":"SKIP","floor":24.0},{"not_picked":["FlurryOfBlows","CutThroughFate","Swivel"],"picked":"SKIP","floor":25.0},{"not_picked":["InnerPeace","FlurryOfBlows"],"picked":"SignatureMove+1","floor":27.0},{"not_picked":["Worship","Evaluate"],"picked":"Halt","floor":29.0},{"not_picked":["SashWhip","EmptyBody"],"picked":"Weave","floor":30.0},{"not_picked":["Meditate","ClearTheMind","Protect"],"picked":"JustLucky+1","floor":31.0},{"not_picked":["Blasphemy","Scrawl","Establishment"],"picked":"ConjureBlade","floor":33.0},{"not_picked":["CutThroughFate","Swivel","FollowUp+1"],"picked":"Weave","floor":35.0},{"not_picked":["BowlingBash","Worship","EmptyFist"],"picked":"ThirdEye","floor":37.0},{"not_picked":["EmptyBody","WreathOfFlame","JustLucky","Alpha"],"picked":"SKIP","floor":38.0},{"not_picked":["FlurryOfBlows+1","CrushJoints","ClearTheMind"],"picked":"ThirdEye","floor":41.0},{"not_picked":["ClearTheMind","ReachHeaven+1","Prostrate","Sanctity"],"picked":"SKIP","floor":42.0},{"not_picked":["WheelKick","FearNoEvil","CrushJoints"],"picked":"CutThroughFate+1","floor":46.0},{"not_picked":["FlyingSleeves","Sanctity+1","Prostrate"],"picked":"MentalFortress","floor":48}],"player_experience":3393240,"relics_obtained":[{"floor":7.0,"key":"Oddly Smooth Stone"},{"floor":12.0,"key":"Happy Flower"},{"floor":26.0,"key":"Strawberry"},{"floor":27.0,"key":"Mercury Hourglass"},{"floor":29.0,"key":"Sundial"},{"floor":30.0,"key":"Mango"},{"floor":30.0,"key":"Question Card"},{"floor":31.0,"key":"HornCleat"},{"floor":34.0,"key":"Potion Belt"},{"floor":34.0,"key":"Pantograph"},{"floor":34.0,"key":"Torii"},{"floor":36.0,"key":"Old Coin"},{"floor":41.0,"key":"Akabeko"},{"floor":43.0,"key":"Juzu Bracelet"},{"floor":45.0,"key":"Unceasing Top"},{"floor":46.0,"key":"Boot"}],"event_choices":[{"damage_healed":0.0,"max_hp_gain":0.0,"max_hp_loss":0.0,"gold_gain":0.0,"event_name":"Liars Game","player_choice":"Ignored","floor":4.0,"gold_loss":0.0,"damage_taken":0.0},{"damage_healed":0.0,"max_hp_gain":0.0,"max_hp_loss":6.0,"gold_gain":0.0,"event_name":"Golden Idol","player_choice":"Lose Max HP","floor":11.0,"gold_loss":0.0,"damage_taken":0.0,"relics_obtained":["Golden Idol"]},{"damage_healed":0.0,"max_hp_gain":0.0,"max_hp_loss":0.0,"gold_gain":0.0,"event_name":"Shining Light","player_choice":"Entered Light","floor":14.0,"gold_loss":0.0,"damage_taken":19.0,"cards_upgraded":["Defend_P","Strike_P"]},{"damage_healed":0.0,"max_hp_gain":0.0,"max_hp_loss":0.0,"gold_gain":0.0,"event_name":"Forgotten Altar","player_choice":"Gave Idol","floor":19.0,"relics_lost":["Golden Idol"],"gold_loss":0.0,"damage_taken":0.0,"relics_obtained":["Bloody Idol"]},{"damage_healed":0.0,"max_hp_gain":0.0,"max_hp_loss":0.0,"gold_gain":0.0,"event_name":"Back to Basics","player_choice":"Simplicity","floor":22.0,"gold_loss":0.0,"damage_taken":0.0,"cards_upgraded":["Strike_P","Strike_P","Strike_P","Defend_P","Defend_P","Defend_P"]},{"damage_healed":0.0,"max_hp_gain":0.0,"max_hp_loss":0.0,"gold_gain":0.0,"event_name":"Colosseum","player_choice":"Fight","floor":30.0,"gold_loss":0.0,"damage_taken":0.0},{"damage_healed":0.0,"max_hp_gain":0.0,"max_hp_loss":0.0,"gold_gain":0.0,"event_name":"Colosseum","player_choice":"Fought Nobs","floor":30.0,"gold_loss":0.0,"damage_taken":0.0},{"damage_healed":0.0,"max_hp_gain":0.0,"max_hp_loss":0.0,"gold_gain":0.0,"event_name":"MindBloom","player_choice":"Fight","floor":36.0,"gold_loss":0.0,"damage_taken":0.0},{"damage_healed":0.0,"max_hp_gain":0.0,"max_hp_loss":0.0,"gold_gain":0.0,"event_name":"Mysterious Sphere","player_choice":"Fight","floor":45.0,"gold_loss":0.0,"damage_taken":0.0}],"is_beta":false,"boss_relics":[{"not_picked":["Tiny House","Busted Crown"],"picked":"Runic Pyramid"},{"not_picked":["Runic Dome","Pandora\u0027s Box"],"picked":"Calling Bell"}],"items_purged_floors":[39],"is_endless":false,"potions_floor_spawned":[3,5,7,12,16,18,29,30,35,41,42,45],"killed_by":"Time Eater","ascension_level":20}}