{"host":"40jzjik7hyc9heun","time":1613756446,"event":{"mods":["BaseMod","Colored Powertips","Downfall","Minty Spire (QoL Compilation)","Quick Restart","StSLib"],"gold_per_floor":[112,129,304,304,304,304,304,304,17,17,31,45,45,63,63,160,160,170,185,200,200,213,241,267,267,267,267,267],"floor_reached":26,"language":"ENG","playtime":2245,"items_purged":["hexamod:Defend"],"score":218,"play_id":"441007f6-1016-4d68-b815-9232b808a01b","local_time":"20210219124046","is_ascension_mode":false,"campfire_choices":[{"data":"hexamod:Sear","floor":8,"key":"SMITH"},{"data":"hexamod:Float","floor":10,"key":"SMITH"},{"data":"hexamod:NightmareStrike","floor":13,"key":"SMITH"},{"data":"hexamod:NightmareStrike","floor":15,"key":"SMITH"}],"circlet_count":0,"master_deck":["hexamod:Strike","hexamod:Strike+1","hexamod:Strike","hexamod:Defend","hexamod:Defend+1","hexamod:Sear+1","hexamod:Float+1","hexamod:NightmareGuise+1","hexamod:SoulSteal+1","Doubt","downfall:Malfunctioning","hexamod:NightmareStrike+1","hexamod:NightmareStrike+1","hexamod:GhostShield+1","hexamod:StepThrough","hexamod:FourthSeal","hexamod:VolcanoVisage","hexamod:ThirdSeal","hexamod:StepThrough+1","hexamod:GhostShield","hexamod:Hexaguard","hexamod:GhostOfSpireFuture","hexamod:SkipABeat"],"relics":["hexamod:SpiritBrand","Pantograph","War Paint","Black Star","Orichalcum","MealTicket","Tiny Chest"],"acts_visited":["Exordium","TheCity"],"potions_floor_usage":[16,18,19,20,21,23,23,26],"damage_taken":[{"damage":4,"enemies":"2 Louse","floor":1,"turns":3},{"damage":1,"enemies":"Small Slimes","floor":2,"turns":4},{"damage":0,"enemies":"Cultist","floor":6,"turns":1},{"damage":0,"enemies":"downfall:FleeingMerchant","floor":9,"turns":4},{"damage":3,"enemies":"Exordium Wildlife","floor":11,"turns":3},{"damage":9,"enemies":"Blue Slaver","floor":12,"turns":4},{"damage":6,"enemies":"Large Slime","floor":14,"turns":4},{"damage":25,"enemies":"IC_STATUS_ARCHETYPE","floor":16,"turns":9},{"damage":0,"enemies":"3 Byrds","floor":18,"turns":3},{"damage":7,"enemies":"downfall:LooterAlt2","floor":19,"turns":4},{"damage":29,"enemies":"Shelled Parasite and Fungi","floor":20,"turns":6},{"damage":0,"enemies":"downfall:Augmenter","floor":21,"turns":1},{"damage":7,"enemies":"Centurion and Healer","floor":22,"turns":9},{"damage":17,"enemies":"Gremlin Leader","floor":23,"turns":9},{"damage":24,"enemies":"Chosen and Byrds","floor":26,"turns":6}],"seed_played":"3819539801570651654","potions_obtained":[{"floor":2,"key":"SkillPotion"},{"floor":11,"key":"Slimebound:ThreeZeroPotion"},{"floor":14,"key":"AttackPotion"},{"floor":14,"key":"hexamod:EctoCoolerPotion"},{"floor":18,"key":"SmokeBomb"},{"floor":18,"key":"Fire Potion"},{"floor":19,"key":"Ancient Potion"},{"floor":20,"key":"LiquidBronze"},{"floor":22,"key":"DuplicationPotion"},{"floor":23,"key":"DistilledChaos"}],"is_trial":false,"path_per_floor":["M","M","?","?","?","M","T","R","$","R","M","M","R","M","R","B",null,"M","M","M","?","M","E","T","?","M"],"character_chosen":"THE_SPIRIT","items_purchased":["hexamod:GhostShield","War Paint"],"campfire_rested":0,"item_purchase_floors":[9,9],"current_hp_per_floor":[59,58,58,58,58,58,58,58,58,58,55,46,46,40,40,38,63,63,56,27,27,20,3,3,24,0,0,0],"gold":267,"neow_bonus":"REMOVE_TWO","is_daily":false,"chose_seed":false,"campfire_upgraded":4,"win_rate":0.0,"timestamp":1613756446,"path_taken":["M","M","?","?","?","M","T","R","$","R","M","M","R","M","R","BOSS","M","M","M","?","M","E","T","?","M"],"items_purchased_type":["Card","Relic"],"build_version":"2020-12-22","purchased_purges":1,"victory":false,"max_hp_per_floor":[63,63,63,63,63,63,63,63,63,63,63,63,63,63,63,63,63,63,63,63,63,63,63,63,63,63,63,63],"card_choices":[{"not_picked":["hexamod:ShieldOfDarkness","hexamod:AdvancingGuard"],"picked":"hexamod:NightmareGuise","floor":1},{"not_picked":["hexamod:Haunt","hexamod:BacktrackSmack"],"picked":"hexamod:SoulSteal","floor":2},{"not_picked":["hexamod:GhostShield","hexamod:Hexaguard"],"picked":"hexamod:NightmareStrike","floor":6},{"not_picked":["hexamod:NightmareGuise","hexamod:GhostflameBarrier"],"picked":"hexamod:NightmareStrike","floor":9},{"not_picked":["hexamod:SpectersWail","hexamod:HeatMetal"],"picked":"hexamod:StepThrough","floor":11},{"not_picked":["hexamod:Firestarter","hexamod:RadiantFlame"],"picked":"hexamod:FourthSeal","floor":12},{"not_picked":["hexamod:Rewind","hexamod:RetreatToShadows","hexamod:FastForward"],"picked":"SKIP","floor":14},{"not_picked":["hexamod:GhostflameInferno","hexamod:WildfireWeapon"],"picked":"hexamod:VolcanoVisage","floor":16},{"not_picked":["hexamod:NightmareStrike","hexamod:HauntingEcho+1","hexamod:GhostOfSpireFuture"],"picked":"SKIP","floor":18},{"not_picked":["hexamod:Firestarter+1","hexamod:NecessarySacrifice+1"],"picked":"hexamod:ThirdSeal","floor":19},{"not_picked":["hexamod:HauntingEcho","hexamod:HeatMetal"],"picked":"hexamod:StepThrough+1","floor":20},{"not_picked":["hexamod:BacktrackSmack","hexamod:NightmareGuise+1","hexamod:GhostShield"],"picked":"SKIP","floor":20},{"not_picked":["hexamod:NightmareGuise","hexamod:GhostflameBarrier"],"picked":"hexamod:GhostShield","floor":22},{"not_picked":["hexamod:GhostShield","hexamod:HauntingEcho"],"picked":"hexamod:Hexaguard","floor":22},{"not_picked":["hexamod:Hexaguard","hexamod:SearingWound"],"picked":"hexamod:GhostOfSpireFuture","floor":23},{"not_picked":["hexamod:RadiantFlame","hexamod:RecurringNightmare"],"picked":"hexamod:SkipABeat","floor":23}],"player_experience":109808,"relics_obtained":[{"floor":7,"key":"Pantograph"},{"floor":23,"key":"Orichalcum"},{"floor":23,"key":"MealTicket"},{"floor":24,"key":"Tiny Chest"}],"event_choices":[{"damage_healed":21,"gold_gain":0,"player_choice":"Heal","damage_taken":0,"max_hp_gain":0,"max_hp_loss":0,"event_name":"The Library","floor":25,"gold_loss":0}],"is_beta":false,"boss_relics":[{"not_picked":["Runic Pyramid","Pandora\u0027s Box"],"picked":"Black Star"}],"items_purged_floors":[9],"is_endless":false,"potions_floor_spawned":[2,11,14,18,21],"killed_by":"Chosen and Byrds","ascension_level":0}}