{"host":"684z1xpuwaoqmmh1","time":1613729676,"event":{"mods":["A Magickal Journey","BaseMod","Downfall","Hermit","Jorbs\u0027s Wanderer Trilogy","Marisa????????","Minty Spire (QoL Compilation)","Robot Space Explorer","Shade Mod","StSLib","The Bug Knight","The Dragon Tamer","The Elementalist","The Hayseed","The Hierophant","The Marked","The Mystic","The Runesmith","The Saiyan","The Senshi","The Spell Scribe","The Vixen","TheBandit","TheFirefly"],"gold_per_floor":[118,393,412,427,527,527,560,578,623,623,643,643,675,694,694,694,694],"floor_reached":16,"language":"ENG","playtime":539,"items_purged":[],"score":190,"play_id":"c9d5f3db-5115-418c-b308-a8336de8c8a5","local_time":"20210219121435","is_ascension_mode":true,"campfire_choices":[{"data":"Panache","floor":6,"key":"SMITH"},{"floor":10,"key":"REST"},{"data":"hermit:CursedWeapon","floor":12,"key":"SMITH"},{"floor":15,"key":"REST"}],"circlet_count":0,"master_deck":["AscendersBane","hermit:Strike_Hermit","hermit:Strike_Hermit","hermit:Strike_Hermit","hermit:Strike_Hermit","hermit:Defend_Hermit","hermit:Defend_Hermit","hermit:Defend_Hermit","hermit:Defend_Hermit","hermit:Snapshot","hermit:Covet","Writhe","Panache+1","hermit:Enervate","Regret","hermit:Enervate","hermit:CursedWeapon+1","hermit:Glare","hermit:Determination","hermit:FinalCanter"],"relics":["hermit:Momento","HollowMod:StagPassRelic","Anchor","Smiling Mask"],"acts_visited":["Exordium"],"potions_floor_usage":[7,16],"damage_taken":[{"damage":0,"enemies":"Small Slimes","floor":1,"turns":3},{"damage":1,"enemies":"Cultist","floor":3,"turns":3},{"damage":2,"enemies":"Jaw Worm","floor":4,"turns":2},{"damage":16,"enemies":"Gremlin Nob","floor":7,"turns":4},{"damage":11,"enemies":"Red Slaver","floor":8,"turns":2},{"damage":3,"enemies":"Looter","floor":11,"turns":2},{"damage":22,"enemies":"3 Sentries","floor":13,"turns":5},{"damage":10,"enemies":"Blue Slaver","floor":14,"turns":3},{"damage":41,"enemies":"The Guardian","floor":16,"turns":8}],"seed_played":"284550955834704062","potions_obtained":[{"floor":3,"key":"Guardian:BlockOnCardUsePotion"},{"floor":7,"key":"sneckomod:MuddlingPotion"},{"floor":8,"key":"hexamod:SoulburnPotion"},{"floor":14,"key":"BlessingOfTheForge"}],"is_trial":false,"path_per_floor":["M","?","M","M","?","R","E","M","T","R","M","R","E","M","R","B"],"character_chosen":"HERMIT","items_purchased":[],"campfire_rested":2,"item_purchase_floors":[],"current_hp_per_floor":[64,64,63,61,61,61,45,34,34,55,52,52,30,20,41,0,0],"gold":694,"neow_bonus":"RANDOM_COLORLESS_2","is_daily":false,"chose_seed":false,"campfire_upgraded":2,"win_rate":0.0,"timestamp":1613729675,"path_taken":["M","?","M","?","?","R","E","M","T","R","M","R","E","M","R","BOSS"],"items_purchased_type":[],"build_version":"2020-12-22","purchased_purges":0,"victory":false,"max_hp_per_floor":[71,71,71,71,71,71,71,71,71,71,71,71,71,71,71,71,71],"card_choices":[{"not_picked":["Sadistic Nature","Metamorphosis"],"picked":"Panache","floor":0},{"not_picked":["hermit:SprayPray","hermit:Glare"],"picked":"hermit:Enervate","floor":1},{"not_picked":["hermit:Coalescence","hermit:Ricochet"],"picked":"hermit:Enervate","floor":3},{"not_picked":["hermit:Vantage","hermit:FullyLoaded","hermit:Showdown"],"picked":"SKIP","floor":4},{"not_picked":["hermit:Coalescence","hermit:Feint"],"picked":"hermit:CursedWeapon","floor":7},{"not_picked":["hermit:HighCaliber","hermit:Horror"],"picked":"hermit:Glare","floor":8},{"not_picked":["hermit:SprayPray","hermit:Coalescence"],"picked":"hermit:Determination","floor":11},{"not_picked":["hermit:Headshot","hermit:Snipe"],"picked":"hermit:FinalCanter","floor":13},{"not_picked":["hermit:LuckOfTheDraw","hermit:Spite","hermit:Coalescence"],"picked":"SKIP","floor":14},{"not_picked":["hermit:LuckOfTheDraw","hermit:Spite","hermit:Coalescence"],"picked":"SKIP","floor":14}],"player_experience":3334060,"relics_obtained":[{"floor":7,"key":"HollowMod:StagPassRelic"},{"floor":9,"key":"Anchor"},{"floor":13,"key":"Smiling Mask"}],"event_choices":[{"damage_healed":0,"gold_gain":275,"player_choice":"Desecrate","damage_taken":0,"max_hp_gain":0,"max_hp_loss":0,"event_name":"Golden Shrine","floor":2,"gold_loss":0,"cards_obtained":["Regret"]},{"damage_healed":0,"gold_gain":100,"player_choice":"Gold","damage_taken":0,"max_hp_gain":0,"max_hp_loss":0,"event_name":"Wheel of Change","floor":5,"gold_loss":0}],"is_beta":false,"boss_relics":[],"items_purged_floors":[],"is_endless":false,"potions_floor_spawned":[3,7,8,14],"killed_by":"The Guardian","ascension_level":14}}