{"host":"w5thk1acqacem6ba","time":1613712615,"event":{"mods":["AchievementEnabler","BaseMod","Colored Map","KOR Keyword Fix","Minty Spire (QoL Compilation)","SuperFastMode"],"gold_per_floor":[112,128,128,141,216,216,241,252,252,427,441,460,118,129,129,231,231,242,43,0,0],"floor_reached":20,"language":"KOR","playtime":835,"items_purged":["Doubt","Defend_R"],"score":229,"play_id":"a4ec87a3-84d7-4c40-a5a2-f74ac91cada1","local_time":"20210219143015","is_ascension_mode":true,"campfire_choices":[{"floor":6,"key":"REST"},{"floor":15,"key":"REST"}],"circlet_count":0,"master_deck":["Strike_R","Strike_R","Strike_R","Strike_R","Strike_R","Defend_R","Defend_R","Defend_R","Bash","Brutality","Wild Strike","True Grit","Ghostly Armor","Rupture","Battle Trance","Feel No Pain","Fiend Fire","CurseOfTheBell","Body Slam+1"],"relics":["Burning Blood","Vajra","Smiling Mask","StrikeDummy","Calling Bell","Tiny Chest","Eternal Feather","Girya","Strange Spoon"],"acts_visited":["Exordium","TheCity"],"potions_floor_usage":[],"damage_taken":[{"damage":7,"enemies":"Small Slimes","floor":1,"turns":5},{"damage":7,"enemies":"Jaw Worm","floor":2,"turns":3},{"damage":0,"enemies":"2 Louse","floor":4,"turns":3},{"damage":34,"enemies":"Gremlin Nob","floor":7,"turns":5},{"damage":12,"enemies":"Blue Slaver","floor":8,"turns":4},{"damage":18,"enemies":"Large Slime","floor":11,"turns":8},{"damage":15,"enemies":"Exordium Wildlife","floor":12,"turns":6},{"damage":4,"enemies":"3 Louse","floor":14,"turns":5},{"damage":42,"enemies":"The Guardian","floor":16,"turns":13},{"damage":60,"enemies":"Shell Parasite","floor":18,"turns":11},{"damage":18,"enemies":"2 Thieves","floor":20,"turns":2}],"seed_played":"-8326776788188480443","potions_obtained":[{"floor":1,"key":"SmokeBomb"},{"floor":4,"key":"DuplicationPotion"},{"floor":7,"key":"Ancient Potion"}],"is_trial":false,"path_per_floor":["M","M","?","M","?","R","E","M","T","?","M","M","$","M","R","B",null,"M","$","M"],"character_chosen":"IRONCLAD","items_purchased":["StrikeDummy","Feel No Pain","Strange Spoon"],"campfire_rested":2,"item_purchase_floors":[13,13,19],"current_hp_per_floor":[71,70,75,81,70,85,57,51,51,51,39,30,30,32,57,21,69,15,15,0,0],"gold":0,"neow_bonus":"ONE_RANDOM_RARE_CARD","is_daily":false,"chose_seed":false,"campfire_upgraded":0,"win_rate":0.0,"timestamp":1613712615,"path_taken":["M","M","?","M","?","R","E","M","T","?","M","M","$","M","R","BOSS","M","$","M"],"items_purchased_type":["Relic","Card","Relic"],"build_version":"2020-12-22","purchased_purges":2,"victory":false,"max_hp_per_floor":[80,80,85,85,85,85,85,85,85,85,85,85,85,85,85,85,85,85,85,85,85],"card_choices":[{"not_picked":["Uppercut","Flex"],"picked":"Wild Strike","floor":1},{"not_picked":["Iron Wave","Headbutt"],"picked":"True Grit","floor":2},{"not_picked":["Clothesline","Sever Soul"],"picked":"Ghostly Armor","floor":4},{"not_picked":["Metallicize","Combust"],"picked":"Rupture","floor":7},{"not_picked":["Iron Wave","Sword Boomerang"],"picked":"Battle Trance","floor":8},{"not_picked":["Body Slam","Perfected Strike","Headbutt"],"picked":"SKIP","floor":11},{"not_picked":["Whirlwind","Burning Pact","Headbutt"],"picked":"SKIP","floor":12},{"not_picked":["Clash","Sword Boomerang","Cleave"],"picked":"SKIP","floor":14},{"not_picked":["Barricade","Impervious"],"picked":"Fiend Fire","floor":16},{"not_picked":["Perfected Strike","Uppercut"],"picked":"Body Slam+1","floor":18}],"player_experience":418912,"relics_obtained":[{"floor":7,"key":"Vajra"},{"floor":9,"key":"Smiling Mask"},{"floor":17,"key":"Tiny Chest"},{"floor":17,"key":"Eternal Feather"},{"floor":17,"key":"Girya"}],"event_choices":[{"damage_healed":0,"gold_gain":0,"player_choice":"Donut","damage_taken":0,"max_hp_gain":5,"max_hp_loss":0,"event_name":"Big Fish","floor":3,"gold_loss":0},{"damage_healed":0,"gold_gain":75,"player_choice":"Gather Gold","damage_taken":11,"max_hp_gain":0,"max_hp_loss":0,"event_name":"World of Goop","floor":5,"gold_loss":0},{"damage_healed":0,"gold_gain":175,"player_choice":"AGREE","damage_taken":0,"max_hp_gain":0,"max_hp_loss":0,"event_name":"Liars Game","floor":10,"gold_loss":0,"cards_obtained":["Doubt"]}],"is_beta":false,"boss_relics":[{"not_picked":["Runic Dome","SlaversCollar"],"picked":"Calling Bell"}],"items_purged_floors":[13,19],"is_endless":false,"potions_floor_spawned":[1,4,7,14],"killed_by":"2 Thieves","ascension_level":6}}