{"host":"3qkmyeoym75lj4wn","time":1613694833,"event":{"mods":["2.2 Compatiblity","Act Like it!","BaseMod","Bestiary","Block Reminder","Colored Powertips","Highlight Path","Minty Spire (QoL Compilation)","Permanent Neow","Rare Cards Sparkle","Relic Stats","StSLib"],"gold_per_floor":[112,132,132,150,168,168,196,196,249,0,28,28,47,65,65,139,139,154,171,86,7,57,57,57],"floor_reached":23,"language":"ENG","playtime":504,"items_purged":["Strike_B"],"score":402,"play_id":"e360ea0f-c960-495c-8ba1-2f7c559bb674","local_time":"20210219003353","is_ascension_mode":true,"campfire_choices":[{"data":"Zap","floor":6.0,"key":"SMITH"},{"data":"Defragment","floor":12.0,"key":"SMITH"},{"floor":15.0,"key":"REST"}],"circlet_count":0,"master_deck":["AscendersBane","Strike_B","Strike_B","Defend_B","Defend_B","Defend_B","Defend_B","Zap+1","Dualcast","Leap","Doom and Gloom","Ball Lightning","Gash","Gash","Defragment+1","Blind","Core Surge","Coolheaded","Gash","Electrodynamics","Cold Snap","Chaos"],"relics":["Cracked Core","NeowsBlessing","White Beast Statue","Happy Flower","Potion Belt","Black Star","Molten Egg 2"],"acts_visited":["Exordium","TheCity"],"potions_floor_usage":[19,23,23,23,23],"damage_taken":[{"damage":0.0,"enemies":"Cultist","floor":1.0,"turns":1.0},{"damage":0.0,"enemies":"Jaw Worm","floor":2.0,"turns":1.0},{"damage":0.0,"enemies":"Small Slimes","floor":4.0,"turns":1.0},{"damage":6.0,"enemies":"Looter","floor":5.0,"turns":3.0},{"damage":8.0,"enemies":"Gremlin Nob","floor":7.0,"turns":3.0},{"damage":35.0,"enemies":"3 Sentries","floor":11.0,"turns":6.0},{"damage":3.0,"enemies":"2 Fungi Beasts","floor":13.0,"turns":3.0},{"damage":7.0,"enemies":"3 Louse","floor":14.0,"turns":2.0},{"damage":12.0,"enemies":"Hexaghost","floor":16.0,"turns":7.0},{"damage":30,"enemies":"Shell Parasite","floor":18,"turns":4},{"damage":14,"enemies":"Spheric Guardian","floor":19,"turns":4},{"damage":25,"enemies":"Book of Stabbing","floor":23,"turns":4}],"seed_played":"8136603843008262336","potions_obtained":[{"floor":2.0,"key":"Regen Potion"},{"floor":3.0,"key":"PowerPotion"},{"floor":11.0,"key":"FearPotion"},{"floor":13.0,"key":"Fruit Juice"},{"floor":14.0,"key":"EssenceOfDarkness"},{"floor":16.0,"key":"CultistPotion"},{"floor":18,"key":"SpeedPotion"},{"floor":19,"key":"BlessingOfTheForge"}],"is_trial":false,"path_per_floor":["M","M","?","M","M","R","E","?","T","$","E","R","M","M","R","B",null,"M","M","?","$","?","E"],"character_chosen":"DEFECT","items_purchased":["Defragment","Blind","LiquidMemories"],"campfire_rested":1,"item_purchase_floors":[10,10,21],"current_hp_per_floor":[64,64,64,64,58,58,50,50,50,50,30,30,27,20,41,29,61,31,17,17,17,17,0,0],"gold":57,"neow_bonus":"THREE_ENEMY_KILL","is_daily":false,"chose_seed":false,"campfire_upgraded":2,"win_rate":0.0,"timestamp":1613694833,"path_taken":["M","?","?","?","M","R","E","?","T","$","E","R","?","M","R","BOSS","M","M","?","$","?","E"],"items_purchased_type":["Card","Card","Potion"],"build_version":"2020-12-22","purchased_purges":1,"victory":false,"max_hp_per_floor":[71,71,71,71,71,71,71,71,71,71,71,71,71,71,71,71,71,71,71,71,71,71,76,76],"relic_stats":{"Happy Flower":[10],"counters":[12,39],"Black Star":0,"obtain_stats":[{"Potion Belt":11,"NeowsBlessing":0,"Happy Flower":9,"Molten Egg 2":20,"Black Star":17,"Cracked Core":0,"White Beast Statue":7},{"Potion Belt":6,"NeowsBlessing":0,"Happy Flower":5,"Molten Egg 2":11,"Black Star":9,"Cracked Core":0,"White Beast Statue":5},{"Potion Belt":15,"NeowsBlessing":0,"Happy Flower":9,"Molten Egg 2":35,"Black Star":27,"Cracked Core":0,"White Beast Statue":9}]},"card_choices":[{"not_picked":["Redo","Reprogram"],"picked":"Leap","floor":1.0},{"not_picked":["Turbo","Cold Snap"],"picked":"Doom and Gloom","floor":2.0},{"not_picked":["Auto Shields","Hologram"],"picked":"Ball Lightning","floor":4.0},{"not_picked":["Stack","Turbo"],"picked":"Gash","floor":5.0},{"not_picked":["Compile Driver","Rebound"],"picked":"Gash","floor":7.0},{"not_picked":["Beam Cell","Barrage"],"picked":"Core Surge","floor":11.0},{"not_picked":["Compile Driver","Redo"],"picked":"Coolheaded","floor":13.0},{"not_picked":["Undo","Coolheaded"],"picked":"Gash","floor":14.0},{"not_picked":["Creative AI","Thunder Strike"],"picked":"Electrodynamics","floor":16.0},{"not_picked":["Stack","Hello World"],"picked":"Cold Snap","floor":18},{"not_picked":["Cold Snap","Redo"],"picked":"Chaos","floor":19}],"player_experience":1765400,"relics_obtained":[{"floor":7.0,"key":"White Beast Statue"},{"floor":9.0,"key":"Happy Flower"},{"floor":11.0,"key":"Potion Belt"}],"event_choices":[{"damage_healed":0.0,"max_hp_gain":0.0,"max_hp_loss":0.0,"gold_gain":0.0,"event_name":"Lab","player_choice":"Got Potions","floor":3.0,"gold_loss":0.0,"damage_taken":0.0},{"cards_removed":["Strike_B"],"damage_healed":0.0,"max_hp_gain":0.0,"max_hp_loss":0.0,"gold_gain":0.0,"event_name":"Purifier","player_choice":"Purged","floor":8.0,"gold_loss":0.0,"damage_taken":0.0},{"damage_healed":0,"gold_gain":0,"player_choice":"Obtained Relic","damage_taken":0,"relics_obtained":["Molten Egg 2"],"max_hp_gain":0,"max_hp_loss":0,"event_name":"Addict","floor":20,"gold_loss":85},{"damage_healed":0,"gold_gain":50,"player_choice":"Stole From Cult","damage_taken":0,"max_hp_gain":0,"max_hp_loss":0,"event_name":"Nest","floor":22,"gold_loss":0}],"is_beta":false,"boss_relics":[{"not_picked":["Pandora\u0027s Box","Velvet Choker"],"picked":"Black Star"}],"items_purged_floors":[10],"is_endless":false,"potions_floor_spawned":[2,11,13,14,16,18,19],"killed_by":"Book of Stabbing","ascension_level":20}}