{"host":"rs956zbefct9hzhl","time":1613773264,"event":{"mods":["BaseMod","BetterRewards","Downfall","Minty Spire (QoL Compilation)","Replay The Spire","Shop Mod","Spicy Shops","Spikes Relics","StSLib"],"gold_per_floor":[99,119,138,14,14,33,60,87,103,129,145,160,192,251,269,269,269,269],"floor_reached":16,"language":"ENG","playtime":1306,"items_purged":[],"score":149,"play_id":"504f7cb2-c3f8-4b1f-a627-91824c2bc249","local_time":"20210219232104","is_ascension_mode":true,"campfire_choices":[{"floor":1,"key":"RECALL"}],"circlet_count":0,"master_deck":["Guardian:Strike_Guardian","Guardian:Strike_Guardian","Guardian:Strike_Guardian","Guardian:Strike_Guardian","Guardian:Defend_Guardian","Guardian:Defend_Guardian","Guardian:Defend_Guardian","Guardian:Defend_Guardian","Guardian:CurlUp","Guardian:TwinSlam","Guardian:Gem_Yellow","Guardian:ShieldCharger","Guardian:ChargeCore","Guardian:DonusPower","Guardian:RollAttack","Guardian:Gem_Red","Guardian:TemporalStrike","Pot Of Greed","Pot Of Greed","Guardian:SentryBeam","Guardian:Gem_Purple","Guardian:FuturePlans","Guardian:Suspension","Guardian:CompilePackage","ReplayTheSpireMod:Splinters","Guardian:ChargeUp+1","Pot Of Greed+1"],"relics":["Guardian:ModeShifter","Replay:Baseball","Grinning Jar","Replay:Wax Seal","Replay:PocketPolymizer","Blue Doll","RetroEgg"],"acts_visited":["Exordium"],"potions_floor_usage":[15,16,16,16],"damage_taken":[{"damage":0,"enemies":"Jaw Worm","floor":2,"turns":4},{"damage":0,"enemies":"Cultist","floor":3,"turns":5},{"damage":2,"enemies":"downfall:FleeingMerchant","floor":4,"turns":4},{"damage":0,"enemies":"2 Louse","floor":6,"turns":2},{"damage":12,"enemies":"Gremlin Nob","floor":8,"turns":5},{"damage":9,"enemies":"Blue Slaver","floor":9,"turns":3},{"damage":17,"enemies":"Lagavulin","floor":10,"turns":6},{"damage":7,"enemies":"2 Fungi Beasts","floor":11,"turns":2},{"damage":16,"enemies":"Lots of Slimes","floor":12,"turns":3},{"damage":10,"enemies":"3 Sentries","floor":13,"turns":6},{"damage":0,"enemies":"3 Louse","floor":15,"turns":3},{"damage":13,"enemies":"WA_ARCHETYPE_RETAIN","floor":16,"turns":6}],"seed_played":"-375488940488069131","potions_obtained":[{"floor":2,"key":"Reflective Coating"},{"floor":3,"key":"sneckomod:MuddlingPotion"},{"floor":8,"key":"Toxic Potion"},{"floor":10,"key":"Guardian:AcceleratePotion"},{"floor":14,"key":"Block Potion"},{"floor":15,"key":"Adrenaline Potion"}],"is_trial":false,"path_per_floor":["R","M","M","$","?","M","T","E","M","E","M","M","E","?","M","B"],"character_chosen":"GUARDIAN","items_purchased":["Guardian:DonusPower","Guardian:RollAttack"],"campfire_rested":0,"item_purchase_floors":[4,4],"current_hp_per_floor":[80,80,80,78,78,78,78,66,57,40,33,17,7,7,7,0,0,0],"gold":269,"neow_bonus":"RANDOM_COMMON_RELIC","is_daily":false,"chose_seed":false,"campfire_upgraded":0,"win_rate":0.0,"timestamp":1613773264,"path_taken":["R","M","M","$","?","?","T","E","M","E","?","M","E","?","M","BOSS"],"items_purchased_type":["Card","Card"],"build_version":"2020-12-22","purchased_purges":0,"victory":false,"max_hp_per_floor":[80,80,80,80,80,80,80,80,80,80,80,80,80,80,80,80,80,80],"card_choices":[{"not_picked":["Guardian:TimeBomb","Guardian:Gem_Red"],"picked":"Guardian:Gem_Yellow","floor":2},{"not_picked":["Guardian:Incinerate","Guardian:PolyBeam"],"picked":"Guardian:ShieldCharger","floor":3},{"not_picked":["Guardian:Gem_Synthetic","Guardian:PiercingHide"],"picked":"Guardian:ChargeCore","floor":4},{"not_picked":["Guardian:Gem_Red","Guardian:CrystalBeam"],"picked":"Guardian:TemporalStrike","floor":6},{"not_picked":["Guardian:BronzeOrb","Guardian:Clone"],"picked":"Guardian:SentryBeam","floor":8},{"not_picked":["Guardian:Gem_Red","Guardian:Suspension"],"picked":"Guardian:Gem_Purple","floor":9},{"not_picked":["Guardian:Orbwalk","Guardian:BronzeArmor"],"picked":"Guardian:FuturePlans","floor":10},{"not_picked":["Guardian:TemporalStrike","Guardian:DonusPower"],"picked":"Guardian:Suspension","floor":11},{"not_picked":["Guardian:Repulse","Guardian:Planning","Guardian:TemporalStrike"],"picked":"SKIP","floor":12},{"not_picked":["Guardian:Gem_White","Guardian:MultiBeam"],"picked":"Guardian:CompilePackage","floor":13},{"not_picked":["Guardian:Gem_Red","Guardian:RefractedBeam"],"picked":"Guardian:ChargeUp","floor":15}],"player_experience":557292,"relics_obtained":[{"floor":7,"key":"Grinning Jar"},{"floor":8,"key":"Replay:Wax Seal"},{"floor":10,"key":"Replay:PocketPolymizer"},{"floor":13,"key":"Blue Doll"},{"floor":14,"key":"RetroEgg"}],"event_choices":[],"is_beta":false,"boss_relics":[],"items_purged_floors":[],"is_endless":false,"potions_floor_spawned":[2,3,8,10,13,15],"killed_by":"WA_ARCHETYPE_RETAIN","ascension_level":4}}