{"host":"prxrhpgaxnj4om9r","time":1613744093,"event":{"mods":["AchievementEnabler","BaseMod","Colored Map","DeckTracker","Minty Spire (QoL Compilation)"],"gold_per_floor":[112,112,125,136,136,171,188,188,215,247,55,55,68,78,78,181,181,198,224,301,301,89,89,89,89,89,4,39,54,54,68,68,170,170,188,204,63,63,81,81,81,110,183,216,264,287,287,287,287,287,287],"floor_reached":50,"language":"KOR","playtime":2674,"items_purged":["Defend_B"],"score":549,"play_id":"79f6bc17-22cb-4405-af26-5ab046f955f6","local_time":"20210219231453","is_ascension_mode":false,"campfire_choices":[{"floor":8,"key":"REST"},{"floor":15,"key":"REST"},{"data":"White Noise","floor":23,"key":"SMITH"},{"data":"Hologram","floor":25,"key":"SMITH"},{"data":"Genetic Algorithm","floor":32,"key":"SMITH"},{"floor":40,"key":"RECALL"},{"data":"Steam Power","floor":49,"key":"SMITH"}],"circlet_count":0,"master_deck":["Strike_B","Strike_B","Defend_B","Zap+1","Dualcast","Steam Power+1","Turbo","Sunder","Compile Driver","Force Field","Scrape","White Noise+1","Hologram+1","Genetic Algorithm+1","Melter","Electrodynamics","BootSequence","Stack","Sweeping Beam+1","Coolheaded+1","All For One+1","CurseOfTheBell","Streamline+1","Lockon+1","Conserve Battery","Purity","Ball Lightning+1","Reprogram+1","Madness","Madness"],"relics":["Cracked Core","Tiny Chest","DataDisk","Regal Pillow","Membership Card","Nuclear Battery","Blue Candle","Pantograph","OrangePellets","Nilry\u0027s Codex","Molten Egg 2","Bronze Scales","Meat on the Bone","InkBottle","Calling Bell","Bag of Preparation","Frozen Egg 2","Lizard Tail","Strawberry","Ornamental Fan","Eternal Feather","Turnip","Prayer Wheel","PreservedInsect"],"acts_visited":["Exordium","TheCity","TheBeyond"],"potions_floor_usage":[6,10,16,16,28,33,39,42,42,42,42,44,45],"damage_taken":[{"damage":0,"enemies":"Small Slimes","floor":1,"turns":2},{"damage":3,"enemies":"Jaw Worm","floor":3,"turns":3},{"damage":0,"enemies":"2 Louse","floor":4,"turns":2},{"damage":31,"enemies":"Lagavulin","floor":6,"turns":5},{"damage":13,"enemies":"Red Slaver","floor":7,"turns":3},{"damage":8,"enemies":"Gremlin Nob","floor":10,"turns":3},{"damage":4,"enemies":"Gremlin Gang","floor":13,"turns":3},{"damage":1,"enemies":"2 Fungi Beasts","floor":14,"turns":2},{"damage":60,"enemies":"The Guardian","floor":16,"turns":9},{"damage":14,"enemies":"2 Thieves","floor":18,"turns":3},{"damage":22,"enemies":"Book of Stabbing","floor":28,"turns":4},{"damage":0,"enemies":"3 Byrds","floor":29,"turns":2},{"damage":0,"enemies":"Snake Plant","floor":31,"turns":2},{"damage":6,"enemies":"Collector","floor":33,"turns":7},{"damage":12,"enemies":"3 Darklings","floor":35,"turns":3},{"damage":0,"enemies":"Orb Walker","floor":36,"turns":3},{"damage":0,"enemies":"Sphere and 2 Shapes","floor":39,"turns":2},{"damage":94,"enemies":"Giant Head","floor":42,"turns":9},{"damage":17,"enemies":"Nemesis","floor":44,"turns":7},{"damage":2,"enemies":"2 Orb Walkers","floor":45,"turns":4},{"damage":88,"enemies":"Awakened One","floor":50,"turns":7}],"seed_played":"-1569400431092569877","potions_obtained":[{"floor":1,"key":"GamblersBrew"},{"floor":3,"key":"AttackPotion"},{"floor":4,"key":"Ancient Potion"},{"floor":13,"key":"LiquidMemories"},{"floor":14,"key":"CultistPotion"},{"floor":18,"key":"Strength Potion"},{"floor":31,"key":"PowerPotion"},{"floor":36,"key":"BlessingOfTheForge"},{"floor":44,"key":"Strength Potion"}],"is_trial":false,"path_per_floor":["M","?","M","M","?","E","M","R","T","E","$","?","M","M","R","B",null,"M","T","T","?","$","R","?","R","T","?","E","M","T","M","R","B",null,"M","M","$","?","M","R","?","E","T","E","?","T","?","?","R","B"],"character_chosen":"DEFECT","items_purchased":["Membership Card","Pantograph","OrangePellets","Stack","Strawberry","EntropicBrew","Conserve Battery"],"campfire_rested":2,"item_purchase_floors":[11,22,22,22,37,37,37],"current_hp_per_floor":[75,80,77,77,77,46,33,57,57,49,49,49,45,44,80,20,80,66,66,66,66,66,66,50,50,50,50,28,40,40,52,52,71,80,68,68,75,75,75,75,75,41,41,36,46,46,35,35,53,0,0],"gold":287,"neow_bonus":"UPGRADE_CARD","is_daily":false,"chose_seed":false,"campfire_upgraded":4,"win_rate":0.0,"timestamp":1613744093,"path_taken":["M","?","M","M","?","E","M","R","T","E","$","?","M","?","R","BOSS","M","?","?","?","$","R","?","R","T","?","E","M","?","M","R","BOSS","M","M","$","?","M","R","?","E","T","E","?","?","?","?","R","BOSS"],"items_purchased_type":["Relic","Relic","Relic","Card","Relic","Potion","Card"],"build_version":"2020-12-22","purchased_purges":1,"victory":false,"max_hp_per_floor":[75,80,80,80,80,80,80,80,80,80,80,80,80,80,80,80,80,80,80,80,80,80,80,80,80,80,80,80,80,80,80,80,80,80,80,80,87,87,87,87,87,87,87,87,87,87,87,87,87,87,87],"card_choices":[{"not_picked":["Barrage","Heatsinks"],"picked":"Steam Power","floor":1},{"not_picked":["Recycle","Glacier"],"picked":"Turbo","floor":3},{"not_picked":["Stack","Gash"],"picked":"Sunder","floor":4},{"not_picked":["Compile Driver","Beam Cell"],"picked":"Force Field","floor":6},{"not_picked":["Chill","Undo"],"picked":"Scrape","floor":7},{"not_picked":["Steam Power","Streamline"],"picked":"White Noise","floor":10},{"not_picked":["Barrage","Rebound"],"picked":"Hologram","floor":13},{"not_picked":["Reprogram","Steam"],"picked":"Genetic Algorithm","floor":14},{"not_picked":["Seek","Biased Cognition"],"picked":"Electrodynamics","floor":16},{"not_picked":["Conserve Battery","Auto Shields"],"picked":"Melter","floor":18},{"not_picked":["Force Field","Streamline+1"],"picked":"Sweeping Beam+1","floor":28},{"not_picked":["Beam Cell+1","Stack","Go for the Eyes+1"],"picked":"SKIP","floor":29},{"not_picked":["Leap","Chaos"],"picked":"Coolheaded+1","floor":31},{"not_picked":["Electrodynamics","Amplify"],"picked":"All For One+1","floor":33},{"not_picked":["Force Field","Ball Lightning+1"],"picked":"Streamline+1","floor":35},{"not_picked":["Coolheaded+1","Loop+1"],"picked":"Lockon+1","floor":36},{"not_picked":["Lockon+1","Conserve Battery+1","Machine Learning+1"],"picked":"SKIP","floor":39},{"not_picked":["Deep Breath","Impatience"],"picked":"Purity","floor":41},{"not_picked":["Redo+1","Compile Driver+1"],"picked":"Ball Lightning+1","floor":42},{"not_picked":["Steam+1","Compile Driver+1","FTL+1"],"picked":"SKIP","floor":44},{"not_picked":["Sweeping Beam+1","Reinforced Body+1"],"picked":"Reprogram+1","floor":45}],"player_experience":540574,"relics_obtained":[{"floor":6,"key":"Tiny Chest"},{"floor":9,"key":"DataDisk"},{"floor":10,"key":"Regal Pillow"},{"floor":20,"key":"Blue Candle"},{"floor":24,"key":"Nilry\u0027s Codex"},{"floor":26,"key":"Molten Egg 2"},{"floor":28,"key":"Meat on the Bone"},{"floor":30,"key":"InkBottle"},{"floor":34,"key":"Bag of Preparation"},{"floor":34,"key":"Frozen Egg 2"},{"floor":34,"key":"Lizard Tail"},{"floor":42,"key":"Ornamental Fan"},{"floor":43,"key":"Eternal Feather"},{"floor":44,"key":"Turnip"},{"floor":45,"key":"Prayer Wheel"},{"floor":46,"key":"PreservedInsect"}],"event_choices":[{"damage_healed":0,"gold_gain":0,"player_choice":"Donut","damage_taken":0,"max_hp_gain":5,"max_hp_loss":0,"event_name":"Big Fish","floor":2,"gold_loss":0},{"damage_healed":0,"gold_gain":0,"cards_transformed":["Defend_B"],"player_choice":"Change","damage_taken":0,"max_hp_gain":0,"max_hp_loss":0,"event_name":"Living Wall","floor":5,"gold_loss":0,"cards_obtained":["Compile Driver"]},{"cards_removed":["Strike_B"],"damage_healed":0,"gold_gain":0,"player_choice":"Offered Basic","damage_taken":0,"max_hp_gain":0,"max_hp_loss":0,"event_name":"Bonfire Elementals","floor":12,"gold_loss":0},{"damage_healed":0,"gold_gain":0,"cards_transformed":["Defend_B","Strike_B"],"player_choice":"Became Test Subject","damage_taken":0,"max_hp_gain":0,"max_hp_loss":0,"event_name":"Drug Dealer","floor":21,"gold_loss":0,"cards_obtained":["Electrodynamics","BootSequence"]},{"damage_healed":0,"gold_gain":0,"player_choice":"Obtained Book","damage_taken":16,"max_hp_gain":0,"max_hp_loss":0,"event_name":"Cursed Tome","floor":24,"gold_loss":0},{"damage_healed":0,"gold_gain":0,"player_choice":"Obtained Relic","damage_taken":0,"relics_obtained":["Bronze Scales"],"max_hp_gain":0,"max_hp_loss":0,"event_name":"Addict","floor":27,"gold_loss":85},{"cards_removed":["Electrodynamics"],"damage_healed":0,"gold_gain":0,"player_choice":"Removed Power","damage_taken":0,"max_hp_gain":0,"max_hp_loss":0,"event_name":"Falling","floor":38,"gold_loss":0},{"damage_healed":0,"gold_gain":0,"player_choice":"Memory 1","damage_taken":0,"max_hp_gain":0,"max_hp_loss":0,"event_name":"SensoryStone","floor":41,"gold_loss":0},{"damage_healed":0,"gold_gain":0,"player_choice":"Fight","damage_taken":0,"max_hp_gain":0,"max_hp_loss":0,"event_name":"Mysterious Sphere","floor":45,"gold_loss":0},{"damage_healed":0,"gold_gain":0,"player_choice":"Embrace Madness","damage_taken":11,"max_hp_gain":0,"max_hp_loss":0,"event_name":"Winding Halls","floor":47,"gold_loss":0,"cards_obtained":["Madness","Madness"]},{"damage_healed":0,"gold_gain":0,"player_choice":"Ignored","damage_taken":0,"max_hp_gain":0,"max_hp_loss":0,"event_name":"Tomb of Lord Red Mask","floor":48,"gold_loss":0}],"is_beta":false,"boss_relics":[{"not_picked":["FrozenCore","Black Star"],"picked":"Nuclear Battery"},{"not_picked":["Runic Pyramid","Tiny House"],"picked":"Calling Bell"}],"items_purged_floors":[11],"is_endless":false,"potions_floor_spawned":[1,3,4,13,14,18,31,36,44],"killed_by":"Awakened One","ascension_level":0}}