{"host":"a1eatafr7pisesky","time":1613702658,"event":{"mods":["AchievementEnabler","BaseMod","Colored Map","Keyboard Shortcuts","Minty Spire (QoL Compilation)","Say the Spire","StSLib","SuperFastMode","everything is the same but u backflip on backflip"],"gold_per_floor":[111,261,281,300,82,82,111,111,187,256,34,111,111,111,111,111,111],"floor_reached":16,"language":"KOR","playtime":261,"items_purged":["Doubt","Writhe"],"score":192,"play_id":"14cbf0b1-5278-4e74-9865-a93043e70acb","local_time":"20210219114418","is_ascension_mode":true,"campfire_choices":[{"data":"Searing Blow","floor":6.0,"key":"SMITH"},{"data":"Searing Blow+1","floor":8.0,"key":"SMITH"},{"data":"Searing Blow+2","floor":13.0,"key":"SMITH"},{"data":"Searing Blow+3","floor":15.0,"key":"SMITH"}],"circlet_count":0,"master_deck":["AscendersBane","Strike_R","Strike_R","Strike_R","Defend_R","Defend_R","Defend_R","Bash","Headbutt","Flame Barrier","Twin Strike","Sword Boomerang","Shrug It Off","Searing Blow+4","Seeing Red","Evolve"],"relics":["Burning Blood","Boot","Blue Candle","CeramicFish","Membership Card","Eternal Feather"],"acts_visited":["Exordium"],"potions_floor_usage":[16,16],"damage_taken":[{"damage":7.0,"enemies":"Jaw Worm","floor":1.0,"turns":3.0},{"damage":7.0,"enemies":"Small Slimes","floor":3.0,"turns":3.0},{"damage":12.0,"enemies":"Cultist","floor":4.0,"turns":4.0},{"damage":8.0,"enemies":"Gremlin Nob","floor":7.0,"turns":3.0},{"damage":39.0,"enemies":"3 Sentries","floor":10.0,"turns":7.0},{"damage":34,"enemies":"Hexaghost","floor":16,"turns":9}],"seed_played":"7919797195509740011","potions_obtained":[{"floor":3.0,"key":"Dexterity Potion"},{"floor":7.0,"key":"Weak Potion"}],"is_trial":false,"path_per_floor":["M","?","M","M","$","R","E","R","T","?","$","T","R","?","R","B"],"character_chosen":"IRONCLAD","items_purchased":["Searing Blow","AttackPotion","Membership Card"],"campfire_rested":0,"item_purchase_floors":[5,5,11],"current_hp_per_floor":[67,67,66,60,60,60,58,58,58,25,25,25,34,34,43,9,9],"gold":111,"neow_bonus":"TRANSFORM_TWO_CARDS","is_daily":false,"chose_seed":false,"campfire_upgraded":4,"win_rate":0.0,"timestamp":1613702658,"path_taken":["M","?","M","M","$","R","E","R","T","?","$","?","R","?","R","BOSS"],"items_purchased_type":["Card","Potion","Relic"],"build_version":"2020-12-22","purchased_purges":2,"victory":false,"max_hp_per_floor":[75,75,75,75,75,75,75,75,75,75,75,75,75,75,75,75,75],"card_choices":[{"not_picked":["True Grit","Warcry"],"picked":"Twin Strike","floor":1.0},{"not_picked":["Headbutt","Infernal Blade"],"picked":"Sword Boomerang","floor":3.0},{"not_picked":["Exhume","Flex"],"picked":"Shrug It Off","floor":4.0},{"not_picked":["Dual Wield","Second Wind"],"picked":"Seeing Red","floor":7.0},{"not_picked":["Shrug It Off","Body Slam"],"picked":"Evolve","floor":10.0}],"player_experience":469882,"relics_obtained":[{"floor":7.0,"key":"Boot"},{"floor":9.0,"key":"Blue Candle"},{"floor":10.0,"key":"CeramicFish"},{"floor":12.0,"key":"Eternal Feather"}],"event_choices":[{"damage_healed":0.0,"max_hp_gain":0.0,"max_hp_loss":0.0,"gold_gain":150.0,"event_name":"Liars Game","player_choice":"AGREE","floor":2.0,"gold_loss":0.0,"damage_taken":0.0,"cards_obtained":["Doubt"]},{"damage_healed":0.0,"max_hp_gain":0.0,"max_hp_loss":0.0,"gold_gain":0.0,"event_name":"Dead Adventurer","player_choice":"Searched \u00271\u0027 times","floor":10.0,"gold_loss":0.0,"damage_taken":0.0},{"cards_removed":["Strike_R"],"damage_healed":0.0,"max_hp_gain":0.0,"max_hp_loss":0.0,"gold_gain":0.0,"event_name":"Purifier","player_choice":"Purged","floor":14.0,"gold_loss":0.0,"damage_taken":0.0}],"is_beta":false,"boss_relics":[],"items_purged_floors":[5,11],"is_endless":false,"potions_floor_spawned":[3,7],"killed_by":"Hexaghost","ascension_level":20}}