{"host":"7hgb9mjb8q1kiawz","time":1613759137,"event":{"mods":["BaseMod","Better Third Choice","Colored Map","Marisa????????","Minty Spire (QoL Compilation)","Replay The Spire","StSLib","The Cursed","The Disciple","The Servant 0.9.4"],"gold_per_floor":[365,365,365,375,386,411,4,4,84,84,134,183,226,251,251],"floor_reached":14,"language":"ENG","playtime":1002,"items_purged":["Decay"],"score":130,"play_id":"db06780a-f951-4544-a520-ccb1f3e51bcf","local_time":"20210219192537","is_ascension_mode":true,"campfire_choices":[{"data":"Eruption","floor":8,"key":"SMITH"},{"data":"Study","floor":10,"key":"SMITH"}],"circlet_count":0,"master_deck":["Strike_P","Strike_P","Strike_P","Strike_P","Defend_P","Defend_P","Defend_P","Defend_P","Eruption+1","Vigilance","Vengeance","Hallucinations","Study+1","FlurryOfBlows","Halt","Adaptation+1","Wish","Protect","Halt"],"relics":["PureWater","Ring of Hypnosis","ReplayTheSpireMod:Ring of Challenge","PreservedInsect","Frozen Egg 2","Snack Pack"],"acts_visited":["Exordium"],"potions_floor_usage":[6,13,14],"damage_taken":[{"damage":0,"enemies":"2 Louse","floor":1,"turns":2},{"damage":2,"enemies":"Small Slimes","floor":4,"turns":4},{"damage":3,"enemies":"Cultist","floor":5,"turns":3},{"damage":13,"enemies":"Replay:BlueRogue","floor":6,"turns":4},{"damage":17,"enemies":"Blue Slaver","floor":11,"turns":4},{"damage":9,"enemies":"Lagavulin","floor":12,"turns":5},{"damage":7,"enemies":"Lots of Slimes","floor":13,"turns":5},{"damage":24,"enemies":"3 Sentries","floor":14,"turns":5}],"seed_played":"-279670050752327346","potions_obtained":[{"floor":5,"key":"Elixir"},{"floor":11,"key":"Death Potion"},{"floor":12,"key":"Weak Potion"}],"is_trial":false,"path_per_floor":["M","?","?","M","M","E","$","R","T","R","M","E","M","E"],"character_chosen":"WATCHER","items_purchased":["Frozen Egg 2","Adaptation+1"],"campfire_rested":0,"item_purchase_floors":[7,7],"current_hp_per_floor":[65,65,65,63,60,47,47,47,47,47,30,21,18,0,0],"gold":251,"neow_bonus":"TWO_FIFTY_GOLD","is_daily":false,"chose_seed":false,"campfire_upgraded":2,"win_rate":0.0,"timestamp":1613759137,"path_taken":["M","?","?","?","M","E","$","R","T","R","M","E","M","E"],"items_purchased_type":["Relic","Card"],"build_version":"2020-12-22","purchased_purges":1,"victory":false,"max_hp_per_floor":[65,65,65,65,65,65,65,65,65,65,65,65,65,65,65],"card_choices":[{"not_picked":["FlyingSleeves","Crescendo"],"picked":"Vengeance","floor":1},{"not_picked":["Wallop","JustLucky"],"picked":"Study","floor":4},{"not_picked":["Worship","Replay:Hum"],"picked":"FlurryOfBlows","floor":5},{"not_picked":["WaveOfTheHand","ReachHeaven"],"picked":"Halt","floor":6},{"not_picked":["BowlingBash","Consecrate"],"picked":"Wish","floor":11},{"not_picked":["BowlingBash","Collect"],"picked":"Protect","floor":12},{"not_picked":["Prostrate","ThirdEye"],"picked":"Halt","floor":13}],"player_experience":844292,"relics_obtained":[{"floor":2,"key":"Ring of Hypnosis"},{"floor":2,"key":"ReplayTheSpireMod:Ring of Challenge"},{"floor":6,"key":"PreservedInsect"},{"floor":12,"key":"Snack Pack"}],"event_choices":[{"damage_healed":0,"gold_gain":0,"player_choice":"Cursed","damage_taken":0,"max_hp_gain":0,"max_hp_loss":0,"event_name":"Wheel of Change","floor":3,"gold_loss":0,"cards_obtained":["Decay"]}],"is_beta":false,"boss_relics":[],"items_purged_floors":[7],"is_endless":false,"potions_floor_spawned":[5,11,12],"killed_by":"3 Sentries","ascension_level":6}}