{"host":"lnfs5t5iydkm2lft","time":1613762157,"event":{"mods":["AchievementEnabler","Aspiration","BaseMod","Better Third Choice","BetterRewards","Colored Powertips","Downfall","Hermit","Hubris","Infinite Spire","Marisa????????","Minty Spire (QoL Compilation)","Quick Restart","Reliquary","Replay The Spire","StSLib","The Runesmith","TheBandit","everything is the same but u backflip on backflip"],"gold_per_floor":[111,123,123,136,27,56,73,73,122,185,195,195,208,233,233,338,338,353,373,373,373],"floor_reached":20,"language":"ENG","playtime":855,"items_purged":[],"score":353,"play_id":"70ea20f4-6e6d-45b3-9629-c2ce0f767b1d","local_time":"20210219131557","is_ascension_mode":true,"campfire_choices":[{"data":"BowlingBash","floor":8,"key":"SMITH"},{"floor":15,"key":"REST"}],"circlet_count":0,"master_deck":["Strike_P","Strike_P","Strike_P+1","Defend_P","Defend_P","Defend_P","Eruption","Vigilance","BowlingBash+1","Replay:ManipulateFuture+1","Wallop","Consecrate","DevaForm+1","Crescendo","FlurryOfBlows","LessonLearned"],"relics":["PureWater","hubris:CuriousFeather","Strawberry","Bag of Marbles","Matryoshka","ReplayTheSpireMod:TigerMarble","Empty Cage"],"acts_visited":["Exordium","TheCity"],"potions_floor_usage":[6,13,20,20,20],"damage_taken":[{"damage":0,"enemies":"Small Slimes","floor":1,"turns":2},{"damage":6,"enemies":"Jaw Worm","floor":2,"turns":3},{"damage":0,"enemies":"Cultist","floor":4,"turns":3},{"damage":16,"enemies":"Gremlin Nob","floor":6,"turns":3},{"damage":12,"enemies":"Exordium Thugs","floor":7,"turns":3},{"damage":0,"enemies":"Large Slime","floor":11,"turns":4},{"damage":0,"enemies":"Looter","floor":13,"turns":2},{"damage":28,"enemies":"3 Sentries","floor":14,"turns":6},{"damage":0,"enemies":"Slime Boss","floor":16,"turns":7},{"damage":39,"enemies":"Spheric Guardian","floor":18,"turns":5},{"damage":11,"enemies":"Shell Parasite","floor":19,"turns":4},{"damage":37,"enemies":"Snake Plant","floor":20,"turns":2}],"seed_played":"-3245778048408616595","potions_obtained":[{"floor":1,"key":"FearPotion"},{"floor":2,"key":"SpeedPotion"},{"floor":14,"key":"Flashbang"},{"floor":19,"key":"EntropicBrew"}],"is_trial":false,"path_per_floor":["M","M","?","M","$","E","M","R","T","?","M","T","M","E","R","B",null,"M","M","M"],"character_chosen":"WATCHER","items_purchased":["BowlingBash","DevaForm+1"],"campfire_rested":1,"item_purchase_floors":[0,5],"current_hp_per_floor":[72,66,66,66,66,57,45,45,45,45,45,45,45,17,40,40,79,40,29,0,0],"gold":373,"neow_bonus":"","is_daily":false,"chose_seed":false,"campfire_upgraded":1,"win_rate":0.0,"timestamp":1613762157,"path_taken":["M","M","?","M","$","E","M","R","T","?","M","?","M","E","R","BOSS","M","M","M"],"items_purchased_type":["Card","Card"],"build_version":"2020-12-22","purchased_purges":0,"victory":false,"max_hp_per_floor":[72,72,72,72,72,79,79,79,79,79,79,79,79,79,79,79,79,79,79,79,79],"card_choices":[{"not_picked":["Consecrate","ThirdEye"],"picked":"Replay:ManipulateFuture","floor":1},{"not_picked":["LikeWater","Replay:ManipulateFuture"],"picked":"Wallop","floor":2},{"not_picked":["Wallop","Weave"],"picked":"Consecrate","floor":4},{"not_picked":["Weave","BowlingBash","Replay:BluntJabs"],"picked":"SKIP","floor":6},{"not_picked":["SandsOfTime","Pray","Replay:BluntJabs"],"picked":"SKIP","floor":7},{"not_picked":["EmptyFist","Replay:BluntJabs"],"picked":"Crescendo","floor":11},{"not_picked":["SashWhip","SignatureMove"],"picked":"FlurryOfBlows","floor":13},{"not_picked":["Weave","Prostrate","JustLucky"],"picked":"SKIP","floor":14},{"not_picked":["DevaForm","ConjureBlade"],"picked":"LessonLearned","floor":16},{"not_picked":["Halt+1","WaveOfTheHand","Crescendo+1"],"picked":"SKIP","floor":18},{"not_picked":["CrushJoints","Replay:BluntJabs","Replay:ManipulateFuture"],"picked":"SKIP","floor":19}],"player_experience":395225,"relics_obtained":[{"floor":6,"key":"Strawberry"},{"floor":9,"key":"Bag of Marbles"},{"floor":12,"key":"Matryoshka"},{"floor":14,"key":"ReplayTheSpireMod:TigerMarble"}],"event_choices":[{"damage_healed":0,"gold_gain":0,"player_choice":"Grow","damage_taken":0,"max_hp_gain":0,"max_hp_loss":0,"event_name":"Living Wall","floor":3,"gold_loss":0,"cards_upgraded":["Replay:ManipulateFuture"]},{"damage_healed":0,"gold_gain":63,"player_choice":"Gained Gold","damage_taken":0,"max_hp_gain":0,"max_hp_loss":0,"event_name":"Golden Wing","floor":10,"gold_loss":0}],"is_beta":false,"boss_relics":[{"not_picked":["hubris:TerracottaHorce","Replay:Drink Me"],"picked":"Empty Cage"}],"items_purged_floors":[],"is_endless":false,"potions_floor_spawned":[1,2,14,19],"killed_by":"Snake Plant","ascension_level":1}}