{"host":"tr0r177cvmpvg89h","time":1613744631,"event":{"mods":["BaseMod","Colored Map","DeckTracker","Minty Spire (QoL Compilation)","StSLib","SuperFastMode"],"gold_per_floor":[117,117,129,28,40,40,58,76,76,106,118,30,30,50,50,50,50],"floor_reached":16,"language":"KOR","playtime":976,"items_purged":["Defend_G","Strike_G"],"score":102,"play_id":"57499910-ab3d-4ed5-9076-3ad7b7e0d63f","local_time":"20210219232351","is_ascension_mode":false,"campfire_choices":[{"data":"Neutralize","floor":6,"key":"SMITH"},{"data":"Bullet Time","floor":13,"key":"SMITH"},{"data":"Sucker Punch","floor":15,"key":"SMITH"}],"circlet_count":0,"master_deck":["Strike_G","Strike_G","Strike_G","Defend_G","Defend_G","Defend_G","Defend_G","Survivor","Neutralize+1","Corpse Explosion","Backflip","Blade Dance","Deflect","Cloak And Dagger","Bouncing Flask","Calculated Gamble","Bullet Time+1","Regret","Sucker Punch+1"],"relics":["Ring of the Snake","Toy Ornithopter","MawBank","Frozen Egg 2"],"acts_visited":["Exordium"],"potions_floor_usage":[10],"damage_taken":[{"damage":0,"enemies":"Jaw Worm","floor":1,"turns":5},{"damage":2,"enemies":"2 Louse","floor":3,"turns":4},{"damage":0,"enemies":"Cultist","floor":5,"turns":4},{"damage":0,"enemies":"Large Slime","floor":7,"turns":4},{"damage":6,"enemies":"2 Fungi Beasts","floor":8,"turns":3},{"damage":8,"enemies":"Lagavulin","floor":10,"turns":7},{"damage":4,"enemies":"Exordium Thugs","floor":14,"turns":4},{"damage":55,"enemies":"Slime Boss","floor":16,"turns":11}],"seed_played":"858447569497166241","potions_obtained":[{"floor":3,"key":"Strength Potion"},{"floor":10,"key":"Swift Potion"}],"is_trial":false,"path_per_floor":["M","?","M","$","M","R","M","M","T","E","?","$","R","M","R","B"],"character_chosen":"THE_SILENT","items_purchased":["Deflect"],"campfire_rested":0,"item_purchase_floors":[4],"current_hp_per_floor":[70,70,68,68,68,68,68,62,62,59,59,59,59,55,55,0,0],"gold":50,"neow_bonus":"ONE_RANDOM_RARE_CARD","is_daily":false,"chose_seed":false,"campfire_upgraded":3,"win_rate":0.0,"timestamp":1613744631,"path_taken":["M","?","M","$","M","R","M","M","T","E","?","$","R","M","R","BOSS"],"items_purchased_type":["Card"],"build_version":"2020-12-22","purchased_purges":2,"victory":false,"max_hp_per_floor":[70,70,70,70,70,70,70,70,70,70,70,70,70,70,70,70,70],"card_choices":[{"not_picked":["Riddle With Holes","Poisoned Stab"],"picked":"Backflip","floor":1},{"not_picked":["Riddle With Holes","Dagger Throw"],"picked":"Blade Dance","floor":3},{"not_picked":["Dodge and Roll","Backflip"],"picked":"Cloak And Dagger","floor":5},{"not_picked":["Skewer","Sucker Punch"],"picked":"Bouncing Flask","floor":7},{"not_picked":["Flechettes","Bane"],"picked":"Calculated Gamble","floor":8},{"not_picked":["Flechettes","Crippling Poison"],"picked":"Bullet Time","floor":10},{"not_picked":["Deflect","Backstab"],"picked":"Sucker Punch","floor":14}],"player_experience":118108,"relics_obtained":[{"floor":9,"key":"Toy Ornithopter"},{"floor":10,"key":"MawBank"}],"event_choices":[{"cards_removed":["Strike_G"],"damage_healed":0,"gold_gain":0,"player_choice":"Forget","damage_taken":0,"max_hp_gain":0,"max_hp_loss":0,"event_name":"Living Wall","floor":2,"gold_loss":0},{"damage_healed":0,"gold_gain":0,"player_choice":"Box","damage_taken":0,"relics_obtained":["Frozen Egg 2"],"max_hp_gain":0,"max_hp_loss":0,"event_name":"Big Fish","floor":11,"gold_loss":0,"cards_obtained":["Regret"]}],"is_beta":false,"boss_relics":[],"items_purged_floors":[4,12],"is_endless":false,"potions_floor_spawned":[3,10],"killed_by":"Slime Boss","ascension_level":0}}