{"host":"61ejhfsushs0xmcl","time":1613727817,"event":{"mods":["ATMod(°¢èªMod)","Act Like it!","BaseMod","Colored Map","Gold Saver","GungeonMod","Minty Spire (QoL Compilation)","MostiFishMod","Spicy Shops","StSLib","TestMod","The Marked","¡¾ÒÅÎï¿¨ÅÆ¡¿REMEMod","óô»ðÖ¸ÄÏ"],"gold_per_floor":[1553,1195,1595,1613,1583,1611,1623,1281,1281,1281,1300,1340,1340,1376,1095,1220,1220,1240,971,971,423,439,439,473,473,473,473,496,520,520,520,520,640,640,663,1662,1209,1227,852,893,893,927,927,927,941,980,980,994,994,994,994,994,669,713,713],"floor_reached":56,"language":"ZHS","playtime":1775,"items_purged":["theMarked:Defend","theMarked:Defend","theMarked:Defend","theMarked:Defend","Normality","Normality","Bite","Bite"],"score":1835,"play_id":"b1b887ec-02fe-4a57-92fb-db262a4a3a93","local_time":"20210219174337","is_ascension_mode":true,"campfire_choices":[{"data":"theMarked:Challenge","floor":23,"key":"SMITH"},{"data":"theMarked:EmpowerWeapon","floor":25,"key":"SMITH"},{"data":"theMarked:Challenge","floor":27,"key":"SMITH"},{"floor":30,"key":"RECALL"},{"data":"theMarked:Challenge","floor":32,"key":"SMITH"},{"data":"theMarked:Abjuration","floor":41,"key":"SMITH"},{"data":"theMarked:ThrowWeapon","floor":44,"key":"SMITH"},{"data":"theMarked:MuscleMemory","floor":49,"key":"SMITH"},{"data":"theMarked:SoldierOfQuellstein","floor":52,"key":"SMITH"}],"circlet_count":0,"master_deck":["theMarked:SoldierOfQuellstein+1","theMarked:TurnInvisible+1","theMarked:EternalStudent+1","theMarked:MuscleMemory+1","theMarked:EmpowerWeapon+1","theMarked:Challenge+1","theMarked:Abjuration+1","theMarked:Challenge+1","theMarked:ComboAttacks+1","Bite","Bite","Bite","theMarked:Challenge+1","theMarked:ThrowWeapon+1"],"relics":["theMarked:ArtifactOfAir","AT_ATBox","REME_ComplimentaryCards","testmod-TestBox","testmod-AscensionHeart","ChiXiaoBlade","SynthV:TestCard","Question Card","REME_CardOfGreed","White Beast Statue","Dodecahedron","DianDianMeat","HornCleat","Golden Idol","testmod-IndustrialRevolution","Mango","testmod-FatalChain","Chemical X","RhineSuit","DemoMod:OrangeGuonStone","Bird Faced Urn","AT_RedNoBalance","Civilization","testmod-ArcanaOfDestiny","testmod-NegativeEmotionEnhancer","AT_SunfireAegis","DemoMod:GlassGuonStoneRelic","War Paint","Bag of Marbles","Ice Cream","testmod-BouquetWithThorns","DemoMod:ChaffGrenade","MostiFishMod:AdaptiveDefenses","DemoMod:BigBoy"],"acts_visited":["Exordium","TheCity","TheBeyond","TheEnding"],"potions_floor_usage":[24,42,55,55,55,55,55,55],"damage_taken":[{"damage":2.0,"enemies":"Small Slimes","floor":1.0,"turns":4.0},{"damage":0.0,"enemies":"2 Louse","floor":4.0,"turns":2.0},{"damage":11.0,"enemies":"3 Sentries","floor":6.0,"turns":5.0},{"damage":0.0,"enemies":"Cultist","floor":7.0,"turns":3.0},{"damage":10.0,"enemies":"3 Louse","floor":11.0,"turns":2.0},{"damage":0.0,"enemies":"Gremlin Nob","floor":12.0,"turns":3.0},{"damage":19.0,"enemies":"Lagavulin","floor":14.0,"turns":6.0},{"damage":0.0,"enemies":"Slime Boss","floor":16.0,"turns":4.0},{"damage":0.0,"enemies":"Spheric Guardian","floor":18.0,"turns":2.0},{"damage":0,"enemies":"2 Thieves","floor":22,"turns":2},{"damage":0,"enemies":"Gremlin Leader","floor":24,"turns":2},{"damage":6,"enemies":"Chosen and Byrds","floor":28,"turns":2},{"damage":3,"enemies":"Centurion and Healer","floor":29,"turns":2},{"damage":0,"enemies":"Automaton","floor":33,"turns":4},{"damage":0,"enemies":"3 Darklings","floor":35,"turns":1},{"damage":0,"enemies":"Orb Walker","floor":38,"turns":1},{"damage":0,"enemies":"Giant Head","floor":40,"turns":2},{"damage":0,"enemies":"Nemesis","floor":42,"turns":1},{"damage":0,"enemies":"Maw","floor":45,"turns":1},{"damage":0,"enemies":"Giant Head","floor":46,"turns":2},{"damage":0,"enemies":"Jaw Worm Horde","floor":48,"turns":2},{"damage":0,"enemies":"Awakened One","floor":50,"turns":2},{"damage":0,"enemies":"Shield and Spear","floor":54,"turns":3},{"damage":0,"enemies":"The Heart","floor":55,"turns":2}],"seed_played":"-9147959607065892976","potions_obtained":[{"floor":1.0,"key":"EssenceOfSteel"},{"floor":4.0,"key":"testmod-SpacePotion"},{"floor":5.0,"key":"EssenceOfSteel"},{"floor":5.0,"key":"Explosive Potion"},{"floor":7.0,"key":"ColorlessPotion"},{"floor":11.0,"key":"testmod-TimePotion"},{"floor":12.0,"key":"Weak Potion"},{"floor":14.0,"key":"Strength Potion"},{"floor":24,"key":"Weak Potion"},{"floor":29,"key":"DistilledChaos"},{"floor":42,"key":"SteroidPotion"},{"floor":46,"key":"EntropicBrew"},{"floor":54,"key":"LiquidMemories"}],"is_trial":false,"path_per_floor":["M","$","?","M","?","E","M","R","T","?","M","E","?","E","R","B",null,"M","$","?","$","M","R","E","R","T","R","M","M","R","?","R","B",null,"M","?","$","M","$","E","R","E","T","R","M","E","?","M","R","B",null,"R","$","E","B",null],"character_chosen":"THE_DEFAULT","items_purchased":["Question Card","REME_CardOfGreed","Dodecahedron","DianDianMeat","Chemical X","DemoMod:OrangeGuonStone","Bird Faced Urn","AT_SilverBalance","Civilization","AT_SunfireAegis","War Paint","MostiFishMod:AdaptiveDefenses"],"campfire_rested":0,"item_purchase_floors":[2,2,8,8,15,19,21,21,21,37,39,53],"current_hp_per_floor":[70,70,70,70,70,59,59,59,59,41,32,34,30,14,14,18,96,101,101,110,110,59,59,81,81,81,81,90,100,100,100,100,127,153,159,186,186,192,192,198,198,204,204,204,210,216,216,222,222,228,228,228,228,234,240],"gold":713,"neow_bonus":"ONE_RANDOM_RARE_CARD","is_daily":false,"chose_seed":false,"campfire_upgraded":8,"win_rate":0.0,"timestamp":1613727817,"path_taken":["M","$","?","M","?","E","?","R","T","?","M","E","?","E","R","BOSS","M","$","?","$","M","R","E","R","T","R","M","M","R","?","R","BOSS","M","?","$","M","$","E","R","E","T","R","M","E","?","M","R","BOSS","R","$","E","BOSS"],"items_purchased_type":["Relic","Relic","Relic","Relic","Relic","Relic","Relic","Relic","Relic","Relic","Relic","Relic"],"build_version":"2020-12-22","purchased_purges":8,"victory":true,"max_hp_per_floor":[72,72,72,72,72,72,72,72,72,72,73,75,89,92,92,96,96,101,101,110,110,112,112,126,126,126,126,131,136,136,136,136,153,153,159,186,186,192,192,198,198,204,204,204,210,216,216,222,222,228,228,228,228,234,240],"card_choices":[{"not_picked":["theMarked:SelfDefenseTraining","theMarked:TwofoldDefense","theMarked:Aftermath"],"picked":"SKIP","floor":1.0},{"not_picked":["theMarked:ResourceFulStrike","theMarked:Generate","theMarked:Memento","theMarked:EmpowerWeapon","theMarked:Improvise"],"picked":"theMarked:MuscleMemory","floor":4.0},{"not_picked":["theMarked:UnarmedFury","theMarked:EternalStudent","theMarked:EternalStudent","theMarked:MagusForm","theMarked:BiggerThanFate","theMarked:Snap"],"picked":"SKIP","floor":6.0},{"not_picked":["theMarked:ChannelForce","theMarked:ComboAttacks","theMarked:Opportunist","theMarked:Pokerface","theMarked:WardOff","theMarked:BanishingWave"],"picked":"SKIP","floor":7.0},{"not_picked":["theMarked:WastefulAttack","theMarked:WardOff","theMarked:Frustration","theMarked:StartUp","theMarked:AttractMetal"],"picked":"theMarked:EmpowerWeapon","floor":11.0},{"not_picked":["theMarked:MagusForm","theMarked:EternalStudent","theMarked:DispelDoubt","theMarked:TakeOffHeels","theMarked:MagusForm"],"picked":"theMarked:Challenge","floor":12.0},{"not_picked":["theMarked:FavorableWinds","theMarked:TurnInvisible","theMarked:BindingBlade","theMarked:Snap","theMarked:UnarmedFury"],"picked":"theMarked:Abjuration","floor":14.0},{"not_picked":["theMarked:Levitate","theMarked:MagusForm","theMarked:TakeOffHeels","theMarked:UnarmedFury","theMarked:Snap"],"picked":"theMarked:Challenge","floor":16.0},{"not_picked":["theMarked:Polarize","theMarked:RepellingDischarge","theMarked:SelfDefenseTraining","theMarked:Electrocute","theMarked:AttractMetal"],"picked":"theMarked:ComboAttacks+1","floor":18.0},{"not_picked":["theMarked:ChainLightning","theMarked:LightningStrikesTwice","theMarked:Parkour","theMarked:ParalyzingBlade","theMarked:KeepCalmAndFight+1","theMarked:EmpowerWeapon"],"picked":"SKIP","floor":22},{"not_picked":["theMarked:Challenge","theMarked:Abjuration","theMarked:Toughness","theMarked:BiggerThanFate","theMarked:BindingBlade"],"picked":"theMarked:Challenge","floor":24},{"not_picked":["theMarked:Seal","theMarked:OneWithTheBlade","theMarked:WardOff+1","theMarked:Parkour+1","theMarked:ElectricStrings+1","theMarked:Polarize+1"],"picked":"SKIP","floor":28},{"not_picked":["theMarked:HeightenedSenses","theMarked:FavorableWinds","theMarked:ResourceFulStrike","theMarked:Overthink","theMarked:Standoff+1","theMarked:Memento"],"picked":"SKIP","floor":29},{"not_picked":["theMarked:TakeOffHeels","theMarked:EternalStudent","theMarked:BiggerThanFate","theMarked:Toughness","theMarked:MagusForm"],"picked":"theMarked:ThrowWeapon","floor":33},{"not_picked":["theMarked:Improvise+1","theMarked:TakeCover+1","theMarked:SwordAndMagic","theMarked:RepellingDischarge+1","theMarked:ElectricStrings","theMarked:Electrocute+1"],"picked":"SKIP","floor":35},{"not_picked":["theMarked:Seal+1","theMarked:MagusForm","theMarked:Reabsorb+1","theMarked:Electrocute","theMarked:Indomitable","theMarked:ResourceFulStrike+1"],"picked":"SKIP","floor":38},{"not_picked":["theMarked:MagusForm","theMarked:ThrowWeapon","theMarked:BindingBlade","theMarked:Vacuum","theMarked:Defy","theMarked:FavorableWinds"],"picked":"SKIP","floor":40},{"not_picked":["theMarked:TurnInvisible","theMarked:ThrowWeapon","theMarked:ThrowWeapon","theMarked:EternalStudent","theMarked:Abjuration","theMarked:UnarmedFury"],"picked":"SKIP","floor":42},{"not_picked":["theMarked:Parkour","theMarked:ChainLightning","theMarked:Reabsorb","theMarked:Aftermath","theMarked:SwordAndMagic","theMarked:Frustration"],"picked":"SKIP","floor":45},{"not_picked":["theMarked:Snap","theMarked:TakeOffHeels","theMarked:Challenge","theMarked:BiggerThanFate","theMarked:UnarmedFury","theMarked:UnarmedFury"],"picked":"SKIP","floor":46},{"not_picked":["theMarked:WastefulAttack","theMarked:Aftermath","theMarked:Memento","theMarked:ResourceFulStrike","theMarked:WardOff","theMarked:RepellingDischarge+1"],"picked":"SKIP","floor":48},{"not_picked":["theMarked:DispelDoubt","theMarked:ThrowWeapon","theMarked:Snap","theMarked:DispelDoubt","theMarked:TurnInvisible","theMarked:Toughness"],"picked":"SKIP","floor":54}],"player_experience":903836,"relics_obtained":[{"floor":1.0,"key":"SynthV:TestCard"},{"floor":6.0,"key":"White Beast Statue"},{"floor":9.0,"key":"HornCleat"},{"floor":12.0,"key":"testmod-IndustrialRevolution"},{"floor":14.0,"key":"testmod-FatalChain"},{"floor":24,"key":"testmod-ArcanaOfDestiny"},{"floor":40,"key":"Bag of Marbles"},{"floor":42,"key":"Ice Cream"},{"floor":43,"key":"testmod-BouquetWithThorns"},{"floor":46,"key":"DemoMod:ChaffGrenade"},{"floor":54,"key":"DemoMod:BigBoy"}],"event_choices":[{"damage_healed":0.0,"max_hp_gain":0.0,"max_hp_loss":0.0,"gold_gain":400.0,"event_name":"¶÷ÂåË¹µÄÅÌ×Ó","player_choice":"Sell","floor":3.0,"relics_lost":["DaveBox"],"gold_loss":0.0,"damage_taken":0.0},{"damage_healed":0.0,"max_hp_gain":0.0,"max_hp_loss":0.0,"gold_gain":0.0,"event_name":"The Woman in Blue","player_choice":"Bought 2 Potions","floor":5.0,"gold_loss":0.0,"damage_taken":0.0},{"damage_healed":0.0,"max_hp_gain":0.0,"max_hp_loss":0.0,"gold_gain":0.0,"event_name":"Golden Idol","player_choice":"Take Damage","floor":10.0,"gold_loss":0.0,"damage_taken":18.0,"relics_obtained":["Golden Idol"]},{"damage_healed":0.0,"max_hp_gain":0.0,"max_hp_loss":0.0,"gold_gain":0.0,"event_name":"Scrap Ooze","player_choice":"Success","floor":13.0,"gold_loss":0.0,"damage_taken":18.0,"relics_obtained":["Mango"]},{"damage_healed":0,"gold_gain":0,"player_choice":"Became a vampire","damage_taken":0,"max_hp_gain":0,"max_hp_loss":31,"event_name":"Vampires","floor":20,"gold_loss":0,"cards_obtained":["Bite","Bite","Bite","Bite","Bite"]},{"damage_healed":0,"gold_gain":0,"player_choice":"Ignored","damage_taken":0,"max_hp_gain":0,"max_hp_loss":0,"event_name":"Ghosts","floor":31,"gold_loss":0},{"damage_healed":0,"gold_gain":999,"player_choice":"Gold","damage_taken":0,"max_hp_gain":0,"max_hp_loss":0,"event_name":"MindBloom","floor":36,"gold_loss":0,"cards_obtained":["Normality","Normality"]},{"damage_healed":0,"gold_gain":0,"player_choice":"Ignored","damage_taken":0,"max_hp_gain":0,"max_hp_loss":0,"event_name":"Tomb of Lord Red Mask","floor":47,"gold_loss":0}],"is_beta":false,"boss_relics":[{"not_picked":["REME_DemonsWealth","testmod-Fanaticism"],"picked":"RhineSuit"},{"not_picked":["AT_MortalBlade","testmod-IncinerationGenerator"],"picked":"testmod-NegativeEmotionEnhancer"}],"items_purged_floors":[2,8,15,19,37,37,39,53],"is_endless":false,"potions_floor_spawned":[1,4,7,11,12,14,16,18,22,24,28,29,33,35,38,40,42,45,46,48,54],"ascension_level":1}}