{"host":"a4s27ghlnr83kbqz","time":1613738911,"event":{"mods":["AchievementEnabler","BaseMod","Colored Map","Minty Spire (QoL Compilation)","Permanent Neow","SuperFastMode"],"gold_per_floor":[20,34,53,63,63,63,80,92,92,92,92,92,120,131,131,208,208,221,171,171,171,186,186,215,232,232,245,38,38,38,38],"floor_reached":30,"language":"KOR","playtime":674,"items_purged":["Strike_R"],"score":508,"play_id":"92306362-413b-42f3-a81c-3a46dfba0b94","local_time":"20210219214831","is_ascension_mode":true,"campfire_choices":[{"data":"Bash","floor":6,"key":"SMITH"},{"data":"Fire Breathing","floor":10,"key":"SMITH"},{"data":"Evolve","floor":12,"key":"SMITH"},{"data":"Metallicize","floor":15,"key":"SMITH"},{"floor":23,"key":"REST"},{"floor":29,"key":"REST"}],"circlet_count":0,"master_deck":["AscendersBane","Strike_R","Strike_R","Strike_R","Strike_R","Defend_R","Defend_R","Defend_R","Defend_R","Bash+1","Master of Strategy","Twin Strike","Fire Breathing+1","Power Through","Metallicize+1","Evolve+1","Barricade","Flame Barrier"],"relics":["Burning Blood","Matryoshka","Mark of Pain","Smiling Mask","Magic Flower","Bottled Tornado","White Beast Statue","Lizard Tail"],"acts_visited":["Exordium","TheCity"],"potions_floor_usage":[22,24,30,30],"damage_taken":[{"damage":14,"enemies":"Jaw Worm","floor":1,"turns":4},{"damage":4,"enemies":"2 Louse","floor":2,"turns":4},{"damage":1,"enemies":"Cultist","floor":3,"turns":3},{"damage":20,"enemies":"Red Slaver","floor":4,"turns":4},{"damage":8,"enemies":"Blue Slaver","floor":7,"turns":4},{"damage":5,"enemies":"2 Fungi Beasts","floor":8,"turns":4},{"damage":18,"enemies":"Lagavulin","floor":13,"turns":8},{"damage":4,"enemies":"3 Louse","floor":14,"turns":4},{"damage":24,"enemies":"Hexaghost","floor":16,"turns":8},{"damage":0,"enemies":"Chosen","floor":18,"turns":5},{"damage":35,"enemies":"2 Thieves","floor":19,"turns":5},{"damage":25,"enemies":"Sentry and Sphere","floor":22,"turns":6},{"damage":24,"enemies":"Gremlin Leader","floor":24,"turns":7},{"damage":27,"enemies":"Chosen and Byrds","floor":25,"turns":6},{"damage":16,"enemies":"Centurion and Healer","floor":27,"turns":7},{"damage":107,"enemies":"Slavers","floor":30,"turns":4}],"seed_played":"5403697185685543686","potions_obtained":[{"floor":1,"key":"Swift Potion"},{"floor":2,"key":"BlessingOfTheForge"},{"floor":27,"key":"GamblersBrew"}],"is_trial":false,"path_per_floor":["M","M","M","M","?","R","M","M","T","R","?","R","E","M","R","B",null,"M","M","T","?","M","R","E","M","T","M","$","R","E"],"character_chosen":"IRONCLAD","items_purchased":["Flame Barrier","EssenceOfSteel"],"campfire_rested":2,"item_purchase_floors":[28,28],"current_hp_per_floor":[60,62,67,53,58,58,56,57,57,57,57,57,45,47,47,29,67,73,44,44,44,28,52,37,19,19,12,12,36,0,0],"gold":38,"neow_bonus":"RANDOM_COLORLESS_2","is_daily":false,"chose_seed":false,"campfire_upgraded":4,"win_rate":0.0,"timestamp":1613738911,"path_taken":["M","M","M","M","?","R","M","M","T","R","?","R","E","?","R","BOSS","M","M","?","?","M","R","E","M","T","M","$","R","E"],"items_purchased_type":["Card","Potion"],"build_version":"2020-12-22","purchased_purges":1,"victory":false,"max_hp_per_floor":[75,75,75,75,80,80,80,80,80,80,80,80,80,80,80,80,80,80,80,80,80,80,80,80,80,80,80,80,80,80,80],"card_choices":[{"not_picked":["Panache","Metamorphosis"],"picked":"Master of Strategy","floor":0},{"not_picked":["Blood for Blood","Warcry"],"picked":"Twin Strike","floor":1},{"not_picked":["True Grit","Pommel Strike"],"picked":"Fire Breathing","floor":2},{"not_picked":["Iron Wave","Pommel Strike"],"picked":"Power Through","floor":3},{"not_picked":["Dual Wield","Sword Boomerang","Dropkick"],"picked":"SKIP","floor":4},{"not_picked":["Flex","Headbutt"],"picked":"Metallicize","floor":7},{"not_picked":["Cleave","Body Slam"],"picked":"Evolve","floor":8},{"not_picked":["Body Slam","Headbutt","Heavy Blade"],"picked":"SKIP","floor":13},{"not_picked":["Cleave","Evolve","Havoc"],"picked":"SKIP","floor":14},{"not_picked":["Bludgeon","Limit Break"],"picked":"Barricade","floor":16},{"not_picked":["Havoc","Armaments","Sword Boomerang"],"picked":"SKIP","floor":18},{"not_picked":["Dropkick","Sentinel","Dark Embrace"],"picked":"SKIP","floor":19},{"not_picked":["Dropkick","Thunderclap","Sentinel"],"picked":"SKIP","floor":22},{"not_picked":["Pummel+1","Limit Break","Clash"],"picked":"SKIP","floor":24},{"not_picked":["Armaments","Iron Wave","Cleave"],"picked":"SKIP","floor":25},{"not_picked":["Pummel","Flex","True Grit"],"picked":"SKIP","floor":27}],"player_experience":1126995,"relics_obtained":[{"floor":9,"key":"Matryoshka"},{"floor":20,"key":"Smiling Mask"},{"floor":20,"key":"Magic Flower"},{"floor":24,"key":"Bottled Tornado"},{"floor":26,"key":"White Beast Statue"},{"floor":26,"key":"Lizard Tail"}],"event_choices":[{"damage_healed":0,"gold_gain":0,"player_choice":"Donut","damage_taken":0,"max_hp_gain":5,"max_hp_loss":0,"event_name":"Big Fish","floor":5,"gold_loss":0},{"damage_healed":0,"gold_gain":0,"player_choice":"0 cards matched","damage_taken":0,"max_hp_gain":0,"max_hp_loss":0,"event_name":"Match and Keep!","floor":11,"gold_loss":0,"cards_obtained":[]},{"damage_healed":0,"gold_gain":0,"player_choice":"Ignored","damage_taken":0,"max_hp_gain":0,"max_hp_loss":0,"event_name":"Cursed Tome","floor":21,"gold_loss":0}],"is_beta":false,"boss_relics":[{"not_picked":["Cursed Key","Velvet Choker"],"picked":"Mark of Pain"}],"items_purged_floors":[28],"is_endless":false,"potions_floor_spawned":[1,2,8,16,18,19,27],"killed_by":"Slavers","ascension_level":20}}