{"host":"newqdrzxfhh2im9e","time":1613758981,"event":{"mods":["AchievementEnabler","BaseMod","Block Reminder","Colored Map","Minty Spire (QoL Compilation)","Rare Cards Sparkle","Shop Mod","StSLib"],"gold_per_floor":[119,119,130,83,83,123,141,164,187,187,3,3,3,26,26,147,147,160,173,173,194,25,43,43,64,64,79,79,113,113,132,132,260,260,278,302,0,20,120,120,120,120],"floor_reached":41,"language":"ENG","playtime":1591,"items_purged":[],"score":465,"play_id":"c46f24ef-85d7-483c-ac7d-74d8be37f5fc","local_time":"20210219102301","is_ascension_mode":false,"campfire_choices":[{"floor":12,"key":"RECALL"},{"floor":15,"key":"REST"},{"floor":24,"key":"REST"},{"floor":30,"key":"REST"},{"floor":32,"key":"REST"},{"floor":40,"key":"REST"}],"circlet_count":0,"master_deck":["Strike_R","Strike_R","Strike_R","Strike_R","Strike_R+1","Defend_R+1","Defend_R","Defend_R","Defend_R","Bash","Fiend Fire+1","Thunderclap","Anger","Flame Barrier+1","Fiend Fire","Cleave","Disarm","Intimidate","Armaments","Demon Form","Uppercut","Fiend Fire+1","Pummel","Clash","Fire Breathing+1","Burning Pact","Cleave+1","Limit Break+1","Seeing Red+1","Feed","Barricade","Disarm","Iron Wave+1","Battle Trance","Carnage+1"],"relics":["Burning Blood","Golden Idol","Bag of Preparation","Dream Catcher","Oddly Smooth Stone","Mark of Pain","Anchor","FaceOfCleric","Strawberry","Black Star","War Paint","TheAbacus"],"acts_visited":["Exordium","TheCity","TheBeyond"],"potions_floor_usage":[16,16,25,29,33,33],"damage_taken":[{"damage":11,"enemies":"Jaw Worm","floor":1,"turns":2},{"damage":0,"enemies":"Small Slimes","floor":3,"turns":3},{"damage":6,"enemies":"Gremlin Nob","floor":6,"turns":3},{"damage":2,"enemies":"2 Louse","floor":7,"turns":2},{"damage":2,"enemies":"Exordium Wildlife","floor":8,"turns":3},{"damage":0,"enemies":"Gremlin Gang","floor":14,"turns":2},{"damage":60,"enemies":"Slime Boss","floor":16,"turns":13},{"damage":9,"enemies":"3 Byrds","floor":18,"turns":6},{"damage":12,"enemies":"Spheric Guardian","floor":19,"turns":4},{"damage":41,"enemies":"Cultist and Chosen","floor":21,"turns":6},{"damage":26,"enemies":"3 Cultists","floor":23,"turns":5},{"damage":17,"enemies":"Shelled Parasite and Fungi","floor":25,"turns":5},{"damage":2,"enemies":"Snecko","floor":27,"turns":3},{"damage":29,"enemies":"Slavers","floor":29,"turns":5},{"damage":16,"enemies":"3 Cultists","floor":31,"turns":4},{"damage":70,"enemies":"Automaton","floor":33,"turns":8},{"damage":30,"enemies":"Orb Walker","floor":35,"turns":5},{"damage":15,"enemies":"3 Shapes","floor":36,"turns":4},{"damage":50,"enemies":"Sphere and 2 Shapes","floor":38,"turns":6},{"damage":53,"enemies":"Spire Growth","floor":41,"turns":4}],"seed_played":"2532317411854354575","potions_obtained":[{"floor":6,"key":"Swift Potion"},{"floor":8,"key":"Dexterity Potion"},{"floor":23,"key":"Regen Potion"},{"floor":25,"key":"LiquidBronze"},{"floor":27,"key":"ElixirPotion"},{"floor":29,"key":"BlessingOfTheForge"},{"floor":31,"key":"EssenceOfSteel"},{"floor":36,"key":"CultistPotion"},{"floor":38,"key":"Explosive Potion"}],"is_trial":false,"path_per_floor":["M","?","M","$","?","E","M","M","T","?","$","R","$","M","R","B",null,"M","M","?","M","$","M","R","M","T","M","?","E","R","M","R","B",null,"M","M","$","M","?","R","M"],"character_chosen":"IRONCLAD","items_purchased":["Anger","Disarm","Oddly Smooth Stone","Anchor","Clash","War Paint","TheAbacus"],"campfire_rested":5,"item_purchase_floors":[4,11,11,22,22,37,37],"current_hp_per_floor":[75,75,80,80,60,60,64,68,68,52,52,52,52,58,80,26,80,77,71,71,36,36,16,40,43,43,47,47,32,58,49,75,12,90,67,59,59,19,19,47,0,0],"gold":120,"neow_bonus":"ONE_RANDOM_RARE_CARD","is_daily":false,"chose_seed":false,"campfire_upgraded":0,"win_rate":0.0,"timestamp":1613758981,"path_taken":["M","?","M","$","?","E","M","M","T","?","?","R","?","M","R","BOSS","M","M","?","M","$","?","R","M","T","?","?","E","R","?","R","BOSS","M","M","$","M","?","R","M"],"items_purchased_type":["Card","Card","Relic","Relic","Card","Relic","Relic"],"build_version":"2020-12-22","purchased_purges":0,"victory":false,"max_hp_per_floor":[80,80,80,80,80,80,80,80,80,80,80,80,80,80,80,80,80,80,80,80,80,80,80,80,80,80,80,80,88,88,89,89,90,90,91,92,92,96,96,96,96,96],"card_choices":[{"not_picked":["Twin Strike","True Grit","Clothesline"],"picked":"SKIP","floor":1},{"not_picked":["Perfected Strike","Clothesline"],"picked":"Thunderclap","floor":3},{"not_picked":["Clash","Havoc"],"picked":"Flame Barrier","floor":6},{"not_picked":["Headbutt","Flex"],"picked":"Fiend Fire","floor":7},{"not_picked":["Wild Strike","Dual Wield"],"picked":"Cleave","floor":8},{"not_picked":["Inflame","Body Slam"],"picked":"Intimidate","floor":14},{"not_picked":["Heavy Blade","Perfected Strike"],"picked":"Armaments","floor":15},{"not_picked":["Limit Break","Feed"],"picked":"Demon Form","floor":16},{"not_picked":["Hemokinesis","Iron Wave"],"picked":"Uppercut","floor":18},{"not_picked":["Clothesline","Headbutt","Flex"],"picked":"SKIP","floor":19},{"not_picked":["Rage","Wild Strike+1"],"picked":"Pummel","floor":21},{"not_picked":["Pummel","Exhume"],"picked":"Fire Breathing+1","floor":23},{"not_picked":["True Grit","Thunderclap"],"picked":"Burning Pact","floor":25},{"not_picked":["Thunderclap","Body Slam"],"picked":"Cleave+1","floor":27},{"not_picked":["Reckless Charge","Entrench"],"picked":"Limit Break","floor":29},{"not_picked":["Clothesline+1","Shrug It Off"],"picked":"Seeing Red+1","floor":30},{"not_picked":["Twin Strike","Spot Weakness"],"picked":"Feed","floor":31},{"not_picked":["Juggernaut","Offering"],"picked":"Barricade","floor":33},{"not_picked":["Flex","Sword Boomerang+1"],"picked":"Disarm","floor":35},{"not_picked":["Twin Strike","Body Slam"],"picked":"Iron Wave+1","floor":36},{"not_picked":["Feel No Pain+1","Cleave"],"picked":"Battle Trance","floor":38},{"not_picked":["Cleave+1","Battle Trance+1"],"picked":"Carnage+1","floor":40}],"player_experience":782441,"relics_obtained":[{"floor":6,"key":"Bag of Preparation"},{"floor":9,"key":"Dream Catcher"},{"floor":29,"key":"Strawberry"}],"event_choices":[{"damage_healed":0,"gold_gain":0,"player_choice":"Grow","damage_taken":0,"max_hp_gain":0,"max_hp_loss":0,"event_name":"Living Wall","floor":2,"gold_loss":0,"cards_upgraded":["Fiend Fire"]},{"damage_healed":0,"gold_gain":0,"player_choice":"Take Damage","damage_taken":20,"relics_obtained":["Golden Idol"],"max_hp_gain":0,"max_hp_loss":0,"event_name":"Golden Idol","floor":5,"gold_loss":0},{"damage_healed":0,"gold_gain":0,"player_choice":"Entered Light","damage_taken":16,"max_hp_gain":0,"max_hp_loss":0,"event_name":"Shining Light","floor":10,"gold_loss":0,"cards_upgraded":["Defend_R","Strike_R"]},{"damage_healed":0,"gold_gain":0,"player_choice":"Copied","damage_taken":0,"max_hp_gain":0,"max_hp_loss":0,"event_name":"Duplicator","floor":20,"gold_loss":0,"cards_obtained":["Fiend Fire"]},{"damage_healed":0,"gold_gain":0,"player_choice":"Trade","damage_taken":0,"relics_obtained":["FaceOfCleric"],"max_hp_gain":0,"max_hp_loss":0,"event_name":"FaceTrader","floor":28,"gold_loss":0},{"damage_healed":0,"gold_gain":100,"player_choice":"Pray","damage_taken":0,"max_hp_gain":0,"max_hp_loss":0,"event_name":"Golden Shrine","floor":39,"gold_loss":0}],"is_beta":false,"boss_relics":[{"not_picked":["Philosopher\u0027s Stone","Coffee Dripper"],"picked":"Mark of Pain"},{"not_picked":["Fusion Hammer","Pandora\u0027s Box"],"picked":"Black Star"}],"items_purged_floors":[],"is_endless":false,"potions_floor_spawned":[6,8,23,25,27,29,31,36,38],"killed_by":"Spire Growth","ascension_level":0}}