{"host":"ie50qk0ts9eskyyo","time":1613735065,"event":{"mods":["BaseMod","BetterRewards","Colored Map","Downfall","Friendly Minions","Highlight Path","Hubris","Infinite Spire","Minty Spire (QoL Compilation)","Quick Restart","Reliquary","Replay The Spire","Robot Space Explorer","StSLib","SuperFastMode","The Jungle"],"gold_per_floor":[117,117,117,135,35,35,0,34,34,64,64,64,64,81,81,186,186,202,219,230,230,230,256,256,256,256,287,287,321,221,236,236,340,340,359,373,384,259,259,289,289,289,289,302,329,347,364,377,377,475,475,487,236,248,248,248,276,286,309,336,336,336,350,350,107,107,172,172,175,175,175,25,25,25,44,56,56,58,157,176,176,197,197,293,293,316,316,316,316,354,354,386,386,386,425,425,457,500,527,527,607,607,623,623,151,173,173,173,197,197,220,242,270,299,324,346,346,448,448,647,698,998,998,1068,1068,1138,1119,1119],"floor_reached":127,"language":"ENG","playtime":4169,"items_purged":["Strike_R","Strike_R","Bash","Defend_R","Shrug It Off"],"score":3127,"play_id":"a80fb5ee-ebbe-4c3d-95c5-38afd5d37f4d","local_time":"20210219064425","is_ascension_mode":true,"campfire_choices":[{"floor":6,"key":"REST"},{"data":"Apotheosis","floor":11,"key":"SMITH"},{"data":"Strike_R","floor":15,"key":"PURGE"},{"data":"Strike_R","floor":24,"key":"PURGE"},{"data":"Strike_R","floor":28,"key":"PURGE"},{"data":"Defend_R","floor":32,"key":"PURGE"},{"data":"Defend_R","floor":41,"key":"PURGE"},{"data":"ReplayReversal","floor":49,"key":"SMITH"},{"data":"infinitespire:Gouge","floor":62,"key":"SMITH"},{"data":"Demonic Infusion","floor":64,"key":"SMITH"},{"data":"ReplayUltimateDefense","floor":66,"key":"SMITH"},{"data":"Fire Breathing","floor":74,"key":"SMITH"},{"data":"Whirlwind","floor":83,"key":"SMITH"},{"data":"ReplayTheSpireMod:Haul","floor":91,"key":"SMITH"},{"data":"Perfected Strike+1","floor":93,"key":"PURGE"},{"data":"Power Through","floor":96,"key":"SMITH"},{"data":"infinitespire:FutureSight","floor":100,"key":"SMITH"},{"data":"Fire Breathing+1","floor":108,"key":"SMITH"},{"data":"Offering+1","floor":110,"key":"SMITH"},{"data":"Barricade+1","floor":117,"key":"SMITH"},{"data":"Body Slam","floor":125,"key":"SMITH"}],"circlet_count":0,"master_deck":["Apotheosis+1","Inflame+1","Whirlwind+1","infinitespire:Oblivion+1","ReplayReversal+1","Fire Breathing+1","Power Through+1","Fire Breathing+2","infinitespire:FutureSight","Power Through+1","Offering+2","infinitespire:Gouge+1","Demonic Infusion+1","Fire Breathing+2","ReplayUltimateDefense+1","ReplayTheSpireMod:Haul+1","infinitespire:FutureSight+1","Offering+1","Fire Breathing","Fire Breathing+2","Barricade+2","Body Slam+1","Sickly","ReplayTheSpireMod:Faulty Equipment","Sickly"],"relics":["Burning Blood","reliquary:HotPoker","hubris:HerbalPaste","StoneCalendar","infinitespire:WardingShard","Bottled Lightning","hubris:Zylophone","Oddly Smooth Stone","ChewingGum","Mark of Pain","hubris:Towel","Peace Pipe","Nloth\u0027s Gift","Pantograph","reliquary:PurpleTingedLeaf","Pen Nib","hubris:ScarierMask","Thread and Needle","infinitespire:CheckeredPen","reliquary:TatteredRug","infinitespire:Burning Sword","hubris:CrystalStatue","reliquary:BrokenClock","Bag of Preparation","reliquary:TuningFork","reliquary:ExpiredCoupon","bronze:MakeshiftBattery","Vajra","hubris:GlazedTorus","Ornamental Fan","Golden Egg","TungstenRod","Red Mask","infinitespire:EvilPickle","SlaversCollar","Champion Belt","Mummified Hand","hubris:MysteriousPyramids","Toxic Egg 2","reliquary:BigHammer","hubris:MobiusCoin","ClockworkSouvenir","reliquary:SharkskinSheath","reliquary:PorcupineQuills","reliquary:MedicineBall","Replay:Ancient Bell","reliquary:Buckler","reliquary:PrincelyHelmet","FossilizedHelix","Old Coin"],"acts_visited":["Exordium","TheCity","TheBeyond","Exordium","TheCity","TheBeyond","Exordium","TheCity"],"potions_floor_usage":[4,50,58,67,67],"damage_taken":[{"damage":17,"enemies":"2 Louse","floor":1,"turns":3},{"damage":0,"enemies":"Jaw Worm","floor":4,"turns":3},{"damage":9,"enemies":"Lagavulin","floor":8,"turns":5},{"damage":22,"enemies":"3 Sentries","floor":10,"turns":4},{"damage":0,"enemies":"Small Slimes","floor":14,"turns":2},{"damage":0,"enemies":"Slime Boss","floor":16,"turns":3},{"damage":0,"enemies":"3 Byrds","floor":18,"turns":4},{"damage":0,"enemies":"Spheric Guardian","floor":19,"turns":2},{"damage":4,"enemies":"Chosen and Byrds","floor":20,"turns":3},{"damage":0,"enemies":"Gremlin Leader","floor":23,"turns":4},{"damage":6,"enemies":"Nightmare","floor":27,"turns":4},{"damage":0,"enemies":"Slavers","floor":29,"turns":2},{"damage":0,"enemies":"Snake Plant","floor":31,"turns":4},{"damage":3,"enemies":"Collector","floor":33,"turns":5},{"damage":0,"enemies":"3 Shapes","floor":35,"turns":3},{"damage":0,"enemies":"Orb Walker","floor":36,"turns":3},{"damage":0,"enemies":"4 Shapes","floor":37,"turns":2},{"damage":9,"enemies":"R_Hoarder","floor":40,"turns":6},{"damage":5,"enemies":"Sphere and 2 Shapes","floor":44,"turns":2},{"damage":0,"enemies":"Nightmare","floor":45,"turns":4},{"damage":14,"enemies":"3 Darklings","floor":46,"turns":2},{"damage":0,"enemies":"4 Shapes","floor":47,"turns":3},{"damage":7,"enemies":"Sphere and 2 Shapes","floor":48,"turns":2},{"damage":1,"enemies":"Awakened One","floor":50,"turns":5},{"damage":0,"enemies":"Cultist","floor":52,"turns":1},{"damage":0,"enemies":"2 Louse","floor":54,"turns":1},{"damage":6,"enemies":"3 Sentries","floor":57,"turns":2},{"damage":0,"enemies":"Small Slimes","floor":58,"turns":1},{"damage":6,"enemies":"Gremlin Nob","floor":59,"turns":1},{"damage":0,"enemies":"3 Louse","floor":63,"turns":1},{"damage":8,"enemies":"Fading Forest","floor":67,"turns":7},{"damage":6,"enemies":"Spheric Guardian","floor":69,"turns":1},{"damage":0,"enemies":"Book of Stabbing","floor":75,"turns":2},{"damage":6,"enemies":"3 Byrds","floor":76,"turns":1},{"damage":1,"enemies":"Snake Plant","floor":78,"turns":2},{"damage":25,"enemies":"Gremlin Leader","floor":80,"turns":3},{"damage":5,"enemies":"Masked Bandits","floor":82,"turns":2},{"damage":5,"enemies":"Pondfish","floor":84,"turns":3},{"damage":7,"enemies":"3 Shapes","floor":86,"turns":3},{"damage":0,"enemies":"Mind Bloom Boss Battle","floor":90,"turns":2},{"damage":0,"enemies":"Orb Walker","floor":92,"turns":1},{"damage":5,"enemies":"Nightmare","floor":95,"turns":3},{"damage":0,"enemies":"Sphere and 2 Shapes","floor":97,"turns":2},{"damage":5,"enemies":"Reptomancer","floor":98,"turns":1},{"damage":0,"enemies":"Maw","floor":99,"turns":2},{"damage":5,"enemies":"infinitespire:MassOfShapes","floor":101,"turns":5},{"damage":0,"enemies":"Cultist","floor":103,"turns":1},{"damage":0,"enemies":"Jaw Worm","floor":106,"turns":1},{"damage":0,"enemies":"3 Sentries","floor":109,"turns":2},{"damage":0,"enemies":"Small Slimes","floor":112,"turns":1},{"damage":0,"enemies":"3 Louse","floor":113,"turns":1},{"damage":44,"enemies":"Nightmare","floor":114,"turns":3},{"damage":5,"enemies":"2 Fungi Beasts","floor":115,"turns":1},{"damage":0,"enemies":"Exordium Thugs","floor":116,"turns":1},{"damage":10,"enemies":"The Guardian","floor":118,"turns":2},{"damage":5,"enemies":"Shell Parasite","floor":120,"turns":1},{"damage":0,"enemies":"3 Byrds","floor":121,"turns":2},{"damage":0,"enemies":"Snake Plant","floor":124,"turns":2},{"damage":0,"enemies":"Centurion and Healer","floor":126,"turns":1},{"damage":81,"enemies":"Nightmare_Alpha","floor":127,"turns":6}],"seed_played":"-4029269629128307279","potions_obtained":[{"floor":1,"key":"Guardian:BlockOnCardUsePotion"},{"floor":16,"key":"Adrenaline Potion"},{"floor":19,"key":"LiquidMemories"},{"floor":20,"key":"Swift Potion"},{"floor":54,"key":"Adrenaline Potion"},{"floor":58,"key":"Fruit Juice"},{"floor":75,"key":"Elixir"},{"floor":80,"key":"Guardian:BlockOnCardUsePotion"},{"floor":84,"key":"PowerPotion"}],"is_trial":false,"path_per_floor":["M","?","?","M","$","R","?","E","T","E","R","T","$","M","R_BF","B",null,"M","M","M","AVR","?","E","R","?","T","NM","R","E","$","M","R","B",null,"M","M","M","$","?","E","R","?","T","M","NM","M","M","M","R","B",null,"M","$","M","?","AVR","E","M","E","T","?","R","M","R","$","R","B",null,"M","?","?","$","?","R","E","M","T","M","?","E","AVR","?","R","B",null,"M","?","?","?","?","R","M","R","T","NM","R","M","E","M","R","B",null,"M","?","$","M","?","R","E","R","T","M","M","NM","M","M","R","B",null,"M","M","AVR","?","M","R","M","NM"],"character_chosen":"IRONCLAD","items_purchased":["Apotheosis","reliquary:HotPoker","hubris:HerbalPaste","StoneCalendar","Inflame","Shrug It Off","hubris:CrystalStatue","Fire Breathing+1","ReplayUltimateDefense","Vajra","hubris:MobiusCoin","ClockworkSouvenir","Fire Breathing"],"campfire_rested":1,"item_purchase_floors":[0,0,0,0,0,5,53,65,65,72,105,105,105],"current_hp_per_floor":[38,18,2,13,13,37,57,60,60,50,50,50,50,59,59,70,80,80,80,80,80,80,80,80,80,80,80,80,80,80,80,80,80,80,80,80,80,80,80,80,80,80,80,80,80,73,80,80,80,80,80,80,80,80,80,80,80,85,85,85,85,85,85,85,85,85,85,85,85,85,85,85,85,85,85,85,85,85,64,51,51,56,56,85,85,85,85,85,81,81,81,81,81,81,81,81,81,81,81,81,81,81,81,81,81,81,81,81,81,81,81,81,81,43,44,50,50,75,81,81,81,81,81,81,81,81,0,0],"gold":1119,"neow_bonus":"","is_daily":false,"chose_seed":false,"campfire_upgraded":14,"win_rate":0.0,"timestamp":1613735065,"path_taken":["M","?","?","M","?","R","?","E","T","E","R","?","$","M","R_BF","BOSS","M","M","M","AVR","?","E","R","?","T","NM","R","E","$","M","R","BOSS","M","M","M","$","?","E","R","?","T","?","NM","M","M","M","R","BOSS","M","$","M","?","AVR","E","M","E","T","?","R","M","R","?","R","BOSS","M","?","?","$","?","R","E","M","T","M","?","E","AVR","?","R","BOSS","M","?","?","?","?","R","M","R","T","NM","R","M","E","M","R","BOSS","M","?","?","?","?","R","E","R","T","M","?","NM","M","M","R","BOSS","M","?","AVR","?","M","R","M","NM"],"items_purchased_type":["Card","Relic","Relic","Relic","Card","Card","Relic","Card","Card","Relic","Relic","Relic","Card"],"build_version":"2020-12-22","purchased_purges":5,"victory":false,"max_hp_per_floor":[80,80,80,80,80,80,80,80,80,80,80,80,80,80,80,80,80,80,80,80,80,80,80,80,80,80,80,80,80,80,80,80,80,80,80,80,80,80,80,80,80,80,80,80,80,80,80,80,80,80,80,80,80,80,80,80,80,85,85,85,85,85,85,85,85,85,85,85,85,85,85,85,85,85,85,85,85,85,85,85,85,85,85,85,85,85,85,85,81,81,81,81,81,81,81,81,81,81,81,81,81,81,81,81,81,81,81,81,81,81,81,81,81,81,81,81,81,81,81,81,81,81,81,81,81,81,81,81],"card_choices":[{"not_picked":["hubris:SharpeningStone","Shrug It Off"],"picked":"Whirlwind","floor":1},{"not_picked":["infinitespire:Starlight","hubris:Rewind"],"picked":"infinitespire:Oblivion","floor":2},{"not_picked":["Thunderclap","hubris:ReadiedAction","Clothesline"],"picked":"SKIP","floor":4},{"not_picked":["Bloodletting","Sever Soul"],"picked":"ReplayReversal","floor":8},{"not_picked":["Abandon","Body Slam"],"picked":"Shrug It Off","floor":10},{"not_picked":["Anger","Brutality","Twin Strike"],"picked":"SKIP","floor":14},{"not_picked":["Seeing Red","Run Through"],"picked":"Fire Breathing","floor":18},{"not_picked":["Burning Pact","Reckless Charge","ReplayTheSpireMod:Limb From Limb+1"],"picked":"SKIP","floor":19},{"not_picked":["Sever Soul","Perfected Strike","Replay:Undeath\u0027s Touch"],"picked":"SKIP","floor":20},{"not_picked":["Headbutt+1","Second Wind","Power Through"],"picked":"SKIP","floor":23},{"not_picked":["Headbutt+1","Second Wind"],"picked":"Power Through","floor":23},{"not_picked":["Double Tap","Sever Soul","Cleave"],"picked":"SKIP","floor":27},{"not_picked":["Bludgeon","Impervious","Corruption"],"picked":"SKIP","floor":29},{"not_picked":["Hemokinesis+1","Replay:Undeath\u0027s Touch","Sword Boomerang+1"],"picked":"SKIP","floor":31},{"not_picked":["Clothesline+1","Armaments","Uppercut"],"picked":"SKIP","floor":35},{"not_picked":["Armaments","ReplayTheSpireMod:Limb From Limb"],"picked":"Fire Breathing","floor":36},{"not_picked":["Replay:Undeath\u0027s Touch","Feel No Pain+1","Rage"],"picked":"SKIP","floor":37},{"not_picked":["Reaper","Sword Boomerang+1","Fiend Fire"],"picked":"SKIP","floor":40},{"not_picked":["hubris:ReadiedAction","Uppercut+1","Twin Strike+1"],"picked":"SKIP","floor":44},{"not_picked":["infinitespire:Menacing","hubris:InfiniteBlow+1"],"picked":"infinitespire:FutureSight","floor":45},{"not_picked":["Reaper","Corruption","Berserk"],"picked":"SKIP","floor":45},{"not_picked":["Second Wind+1","Feel No Pain"],"picked":"Power Through+1","floor":46},{"not_picked":["Abandon+1","Hemogenesis","Sword Boomerang"],"picked":"SKIP","floor":47},{"not_picked":["Reckless Charge","Juggernaut","Twin Strike+1"],"picked":"SKIP","floor":48},{"not_picked":["Berserk","Demon Form"],"picked":"Offering","floor":50},{"not_picked":["Shrug It Off","Feed","Feel No Pain"],"picked":"SKIP","floor":52},{"not_picked":["ReplayTheSpireMod:Corrosion Curse","Replay:Undeath\u0027s Touch","Burning Pact"],"picked":"SKIP","floor":54},{"not_picked":["Clothesline","Metallicize","True Grit"],"picked":"SKIP","floor":57},{"not_picked":["Dark Embrace","Headbutt","Inflame"],"picked":"SKIP","floor":58},{"not_picked":["Barricade","Ghostly Armor"],"picked":"Demonic Infusion","floor":59},{"not_picked":["Body Slam","Shrug It Off","Warcry"],"picked":"SKIP","floor":63},{"not_picked":["Twin Strike+1","Anger+1"],"picked":"Fire Breathing","floor":69},{"not_picked":["Demonic Infusion","Dual Wield","Iron Wave"],"picked":"SKIP","floor":75},{"not_picked":["Brutality","ReplayTheSpireMod:Stacked","hubris:StunningStrike"],"picked":"SKIP","floor":76},{"not_picked":["Cleave","Heavy Blade","Shrug It Off"],"picked":"SKIP","floor":78},{"not_picked":["hubris:ReadiedAction","Bloodletting","Feel No Pain"],"picked":"SKIP","floor":80},{"not_picked":["hubris:Fate","infinitespire:Menacing"],"picked":"ReplayTheSpireMod:Haul","floor":85},{"not_picked":["Berserk","ReplayTheSpireMod:LeadingStrike+1","Sword Boomerang+1"],"picked":"SKIP","floor":86},{"not_picked":["Combust","Warcry"],"picked":"Perfected Strike+1","floor":92},{"not_picked":["ReplayTheSpireMod:??????????????????????","infinitespire:SealOfDarkness+"],"picked":"infinitespire:FutureSight","floor":95},{"not_picked":["Dual Wield","Sword Boomerang","Anger"],"picked":"SKIP","floor":95},{"not_picked":["ReplayTheSpireMod:Strike From Hell+1","ReplayTheSpireMod:Limb From Limb+1","Warcry"],"picked":"SKIP","floor":97},{"not_picked":["Clothesline","Spot Weakness+1","Shrug It Off+1"],"picked":"SKIP","floor":98},{"not_picked":["ReplayTheSpireMod:LeadingStrike+1","Replay:Undeath\u0027s Touch+1","Life Link+1"],"picked":"SKIP","floor":99},{"not_picked":["Barricade","Eclipse+1"],"picked":"Offering+1","floor":101},{"not_picked":["Body Slam","ReplayTheSpireMod:Stacked+1"],"picked":"Fire Breathing","floor":103},{"not_picked":["Iron Wave","Demonic Infusion+1","Pommel Strike"],"picked":"SKIP","floor":106},{"not_picked":["Reaper","Limit Break+1","Juggernaut"],"picked":"SKIP","floor":109},{"not_picked":["Flex+1","Sword Boomerang"],"picked":"Barricade","floor":112},{"not_picked":["Combust","Perfected Strike","Reaper"],"picked":"SKIP","floor":113},{"not_picked":["Combust","Flame Barrier+1"],"picked":"Body Slam","floor":114},{"not_picked":["Dark Embrace","hubris:ReadiedAction+1","Twin Strike"],"picked":"SKIP","floor":115},{"not_picked":["True Grit+1","Thunderclap","Run Through"],"picked":"SKIP","floor":116},{"not_picked":["Looming Evil","Languid"],"picked":"Sickly","floor":119},{"not_picked":["ReplayTheSpireMod:Doomed","hubris:Disease"],"picked":"ReplayTheSpireMod:Faulty Equipment","floor":119},{"not_picked":["CurseOfTheBell","hubris:Greed"],"picked":"Sickly","floor":119},{"not_picked":["Ghostly Armor+1","hubris:ReadiedAction+1","True Grit+1"],"picked":"SKIP","floor":120},{"not_picked":["Cleave","Anger","Shrug It Off+1"],"picked":"SKIP","floor":121},{"not_picked":["Cleave","Anger","Shrug It Off+1"],"picked":"SKIP","floor":121},{"not_picked":["Shockwave+1","ReplayTheSpireMod:Strike From Hell","True Grit+1"],"picked":"SKIP","floor":124},{"not_picked":["Iron Wave","Hemogenesis","Warcry+1"],"picked":"SKIP","floor":126}],"player_experience":41815,"relics_obtained":[{"floor":8,"key":"infinitespire:WardingShard"},{"floor":9,"key":"Bottled Lightning"},{"floor":10,"key":"hubris:Zylophone"},{"floor":12,"key":"Oddly Smooth Stone"},{"floor":23,"key":"Peace Pipe"},{"floor":26,"key":"Pantograph"},{"floor":27,"key":"reliquary:PurpleTingedLeaf"},{"floor":29,"key":"Pen Nib"},{"floor":40,"key":"Thread and Needle"},{"floor":43,"key":"infinitespire:CheckeredPen"},{"floor":45,"key":"reliquary:TatteredRug"},{"floor":57,"key":"Bag of Preparation"},{"floor":59,"key":"reliquary:TuningFork"},{"floor":60,"key":"reliquary:ExpiredCoupon"},{"floor":75,"key":"hubris:GlazedTorus"},{"floor":77,"key":"Ornamental Fan"},{"floor":80,"key":"Golden Egg"},{"floor":82,"key":"Red Mask"},{"floor":90,"key":"Champion Belt"},{"floor":94,"key":"Mummified Hand"},{"floor":95,"key":"hubris:MysteriousPyramids"},{"floor":98,"key":"Toxic Egg 2"},{"floor":109,"key":"reliquary:SharkskinSheath"},{"floor":111,"key":"reliquary:PorcupineQuills"},{"floor":114,"key":"reliquary:MedicineBall"}],"event_choices":[{"damage_healed":0,"gold_gain":0,"player_choice":"Entered Light","damage_taken":16,"max_hp_gain":0,"max_hp_loss":0,"event_name":"Shining Light","floor":3,"gold_loss":0,"cards_upgraded":["Inflame","infinitespire:Oblivion"]},{"damage_healed":20,"gold_gain":0,"player_choice":"Healed","damage_taken":0,"max_hp_gain":0,"max_hp_loss":0,"event_name":"The Cleric","floor":7,"gold_loss":35},{"damage_healed":0,"gold_gain":0,"player_choice":"Traded Relic","damage_taken":0,"relics_obtained":["Nloth\u0027s Gift"],"max_hp_gain":0,"max_hp_loss":0,"event_name":"N\u0027loth","floor":25,"relics_lost":["BargainBundle"],"gold_loss":0},{"cards_removed":["Shrug It Off"],"damage_healed":0,"gold_gain":0,"player_choice":"Purged","damage_taken":0,"max_hp_gain":0,"max_hp_loss":0,"event_name":"Purifier","floor":42,"gold_loss":0},{"damage_healed":0,"gold_gain":0,"player_choice":"Grow","damage_taken":0,"max_hp_gain":0,"max_hp_loss":0,"event_name":"Living Wall","floor":55,"gold_loss":0,"cards_upgraded":["Fire Breathing"]},{"damage_healed":0,"gold_gain":0,"player_choice":"Ignored","damage_taken":0,"max_hp_gain":0,"max_hp_loss":0,"event_name":"Vampires","floor":71,"gold_loss":0},{"damage_healed":0,"gold_gain":0,"player_choice":"Fought Bandits","damage_taken":0,"max_hp_gain":0,"max_hp_loss":0,"event_name":"Masked Bandits","floor":82,"gold_loss":0},{"cards_removed":["Fire Breathing"],"damage_healed":0,"gold_gain":0,"player_choice":"Removed Power","damage_taken":0,"max_hp_gain":0,"max_hp_loss":0,"event_name":"Falling","floor":87,"gold_loss":0},{"damage_healed":0,"gold_gain":0,"player_choice":"Memory 1","damage_taken":0,"max_hp_gain":0,"max_hp_loss":0,"event_name":"SensoryStone","floor":88,"gold_loss":0},{"damage_healed":0,"gold_gain":0,"player_choice":"Max HP","damage_taken":0,"max_hp_gain":0,"max_hp_loss":4,"event_name":"Winding Halls","floor":89,"gold_loss":0},{"damage_healed":0,"gold_gain":0,"player_choice":"Fight","damage_taken":0,"max_hp_gain":0,"max_hp_loss":0,"event_name":"MindBloom","floor":90,"gold_loss":0},{"damage_healed":0,"gold_gain":0,"player_choice":"Ignored","damage_taken":0,"max_hp_gain":0,"max_hp_loss":0,"event_name":"Transmorgrifier","floor":104,"gold_loss":0},{"damage_healed":0,"gold_gain":0,"player_choice":"Bought 0 Potions","damage_taken":0,"max_hp_gain":0,"max_hp_loss":0,"event_name":"The Woman in Blue","floor":107,"gold_loss":0},{"damage_healed":0,"gold_gain":0,"player_choice":"Ignored","damage_taken":0,"max_hp_gain":0,"max_hp_loss":0,"event_name":"Ghosts","floor":123,"gold_loss":0}],"is_beta":false,"boss_relics":[{"not_picked":["SacredBark","reliquary:RedCape"],"picked":"ChewingGum"},{"not_picked":["Tiny House","Snecko Eye"],"picked":"hubris:ScarierMask"},{"not_picked":["Velvet Choker","reliquary:Craggleroot"],"picked":"infinitespire:Burning Sword"},{"not_picked":["ReplayTheSpireMod:SealedPack","Replay:Wanted Poster"],"picked":"bronze:MakeshiftBattery"},{"not_picked":["SacredBark","Astrolabe"],"picked":"SlaversCollar"},{"not_picked":["Replay:Drink Me","hubris:GrandSneckoEye"],"picked":"reliquary:BigHammer"},{"not_picked":["Ring of Chaos","Coffee Dripper"],"picked":"Replay:Ancient Bell"},{"not_picked":["King of Hearts","MealTicket"],"picked":"reliquary:Buckler"},{"not_picked":["Sundial","Replay:Accelerometer"],"picked":"reliquary:PrincelyHelmet"},{"not_picked":["Another Sword","Torii"],"picked":"FossilizedHelix"}],"items_purged_floors":[5,21,30,38,81],"is_endless":true,"potions_floor_spawned":[1,16,19,20,31,33,40,44,45,46,54,57,58,75,80,82,84,86,92,95,99,109,112,114,116,120,124],"killed_by":"Nightmare_Alpha","ascension_level":1}}