{"host":"bz6w3lfmpwgz81o3","time":1613693256,"event":{"mods":["BaseMod","Downfall","Hermit","Minty Spire (QoL Compilation)","StSLib"],"gold_per_floor":[11,25,42,42,56,56,82,82,82,82,409,409,443,454,454,551,551,566,481,406,416,432,432,432,432],"floor_reached":24,"language":"ENG","playtime":1011,"items_purged":[],"score":320,"play_id":"976fa285-7802-43dd-83e7-c9e6b83abaa0","local_time":"20210219010736","is_ascension_mode":true,"campfire_choices":[{"data":"hermit:Quickdraw","floor":6,"key":"SMITH"},{"data":"hermit:WideOpen","floor":12,"key":"SMITH"},{"data":"hermit:Headshot","floor":15,"key":"SMITH"},{"data":"hermit:ShadowCloak","floor":23,"key":"SMITH"}],"circlet_count":0,"master_deck":["hermit:Strike_Hermit","hermit:Strike_Hermit","hermit:Defend_Hermit","hermit:Defend_Hermit","hermit:Defend_Hermit","hermit:Defend_Hermit","hermit:Snapshot","hermit:Covet","hermit:Ricochet","hermit:Headshot+1","hermit:Quickdraw+1","hermit:HoleUp","hermit:WideOpen+1","Regret","hermit:HoleUp","hermit:ShadowCloak+1","hermit:FinalCanter","hermit:LowProfile+1","hermit:Manifest+1"],"relics":["hermit:Momento","Ginger","Darkstone Periapt","Sundial","hermit:Spyglass","Old Coin","HornCleat","bronze:MakeshiftBattery","Slimebound:StickyStick"],"acts_visited":["Exordium","TheCity"],"potions_floor_usage":[7,11,16,16],"damage_taken":[{"damage":0,"enemies":"2 Louse","floor":1,"turns":2},{"damage":2,"enemies":"Jaw Worm","floor":2,"turns":3},{"damage":0,"enemies":"Small Slimes","floor":3,"turns":3},{"damage":5,"enemies":"3 Louse","floor":5,"turns":3},{"damage":23,"enemies":"Gremlin Nob","floor":7,"turns":4},{"damage":12,"enemies":"3 Sentries","floor":11,"turns":7},{"damage":0,"enemies":"Gremlin Nob","floor":13,"turns":2},{"damage":0,"enemies":"Blue Slaver","floor":14,"turns":3},{"damage":2,"enemies":"Slime Boss","floor":16,"turns":8},{"damage":19,"enemies":"Chosen","floor":18,"turns":5},{"damage":15,"enemies":"2 Thieves","floor":21,"turns":4},{"damage":3,"enemies":"Cultist and Chosen","floor":22,"turns":8},{"damage":45,"enemies":"Gremlin Leader","floor":24,"turns":8}],"seed_played":"5658779127086501783","potions_obtained":[{"floor":2,"key":"hexamod:SoulburnPotion"},{"floor":3,"key":"LiquidMemories"},{"floor":7,"key":"DistilledChaos"},{"floor":11,"key":"Slimebound:ThreeZeroPotion"},{"floor":22,"key":"Energy Potion"}],"is_trial":false,"path_per_floor":["M","M","M","?","M","R","E","?","T","?","E","R","E","M","R","B",null,"M","?","?","M","M","R","E"],"character_chosen":"HERMIT","items_purchased":[],"campfire_rested":0,"item_purchase_floors":[],"current_hp_per_floor":[75,73,73,73,68,68,45,51,51,51,39,39,39,39,39,37,81,62,62,62,47,44,44,0,0],"gold":432,"neow_bonus":"ONE_RARE_RELIC","is_daily":false,"chose_seed":false,"campfire_upgraded":4,"win_rate":0.0,"timestamp":1613693256,"path_taken":["M","M","M","?","M","R","E","?","T","?","E","R","E","M","R","BOSS","M","?","?","M","M","R","E"],"items_purchased_type":[],"build_version":"2020-12-22","purchased_purges":0,"victory":false,"max_hp_per_floor":[75,75,75,75,75,75,75,81,81,81,81,81,81,81,81,81,81,81,81,81,81,81,81,81,81],"card_choices":[{"not_picked":["hermit:LowProfile","hermit:HighCaliber"],"picked":"hermit:Ricochet","floor":1},{"not_picked":["hermit:Virtue","hermit:GoldenBullet"],"picked":"hermit:Headshot","floor":2},{"not_picked":["hermit:Dive","hermit:Roulette"],"picked":"hermit:Quickdraw","floor":3},{"not_picked":["hermit:PistolWhip","hermit:Enervate"],"picked":"hermit:HoleUp","floor":5},{"not_picked":["hermit:TakeAim","hermit:CalledShot"],"picked":"hermit:WideOpen","floor":7},{"not_picked":["hermit:Glare","hermit:TrackingShot","hermit:SprayPray"],"picked":"SKIP","floor":11},{"not_picked":["hermit:TrackingShot","hermit:GoldenBullet"],"picked":"hermit:HoleUp","floor":13},{"not_picked":["hermit:ItchyTrigger","hermit:Virtue"],"picked":"hermit:ShadowCloak","floor":14},{"not_picked":["hermit:BlackWind","hermit:DeadOrAlive"],"picked":"hermit:FinalCanter","floor":16},{"not_picked":["hermit:ShadowCloak","hermit:Roulette"],"picked":"hermit:LowProfile+1","floor":18},{"not_picked":["hermit:WideOpen","hermit:Dive","hermit:Coalescence"],"picked":"SKIP","floor":21},{"not_picked":["hermit:Grudge","hermit:Shortfuse"],"picked":"hermit:Manifest+1","floor":22}],"player_experience":58547,"relics_obtained":[{"floor":7,"key":"Darkstone Periapt"},{"floor":9,"key":"hermit:Spyglass"},{"floor":11,"key":"Old Coin"},{"floor":13,"key":"HornCleat"}],"event_choices":[{"damage_healed":0,"gold_gain":0,"player_choice":"Leave","damage_taken":0,"max_hp_gain":0,"max_hp_loss":0,"event_name":"The Cleric","floor":4,"gold_loss":0},{"damage_healed":0,"gold_gain":0,"player_choice":"Box","damage_taken":0,"relics_obtained":["Sundial"],"max_hp_gain":0,"max_hp_loss":0,"event_name":"Big Fish","floor":8,"gold_loss":0,"cards_obtained":["Regret"]},{"cards_removed":["hermit:Strike_Hermit"],"damage_healed":0,"gold_gain":0,"player_choice":"Forget","damage_taken":0,"max_hp_gain":0,"max_hp_loss":0,"event_name":"Living Wall","floor":10,"gold_loss":0},{"damage_healed":0,"gold_gain":0,"player_choice":"Obtained Relic","damage_taken":0,"relics_obtained":["Slimebound:StickyStick"],"max_hp_gain":0,"max_hp_loss":0,"event_name":"Addict","floor":19,"gold_loss":85},{"cards_removed":["hermit:Strike_Hermit"],"damage_healed":0,"gold_gain":0,"player_choice":"Gave Gold","damage_taken":0,"max_hp_gain":0,"max_hp_loss":0,"event_name":"Beggar","floor":20,"gold_loss":75}],"is_beta":false,"boss_relics":[{"not_picked":["SacredBark","Ectoplasm"],"picked":"bronze:MakeshiftBattery"}],"items_purged_floors":[],"is_endless":false,"potions_floor_spawned":[2,3,7,11,22],"killed_by":"Gremlin Leader","ascension_level":2}}