{"host":"fo80ixh6qkcipxa7","time":1613767509,"event":{"mods":["AchievementEnabler","BaseMod","Colored Map","Colored Powertips","Minty Spire (QoL Compilation)","Quick Restart","StSLib","SuperFastMode"],"gold_per_floor":[116,131,151,198,216,216,46,46,46,81,81,81,1,13,13,113,113,133,150,165,29,47,47,63,63,63,163,163,213,231,250,250,345,345,360,374,284,294,23,23,23,23,23,34,34,34,45,74,74,74,74],"floor_reached":50,"language":"ENG","playtime":7021,"items_purged":["Strike_B","Defend_B","Defend_B"],"score":474,"play_id":"19e94bd5-1f38-4c57-b3f4-412ca9e5566e","local_time":"20210219154509","is_ascension_mode":false,"campfire_choices":[{"data":"Dualcast","floor":6,"key":"SMITH"},{"data":"Redo","floor":8,"key":"SMITH"},{"data":"Rainbow","floor":12,"key":"SMITH"},{"floor":15,"key":"REST"},{"floor":23,"key":"REST"},{"floor":25,"key":"REST"},{"data":"1","floor":28,"key":"LIFT"},{"floor":32,"key":"REST"},{"floor":40,"key":"REST"},{"data":"2","floor":42,"key":"LIFT"},{"floor":46,"key":"REST"},{"floor":49,"key":"REST"}],"circlet_count":0,"master_deck":["Strike_B","Strike_B","Defend_B","Defend_B","Zap","Dualcast+1","Redo+1","Auto Shields","Coolheaded","Lockon","Conserve Battery","Cold Snap","Rainbow+1","Static Discharge+1","Gash","Electrodynamics","Doom and Gloom+1","Go for the Eyes","Loop","Beam Cell+1","Genetic Algorithm+1","Double Energy+1","Compile Driver","Reboot","Thunder Strike","Barrage+1","Stack+1","Gash+1","Tempest+1","BootSequence","Ball Lightning+1"],"relics":["Cracked Core","Vajra","Shuriken","Lantern","Fusion Hammer","Girya","Torii","Runic Pyramid","HandDrill","Bag of Preparation","Kunai"],"acts_visited":["Exordium","TheCity","TheBeyond"],"potions_floor_usage":[50,50],"damage_taken":[{"damage":1,"enemies":"Cultist","floor":1,"turns":3},{"damage":6,"enemies":"Jaw Worm","floor":2,"turns":3},{"damage":0,"enemies":"Small Slimes","floor":3,"turns":3},{"damage":3,"enemies":"Exordium Thugs","floor":5,"turns":5},{"damage":13,"enemies":"3 Sentries","floor":10,"turns":9},{"damage":8,"enemies":"2 Fungi Beasts","floor":14,"turns":3},{"damage":6,"enemies":"Slime Boss","floor":16,"turns":9},{"damage":0,"enemies":"Chosen","floor":18,"turns":3},{"damage":0,"enemies":"Spheric Guardian","floor":19,"turns":2},{"damage":14,"enemies":"Snake Plant","floor":20,"turns":3},{"damage":10,"enemies":"Centurion and Healer","floor":22,"turns":6},{"damage":13,"enemies":"Snecko","floor":24,"turns":4},{"damage":14,"enemies":"Colosseum Slavers","floor":27,"turns":2},{"damage":10,"enemies":"Colosseum Nobs","floor":27,"turns":4},{"damage":2,"enemies":"Chosen and Byrds","floor":30,"turns":4},{"damage":6,"enemies":"Centurion and Healer","floor":31,"turns":5},{"damage":51,"enemies":"Champ","floor":33,"turns":9},{"damage":8,"enemies":"3 Darklings","floor":35,"turns":3},{"damage":16,"enemies":"3 Shapes","floor":36,"turns":3},{"damage":13,"enemies":"3 Darklings","floor":38,"turns":2},{"damage":31,"enemies":"Sphere and 2 Shapes","floor":44,"turns":3},{"damage":12,"enemies":"Spire Growth","floor":47,"turns":3},{"damage":32,"enemies":"Nemesis","floor":48,"turns":5},{"damage":86,"enemies":"Awakened One","floor":50,"turns":7}],"seed_played":"6875529363759627246","potions_obtained":[{"floor":10,"key":"FairyPotion"},{"floor":14,"key":"SteroidPotion"},{"floor":16,"key":"Weak Potion"},{"floor":19,"key":"Fire Potion"},{"floor":48,"key":"EssenceOfDarkness"}],"is_trial":false,"path_per_floor":["M","M","M","T","M","R","$","R","T","E","$","R","$","M","R","B",null,"M","M","M","$","M","R","M","R","T","?","R","?","M","M","R","B",null,"M","M","?","M","$","R","$","R","T","M","$","R","M","E","R","B"],"character_chosen":"DEFECT","items_purchased":["Conserve Battery","Cold Snap","Static Discharge","Loop","HandDrill"],"campfire_rested":7,"item_purchase_floors":[7,7,13,21,39],"current_hp_per_floor":[81,75,75,75,72,72,72,72,72,59,59,59,59,51,75,69,82,82,82,68,68,58,82,69,82,82,58,58,58,56,50,74,23,82,74,58,58,45,45,69,69,69,69,38,38,62,50,18,42,0,0],"gold":74,"neow_bonus":"TEN_PERCENT_HP_BONUS","is_daily":false,"chose_seed":false,"campfire_upgraded":3,"win_rate":0.0,"timestamp":1613767509,"path_taken":["M","M","M","?","M","R","$","R","T","E","$","R","?","M","R","BOSS","M","M","M","$","M","R","M","R","T","?","R","?","M","?","R","BOSS","M","M","?","M","$","R","$","R","T","M","?","R","M","E","R","BOSS"],"items_purchased_type":["Card","Card","Card","Card","Relic"],"build_version":"2020-12-22","purchased_purges":3,"victory":false,"max_hp_per_floor":[82,82,82,82,82,82,82,82,82,82,82,82,82,82,82,82,82,82,82,82,82,82,82,82,82,82,82,82,82,82,82,82,82,82,82,82,82,82,82,82,82,82,82,82,82,82,82,82,82,82,82],"card_choices":[{"not_picked":["Steam","Static Discharge"],"picked":"Redo","floor":1},{"not_picked":["Barrage","FTL"],"picked":"Auto Shields","floor":2},{"not_picked":["Barrage","Streamline"],"picked":"Coolheaded","floor":3},{"not_picked":["Gash","Redo"],"picked":"Lockon","floor":5},{"not_picked":["Fusion","Leap"],"picked":"Rainbow","floor":10},{"not_picked":["Hello World","Coolheaded"],"picked":"Gash","floor":14},{"not_picked":["Creative AI","Fission"],"picked":"Electrodynamics","floor":16},{"not_picked":["Self Repair","Hologram"],"picked":"Doom and Gloom+1","floor":18},{"not_picked":["Streamline","Coolheaded","Stack"],"picked":"SKIP","floor":19},{"not_picked":["FTL","Barrage+1"],"picked":"Go for the Eyes","floor":20},{"not_picked":["Steam","Leap"],"picked":"Beam Cell+1","floor":22},{"not_picked":["Double Energy","Cold Snap"],"picked":"Genetic Algorithm+1","floor":24},{"not_picked":["Beam Cell","Sweeping Beam+1"],"picked":"Double Energy+1","floor":27},{"not_picked":["Leap+1","Sweeping Beam"],"picked":"Compile Driver","floor":30},{"not_picked":["Redo","Skim+1"],"picked":"Reboot","floor":31},{"not_picked":["Buffer","Creative AI"],"picked":"Thunder Strike","floor":33},{"not_picked":["Hologram+1","Go for the Eyes"],"picked":"Barrage+1","floor":35},{"not_picked":["Conserve Battery+1","Beam Cell"],"picked":"Stack+1","floor":36},{"not_picked":["Hello World","Coolheaded"],"picked":"Gash+1","floor":38},{"not_picked":["Conserve Battery+1","Self Repair+1"],"picked":"Tempest+1","floor":44},{"not_picked":["Darkness+1","Steam+1"],"picked":"BootSequence","floor":47},{"not_picked":["Double Energy+1","Scrape"],"picked":"Ball Lightning+1","floor":48}],"player_experience":5545,"relics_obtained":[{"floor":4,"key":"Vajra"},{"floor":9,"key":"Shuriken"},{"floor":10,"key":"Lantern"},{"floor":26,"key":"Girya"},{"floor":27,"key":"Torii"},{"floor":43,"key":"Bag of Preparation"},{"floor":48,"key":"Kunai"}],"event_choices":[{"damage_healed":0,"gold_gain":0,"player_choice":"Fight","damage_taken":0,"max_hp_gain":0,"max_hp_loss":0,"event_name":"Colosseum","floor":27,"gold_loss":0},{"damage_healed":0,"gold_gain":0,"player_choice":"Fought Nobs","damage_taken":0,"max_hp_gain":0,"max_hp_loss":0,"event_name":"Colosseum","floor":27,"gold_loss":0},{"damage_healed":0,"gold_gain":100,"player_choice":"Bet on Murderer","damage_taken":0,"max_hp_gain":0,"max_hp_loss":0,"event_name":"The Joust","floor":29,"gold_loss":50},{"cards_removed":["Strike_B"],"damage_healed":0,"gold_gain":0,"player_choice":"Upgrade and Remove","damage_taken":0,"max_hp_gain":0,"max_hp_loss":0,"event_name":"Designer","floor":37,"gold_loss":90,"cards_upgraded":["Static Discharge"]}],"is_beta":false,"boss_relics":[{"not_picked":["Astrolabe","Inserter"],"picked":"Fusion Hammer"},{"not_picked":["Cursed Key","FrozenCore"],"picked":"Runic Pyramid"}],"items_purged_floors":[7,21,39],"is_endless":false,"potions_floor_spawned":[10,14,16,19,24,27,31,48],"killed_by":"Awakened One","ascension_level":0}}