{"host":"m3238g7v43djq2qc","time":1613749516,"event":{"mods":["BaseMod","Minty Spire (QoL Compilation)"],"gold_per_floor":[112,127,141,159,159,193,212,222,245,278,278,278,278,303,303,303,303],"floor_reached":16,"language":"ZHS","playtime":1025,"items_purged":[],"score":114,"play_id":"dfdc52a1-b2d0-4afe-b2bf-77f42566de74","local_time":"20210219234516","is_ascension_mode":false,"campfire_choices":[{"floor":12.0,"key":"REST"},{"data":"Night Terror","floor":15.0,"key":"SMITH"}],"circlet_count":0,"master_deck":["Strike_G","Strike_G","Strike_G","Strike_G","Strike_G","Defend_G","Defend_G","Defend_G","Defend_G","Defend_G","Survivor","Neutralize","Escape Plan","Terror","Distraction","Night Terror+1","Dagger Spray","Crippling Poison","Blur","Footwork"],"relics":["Ring of the Snake","WingedGreaves","Oddly Smooth Stone","Juzu Bracelet","Omamori","Bag of Marbles","Golden Idol"],"acts_visited":["Exordium"],"potions_floor_usage":[],"damage_taken":[{"damage":4.0,"enemies":"2 Louse","floor":1.0,"turns":5.0},{"damage":1.0,"enemies":"Cultist","floor":2.0,"turns":5.0},{"damage":1.0,"enemies":"Small Slimes","floor":3.0,"turns":5.0},{"damage":0.0,"enemies":"Looter","floor":4.0,"turns":4.0},{"damage":20.0,"enemies":"Gremlin Nob","floor":6.0,"turns":4.0},{"damage":0.0,"enemies":"Lots of Slimes","floor":7.0,"turns":1.0},{"damage":6.0,"enemies":"Red Slaver","floor":8.0,"turns":4.0},{"damage":7.0,"enemies":"Lagavulin","floor":10.0,"turns":3.0},{"damage":0.0,"enemies":"2 Fungi Beasts","floor":14.0,"turns":3.0},{"damage":39,"enemies":"Hexaghost","floor":16,"turns":16}],"seed_played":"-6321219364395461117","potions_obtained":[{"floor":3.0,"key":"FearPotion"},{"floor":4.0,"key":"PowerPotion"},{"floor":6.0,"key":"BlessingOfTheForge"},{"floor":7.0,"key":"DistilledChaos"},{"floor":10.0,"key":"Energy Potion"}],"is_trial":false,"path_per_floor":["M","M","M","M","?","E","M","M","T","E","?","R","?","M","R","B"],"character_chosen":"THE_SILENT","items_purchased":[],"campfire_rested":1,"item_purchase_floors":[],"current_hp_per_floor":[59,58,57,57,57,37,37,31,31,24,21,39,39,39,39,0,0],"gold":303,"neow_bonus":"ONE_RARE_RELIC","is_daily":false,"chose_seed":false,"campfire_upgraded":1,"win_rate":0.0,"timestamp":1613749516,"path_taken":["M","M","M","M","?","E","?","M","T","E","?","R","?","M","R","BOSS"],"items_purchased_type":[],"build_version":"2020-12-22","purchased_purges":0,"victory":false,"max_hp_per_floor":[63,63,63,63,63,63,63,63,63,63,63,63,63,63,63,63,63],"card_choices":[{"not_picked":["PiercingWail","Sucker Punch","Cloak And Dagger"],"picked":"SKIP","floor":1.0},{"not_picked":["Bane","Dagger Throw"],"picked":"Escape Plan","floor":2.0},{"not_picked":["Underhanded Strike","Backflip"],"picked":"Terror","floor":3.0},{"not_picked":["Cloak And Dagger","Escape Plan"],"picked":"Distraction","floor":4.0},{"not_picked":["Accuracy","Backflip"],"picked":"Crippling Poison","floor":6.0},{"not_picked":["Blade Dance","Outmaneuver","Expertise"],"picked":"SKIP","floor":7.0},{"not_picked":["Finisher","Choke","Quick Slash"],"picked":"SKIP","floor":8.0},{"not_picked":["Prepared","Sucker Punch"],"picked":"Blur","floor":10.0},{"not_picked":["Flying Knee","Bane"],"picked":"Footwork","floor":14.0}],"player_experience":75723,"relics_obtained":[{"floor":6.0,"key":"Oddly Smooth Stone"},{"floor":9.0,"key":"Juzu Bracelet"},{"floor":10.0,"key":"Omamori"}],"event_choices":[{"damage_healed":0.0,"max_hp_gain":0.0,"max_hp_loss":0.0,"gold_gain":0.0,"event_name":"Match and Keep!","player_choice":"2 cards matched","floor":5.0,"gold_loss":0.0,"damage_taken":0.0,"cards_obtained":["Night Terror","Dagger Spray"]},{"damage_healed":0.0,"max_hp_gain":0.0,"max_hp_loss":0.0,"gold_gain":0.0,"event_name":"Scrap Ooze","player_choice":"Success","floor":11.0,"gold_loss":0.0,"damage_taken":3.0,"relics_obtained":["Bag of Marbles"]},{"damage_healed":0.0,"max_hp_gain":0.0,"max_hp_loss":0.0,"gold_gain":0.0,"event_name":"Golden Idol","player_choice":"Take Wound","floor":13.0,"gold_loss":0.0,"damage_taken":0.0,"relics_obtained":["Golden Idol"],"cards_obtained":["Injury"]}],"is_beta":false,"boss_relics":[],"items_purged_floors":[],"is_endless":false,"potions_floor_spawned":[3,4,6,7,10],"killed_by":"Hexaghost","ascension_level":0}}