{"host":"03qh43t1tt22vioj","time":1613768189,"event":{"mods":["2.2 Compatiblity","AchievementEnabler","BaseMod","Beaked The Cultist","Colored Map","Colored Powertips","DeckTracker","Disable Question Mark Monsters","Downfall","Friendly Minions","Minty Spire (QoL Compilation)","Permanent Neow","Quick Restart","Random Character Button","Random Character Mod","Rare Cards Sparkle","Relic Stats","SacredBarkPlus","Shop Mod","StSLib","Synergy Search","The Construct","Unceasing Turn Reminder","Unknown Chances"],"gold_per_floor":[116,133,233,248,17,46,46,64,64,90,48,48,48,58,58,162,162,179,191,17,35,35,35],"floor_reached":22,"language":"ENG","playtime":966,"items_purged":["construct:Defend_Gold"],"score":196,"play_id":"f717228c-a548-4a4b-9fbb-7c7188057910","local_time":"20210219215629","is_ascension_mode":false,"campfire_choices":[{"data":"construct:CreateCores","floor":7,"key":"SMITH"},{"floor":12,"key":"REST"},{"data":"construct:CreateCores+1","floor":15,"key":"SMITH"}],"circlet_count":0,"master_deck":["construct:Strike_Gold","construct:Strike_Gold","construct:Strike_Gold","construct:Strike_Gold","construct:Strike_Gold","construct:Defend_Gold","construct:Defend_Gold","construct:Defend_Gold","construct:Defend_Gold","construct:AttackMode","construct:DefenseMode","construct:Autoturret","construct:CreateCores+2","construct:Enhance","construct:Boost","construct:Autoturret","construct:SweepLaser","construct:ShiftingStance","construct:FlameCore+1","construct:ClockworkEgg","construct:GuardCore"],"relics":["construct:ClockworkPhoenix","Orichalcum","Oddly Smooth Stone","Akabeko","The Courier","Black Star","Membership Card"],"acts_visited":["Exordium","TheCity"],"potions_floor_usage":[16,22,22,22,22],"damage_taken":[{"damage":6,"enemies":"Cultist","floor":1,"turns":3},{"damage":8,"enemies":"Jaw Worm","floor":2,"turns":4},{"damage":0,"enemies":"Small Slimes","floor":4,"turns":4},{"damage":26,"enemies":"Gremlin Nob","floor":6,"turns":4},{"damage":6,"enemies":"Exordium Wildlife","floor":8,"turns":4},{"damage":29,"enemies":"3 Sentries","floor":10,"turns":6},{"damage":9,"enemies":"Red Slaver","floor":14,"turns":3},{"damage":15,"enemies":"Slime Boss","floor":16,"turns":7},{"damage":23,"enemies":"3 Byrds","floor":18,"turns":4},{"damage":54,"enemies":"2 Thieves","floor":19,"turns":5},{"damage":13,"enemies":"Cultist and Chosen","floor":21,"turns":4},{"damage":30,"enemies":"Chosen and Byrds","floor":22,"turns":4}],"seed_played":"1693617295037744394","potions_obtained":[{"floor":0,"key":"hexamod:SoulburnPotion"},{"floor":0,"key":"Ancient Potion"},{"floor":0,"key":"EntropicBrew"},{"floor":6,"key":"Guardian:BlockOnCardUsePotion"},{"floor":14,"key":"FairyPotion"},{"floor":21,"key":"Block Potion"}],"is_trial":false,"path_per_floor":["M","M","?","M","$","E","R","M","T","E","$","R","?","M","R","B",null,"M","M","$","M","M"],"character_chosen":"THE_CONSTRUCT_MOD","items_purchased":["Orichalcum","construct:SweepLaser","Membership Card","construct:ClockworkEgg"],"campfire_rested":1,"item_purchase_floors":[5,11,20,20],"current_hp_per_floor":[79,71,71,71,71,45,45,39,39,10,10,35,63,54,54,39,85,62,8,8,21,0,0],"gold":35,"neow_bonus":"THREE_SMALL_POTIONS","is_daily":false,"chose_seed":false,"campfire_upgraded":2,"win_rate":0.0,"timestamp":1613768189,"path_taken":["M","?","?","?","$","E","R","M","T","E","$","R","?","M","R","BOSS","M","M","$","M","M"],"items_purchased_type":["Relic","Card","Relic","Card"],"build_version":"2020-12-22","purchased_purges":1,"victory":false,"max_hp_per_floor":[85,85,85,85,85,85,85,85,85,85,85,85,85,85,85,85,85,85,85,85,85,85,85],"relic_stats":{"counters":[12,49],"Black Star":0,"Orichalcum":[120],"obtain_stats":[{"Oddly Smooth Stone":6,"The Courier":10,"Black Star":17,"Membership Card":20,"construct:ClockworkPhoenix":0,"Orichalcum":5,"Akabeko":9},{"Oddly Smooth Stone":4,"The Courier":6,"Black Star":8,"Membership Card":10,"construct:ClockworkPhoenix":0,"Orichalcum":3,"Akabeko":5},{"Oddly Smooth Stone":14,"The Courier":24,"Black Star":33,"Membership Card":41,"construct:ClockworkPhoenix":0,"Orichalcum":10,"Akabeko":18}]},"card_choices":[{"not_picked":["construct:Versatility","construct:ScrapCannon"],"picked":"construct:Autoturret","floor":1},{"not_picked":["construct:ModeShift","construct:SaveState"],"picked":"construct:CreateCores","floor":2},{"not_picked":["construct:Chainstrike","construct:CreateCores","construct:HeavyBolt"],"picked":"SKIP","floor":4},{"not_picked":["construct:CripplingShot","construct:SpinDrive"],"picked":"construct:Enhance","floor":6},{"not_picked":["construct:CreateCores","construct:Agitation"],"picked":"construct:Boost","floor":8},{"not_picked":["construct:Construct_Overclock","construct:SyphonStrike"],"picked":"construct:Autoturret","floor":10},{"not_picked":["construct:CreateCores","construct:SuppressiveFire","construct:FlammableFog"],"picked":"SKIP","floor":14},{"not_picked":["construct:LongRangeLance","construct:GoldenBullet"],"picked":"construct:ShiftingStance","floor":16},{"not_picked":["construct:SaveState","construct:BatteryAcid+1","construct:Boost"],"picked":"SKIP","floor":18},{"not_picked":["construct:Backfire","construct:SuppressiveFire"],"picked":"construct:FlameCore+1","floor":19},{"not_picked":["construct:Overcharge+1","construct:Hazardproof"],"picked":"construct:GuardCore","floor":21}],"player_experience":210023,"relics_obtained":[{"floor":6,"key":"Oddly Smooth Stone"},{"floor":9,"key":"Akabeko"},{"floor":10,"key":"The Courier"}],"event_choices":[{"damage_healed":0,"gold_gain":100,"player_choice":"Pray","damage_taken":0,"max_hp_gain":0,"max_hp_loss":0,"event_name":"Golden Shrine","floor":3,"gold_loss":0},{"damage_healed":28,"gold_gain":0,"player_choice":"Banana","damage_taken":0,"max_hp_gain":0,"max_hp_loss":0,"event_name":"Big Fish","floor":13,"gold_loss":0}],"is_beta":false,"boss_relics":[{"not_picked":["Tiny House","Sozu"],"picked":"Black Star"}],"items_purged_floors":[5],"is_endless":false,"potions_floor_spawned":[4,6,14,21],"killed_by":"Chosen and Byrds","ascension_level":0}}