{"host":"s9znsjs818tlhh47","time":1613707470,"event":{"mods":["2.2 Compatiblity","ATMod(°¢èªMod)","AchievementEnabler","Act Like it!","Arknights","BaseMod","Better Note","Better Skull","Better Third Choice","Better Vampires","Bossed Relics","Card Forge","Colored Powertips","Force Act Four","Minty Spire (QoL Compilation)","Permanent Neow","Quick Restart","StSLib","¡¾¹¦ÄÜMod¡¿»ìãçÖ®»·ÐÞ¸´²¹¶¡","¡¾ÒÅÎï¿¨ÅÆ¡¿REMEMod"],"gold_per_floor":[114,129,13,23,23,58,58,91,169,200,37,22,97,111,111,187,187,204,94,109,123,143,168,181,211,211,211,222,253,253,253,253,326,326,340,340,238,251,263,307,38,38,38,68,68,85,22,55,64,64,64,64,73,73,103,103],"floor_reached":57,"language":"ZHS","playtime":2643,"items_purged":["Strike_G","Strike_G","Strike_G"],"score":3586,"play_id":"73d1338d-d53f-404d-a1bd-408b4801562b","local_time":"20210218230430","is_ascension_mode":true,"campfire_choices":[{"data":"Tactician","floor":7.0,"key":"SMITH"},{"floor":15.0,"key":"REST"},{"floor":32.0,"key":"REST"},{"data":"Storm of Steel","floor":42.0,"key":"SMITH"},{"floor":45.0,"key":"RECALL"},{"floor":49.0,"key":"REST"},{"floor":53,"key":"REST"}],"circlet_count":0,"master_deck":["AscendersBane","Defend_G+1","Defend_G","Survivor","Neutralize","Apotheosis+1","AT_ChampionStep+1","AT_KneejerkReflex+1","Tactician+1","Well Laid Plans","Reflex","Escape Plan","Acrobatics","Acrobatics","Acrobatics+1","AT_WindRun+1","Escape Plan","Eviscerate+1","AT_Desolate","Unload","Storm of Steel+1","Expertise","Burst"],"relics":["Hammer of Thor","Seething Fire","Anvil of the Gods","REME_ComplimentaryCards","AT_ATBox","Philosopher\u0027s Stone","StoneCalendar","Orichalcum","AT_GreenNoBalance","Dream Catcher","Membership Card","Sozu","PreservedInsect","Darkstone Periapt","Bottled Lightning","AT_BladeRuinedKing","Gremlin Horn","Astrolabe","CeramicFish","Boot","Mummified Hand","OrangePellets","Juzu Bracelet","REME_LimitBreaker","Pen Nib"],"acts_visited":["Exordium","TheCity","TheBeyond","TheEnding"],"potions_floor_usage":[56,56],"damage_taken":[{"damage":0.0,"enemies":"Small Slimes","floor":1.0,"turns":4.0},{"damage":0.0,"enemies":"Cultist","floor":2.0,"turns":3.0},{"damage":9.0,"enemies":"Jaw Worm","floor":4.0,"turns":4.0},{"damage":3.0,"enemies":"3 Sentries","floor":6.0,"turns":7.0},{"damage":28.0,"enemies":"Gremlin Nob","floor":8.0,"turns":4.0},{"damage":3.0,"enemies":"3 Sentries","floor":10.0,"turns":6.0},{"damage":4.0,"enemies":"Blue Slaver","floor":14.0,"turns":4.0},{"damage":12.0,"enemies":"Hexaghost","floor":16.0,"turns":3.0},{"damage":6.0,"enemies":"2 Thieves","floor":18.0,"turns":2.0},{"damage":0.0,"enemies":"Chosen","floor":20.0,"turns":2.0},{"damage":15.0,"enemies":"Snake Plant","floor":21.0,"turns":3.0},{"damage":6.0,"enemies":"Centurion and Healer","floor":22.0,"turns":3.0},{"damage":17.0,"enemies":"Slavers","floor":23.0,"turns":4.0},{"damage":0.0,"enemies":"Sentry and Sphere","floor":24.0,"turns":3.0},{"damage":8.0,"enemies":"Book of Stabbing","floor":25.0,"turns":3.0},{"damage":8.0,"enemies":"Snecko","floor":28.0,"turns":3.0},{"damage":0.0,"enemies":"Gremlin Leader","floor":29.0,"turns":1.0},{"damage":0.0,"enemies":"Automaton","floor":33.0,"turns":2.0},{"damage":0.0,"enemies":"3 Darklings","floor":35.0,"turns":2.0},{"damage":0.0,"enemies":"3 Shapes","floor":38.0,"turns":1.0},{"damage":0.0,"enemies":"Transient","floor":39.0,"turns":2.0},{"damage":0.0,"enemies":"Reptomancer","floor":40.0,"turns":2.0},{"damage":0.0,"enemies":"Giant Head","floor":44.0,"turns":2.0},{"damage":32.0,"enemies":"4 Shapes","floor":46.0,"turns":2.0},{"damage":0.0,"enemies":"Nemesis","floor":48.0,"turns":1.0},{"damage":0.0,"enemies":"Awakened One","floor":50.0,"turns":3.0},{"damage":0,"enemies":"Time Eater","floor":51,"turns":3},{"damage":0,"enemies":"Shield and Spear","floor":55,"turns":1},{"damage":51,"enemies":"The Heart","floor":56,"turns":5}],"seed_played":"-2375656840004186633","potions_obtained":[{"floor":5.0,"key":"Poison Potion"},{"floor":5.0,"key":"AttackPotion"},{"floor":8.0,"key":"Dexterity Potion"}],"is_trial":false,"path_per_floor":["M","M","$","M","?","E","R","E","T","E","$","$","?","M","R","B",null,"M","?","M","M","M","E","M","E","T","?","M","E","T","?","R","B",null,"M","?","?","M","M","E","$","R","T","E","R","M","$","E","R","B","B",null,"R","$","E","B",null],"character_chosen":"THE_SILENT","items_purchased":["Tactician","Membership Card","Acrobatics","Mummified Hand","OrangePellets"],"campfire_rested":4,"item_purchase_floors":[3,11,12,41,41],"current_hp_per_floor":[59,59,59,50,50,47,47,19,19,30,30,30,19,29,48,21,55,27,27,33,18,27,16,33,25,25,25,25,25,25,25,44,44,61,61,61,61,61,61,61,61,61,61,61,61,29,29,29,48,48,48,62,66,66,66,15],"gold":103,"neow_bonus":"BOSS_RELIC","is_daily":false,"chose_seed":false,"campfire_upgraded":2,"win_rate":0.0,"timestamp":1613707470,"path_taken":["M","M","$","M","?","E","R","E","T","E","?","$","?","M","R","BOSS","M","?","M","M","?","E","M","E","T","?","?","E","?","?","R","BOSS","M","?","?","?","M","E","$","R","T","E","R","M","?","E","R","BOSS","BOSS","R","$","E","BOSS"],"items_purchased_type":["Card","Relic","Card","Relic","Relic"],"build_version":"2020-12-22","purchased_purges":3,"victory":true,"max_hp_per_floor":[66,66,66,66,66,66,66,66,66,66,66,66,66,66,66,66,66,66,66,66,66,66,66,66,66,66,66,66,66,66,66,66,66,66,66,66,66,66,66,66,66,66,66,66,66,66,66,66,66,66,66,66,66,66,66,66],"card_choices":[{"not_picked":["REME_ShadowStrike","Slice"],"picked":"AT_KneejerkReflex","floor":1.0},{"not_picked":["Outmaneuver","Sucker Punch","Poisoned Stab"],"picked":"SKIP","floor":2.0},{"not_picked":["Flying Knee","AT_KneejerkReflex"],"picked":"Well Laid Plans","floor":4.0},{"not_picked":["Accuracy","Sucker Punch"],"picked":"Caltrops","floor":6.0},{"not_picked":["Escape Plan","Dodge and Roll"],"picked":"Reflex","floor":8.0},{"not_picked":["Outmaneuver","AT_WomanClash"],"picked":"Escape Plan","floor":10.0},{"not_picked":["Noxious Fumes","Setup","Cloak And Dagger"],"picked":"SKIP","floor":14.0},{"not_picked":["Flying Knee","Setup"],"picked":"Acrobatics","floor":15.0},{"not_picked":["A Thousand Cuts","REME_LeechingPoison"],"picked":"Malaise","floor":16.0},{"not_picked":["Cloak And Dagger","Quick Slash","PiercingWail"],"picked":"SKIP","floor":18.0},{"not_picked":["Dagger Throw","Accuracy","All Out Attack"],"picked":"SKIP","floor":20.0},{"not_picked":["Flying Knee","AT_TinkerSharpsword","PiercingWail+1"],"picked":"SKIP","floor":21.0},{"not_picked":["Reflex","Dagger Spray"],"picked":"Acrobatics+1","floor":22.0},{"not_picked":["Well Laid Plans","Infinite Blades"],"picked":"AT_WindRun","floor":23.0},{"not_picked":["Dagger Throw","Blur","Glass Knife"],"picked":"SKIP","floor":24.0},{"not_picked":["Blur","Crippling Poison","Blade Dance"],"picked":"SKIP","floor":25.0},{"not_picked":["Dagger Spray","Dodge and Roll"],"picked":"Eviscerate+1","floor":28.0},{"not_picked":["Blade Dance","Poisoned Stab","Underhanded Strike"],"picked":"SKIP","floor":29.0},{"not_picked":["Terror","Cloak And Dagger"],"picked":"AT_Desolate","floor":32.0},{"not_picked":["REME_ShadowForm","AT_MyraUnstableElement"],"picked":"Unload","floor":33.0},{"not_picked":["Deflect","Dagger Spray","AT_ShadowStep+1"],"picked":"SKIP","floor":35.0},{"not_picked":["Caltrops","REME_GreenPollution","Bane+1"],"picked":"SKIP","floor":38.0},{"not_picked":["Outmaneuver+1","Deadly Poison","Quick Slash+1"],"picked":"SKIP","floor":39.0},{"not_picked":["Sucker Punch","Acrobatics+1"],"picked":"Storm of Steel","floor":40.0},{"not_picked":["Bane+1","Predator","Dagger Spray+1"],"picked":"SKIP","floor":44.0},{"not_picked":["Riddle With Holes","PiercingWail","Quick Slash"],"picked":"SKIP","floor":46.0},{"not_picked":["Backflip","Leg Sweep+1","Dagger Throw"],"picked":"SKIP","floor":48.0},{"not_picked":["Deadly Poison","Predator+1"],"picked":"Expertise","floor":49.0},{"not_picked":["Predator","Flechettes"],"picked":"Burst","floor":53},{"not_picked":["Cloak And Dagger","Eviscerate+1","Bane+1"],"picked":"SKIP","floor":55}],"player_experience":333770,"relics_obtained":[{"floor":6.0,"key":"StoneCalendar"},{"floor":8.0,"key":"Orichalcum"},{"floor":9.0,"key":"AT_SilverBalance"},{"floor":10.0,"key":"Dream Catcher"},{"floor":23.0,"key":"PreservedInsect"},{"floor":25.0,"key":"Darkstone Periapt"},{"floor":26.0,"key":"Bottled Lightning"},{"floor":29.0,"key":"AT_BladeRuinedKing"},{"floor":30.0,"key":"Gremlin Horn"},{"floor":40.0,"key":"Boot"},{"floor":44.0,"key":"Juzu Bracelet"},{"floor":48.0,"key":"REME_LimitBreaker"},{"floor":55,"key":"Pen Nib"}],"event_choices":[{"damage_healed":0.0,"max_hp_gain":0.0,"max_hp_loss":0.0,"gold_gain":0.0,"event_name":"Lab","player_choice":"Got Potions","floor":5.0,"gold_loss":0.0,"damage_taken":0.0},{"damage_healed":0.0,"max_hp_gain":0.0,"max_hp_loss":0.0,"gold_gain":75.0,"event_name":"betterThird:BetterGoop","player_choice":"Gold","floor":13.0,"gold_loss":0.0,"damage_taken":11.0},{"cards_removed":["Strike_G"],"damage_healed":0.0,"max_hp_gain":0.0,"max_hp_loss":0.0,"gold_gain":0.0,"event_name":"Designer","player_choice":"Upgrade and Remove","floor":19.0,"gold_loss":110.0,"damage_taken":0.0,"cards_upgraded":["Defend_G"]},{"damage_healed":0.0,"max_hp_gain":0.0,"max_hp_loss":0.0,"gold_gain":0.0,"event_name":"Duplicator","player_choice":"Copied","floor":27.0,"gold_loss":0.0,"damage_taken":0.0,"cards_obtained":["Escape Plan"]},{"damage_healed":0.0,"max_hp_gain":0.0,"max_hp_loss":0.0,"gold_gain":0.0,"event_name":"FaceTrader","player_choice":"Leave","floor":31.0,"gold_loss":0.0,"damage_taken":0.0},{"damage_healed":0.0,"max_hp_gain":0.0,"max_hp_loss":0.0,"gold_gain":0.0,"event_name":"SensoryStone","player_choice":"Memory 1","floor":36.0,"gold_loss":0.0,"damage_taken":0.0},{"damage_healed":0.0,"max_hp_gain":0.0,"max_hp_loss":0.0,"gold_gain":0.0,"event_name":"WeMeetAgain","player_choice":"Paid Gold","floor":37.0,"gold_loss":102.0,"damage_taken":0.0,"relics_obtained":["CeramicFish"]}],"is_beta":false,"boss_relics":[{"not_picked":["Ectoplasm","AT_MortalBlade"],"picked":"Sozu"},{"not_picked":["Runic Dome","Black Star"],"picked":"Astrolabe"}],"items_purged_floors":[3,41,47],"is_endless":false,"potions_floor_spawned":[6,8,16,21,22,23,28,29,38,39,44,55],"ascension_level":20}}