{"host":"2l5k2wp87eek7qja","time":1613775731,"event":{"mods":["BaseMod","Colored Map","Minty Spire (QoL Compilation)","Relic Stats"],"gold_per_floor":[119,119,119,44,44,44,77,93,93,93,93],"floor_reached":10,"language":"ENG","playtime":117,"items_purged":["Strike_G"],"score":178,"play_id":"4d5b0e4d-0f59-4c69-a6cf-6f2adc2c0b78","local_time":"20210220010211","is_ascension_mode":true,"campfire_choices":[{"data":"Neutralize","floor":6,"key":"SMITH"}],"circlet_count":0,"master_deck":["AscendersBane","Strike_G","Strike_G","Strike_G","Strike_G","Defend_G","Defend_G","Defend_G","Defend_G","Defend_G","Survivor","Neutralize+1","Backstab","Sucker Punch"],"relics":["Ring of the Snake","NeowsBlessing","Golden Idol","Snake Skull","Kunai"],"acts_visited":["Exordium"],"potions_floor_usage":[10],"damage_taken":[{"damage":0,"enemies":"Jaw Worm","floor":1,"turns":1},{"damage":0,"enemies":"Gremlin Nob","floor":7,"turns":1},{"damage":0,"enemies":"2 Louse","floor":8,"turns":1},{"damage":38,"enemies":"Lagavulin","floor":10,"turns":10}],"seed_played":"7022887414521928056","potions_obtained":[{"floor":1,"key":"Block Potion"}],"is_trial":false,"path_per_floor":["M","?","?","$","?","R","E","M","T","E"],"character_chosen":"THE_SILENT","items_purchased":[],"campfire_rested":0,"item_purchase_floors":[],"current_hp_per_floor":[59,64,64,64,64,64,64,64,64,26,26],"gold":93,"neow_bonus":"THREE_ENEMY_KILL","is_daily":false,"chose_seed":false,"campfire_upgraded":1,"win_rate":0.0,"timestamp":1613775731,"path_taken":["M","?","?","$","?","R","E","M","T","E"],"items_purchased_type":[],"build_version":"2020-12-22","purchased_purges":1,"victory":false,"max_hp_per_floor":[66,71,71,71,64,64,64,64,64,64,64],"relic_stats":{"counters":[4,13],"Golden Idol":10,"Snake Skull":[0],"Kunai":[5],"obtain_stats":[{"NeowsBlessing":0,"Golden Idol":5,"Snake Skull":7,"Kunai":9,"Ring of the Snake":0},{"NeowsBlessing":0,"Golden Idol":1,"Snake Skull":2,"Kunai":3,"Ring of the Snake":0},{"NeowsBlessing":0,"Golden Idol":1,"Snake Skull":2,"Kunai":3,"Ring of the Snake":0}],"Ring of the Snake":[8]},"card_choices":[{"not_picked":["Acrobatics","Poisoned Stab"],"picked":"Backstab","floor":1},{"not_picked":["Underhanded Strike","Bane","PiercingWail"],"picked":"SKIP","floor":7},{"not_picked":["PiercingWail","Outmaneuver"],"picked":"Sucker Punch","floor":8}],"player_experience":821216,"relics_obtained":[{"floor":7,"key":"Snake Skull"},{"floor":9,"key":"Kunai"}],"event_choices":[{"damage_healed":0,"gold_gain":0,"player_choice":"Donut","damage_taken":0,"max_hp_gain":5,"max_hp_loss":0,"event_name":"Big Fish","floor":2,"gold_loss":0},{"damage_healed":0,"gold_gain":0,"player_choice":"Leave","damage_taken":0,"max_hp_gain":0,"max_hp_loss":0,"event_name":"The Cleric","floor":3,"gold_loss":0},{"damage_healed":0,"gold_gain":0,"player_choice":"Lose Max HP","damage_taken":0,"relics_obtained":["Golden Idol"],"max_hp_gain":0,"max_hp_loss":7,"event_name":"Golden Idol","floor":5,"gold_loss":0}],"is_beta":false,"boss_relics":[],"items_purged_floors":[4],"is_endless":false,"potions_floor_spawned":[1],"killed_by":"Lagavulin","ascension_level":20}}