{"host":"i09pxcjttd31eh4q","time":1613699677,"event":{"mods":["AchievementEnabler","BaseMod","Colored Map","Keyboard Shortcuts","Minty Spire (QoL Compilation)","StSLib","SuperFastMode"],"gold_per_floor":[116,116,116,137,137,170,170,214,237,250,274,274,274,83,83,83,83],"floor_reached":16,"language":"KOR","playtime":224,"items_purged":["Defend_P"],"score":266,"play_id":"ff23333d-0e57-40bb-835b-d3db14d492a3","local_time":"20210219105437","is_ascension_mode":true,"campfire_choices":[{"data":"Eruption","floor":7.0,"key":"SMITH"},{"data":"Adaptation","floor":12,"key":"SMITH"},{"floor":15,"key":"RECALL"}],"circlet_count":0,"master_deck":["AscendersBane","Strike_P","Strike_P","Strike_P","Defend_P","Defend_P","Defend_P+1","Eruption+1","Vigilance","EmptyFist","Adaptation+1","FollowUp+1"],"relics":["PureWater","NeowsBlessing","Golden Idol","Omamori","The Courier","Blood Vial"],"acts_visited":["Exordium"],"potions_floor_usage":[],"damage_taken":[{"damage":0.0,"enemies":"Small Slimes","floor":1.0,"turns":1.0},{"damage":0.0,"enemies":"2 Louse","floor":4.0,"turns":2.0},{"damage":0.0,"enemies":"Lagavulin","floor":6.0,"turns":2.0},{"damage":22.0,"enemies":"3 Sentries","floor":8.0,"turns":7.0},{"damage":2.0,"enemies":"Jaw Worm","floor":10.0,"turns":2.0},{"damage":8.0,"enemies":"Exordium Wildlife","floor":11.0,"turns":4.0},{"damage":5,"enemies":"The Guardian","floor":16,"turns":7}],"seed_played":"7692462014046860210","potions_obtained":[{"floor":1.0,"key":"AttackPotion"},{"floor":8.0,"key":"BottledMiracle"}],"is_trial":false,"path_per_floor":["M","?","?","M","?","E","R","E","T","M","M","R","?","$","R","B"],"character_chosen":"WATCHER","items_purchased":["Blood Vial"],"campfire_rested":0,"item_purchase_floors":[14],"current_hp_per_floor":[61,66,66,66,59,59,59,37,37,35,27,27,7,7,7,4,4],"gold":83,"neow_bonus":"THREE_ENEMY_KILL","is_daily":false,"chose_seed":false,"campfire_upgraded":2,"win_rate":0.0,"timestamp":1613699677,"path_taken":["M","?","?","M","?","E","R","E","T","M","M","R","?","?","R","BOSS"],"items_purchased_type":["Relic"],"build_version":"2020-12-22","purchased_purges":1,"victory":false,"max_hp_per_floor":[68,73,66,66,66,66,66,66,66,66,66,66,66,66,66,66,66],"card_choices":[{"not_picked":["LikeWater","JustLucky","Crescendo"],"picked":"SKIP","floor":1.0},{"not_picked":["ClearTheMind","Prostrate"],"picked":"EmptyFist","floor":4.0},{"not_picked":["Evaluate","Consecrate"],"picked":"Adaptation","floor":6.0},{"not_picked":["Fasting2","Evaluate","Establishment"],"picked":"SKIP","floor":8.0},{"not_picked":["EmptyFist","Prostrate","CutThroughFate"],"picked":"SKIP","floor":10.0},{"not_picked":["EmptyFist","Study"],"picked":"FollowUp","floor":11}],"player_experience":926753,"relics_obtained":[{"floor":6.0,"key":"Omamori"},{"floor":8.0,"key":"The Courier"}],"event_choices":[{"damage_healed":0.0,"max_hp_gain":5.0,"max_hp_loss":0.0,"gold_gain":0.0,"event_name":"Big Fish","player_choice":"Donut","floor":2.0,"gold_loss":0.0,"damage_taken":0.0},{"damage_healed":0.0,"max_hp_gain":0.0,"max_hp_loss":7.0,"gold_gain":0.0,"event_name":"Golden Idol","player_choice":"Lose Max HP","floor":3.0,"gold_loss":0.0,"damage_taken":0.0,"relics_obtained":["Golden Idol"]},{"cards_removed":["Strike_P"],"damage_healed":0.0,"max_hp_gain":0.0,"max_hp_loss":0.0,"gold_gain":0.0,"event_name":"Golden Wing","player_choice":"Card Removal","floor":5.0,"gold_loss":0.0,"damage_taken":7.0},{"damage_healed":0,"gold_gain":0,"player_choice":"Entered Light","damage_taken":20,"max_hp_gain":0,"max_hp_loss":0,"event_name":"Shining Light","floor":13,"gold_loss":0,"cards_upgraded":["FollowUp","Defend_P"]}],"is_beta":false,"boss_relics":[],"items_purged_floors":[14],"is_endless":false,"potions_floor_spawned":[1,8],"killed_by":"The Guardian","ascension_level":20}}