{"host":"vhifjdba66khcqwn","time":1613761287,"event":{"mods":["AchievementEnabler","BaseMod","Bestiary","Minty Spire (QoL Compilation)","Practice Mode","Relic Stats","Spicy Shops","StSLib","slay the spire mod where everything is the same but ironclad has a cowboy hat"],"gold_per_floor":[114,264,142,156,175,194,194,220,46,46,71,71,84,102,135,135,146,146,146,146,146],"floor_reached":20,"language":"ENG","playtime":682,"items_purged":[],"score":261,"play_id":"a5f8753f-916d-4c44-a1ba-c4ab4f630576","local_time":"20210219110127","is_ascension_mode":true,"campfire_choices":[{"data":"Searing Blow","floor":7,"key":"SMITH"},{"data":"Armaments","floor":10,"key":"SMITH"},{"floor":16,"key":"REST"},{"data":"Searing Blow+1","floor":19,"key":"SMITH"}],"circlet_count":0,"master_deck":["AscendersBane","Strike_R","Strike_R","Strike_R","Strike_R","Strike_R","Defend_R","Defend_R","Defend_R","Defend_R","Bash","Searing Blow+2","Doubt","Wild Strike","Seeing Red","Cleave","Armaments+1","Whirlwind","Spot Weakness","Shockwave","Intimidate","Shrug It Off"],"relics":["Burning Blood","NeowsBlessing","Smiling Mask","Potion Belt","Brimstone","Centennial Puzzle","Question Card","Unceasing Top"],"acts_visited":["Exordium"],"potions_floor_usage":[8,8,20,20],"damage_taken":[{"damage":0,"enemies":"Small Slimes","floor":1,"turns":1},{"damage":0,"enemies":"Cultist","floor":4,"turns":1},{"damage":0,"enemies":"2 Louse","floor":5,"turns":1},{"damage":7,"enemies":"2 Fungi Beasts","floor":6,"turns":3},{"damage":35,"enemies":"3 Sentries","floor":8,"turns":11},{"damage":7,"enemies":"Looter","floor":13,"turns":2},{"damage":14,"enemies":"Lots of Slimes","floor":14,"turns":2},{"damage":10,"enemies":"Gremlin Nob","floor":15,"turns":3},{"damage":0,"enemies":"Exordium Wildlife","floor":17,"turns":2},{"damage":62,"enemies":"Hexaghost","floor":20,"turns":7}],"seed_played":"-2722608410385785222","potions_obtained":[{"floor":5,"key":"EssenceOfSteel"},{"floor":6,"key":"DuplicationPotion"},{"floor":8,"key":"GamblersBrew"},{"floor":14,"key":"PowerPotion"}],"is_trial":false,"path_per_floor":["M","?","?","M","M","M","R","E","$","R","T","T","M","M","E","R","M","$","R","B"],"character_chosen":"IRONCLAD","items_purchased":["Brimstone","Whirlwind"],"campfire_rested":1,"item_purchase_floors":[9,9],"current_hp_per_floor":[74,74,74,75,75,74,74,45,45,45,45,45,44,36,32,54,60,60,60,0,0],"gold":146,"neow_bonus":"THREE_ENEMY_KILL","is_daily":false,"chose_seed":false,"campfire_upgraded":3,"win_rate":0.0,"timestamp":1613761287,"path_taken":["M","?","?","?","M","M","R","E","$","R","T","T","M","M","E","R","M","?","R","BOSS"],"items_purchased_type":["Relic","Card"],"build_version":"2020-12-22","purchased_purges":0,"victory":false,"max_hp_per_floor":[75,75,75,75,75,75,75,75,75,75,75,75,75,75,75,75,75,75,75,75,75],"relic_stats":{"Centennial Puzzle":[12],"counters":[10,33],"Smiling Mask":0,"Question Card":4,"obtain_stats":[{"Potion Belt":8,"Centennial Puzzle":11,"NeowsBlessing":0,"Brimstone":9,"Smiling Mask":3,"Question Card":12,"Burning Blood":0,"Unceasing Top":15},{"Potion Belt":5,"Centennial Puzzle":5,"NeowsBlessing":0,"Brimstone":5,"Smiling Mask":1,"Question Card":5,"Burning Blood":0,"Unceasing Top":8},{"Potion Belt":17,"Centennial Puzzle":17,"NeowsBlessing":0,"Brimstone":17,"Smiling Mask":1,"Question Card":17,"Burning Blood":0,"Unceasing Top":24}],"Burning Blood":43,"Unceasing Top":[0]},"card_choices":[{"not_picked":["Perfected Strike","Flame Barrier"],"picked":"Searing Blow","floor":1},{"not_picked":["Clash","Warcry"],"picked":"Wild Strike","floor":4},{"not_picked":["Reckless Charge","Sword Boomerang"],"picked":"Seeing Red","floor":5},{"not_picked":["Havoc","Evolve"],"picked":"Cleave","floor":6},{"not_picked":["Metallicize","Whirlwind"],"picked":"Armaments","floor":8},{"not_picked":["Sentinel","Shrug It Off","Anger"],"picked":"Spot Weakness","floor":13},{"not_picked":["Sentinel","Entrench","Uppercut"],"picked":"Shockwave","floor":14},{"not_picked":["Dark Embrace","Berserk","Carnage"],"picked":"Intimidate","floor":15},{"not_picked":["Thunderclap","Iron Wave","Blood for Blood"],"picked":"Shrug It Off","floor":17}],"player_experience":1220505,"relics_obtained":[{"floor":8,"key":"Potion Belt"},{"floor":11,"key":"Centennial Puzzle"},{"floor":12,"key":"Question Card"},{"floor":15,"key":"Unceasing Top"}],"event_choices":[{"damage_healed":0,"gold_gain":150,"player_choice":"AGREE","damage_taken":0,"max_hp_gain":0,"max_hp_loss":0,"event_name":"Liars Game","floor":2,"gold_loss":0,"cards_obtained":["Doubt"]},{"damage_healed":0,"gold_gain":0,"player_choice":"Paid Gold","damage_taken":0,"relics_obtained":["Smiling Mask"],"max_hp_gain":0,"max_hp_loss":0,"event_name":"WeMeetAgain","floor":3,"gold_loss":122}],"is_beta":false,"boss_relics":[],"items_purged_floors":[],"is_endless":false,"potions_floor_spawned":[5,6,8,14],"killed_by":"Hexaghost","ascension_level":19}}