{"host":"c6u7e77myxvw4d0m","time":1613748760,"event":{"mods":["AchievementEnabler","BaseMod","Bestiary","Colored Map","Colored Powertips","Minty Spire (QoL Compilation)","Rare Cards Sparkle","Relic Stats","everything is the same but u backflip on backflip"],"gold_per_floor":[116,38,49,59,73,73,73,104,104,64,64,78,78,96,96,173,173,189,239,256,275,13,13,13,13],"floor_reached":24,"language":"ENG","playtime":2183,"items_purged":[],"score":396,"play_id":"87df44b8-8b42-4610-b875-d16213c718c3","local_time":"20210219173240","is_ascension_mode":true,"campfire_choices":[{"data":"Skewer","floor":6,"key":"SMITH"},{"floor":11,"key":"REST"},{"data":"Cloak And Dagger","floor":15,"key":"SMITH"},{"floor":23,"key":"REST"}],"circlet_count":0,"master_deck":["AscendersBane","Strike_G","Strike_G","Strike_G","Strike_G","Strike_G","Defend_G","Defend_G","Defend_G","Defend_G","Defend_G","Survivor","Neutralize","Malaise","Calculated Gamble","Skewer+1","Flying Knee","Wraith Form v2","Terror","Cloak And Dagger+1","Phantasmal Killer","Master of Strategy"],"relics":["Ring of the Snake","Shuriken","Ornamental Fan","Runic Pyramid","Membership Card"],"acts_visited":["Exordium","TheCity"],"potions_floor_usage":[10,16,21,21],"damage_taken":[{"damage":3,"enemies":"Jaw Worm","floor":1,"turns":8},{"damage":1,"enemies":"Cultist","floor":3,"turns":4},{"damage":1,"enemies":"Small Slimes","floor":4,"turns":3},{"damage":7,"enemies":"Blue Slaver","floor":5,"turns":5},{"damage":47,"enemies":"Gremlin Nob","floor":8,"turns":5},{"damage":0,"enemies":"Looter","floor":10,"turns":4},{"damage":2,"enemies":"3 Louse","floor":12,"turns":5},{"damage":0,"enemies":"2 Fungi Beasts","floor":14,"turns":4},{"damage":11,"enemies":"The Guardian","floor":16,"turns":13},{"damage":2,"enemies":"Chosen","floor":18,"turns":5},{"damage":2,"enemies":"3 Byrds","floor":20,"turns":7},{"damage":23,"enemies":"3 Cultists","floor":21,"turns":7},{"damage":65,"enemies":"Slavers","floor":24,"turns":6}],"seed_played":"5416603310984540627","potions_obtained":[{"floor":1,"key":"LiquidMemories"},{"floor":8,"key":"Dexterity Potion"},{"floor":14,"key":"Regen Potion"},{"floor":16,"key":"LiquidMemories"},{"floor":18,"key":"AttackPotion"},{"floor":20,"key":"Fruit Juice"}],"is_trial":false,"path_per_floor":["M","$","M","M","M","R","?","E","T","M","R","M","T","M","R","B",null,"M","?","M","M","$","R","E"],"character_chosen":"THE_SILENT","items_purchased":["Skewer","Membership Card","Master of Strategy"],"campfire_rested":2,"item_purchase_floors":[2,22,22],"current_hp_per_floor":[56,56,55,54,47,47,52,5,5,5,24,22,22,22,22,26,55,53,53,51,33,33,54,0,0],"gold":13,"neow_bonus":"THREE_RARE_CARDS","is_daily":false,"chose_seed":false,"campfire_upgraded":2,"win_rate":0.0,"timestamp":1613748760,"path_taken":["M","$","M","M","M","R","?","E","T","M","R","M","?","M","R","BOSS","M","?","M","?","$","R","E"],"items_purchased_type":["Card","Relic","Card"],"build_version":"2020-12-22","purchased_purges":0,"victory":false,"max_hp_per_floor":[60,60,60,60,60,60,65,65,65,65,65,65,65,65,65,65,65,65,65,65,70,70,70,70,70],"relic_stats":{"counters":[13,76],"Shuriken":[12],"Ornamental Fan":[48],"obtain_stats":[{"Shuriken":8,"Ornamental Fan":9,"Membership Card":22,"Ring of the Snake":0,"Runic Pyramid":17},{"Shuriken":5,"Ornamental Fan":5,"Membership Card":12,"Ring of the Snake":0,"Runic Pyramid":9},{"Shuriken":25,"Ornamental Fan":25,"Membership Card":70,"Ring of the Snake":0,"Runic Pyramid":51}],"Ring of the Snake":[26]},"card_choices":[{"not_picked":["Phantasmal Killer","Tools of the Trade"],"picked":"Malaise","floor":0},{"not_picked":["Deflect","Distraction"],"picked":"Calculated Gamble","floor":1},{"not_picked":["Caltrops","Sucker Punch"],"picked":"Flying Knee","floor":3},{"not_picked":["Choke","Deflect","Deadly Poison"],"picked":"SKIP","floor":4},{"not_picked":["Flying Knee","Deflect","Bane"],"picked":"SKIP","floor":5},{"not_picked":["Calculated Gamble","Choke"],"picked":"Wraith Form v2","floor":8},{"not_picked":["Skewer","Masterful Stab","Crippling Poison"],"picked":"SKIP","floor":10},{"not_picked":["Deadly Poison","Noxious Fumes"],"picked":"Terror","floor":12},{"not_picked":["Bouncing Flask","Dagger Spray"],"picked":"Cloak And Dagger","floor":14},{"not_picked":["Storm of Steel","Unload"],"picked":"Phantasmal Killer","floor":16},{"not_picked":["Quick Slash","Crippling Poison","Skewer"],"picked":"SKIP","floor":18},{"not_picked":["Expertise+1","Dodge and Roll","Slice"],"picked":"SKIP","floor":20},{"not_picked":["Endless Agony","Noxious Fumes","Masterful Stab"],"picked":"SKIP","floor":21}],"player_experience":843004,"relics_obtained":[{"floor":8,"key":"Shuriken"},{"floor":9,"key":"Ornamental Fan"}],"event_choices":[{"damage_healed":0,"gold_gain":0,"player_choice":"Donut","damage_taken":0,"max_hp_gain":5,"max_hp_loss":0,"event_name":"Big Fish","floor":7,"gold_loss":0},{"damage_healed":0,"gold_gain":100,"player_choice":"Bet on Murderer","damage_taken":0,"max_hp_gain":0,"max_hp_loss":0,"event_name":"The Joust","floor":19,"gold_loss":50}],"is_beta":false,"boss_relics":[{"not_picked":["Fusion Hammer","Black Star"],"picked":"Runic Pyramid"}],"items_purged_floors":[],"is_endless":false,"potions_floor_spawned":[1,8,14,16,18,20],"killed_by":"Slavers","ascension_level":20}}