{"host":"kh6fvhxn285ncg0o","time":1613701092,"event":{"mods":["Act Like it!","BaseMod","Colored Map","Friendly Minions","Keyboard Shortcuts","Minty Spire (QoL Compilation)","Quick Restart","Relic Stats","StSLib","SuperFastMode","UnlockEverythingMod"],"gold_per_floor":[17,292,312,323,323,323,334,334,403,403,421,98,23,23,23,99,99,133,147,158,32,52,81,81,112,136,136,168,168,183,211,211,290,290,302,302,75,95,120,120,153,153,177,212,228,103,136,136,136,136,136,136,136,20,45,45],"floor_reached":57,"language":"KOR","playtime":1891,"items_purged":["Strike_R","Strike_R","Anger+1"],"score":3397,"play_id":"5dc7baf9-c88d-4db5-9c37-437db62dcb3b","local_time":"20210219111812","is_ascension_mode":true,"campfire_choices":[{"data":"Anger","floor":6.0,"key":"SMITH"},{"data":"Barricade","floor":8.0,"key":"SMITH"},{"data":"Bash","floor":10.0,"key":"SMITH"},{"data":"Evolve","floor":15.0,"key":"SMITH"},{"data":"Feel No Pain","floor":24,"key":"SMITH"},{"floor":29,"key":"REST"},{"data":"Armaments","floor":32,"key":"SMITH"},{"data":"Power Through","floor":40,"key":"SMITH"},{"data":"Second Wind","floor":42,"key":"SMITH"},{"floor":49,"key":"RECALL"},{"data":"Impervious","floor":53,"key":"SMITH"}],"circlet_count":0,"master_deck":["AscendersBane","Strike_R","Defend_R","Defend_R","Defend_R","Defend_R","Bash+1","Barricade+1","Shrug It Off+1","Shrug It Off","Shockwave","Evolve+1","Corruption","Uppercut","Flame Barrier+1","Ghostly Armor+1","Feel No Pain+1","Disarm","Dark Embrace","Armaments+1","Impervious+1","Disarm","Shrug It Off","Power Through+1","Body Slam","Second Wind+1","Ghostly Armor","Burning Pact","Feel No Pain"],"relics":["Burning Blood","Kunai","Toolbox","Shuriken","Snecko Eye","Juzu Bracelet","War Paint","Red Mask","Runic Dome","Torii","Bag of Preparation","CeramicFish","Charon\u0027s Ashes","Smiling Mask","StoneCalendar","Akabeko"],"acts_visited":["Exordium","TheCity","TheBeyond","TheEnding"],"potions_floor_usage":[25,29,41],"damage_taken":[{"damage":7.0,"enemies":"Cultist","floor":1.0,"turns":4.0},{"damage":15.0,"enemies":"Small Slimes","floor":3.0,"turns":4.0},{"damage":3.0,"enemies":"2 Louse","floor":4.0,"turns":4.0},{"damage":8.0,"enemies":"Blue Slaver","floor":7.0,"turns":4.0},{"damage":12.0,"enemies":"Lots of Slimes","floor":11.0,"turns":5.0},{"damage":0.0,"enemies":"Slime Boss","floor":16.0,"turns":4.0},{"damage":14.0,"enemies":"Spheric Guardian","floor":18.0,"turns":4.0},{"damage":8.0,"enemies":"Shell Parasite","floor":19.0,"turns":4.0},{"damage":0.0,"enemies":"Snake Plant","floor":20.0,"turns":4.0},{"damage":0.0,"enemies":"Snecko","floor":22.0,"turns":5.0},{"damage":31.0,"enemies":"Slavers","floor":23.0,"turns":8.0},{"damage":36,"enemies":"Gremlin Leader","floor":25,"turns":10},{"damage":8,"enemies":"Masked Bandits","floor":28,"turns":4},{"damage":0,"enemies":"Centurion and Healer","floor":30,"turns":7},{"damage":0,"enemies":"Book of Stabbing","floor":31,"turns":6},{"damage":0,"enemies":"Collector","floor":33,"turns":11},{"damage":0,"enemies":"3 Darklings","floor":35,"turns":7},{"damage":0,"enemies":"Orb Walker","floor":38,"turns":5},{"damage":0,"enemies":"Mind Bloom Boss Battle","floor":39,"turns":4},{"damage":56,"enemies":"Reptomancer","floor":41,"turns":6},{"damage":0,"enemies":"Giant Head","floor":44,"turns":6},{"damage":0,"enemies":"Jaw Worm Horde","floor":45,"turns":2},{"damage":0,"enemies":"Reptomancer","floor":47,"turns":3},{"damage":0,"enemies":"Donu and Deca","floor":50,"turns":2},{"damage":0,"enemies":"Time Eater","floor":51,"turns":4},{"damage":0,"enemies":"Shield and Spear","floor":55,"turns":6},{"damage":0,"enemies":"The Heart","floor":56,"turns":8}],"seed_played":"4496767498846934096","potions_obtained":[{"floor":4.0,"key":"AttackPotion"},{"floor":11.0,"key":"ColorlessPotion"},{"floor":16.0,"key":"Fruit Juice"},{"floor":23,"key":"SkillPotion"},{"floor":25,"key":"FairyPotion"},{"floor":33,"key":"Block Potion"}],"is_trial":false,"path_per_floor":["M","?","M","M","?","R","M","R","T","R","M","$","?","T","R","B",null,"M","M","M","$","M","E","R","E","T","?","?","R","M","E","R","B",null,"M","?","$","M","?","R","E","R","T","E","M","$","E","T","R","B","B",null,"R","$","E","B",null],"character_chosen":"IRONCLAD","items_purchased":["Toolbox","Evolve","Feel No Pain","Disarm","Shrug It Off","Power Through","Feel No Pain","ElixirPotion"],"campfire_rested":1,"item_purchase_floors":[12,12,21,21,37,37,54,54],"current_hp_per_floor":[67,67,58,61,61,61,59,59,59,59,53,53,53,53,53,59,71,63,61,67,67,73,48,48,18,18,18,16,45,51,57,57,63,76,80,80,80,80,80,80,30,30,30,36,42,42,48,48,48,54,60,75,75,75,80,80],"gold":45,"neow_bonus":"THREE_RARE_CARDS","is_daily":false,"chose_seed":false,"campfire_upgraded":9,"win_rate":0.0,"timestamp":1613701092,"path_taken":["M","?","?","M","?","R","?","R","T","R","M","$","?","?","R","BOSS","M","?","M","$","M","E","R","E","T","?","?","R","M","E","R","BOSS","M","?","?","M","?","R","E","R","T","E","M","$","E","?","R","BOSS","BOSS","R","$","E","BOSS"],"items_purchased_type":["Relic","Card","Card","Card","Card","Card","Card","Potion"],"build_version":"2020-12-22","purchased_purges":3,"victory":true,"max_hp_per_floor":[75,75,75,75,75,75,75,75,75,75,75,75,75,75,75,75,75,75,75,75,75,75,75,75,75,75,75,75,80,80,80,80,80,80,80,80,80,80,80,80,80,80,80,80,80,80,80,80,80,80,80,80,80,80,80,80],"relic_stats":{"Torii":0,"counters":[27,141],"CeramicFish":18,"StoneCalendar":[0],"Charon\u0027s Ashes":[629],"Juzu Bracelet":1,"Bag of Preparation":[14],"War Paint":["Flame Barrier","Shrug It Off"],"Smiling Mask":0,"Burning Blood":141,"Shuriken":[22],"Snecko Eye":[247,293,241,236],"Kunai":[24],"obtain_stats":[{"Torii":39,"CeramicFish":43,"StoneCalendar":48,"Charon\u0027s Ashes":44,"Juzu Bracelet":23,"Bag of Preparation":41,"War Paint":25,"Smiling Mask":47,"Burning Blood":0,"Akabeko":55,"Runic Dome":34,"Shuriken":14,"Toolbox":12,"Snecko Eye":17,"Red Mask":28,"Kunai":9},{"Torii":19,"CeramicFish":20,"StoneCalendar":23,"Charon\u0027s Ashes":21,"Juzu Bracelet":11,"Bag of Preparation":20,"War Paint":12,"Smiling Mask":23,"Burning Blood":0,"Akabeko":26,"Runic Dome":16,"Shuriken":5,"Toolbox":5,"Snecko Eye":6,"Red Mask":13,"Kunai":4},{"Torii":104,"CeramicFish":110,"StoneCalendar":121,"Charon\u0027s Ashes":116,"Juzu Bracelet":50,"Bag of Preparation":110,"War Paint":60,"Smiling Mask":121,"Burning Blood":0,"Akabeko":133,"Runic Dome":88,"Shuriken":21,"Toolbox":21,"Snecko Eye":25,"Red Mask":64,"Kunai":16}]},"card_choices":[{"not_picked":["Limit Break","Exhume"],"picked":"Barricade","floor":0.0},{"not_picked":["Pommel Strike","Feel No Pain"],"picked":"Shrug It Off","floor":1.0},{"not_picked":["Sword Boomerang","Anger"],"picked":"Shrug It Off","floor":3.0},{"not_picked":["Flex","Perfected Strike"],"picked":"Anger","floor":4.0},{"not_picked":["Perfected Strike","Sword Boomerang"],"picked":"Shockwave","floor":7.0},{"not_picked":["Bludgeon","Double Tap"],"picked":"Corruption","floor":16.0},{"not_picked":["Cleave","Searing Blow"],"picked":"Uppercut","floor":18.0},{"not_picked":["Havoc","Perfected Strike"],"picked":"Flame Barrier","floor":19.0},{"not_picked":["Anger","Spot Weakness"],"picked":"Ghostly Armor+1","floor":20.0},{"not_picked":["Twin Strike","Clash","Cleave"],"picked":"SKIP","floor":22.0},{"not_picked":["Clothesline","Iron Wave","Flex"],"picked":"SKIP","floor":23},{"not_picked":["Perfected Strike","Headbutt"],"picked":"Dark Embrace","floor":25},{"not_picked":["Bloodletting","Havoc"],"picked":"Armaments","floor":28},{"not_picked":["Wild Strike","Berserk","Inflame"],"picked":"SKIP","floor":30},{"not_picked":["Flex","Headbutt","Iron Wave+1"],"picked":"SKIP","floor":31},{"not_picked":["Offering","Reaper"],"picked":"Impervious","floor":33},{"not_picked":["Twin Strike+1","Warcry"],"picked":"Disarm","floor":35},{"not_picked":["Dropkick+1","True Grit"],"picked":"Body Slam","floor":38},{"not_picked":["Pommel Strike","Clash"],"picked":"Second Wind","floor":39},{"not_picked":["Cleave+1","Intimidate"],"picked":"Ghostly Armor","floor":41},{"not_picked":["Whirlwind","Heavy Blade"],"picked":"Burning Pact","floor":44},{"not_picked":["Cleave","Bloodletting+1","Metallicize+1"],"picked":"SKIP","floor":45},{"not_picked":["Rupture","Metallicize","Clash"],"picked":"SKIP","floor":47},{"not_picked":["Bloodletting","Limit Break","Whirlwind"],"picked":"SKIP","floor":55}],"player_experience":1456761,"relics_obtained":[{"floor":9.0,"key":"Kunai"},{"floor":14.0,"key":"Shuriken"},{"floor":23,"key":"Juzu Bracelet"},{"floor":25,"key":"War Paint"},{"floor":28,"key":"Red Mask"},{"floor":39,"key":"Torii"},{"floor":41,"key":"Bag of Preparation"},{"floor":43,"key":"CeramicFish"},{"floor":44,"key":"Charon\u0027s Ashes"},{"floor":47,"key":"Smiling Mask"},{"floor":48,"key":"StoneCalendar"},{"floor":55,"key":"Akabeko"}],"event_choices":[{"damage_healed":0.0,"max_hp_gain":0.0,"max_hp_loss":0.0,"gold_gain":275.0,"event_name":"Golden Shrine","player_choice":"Desecrate","floor":2.0,"gold_loss":0.0,"damage_taken":0.0,"cards_obtained":["Regret"]},{"cards_removed":["Regret"],"damage_healed":0.0,"max_hp_gain":0.0,"max_hp_loss":0.0,"gold_gain":0.0,"event_name":"Fountain of Cleansing","player_choice":"Removed Curses","floor":5.0,"gold_loss":0.0,"damage_taken":0.0},{"cards_removed":["Strike_R"],"damage_healed":0.0,"max_hp_gain":0.0,"max_hp_loss":0.0,"gold_gain":0.0,"event_name":"The Cleric","player_choice":"Card Removal","floor":13.0,"gold_loss":75.0,"damage_taken":0.0},{"damage_healed":0,"gold_gain":0,"player_choice":"0 cards matched","damage_taken":0,"max_hp_gain":0,"max_hp_loss":0,"event_name":"Match and Keep!","floor":27,"gold_loss":0,"cards_obtained":[]},{"damage_healed":0,"gold_gain":0,"player_choice":"Fought Bandits","damage_taken":0,"max_hp_gain":0,"max_hp_loss":0,"event_name":"Masked Bandits","floor":28,"gold_loss":0},{"cards_removed":["Strike_R"],"damage_healed":0,"gold_gain":0,"player_choice":"Removed Attack","damage_taken":0,"max_hp_gain":0,"max_hp_loss":0,"event_name":"Falling","floor":36,"gold_loss":0},{"damage_healed":0,"gold_gain":0,"player_choice":"Fight","damage_taken":0,"max_hp_gain":0,"max_hp_loss":0,"event_name":"MindBloom","floor":39,"gold_loss":0}],"is_beta":false,"boss_relics":[{"not_picked":["Black Blood","Ectoplasm"],"picked":"Snecko Eye"},{"not_picked":["Velvet Choker","Runic Pyramid"],"picked":"Runic Dome"}],"items_purged_floors":[12,37,46],"is_endless":false,"potions_floor_spawned":[4,11,16,23,25,33,38,39],"ascension_level":20}}