{"host":"ocllwaoi18j60ltd","time":1613714231,"event":{"mods":["BaseMod","DeckTracker","Minty Spire (QoL Compilation)","Permanent Neow","Quick Restart","StSLib","SuperFastMode"],"gold_per_floor":[117,131,147,158,158,158,168,198,198,198,225,225,245,262,262,333,333,348,348,348],"floor_reached":19,"language":"KOR","playtime":840,"items_purged":[],"score":362,"play_id":"0db8bf5f-29ad-4d59-aaf4-04ac4071d923","local_time":"20210219145711","is_ascension_mode":true,"campfire_choices":[{"data":"Chaos","floor":6,"key":"SMITH"},{"floor":10,"key":"REST"},{"data":"Go for the Eyes","floor":12,"key":"SMITH"},{"data":"Dualcast","floor":15,"key":"SMITH"}],"circlet_count":0,"master_deck":["AscendersBane","Strike_B","Strike_B","Strike_B","Defend_B","Defend_B","Defend_B","Defend_B","Zap","Dualcast+1","Chaos+1","Streamline","Chill","BootSequence","Ball Lightning","Go for the Eyes+1","Undo","Loop","Fission","Leap+1","Stack","Normality"],"relics":["Cracked Core","StrikeDummy","Nunchaku","Bag of Preparation","Meat on the Bone","Black Star"],"acts_visited":["Exordium","TheCity"],"potions_floor_usage":[4,8,18],"damage_taken":[{"damage":0,"enemies":"Cultist","floor":1,"turns":3},{"damage":13,"enemies":"2 Louse","floor":2,"turns":3},{"damage":2,"enemies":"Jaw Worm","floor":3,"turns":4},{"damage":0,"enemies":"Large Slime","floor":4,"turns":6},{"damage":3,"enemies":"Blue Slaver","floor":7,"turns":3},{"damage":16,"enemies":"3 Sentries","floor":8,"turns":5},{"damage":9,"enemies":"Gremlin Nob","floor":11,"turns":3},{"damage":2,"enemies":"2 Fungi Beasts","floor":13,"turns":3},{"damage":0,"enemies":"3 Louse","floor":14,"turns":2},{"damage":4,"enemies":"The Guardian","floor":16,"turns":11},{"damage":24,"enemies":"Chosen","floor":18,"turns":6}],"seed_played":"-1104191388195283494","potions_obtained":[{"floor":1,"key":"SmokeBomb"},{"floor":2,"key":"LiquidMemories"},{"floor":4,"key":"Explosive Potion"},{"floor":8,"key":"Block Potion"},{"floor":11,"key":"PotionOfCapacity"}],"is_trial":false,"path_per_floor":["M","M","M","M","?","R","M","E","T","R","E","R","M","M","R","B",null,"M","?"],"character_chosen":"DEFECT","items_purchased":[],"campfire_rested":1,"item_purchase_floors":[],"current_hp_per_floor":[64,51,49,49,49,49,46,30,30,51,42,42,40,40,40,36,62,38,38,38],"gold":348,"neow_bonus":"REMOVE_CARD","is_daily":false,"chose_seed":false,"campfire_upgraded":3,"win_rate":0.0,"timestamp":1613714231,"path_taken":["M","?","M","M","?","R","?","E","T","R","E","R","M","M","R","BOSS","M","?"],"items_purchased_type":[],"build_version":"2020-12-22","purchased_purges":0,"victory":false,"max_hp_per_floor":[71,71,71,71,71,71,71,71,71,71,71,71,71,71,71,71,71,71,71,71],"card_choices":[{"not_picked":["Storm","Cold Snap"],"picked":"Chaos","floor":1},{"not_picked":["Hello World","Lockon"],"picked":"Streamline","floor":2},{"not_picked":["Tempest","Compile Driver"],"picked":"Chill","floor":3},{"not_picked":["Compile Driver","Lockon"],"picked":"BootSequence","floor":4},{"not_picked":["Compile Driver","Redo"],"picked":"Ball Lightning","floor":7},{"not_picked":["Thunder Strike","Blizzard"],"picked":"Go for the Eyes","floor":8},{"not_picked":["Conserve Battery","Fusion"],"picked":"Undo","floor":11},{"not_picked":["Leap","Steam Power"],"picked":"Loop","floor":13},{"not_picked":["Turbo","Compile Driver","Hologram"],"picked":"SKIP","floor":14},{"not_picked":["Hyperbeam","Machine Learning"],"picked":"Fission","floor":16},{"not_picked":["Cold Snap","Sweeping Beam"],"picked":"Leap+1","floor":18}],"player_experience":854553,"relics_obtained":[{"floor":8,"key":"Nunchaku"},{"floor":9,"key":"Bag of Preparation"},{"floor":11,"key":"Meat on the Bone"}],"event_choices":[{"damage_healed":0,"gold_gain":0,"player_choice":"Gave Potion","damage_taken":0,"relics_obtained":["StrikeDummy"],"max_hp_gain":0,"max_hp_loss":0,"event_name":"WeMeetAgain","floor":5,"gold_loss":0}],"is_beta":false,"boss_relics":[{"not_picked":["Sozu","Philosopher\u0027s Stone"],"picked":"Black Star"}],"items_purged_floors":[],"is_endless":false,"potions_floor_spawned":[1,2,4,8,11,16],"ascension_level":20}}