{"host":"qhn6g0owdgjb77rz","time":1613723236,"event":{"mods":["BaseMod","BetterRewards","Colored Map","Downfall","Minty Spire (QoL Compilation)","Relic Sorter","Reliquary","Spire Arcade","StSLib"],"gold_per_floor":[119,132,207,207,226,226,255,255,255,255,274,302,133,133,133,210,210,222,240,257,267,287,287,316,316,386,386,29,47,71,97,97,172,172,182,201,201,214,214,230,230,230],"floor_reached":41,"language":"ENG","playtime":1982,"items_purged":["Defend_B"],"score":1269,"play_id":"2354b576-455a-463e-b2b6-b73a573cf105","local_time":"20210219172716","is_ascension_mode":true,"campfire_choices":[{"data":"Apotheosis","floor":6.0,"key":"SMITH"},{"data":"Genetic Algorithm","floor":8.0,"key":"SMITH"},{"data":"Impatience","floor":10.0,"key":"SMITH"},{"data":"Beam Cell","floor":15.0,"key":"SMITH"},{"data":"Reboot","floor":23,"key":"SMITH"},{"data":"Fission","floor":25,"key":"SMITH"},{"data":"Reprogram","floor":32,"key":"SMITH"}],"circlet_count":0,"master_deck":["AscendersBane","Defend_B","Defend_B","Defend_B","Apotheosis+1","Impatience+1","Beam Cell+1","Ball Lightning","Genetic Algorithm+1","Coolheaded","Sweeping Beam","Skim","Fission+1","Conserve Battery+1","Reboot+1","Slimebound:Tackle+1","Slimebound:Tackle+1","Slimebound:Tackle+1","Reprogram+1","Hyperbeam","Conserve Battery","Leap+1"],"relics":["Cracked Core","Nunchaku","ClockworkSouvenir","FossilizedHelix","reliquary:Sideboard","reliquary:Vitrine","Omamori","reliquary:BoilingFlask","sneckomod:BlankCard","bronze:BronzeIdol","reliquary:ThirdArm","Juzu Bracelet","reliquary:NewFriend","Pantograph","Happy Flower","StoneCalendar","Empty Cage","StrikeDummy"],"acts_visited":["Exordium","TheCity","TheBeyond"],"potions_floor_usage":[],"damage_taken":[{"damage":0.0,"enemies":"Cultist","floor":1.0,"turns":3.0},{"damage":0.0,"enemies":"2 Louse","floor":2.0,"turns":2.0},{"damage":0.0,"enemies":"Small Slimes","floor":5.0,"turns":2.0},{"damage":19.0,"enemies":"Gremlin Nob","floor":7.0,"turns":4.0},{"damage":0.0,"enemies":"Looter","floor":11.0,"turns":2.0},{"damage":16.0,"enemies":"3 Sentries","floor":12.0,"turns":6.0},{"damage":0.0,"enemies":"Slime Boss","floor":16.0,"turns":5.0},{"damage":19.0,"enemies":"3 Byrds","floor":18.0,"turns":4.0},{"damage":11.0,"enemies":"2 Thieves","floor":19.0,"turns":4.0},{"damage":0.0,"enemies":"Cultist and Chosen","floor":20.0,"turns":5.0},{"damage":0.0,"enemies":"Chosen and Byrds","floor":21.0,"turns":4.0},{"damage":0,"enemies":"3 Cultists","floor":22,"turns":4},{"damage":0,"enemies":"Book of Stabbing","floor":24,"turns":4},{"damage":0,"enemies":"Snake Plant","floor":29,"turns":1},{"damage":18,"enemies":"Gremlin Leader","floor":31,"turns":5},{"damage":16,"enemies":"Champ","floor":33,"turns":7},{"damage":13,"enemies":"3 Darklings","floor":35,"turns":3},{"damage":0,"enemies":"3 Shapes","floor":36,"turns":5},{"damage":17,"enemies":"Jaw Worm Horde","floor":38,"turns":2},{"damage":0,"enemies":"4 Shapes","floor":40,"turns":3},{"damage":53,"enemies":"Nemesis","floor":41,"turns":6}],"seed_played":"-9172937797765201893","potions_obtained":[{"floor":11.0,"key":"DuplicationPotion"},{"floor":22,"key":"Strength Potion"},{"floor":33,"key":"PowerPotion"}],"is_trial":false,"path_per_floor":["M","M","?","?","M","R","E","R","T","R","M","E","$","?","R","B",null,"M","M","M","M","M","R","E","R","T","?","$","M","T","E","R","B",null,"M","M","?","M","?","M","E"],"character_chosen":"DEFECT","items_purchased":["Apotheosis","Nunchaku","ClockworkSouvenir","Impatience","Beam Cell","reliquary:Sideboard","FocusPotion","AttackPotion","bronze:BronzeIdol","Pantograph"],"campfire_rested":0,"item_purchase_floors":[0,0,0,0,0,0,0,0,13,28],"current_hp_per_floor":[64,64,53,48,48,48,29,29,29,29,29,13,13,13,13,13,57,38,27,27,27,27,27,27,27,27,27,27,27,27,9,9,18,58,45,45,45,28,28,28,0,0],"gold":230,"neow_bonus":"","is_daily":false,"chose_seed":false,"campfire_upgraded":7,"win_rate":0.0,"timestamp":1613723236,"path_taken":["M","M","?","?","M","R","E","R","T","R","M","E","$","?","R","BOSS","M","?","M","?","M","R","E","R","T","?","$","M","?","E","R","BOSS","M","M","?","M","?","M","E"],"items_purchased_type":["Card","Relic","Relic","Card","Card","Relic","Potion","Potion","Relic","Relic"],"build_version":"2020-12-22","purchased_purges":1,"victory":false,"max_hp_per_floor":[71,71,71,71,71,71,71,71,71,71,71,71,71,71,71,71,71,71,71,71,71,71,71,71,71,71,71,71,71,71,71,71,71,71,71,71,71,71,71,71,71,71],"card_choices":[{"not_picked":["Loop","Coolheaded"],"picked":"Consume","floor":1.0},{"not_picked":["Conserve Battery","Barrage"],"picked":"Ball Lightning","floor":2.0},{"not_picked":["Tempest","Blizzard"],"picked":"Genetic Algorithm","floor":5.0},{"not_picked":["Go for the Eyes","Beam Cell"],"picked":"Coolheaded","floor":7.0},{"not_picked":["Ball Lightning","Rip and Tear"],"picked":"Skim","floor":11.0},{"not_picked":["Streamline","Meteor Strike"],"picked":"Sweeping Beam","floor":12.0},{"not_picked":["Biased Cognition","Amplify"],"picked":"Fission","floor":16.0},{"not_picked":["Aggregate","Streamline","Blizzard"],"picked":"SKIP","floor":18.0},{"not_picked":["FTL","Steam+1"],"picked":"Conserve Battery+1","floor":19.0},{"not_picked":["Chaos","Coolheaded","Barrage"],"picked":"SKIP","floor":20.0},{"not_picked":["Conserve Battery","Lockon","Heatsinks"],"picked":"SKIP","floor":21.0},{"not_picked":["Go for the Eyes","Skim"],"picked":"Reboot","floor":22},{"not_picked":["Stack","Static Discharge","Turbo"],"picked":"SKIP","floor":24},{"not_picked":["Redo","Blizzard"],"picked":"Reprogram","floor":29},{"not_picked":["Ball Lightning","Storm","Recycle"],"picked":"SKIP","floor":31},{"not_picked":["Meteor Strike","Electrodynamics"],"picked":"Hyperbeam","floor":33},{"not_picked":["Doom and Gloom","White Noise"],"picked":"Conserve Battery","floor":35},{"not_picked":["Ball Lightning","Coolheaded"],"picked":"Leap+1","floor":36},{"not_picked":["Blizzard+1","Steam","Cold Snap"],"picked":"SKIP","floor":38},{"not_picked":["Streamline","Barrage","Force Field"],"picked":"SKIP","floor":40}],"player_experience":698501,"relics_obtained":[{"floor":7.0,"key":"Omamori"},{"floor":9.0,"key":"reliquary:BoilingFlask"},{"floor":12.0,"key":"sneckomod:BlankCard"},{"floor":24,"key":"Juzu Bracelet"},{"floor":26,"key":"reliquary:NewFriend"},{"floor":30,"key":"Happy Flower"},{"floor":31,"key":"StoneCalendar"},{"floor":39,"key":"StrikeDummy"}],"event_choices":[{"damage_healed":0.0,"max_hp_gain":0.0,"max_hp_loss":0.0,"gold_gain":75.0,"event_name":"World of Goop","player_choice":"Gather Gold","floor":3.0,"gold_loss":0.0,"damage_taken":11.0},{"damage_healed":0.0,"max_hp_gain":0.0,"max_hp_loss":0.0,"gold_gain":0.0,"event_name":"Scrap Ooze","player_choice":"Success","floor":4.0,"gold_loss":0.0,"damage_taken":5.0,"relics_obtained":["reliquary:Vitrine"]},{"damage_healed":0.0,"max_hp_gain":0.0,"max_hp_loss":0.0,"gold_gain":0.0,"event_name":"Match and Keep!","player_choice":"0 cards matched","floor":14.0,"gold_loss":0.0,"damage_taken":0.0,"cards_obtained":[]},{"damage_healed":0,"gold_gain":0,"player_choice":"Ignored","damage_taken":0,"max_hp_gain":0,"max_hp_loss":0,"event_name":"Tomb of Lord Red Mask","floor":37,"gold_loss":0},{"damage_healed":0,"gold_gain":0,"player_choice":"Relic","damage_taken":0,"max_hp_gain":0,"max_hp_loss":0,"event_name":"Wheel of Change","floor":39,"gold_loss":0}],"is_beta":false,"boss_relics":[{"not_picked":["Sozu","Velvet Choker"],"picked":"reliquary:ThirdArm"},{"not_picked":["sneckomod:SneckoTalon","Snecko Eye"],"picked":"Empty Cage"}],"items_purged_floors":[28],"is_endless":false,"potions_floor_spawned":[1,2,11,22,24,33,36],"killed_by":"Nemesis","ascension_level":18}}