{"host":"swphzoo6hmc78epl","time":1613697373,"event":{"mods":["BaseMod","Highlight Path","Minty Spire (QoL Compilation)","Quick Restart"],"gold_per_floor":[115,130,143,158,169,169,202,217,241,241,252,267,267,292,292,292,292],"floor_reached":16,"language":"ENG","playtime":565,"items_purged":[],"score":124,"play_id":"714160d3-d1a0-4025-8e15-b42b9e440e7f","local_time":"20210218201613","is_ascension_mode":true,"campfire_choices":[{"data":"Sweeping Beam","floor":6,"key":"SMITH"},{"data":"Barrage","floor":10,"key":"SMITH"},{"data":"Go for the Eyes","floor":15,"key":"SMITH"}],"circlet_count":0,"master_deck":["Strike_B","Strike_B","Strike_B","Strike_B","Defend_B","Defend_B","Defend_B","Defend_B","Zap","Dualcast","Go for the Eyes+1","Cold Snap","Sweeping Beam+1","Barrage+1","Gash","Gash","FTL","Injury"],"relics":["Cracked Core","NeowsBlessing","Shuriken","Lantern","Golden Idol"],"acts_visited":["Exordium"],"potions_floor_usage":[7,14,16],"damage_taken":[{"damage":0,"enemies":"Small Slimes","floor":1,"turns":1},{"damage":0,"enemies":"2 Louse","floor":2,"turns":1},{"damage":0,"enemies":"Cultist","floor":3,"turns":1},{"damage":7,"enemies":"Looter","floor":4,"turns":4},{"damage":7,"enemies":"Exordium Wildlife","floor":5,"turns":2},{"damage":29,"enemies":"3 Sentries","floor":7,"turns":5},{"damage":2,"enemies":"Lots of Slimes","floor":8,"turns":2},{"damage":0,"enemies":"3 Louse","floor":11,"turns":2},{"damage":2,"enemies":"Blue Slaver","floor":12,"turns":2},{"damage":6,"enemies":"Looter","floor":14,"turns":2},{"damage":22,"enemies":"The Guardian","floor":16,"turns":7}],"seed_played":"-6263334962698036642","potions_obtained":[{"floor":1,"key":"PowerPotion"},{"floor":7,"key":"Weak Potion"},{"floor":14,"key":"AttackPotion"}],"is_trial":false,"path_per_floor":["M","M","M","M","M","R","E","M","T","R","M","M","?","M","R","B"],"character_chosen":"DEFECT","items_purchased":[],"campfire_rested":0,"item_purchase_floors":[],"current_hp_per_floor":[75,75,75,68,61,61,32,30,30,30,30,28,28,22,22,0,0],"gold":292,"neow_bonus":"THREE_ENEMY_KILL","is_daily":false,"chose_seed":false,"campfire_upgraded":3,"win_rate":0.0,"timestamp":1613697373,"path_taken":["M","M","M","M","M","R","E","M","T","R","M","M","?","M","R","BOSS"],"items_purchased_type":[],"build_version":"2020-12-22","purchased_purges":0,"victory":false,"max_hp_per_floor":[75,75,75,75,75,75,75,75,75,75,75,75,75,75,75,75,75],"card_choices":[{"not_picked":["Blizzard","Coolheaded","Hologram"],"picked":"SKIP","floor":1},{"not_picked":["Conserve Battery","Gash"],"picked":"Go for the Eyes","floor":2},{"not_picked":["Recycle","Defragment"],"picked":"Cold Snap","floor":3},{"not_picked":["Cold Snap","Conserve Battery"],"picked":"Sweeping Beam","floor":4},{"not_picked":["BootSequence","Loop"],"picked":"Barrage","floor":5},{"not_picked":["Conserve Battery","Rainbow"],"picked":"Gash","floor":7},{"not_picked":["Genetic Algorithm","Skim","Conserve Battery"],"picked":"SKIP","floor":8},{"not_picked":["Sunder","Sweeping Beam"],"picked":"Gash","floor":11},{"not_picked":["Hologram","Glacier"],"picked":"FTL","floor":12},{"not_picked":["Undo","Barrage","Cold Snap"],"picked":"SKIP","floor":14}],"player_experience":882088,"relics_obtained":[{"floor":7,"key":"Shuriken"},{"floor":9,"key":"Lantern"}],"event_choices":[{"damage_healed":0,"gold_gain":0,"player_choice":"Take Wound","damage_taken":0,"relics_obtained":["Golden Idol"],"max_hp_gain":0,"max_hp_loss":0,"event_name":"Golden Idol","floor":13,"gold_loss":0,"cards_obtained":["Injury"]}],"is_beta":false,"boss_relics":[],"items_purged_floors":[],"is_endless":false,"potions_floor_spawned":[1,7,14],"killed_by":"The Guardian","ascension_level":3}}