{"host":"da4a6z8aof69aasy","time":1613769424,"event":{"mods":["AchievementEnabler","BaseMod","Block Reminder","Colored Powertips","DeckTracker","Highlight Path","Minty Spire (QoL Compilation)","Permanent Neow","Relic Stats","StSLib"],"gold_per_floor":[117,128,141,151,151,151,215,215,240,274,176,203,203,223,223,299,299,312,55,70,90,100,112,147,147,229,229,263,623,638,638,638,714,714,729,378,397,448,464,493,505,539,539,558,568,584,618,262,262,262,262,262,15,42,42,42],"floor_reached":55,"language":"ENG","playtime":12094,"items_purged":["Strike_R","Strike_R","Strike_R"],"score":1451,"play_id":"260cf065-f261-45b5-be5d-eff9ef3bc759","local_time":"20210219231704","is_ascension_mode":true,"campfire_choices":[{"data":"Carnage","floor":6.0,"key":"SMITH"},{"data":"Bash","floor":8.0,"key":"SMITH"},{"data":"Disarm","floor":13.0,"key":"SMITH"},{"data":"Sever Soul","floor":15.0,"key":"SMITH"},{"data":"1","floor":25.0,"key":"LIFT"},{"data":"2","floor":27.0,"key":"LIFT"},{"data":"3","floor":32.0,"key":"LIFT"},{"floor":49.0,"key":"RECALL"},{"data":"Shockwave","floor":52.0,"key":"SMITH"}],"circlet_count":0,"master_deck":["AscendersBane","Strike_R","Strike_R","Defend_R","Defend_R","Defend_R","Defend_R","Bash+1","Sever Soul+1","Carnage+1","Disarm+1","Battle Trance","Shrug It Off","Shrug It Off","Sword Boomerang+1","Reaper","Uppercut","Shrug It Off","Uppercut+1","Exhume","Offering","Inflame","Disarm+1","Power Through+1","Second Wind+1","Shrug It Off+1","Dropkick","Burning Pact","Shockwave+1"],"relics":["Burning Blood","Boot","Anchor","Art of War","Ancient Tea Set","Girya","Coffee Dripper","Strawberry","Juzu Bracelet","Runic Pyramid","Ice Cream","StrikeDummy","MealTicket","The Courier","Omamori","PreservedInsect","Happy Flower","Incense Burner","Orichalcum"],"acts_visited":["Exordium","TheCity","TheBeyond","TheEnding"],"potions_floor_usage":[55,55],"damage_taken":[{"damage":1.0,"enemies":"Cultist","floor":1.0,"turns":3.0},{"damage":1.0,"enemies":"2 Louse","floor":2.0,"turns":3.0},{"damage":3.0,"enemies":"Jaw Worm","floor":3.0,"turns":4.0},{"damage":12.0,"enemies":"Looter","floor":4.0,"turns":3.0},{"damage":15.0,"enemies":"3 Sentries","floor":7.0,"turns":7.0},{"damage":13.0,"enemies":"Gremlin Nob","floor":10.0,"turns":3.0},{"damage":12.0,"enemies":"3 Sentries","floor":12.0,"turns":8.0},{"damage":0.0,"enemies":"Blue Slaver","floor":14.0,"turns":1.0},{"damage":24.0,"enemies":"Hexaghost","floor":16.0,"turns":11.0},{"damage":7.0,"enemies":"2 Thieves","floor":18.0,"turns":3.0},{"damage":10.0,"enemies":"3 Byrds","floor":20.0,"turns":4.0},{"damage":15.0,"enemies":"Centurion and Healer","floor":21.0,"turns":6.0},{"damage":12.0,"enemies":"Snake Plant","floor":22.0,"turns":5.0},{"damage":8.0,"enemies":"Chosen and Byrds","floor":23.0,"turns":6.0},{"damage":46.0,"enemies":"Gremlin Leader","floor":24.0,"turns":7.0},{"damage":9.0,"enemies":"Book of Stabbing","floor":28.0,"turns":7.0},{"damage":19.0,"enemies":"3 Cultists","floor":30.0,"turns":7.0},{"damage":61.0,"enemies":"Champ","floor":33.0,"turns":10.0},{"damage":15.0,"enemies":"3 Darklings","floor":35.0,"turns":14.0},{"damage":0.0,"enemies":"3 Shapes","floor":37.0,"turns":5.0},{"damage":73.0,"enemies":"2 Orb Walkers","floor":38.0,"turns":6.0},{"damage":6.0,"enemies":"Maw","floor":39.0,"turns":8.0},{"damage":76.0,"enemies":"Reptomancer","floor":40.0,"turns":9.0},{"damage":8.0,"enemies":"Writhing Mass","floor":41.0,"turns":7.0},{"damage":47.0,"enemies":"Giant Head","floor":42.0,"turns":8.0},{"damage":21.0,"enemies":"4 Shapes","floor":44.0,"turns":11.0},{"damage":22.0,"enemies":"Transient","floor":45.0,"turns":5.0},{"damage":18.0,"enemies":"3 Darklings","floor":46.0,"turns":6.0},{"damage":37.0,"enemies":"Reptomancer","floor":47.0,"turns":9.0},{"damage":25.0,"enemies":"Awakened One","floor":50.0,"turns":26.0},{"damage":22,"enemies":"Shield and Spear","floor":54,"turns":10},{"damage":113,"enemies":"The Heart","floor":55,"turns":15}],"seed_played":"-3739857432533852722","potions_obtained":[{"floor":3.0,"key":"SkillPotion"},{"floor":4.0,"key":"DuplicationPotion"},{"floor":14.0,"key":"GamblersBrew"},{"floor":16.0,"key":"ElixirPotion"},{"floor":20.0,"key":"PowerPotion"},{"floor":28.0,"key":"Strength Potion"},{"floor":33.0,"key":"AttackPotion"},{"floor":39.0,"key":"Weak Potion"},{"floor":41.0,"key":"DuplicationPotion"},{"floor":45.0,"key":"Explosive Potion"},{"floor":46.0,"key":"PowerPotion"}],"is_trial":false,"path_per_floor":["M","M","M","M","?","R","?","R","T","E","$","E","R","M","R","B",null,"M","$","M","M","M","M","E","R","T","R","E","?","M","?","R","B",null,"M","$","M","?","M","E","M","E","T","M","M","M","E","$","R","B",null,"R","$","E","B"],"character_chosen":"IRONCLAD","items_purchased":["Shrug It Off","Reaper","Offering","Inflame","PreservedInsect","Burning Pact","Shockwave","Happy Flower","Incense Burner"],"campfire_rested":0,"item_purchase_floors":[11,19,36,36,48,48,48,48,53],"current_hp_per_floor":[73,75,75,69,74,74,65,65,65,58,58,52,52,58,58,40,70,69,69,80,79,78,80,87,87,87,87,84,48,53,97,97,42,83,95,95,97,65,91,38,59,34,34,68,65,97,88,97,97,97,97,97,97,97,0,0],"gold":42,"neow_bonus":"RANDOM_COMMON_RELIC","is_daily":false,"chose_seed":false,"campfire_upgraded":5,"win_rate":0.0,"timestamp":1613769424,"path_taken":["M","M","M","M","?","R","?","R","T","E","$","E","R","M","R","BOSS","M","$","M","M","M","M","E","R","T","R","E","?","M","?","R","BOSS","M","$","M","?","M","E","M","E","T","M","M","M","E","$","R","BOSS","R","$","E","BOSS"],"items_purchased_type":["Card","Card","Card","Card","Relic","Card","Card","Relic","Relic"],"build_version":"2020-12-22","purchased_purges":3,"victory":false,"max_hp_per_floor":[75,75,75,75,80,80,80,80,80,80,80,80,80,80,80,80,80,80,80,80,80,80,80,87,87,87,87,87,87,87,97,97,97,97,97,97,97,97,97,97,97,97,97,97,97,97,97,97,97,97,97,97,97,97,97,97],"relic_stats":{"Happy Flower":[17],"counters":[32,237],"MealTicket":9,"PreservedInsect":77,"Art of War":[24],"Juzu Bracelet":1,"Orichalcum":[24],"Boot":[112],"obtain_stats":[{"Ice Cream":38,"Girya":12,"Happy Flower":48,"The Courier":43,"PreservedInsect":48,"Juzu Bracelet":28,"Omamori":47,"Incense Burner":53,"Orichalcum":54,"Boot":0,"Ancient Tea Set":10,"Burning Blood":0,"Anchor":7,"Strawberry":24,"MealTicket":42,"Art of War":9,"Coffee Dripper":17,"StrikeDummy":40,"Runic Pyramid":34},{"Ice Cream":21,"Girya":7,"Happy Flower":29,"The Courier":25,"PreservedInsect":29,"Juzu Bracelet":16,"Omamori":29,"Incense Burner":30,"Orichalcum":31,"Boot":0,"Ancient Tea Set":6,"Burning Blood":0,"Anchor":5,"Strawberry":15,"MealTicket":25,"Art of War":5,"Coffee Dripper":9,"StrikeDummy":23,"Runic Pyramid":18},{"Ice Cream":123,"Girya":31,"Happy Flower":186,"The Courier":155,"PreservedInsect":186,"Juzu Bracelet":81,"Omamori":186,"Incense Burner":212,"Orichalcum":222,"Boot":0,"Ancient Tea Set":23,"Burning Blood":0,"Anchor":20,"Strawberry":74,"MealTicket":155,"Art of War":20,"Coffee Dripper":43,"StrikeDummy":140,"Runic Pyramid":98}],"Burning Blood":150},"card_choices":[{"not_picked":["True Grit","Second Wind"],"picked":"Sever Soul","floor":1.0},{"not_picked":["Havoc","Fire Breathing","Warcry"],"picked":"SKIP","floor":2.0},{"not_picked":["Headbutt","Cleave"],"picked":"Carnage","floor":3.0},{"not_picked":["Entrench","Twin Strike","Flex"],"picked":"SKIP","floor":4.0},{"not_picked":["Anger","Ghostly Armor"],"picked":"Disarm","floor":7.0},{"not_picked":["Barricade","Double Tap"],"picked":"Battle Trance","floor":10.0},{"not_picked":["Seeing Red","Pommel Strike"],"picked":"Shrug It Off","floor":12.0},{"not_picked":["Perfected Strike","Havoc","Twin Strike"],"picked":"SKIP","floor":14.0},{"not_picked":["Perfected Strike","Havoc","Twin Strike"],"picked":"SKIP","floor":14.0},{"not_picked":["Berserk","Brutality"],"picked":"Fiend Fire","floor":16.0},{"not_picked":["True Grit","Anger"],"picked":"Sword Boomerang+1","floor":18.0},{"not_picked":["Wild Strike","Pummel"],"picked":"Uppercut","floor":20.0},{"not_picked":["Thunderclap","Metallicize"],"picked":"Shrug It Off","floor":21.0},{"not_picked":["Ghostly Armor","Dual Wield","Havoc"],"picked":"SKIP","floor":22.0},{"not_picked":["Pummel","Wild Strike","Warcry"],"picked":"SKIP","floor":23.0},{"not_picked":["Ghostly Armor","Twin Strike"],"picked":"Uppercut+1","floor":24.0},{"not_picked":["Combust","Infernal Blade","Immolate"],"picked":"SKIP","floor":28.0},{"not_picked":["Clothesline","Whirlwind","Wild Strike"],"picked":"SKIP","floor":30.0},{"not_picked":["Barricade","Berserk"],"picked":"Exhume","floor":33.0},{"not_picked":["Cleave+1","Clash","Clothesline+1"],"picked":"SKIP","floor":35.0},{"not_picked":["Infernal Blade","Shrug It Off","Thunderclap"],"picked":"SKIP","floor":37.0},{"not_picked":["Iron Wave","Intimidate+1"],"picked":"Disarm+1","floor":38.0},{"not_picked":["Metallicize+1","True Grit","Thunderclap"],"picked":"SKIP","floor":39.0},{"not_picked":["Fiend Fire","Body Slam","Sentinel"],"picked":"SKIP","floor":40.0},{"not_picked":["Whirlwind+1","Anger","Cleave"],"picked":"SKIP","floor":42.0},{"not_picked":["Sword Boomerang","Searing Blow"],"picked":"Power Through+1","floor":44.0},{"not_picked":["Whirlwind","Dark Embrace"],"picked":"Second Wind+1","floor":45.0},{"not_picked":["Wild Strike","Rage"],"picked":"Shrug It Off+1","floor":46.0},{"not_picked":["Metallicize","Offering"],"picked":"Dropkick","floor":47.0},{"not_picked":["Pommel Strike","Shockwave","Havoc"],"picked":"SKIP","floor":54}],"player_experience":2175309,"relics_obtained":[{"floor":7.0,"key":"Anchor"},{"floor":9.0,"key":"Art of War"},{"floor":10.0,"key":"Ancient Tea Set"},{"floor":12.0,"key":"Girya"},{"floor":24.0,"key":"Strawberry"},{"floor":28.0,"key":"Juzu Bracelet"},{"floor":38.0,"key":"Ice Cream"},{"floor":40.0,"key":"StrikeDummy"},{"floor":42.0,"key":"MealTicket"},{"floor":43.0,"key":"The Courier"},{"floor":47.0,"key":"Omamori"},{"floor":54,"key":"Orichalcum"}],"event_choices":[{"damage_healed":0.0,"max_hp_gain":5.0,"max_hp_loss":0.0,"gold_gain":0.0,"event_name":"Big Fish","player_choice":"Donut","floor":5.0,"gold_loss":0.0,"damage_taken":0.0},{"damage_healed":0.0,"max_hp_gain":0.0,"max_hp_loss":0.0,"gold_gain":0.0,"event_name":"Dead Adventurer","player_choice":"Searched \u00271\u0027 times","floor":7.0,"gold_loss":0.0,"damage_taken":0.0},{"damage_healed":0.0,"max_hp_gain":0.0,"max_hp_loss":0.0,"gold_gain":360.0,"event_name":"Knowing Skull","player_choice":"GOLD GOLD GOLD GOLD ","floor":29.0,"potions_obtained":[],"gold_loss":0.0,"damage_taken":36.0,"cards_obtained":[]},{"cards_removed":["Fiend Fire"],"damage_healed":34.0,"max_hp_gain":10.0,"max_hp_loss":0.0,"gold_gain":0.0,"event_name":"Bonfire Elementals","player_choice":"Offered Rare","floor":31.0,"gold_loss":0.0,"damage_taken":0.0},{"damage_healed":0.0,"max_hp_gain":0.0,"max_hp_loss":0.0,"gold_gain":0.0,"event_name":"Mysterious Sphere","player_choice":"Fight","floor":38.0,"gold_loss":0.0,"damage_taken":0.0}],"is_beta":false,"boss_relics":[{"not_picked":["Empty Cage","Astrolabe"],"picked":"Coffee Dripper"},{"not_picked":["Runic Cube","Black Star"],"picked":"Runic Pyramid"}],"items_purged_floors":[11,19,36],"is_endless":false,"potions_floor_spawned":[3,4,14,16,20,22,28,33,39,41,45,46],"killed_by":"The Heart","ascension_level":15}}