{"host":"dlskvfecb6rtl9z1","time":1613728050,"event":{"mods":["2.2 Compatiblity","AchievementEnabler","Aspiration","BaseMod","Better Third Choice","Colored Map","Colored Powertips","Duelist Mod","Hermit","Hubris","Infinite Spire","KinomotoSakuraMod(????)","Koishi","Marisa????????","Minty Spire (QoL Compilation)","Remilia??????","Replay The Spire","Shop Mod","StSLib","Td1madao Mod","The Administrix","The Bug Knight","The Construct","The Cursed","The Disciple","The Hierophant","The Jungle","The Mystic","The Necromancer","The Runesmith","The Senshi","The Servant 0.9.4"],"gold_per_floor":[369,369,389,74,92,92,58,58,58,85,85,104,104,121,121,224,224,242,38,53,64,64,94,94,112,112,112,211,211,211,227,227,322,322,341,216,316,316,17,17,46,46,46,46,60,60,75,75,75,75],"floor_reached":51,"language":"ENG","playtime":2637,"items_purged":["Dualcast","Zap","Strike_B","Strike_B","Strike_B"],"score":920,"play_id":"55ab9e81-d1c5-4c93-badc-9baf7c322c2e","local_time":"20210219114730","is_ascension_mode":true,"campfire_choices":[{"data":"Reprogram","floor":6,"key":"SMITH"},{"data":"Beam Cell","floor":8,"key":"SMITH"},{"data":"Gash","floor":11,"key":"SMITH"},{"floor":15,"key":"REST"},{"data":"ReplayTheSpireMod:Omega Cannon","floor":27,"key":"SMITH"},{"data":"hubris:Fate","floor":30,"key":"SMITH"},{"floor":32,"key":"REST"},{"floor":40,"key":"REST"},{"data":"infinitespire:Fortify","floor":46,"key":"SMITH"},{"floor":49,"key":"REST"}],"circlet_count":0,"master_deck":["Strike_B","Defend_B","Defend_B","Defend_B","Defend_B","Reprogram+1","Beam Cell+1","Steam+1","Gash+1","Rip and Tear+1","Core Surge","ReplayTheSpireMod:Omega Cannon+1","Go for the Eyes","Reprogram+1","hubris:Fate+1","Reboot","Conserve Battery+1","infinitespire:Fortify+1","Steam Power+1","Reprogram+1","Steam+1","hubris:Fate"],"relics":["Cracked Core","infinitespire:EmpoweringShard","Pocketwatch","Ancient Tea Set","Runic Dome","BargainBundle","hubris:Icosahedron","Counterbalance","construct:WeddingRing","hubris:Reverence","hubris:Towel","ReplayTheSpireMod:DimensionalGlitch","FossilizedHelix","Durian","Snack Pack","hubris:Metronome","Sundial"],"acts_visited":["Exordium","TheCity","TheBeyond"],"potions_floor_usage":[16,16,16,23,33,33,33,33,37,41,50,50,50],"damage_taken":[{"damage":1,"enemies":"Cultist","floor":1,"turns":3},{"damage":10,"enemies":"2 Louse","floor":3,"turns":2},{"damage":20,"enemies":"infinitespire:Voidling","floor":5,"turns":4},{"damage":1,"enemies":"Replay:BlueRogue","floor":10,"turns":5},{"damage":0,"enemies":"Large Slime","floor":12,"turns":4},{"damage":2,"enemies":"Exordium Wildlife","floor":14,"turns":3},{"damage":19,"enemies":"Hexaghost","floor":16,"turns":6},{"damage":0,"enemies":"3 Byrds","floor":18,"turns":2},{"damage":17,"enemies":"2 Thieves","floor":20,"turns":2},{"damage":18,"enemies":"Centurion and Healer","floor":21,"turns":4},{"damage":0,"enemies":"Gremlin Leader","floor":23,"turns":4},{"damage":6,"enemies":"Shelled Parasite and Fungi","floor":25,"turns":2},{"damage":11,"enemies":"Snake Plant","floor":31,"turns":2},{"damage":0,"enemies":"Champ","floor":33,"turns":4},{"damage":3,"enemies":"3 Darklings","floor":35,"turns":2},{"damage":0,"enemies":"infinitespire:Three Voidlings","floor":37,"turns":1},{"damage":56,"enemies":"Nightmare_Alpha","floor":37,"turns":8},{"damage":0,"enemies":"HollowMod:StalkingDevout","floor":41,"turns":3},{"damage":0,"enemies":"Orb Walker","floor":45,"turns":2},{"damage":0,"enemies":"Maw","floor":47,"turns":3},{"damage":0,"enemies":"Awakened One","floor":50,"turns":5}],"seed_played":"-7066827229362704687","potions_obtained":[{"floor":3,"key":"Death Potion"},{"floor":5,"key":"Block Potion"},{"floor":12,"key":"Regen Potion"},{"floor":20,"key":"DistilledChaos"},{"floor":31,"key":"Explosive Potion"},{"floor":35,"key":"FearPotion"},{"floor":37,"key":"Explosive Potion"},{"floor":47,"key":"SpeedPotion"}],"is_trial":false,"path_per_floor":["M","?","M","$","M","R","$","R","T","E","R","M","?","M","R","B",null,"M","$","M","M","?","E","AVR","M","T","R","?","?","R","M","R","B",null,"M","$","?","?","$","R","E","$","T","T","M","R","M","AVR","R","B",null],"character_chosen":"DEFECT","items_purchased":["infinitespire:EmpoweringShard","Steam+1","BargainBundle","SteroidPotion","EntropicBrew","Durian"],"campfire_rested":4,"item_purchase_floors":[4,7,19,19,19,39],"current_hp_per_floor":[53,53,43,43,30,30,30,30,30,29,29,29,29,27,49,45,75,75,75,58,40,40,40,40,34,34,34,34,34,34,23,45,45,75,72,72,16,16,21,45,45,45,45,45,46,46,47,47,71,73],"gold":75,"neow_bonus":"TWO_FIFTY_GOLD","is_daily":false,"chose_seed":false,"campfire_upgraded":6,"win_rate":0.0,"timestamp":1613728050,"path_taken":["M","?","M","$","M","R","$","R","T","E","R","M","?","M","R","BOSS","M","$","?","M","?","E","AVR","M","T","R","?","?","R","M","R","BOSS","M","$","?","?","$","R","E","?","T","?","?","R","M","AVR","R","BOSS"],"items_purchased_type":["Relic","Card","Relic","Potion","Potion","Relic"],"build_version":"2020-12-22","purchased_purges":5,"victory":true,"max_hp_per_floor":[75,75,75,75,75,75,75,75,75,75,75,75,75,75,75,75,75,75,75,75,75,75,75,75,75,75,75,75,75,75,75,75,75,75,75,75,75,75,80,80,80,80,80,80,80,80,80,80,80,80],"card_choices":[{"not_picked":["hubris:Ukulele","Streamline"],"picked":"Reprogram","floor":1},{"not_picked":["Blizzard","Undo","ReplayTheSpireMod:Repulse"],"picked":"SKIP","floor":3},{"not_picked":["Self Repair","Coolheaded"],"picked":"Beam Cell","floor":5},{"not_picked":["Leap","Coolheaded"],"picked":"Gash","floor":10},{"not_picked":["Leap","Crystallizer"],"picked":"Rip and Tear","floor":12},{"not_picked":["Ball Lightning","Panic Button"],"picked":"Core Surge","floor":14},{"not_picked":["Mirror Shield","ReplayRNGCard"],"picked":"ReplayTheSpireMod:Omega Cannon","floor":16},{"not_picked":["Streamline","Ball Lightning","Beam Cell"],"picked":"SKIP","floor":18},{"not_picked":["aspiration:Polymerization","FIFO Queue"],"picked":"Go for the Eyes","floor":20},{"not_picked":["BootSequence+1","Stack"],"picked":"Reprogram+1","floor":21},{"not_picked":["Heatsinks","Fission","Defragment"],"picked":"SKIP","floor":23},{"not_picked":["Crystallizer","Redo+1","FIFO Queue"],"picked":"SKIP","floor":25},{"not_picked":["Self Repair","Leap","Compile Driver+1"],"picked":"SKIP","floor":31},{"not_picked":["Fission","Meteor Strike"],"picked":"Reboot","floor":33},{"not_picked":["Go for the Eyes+1","Reinforced Body+1"],"picked":"Conserve Battery+1","floor":35},{"not_picked":["hubris:Rewind","infinitespire:TheBestDefense"],"picked":"infinitespire:Fortify","floor":37},{"not_picked":["Rebound+1","Ball Lightning+1"],"picked":"Steam Power+1","floor":37},{"not_picked":["Gash+1","Conserve Battery"],"picked":"Reprogram+1","floor":41},{"not_picked":["Reprogram","Recycle+1","Beam Cell"],"picked":"SKIP","floor":45},{"not_picked":["hubris:SpecializedCircuitry","Hologram+1"],"picked":"Steam+1","floor":47}],"player_experience":159782,"relics_obtained":[{"floor":9,"key":"Pocketwatch"},{"floor":10,"key":"Ancient Tea Set"},{"floor":23,"key":"Counterbalance"},{"floor":26,"key":"hubris:Reverence"},{"floor":37,"key":"FossilizedHelix"},{"floor":41,"key":"Snack Pack"},{"floor":43,"key":"hubris:Metronome"},{"floor":44,"key":"Sundial"}],"event_choices":[{"damage_healed":0,"gold_gain":0,"player_choice":"Upgraded","damage_taken":0,"max_hp_gain":0,"max_hp_loss":0,"event_name":"Upgrade Shrine","floor":13,"gold_loss":0,"cards_upgraded":["Rip and Tear"]},{"damage_healed":0,"gold_gain":99,"player_choice":"Steal","damage_taken":0,"max_hp_gain":0,"max_hp_loss":0,"event_name":"betterThird:BetterNest","floor":28,"gold_loss":0},{"damage_healed":0,"gold_gain":0,"player_choice":"Ignored","damage_taken":0,"max_hp_gain":0,"max_hp_loss":0,"event_name":"Tomb of Lord Red Mask","floor":38,"gold_loss":0}],"is_beta":false,"boss_relics":[{"not_picked":["hubris:HollowSoul","Runesmith:UraniumAnvil"],"picked":"Runic Dome"},{"not_picked":["Nuclear Battery","Tiny House"],"picked":"ReplayTheSpireMod:DimensionalGlitch"}],"items_purged_floors":[4,19,24,36,48],"is_endless":false,"potions_floor_spawned":[3,5,12,20,31,35,37,47],"ascension_level":2}}