{"host":"Joker2kill","time":1613778845,"event":{"mods":["BaseMod","Bestiary","Curses Come First","Minty Spire (QoL Compilation)","StSLib"],"gold_per_floor":[110,285,305,5,74,107,107,107,107,120,147,167,167,195,195,300,300,319,336,336,350,361,389,389,45,98,98,98,118,150,168,168,268,268,286,332,332,67,116,116,142,142,167,198,198,210,210,240,240,240],"floor_reached":51,"language":"ENG","playtime":5791,"items_purged":["Doubt","Strike_P","Defend_P"],"score":1182,"play_id":"d8b99b96-d909-46c9-998d-69d7e642f09f","local_time":"20210219185405","is_ascension_mode":true,"campfire_choices":[{"data":"Eruption","floor":7.0,"key":"SMITH"},{"data":"TalkToTheHand","floor":13.0,"key":"SMITH"},{"data":"Wish","floor":15.0,"key":"SMITH"},{"data":"ForeignInfluence","floor":24.0,"key":"SMITH"},{"floor":32.0,"key":"REST"},{"floor":40,"key":"REST"},{"data":"SpiritShield","floor":42,"key":"SMITH"},{"floor":47,"key":"REST"},{"data":"TalkToTheHand","floor":49,"key":"SMITH"}],"circlet_count":0,"master_deck":["Defend_P+1","Eruption+1","Vigilance+1","TalkToTheHand+1","EmptyFist","Conclude","CutThroughFate","CutThroughFate","ForeignInfluence+1","Meditate","Wish+1","LessonLearned+1","Crescendo+1","MentalFortress+1","SandsOfTime+1","Indignation+1","TalkToTheHand+1","Bite","Bite","Bite","Bite+1","Bite","BattleHymn","Fasting2+1","SpiritShield+1","FlurryOfBlows+1","Tantrum+1","Halt+1","Normality","Wallop+1"],"relics":["PureWater","NeowsBlessing","Membership Card","Nunchaku","FossilizedHelix","Matryoshka","Orichalcum","Strawberry","Empty Cage","Regal Pillow","Medical Kit","Bag of Marbles","Letter Opener","PreservedInsect","Anchor","Shuriken","Cursed Key","TeardropLocket","Strange Spoon","TungstenRod","Bottled Lightning","Vajra","Akabeko","Bottled Tornado","Dream Catcher"],"acts_visited":["Exordium","TheCity","TheBeyond"],"potions_floor_usage":[50,50,50],"damage_taken":[{"damage":0.0,"enemies":"Cultist","floor":1.0,"turns":1.0},{"damage":0.0,"enemies":"Jaw Worm","floor":3.0,"turns":1.0},{"damage":0.0,"enemies":"Lagavulin","floor":6.0,"turns":1.0},{"damage":0.0,"enemies":"Small Slimes","floor":10.0,"turns":2.0},{"damage":5.0,"enemies":"3 Sentries","floor":11.0,"turns":4.0},{"damage":0.0,"enemies":"Exordium Wildlife","floor":12.0,"turns":1.0},{"damage":0.0,"enemies":"Gremlin Nob","floor":14.0,"turns":2.0},{"damage":0.0,"enemies":"Slime Boss","floor":16.0,"turns":5.0},{"damage":1.0,"enemies":"Shell Parasite","floor":18.0,"turns":3.0},{"damage":5.0,"enemies":"2 Thieves","floor":19.0,"turns":3.0},{"damage":25.0,"enemies":"Shelled Parasite and Fungi","floor":21.0,"turns":5.0},{"damage":6.0,"enemies":"3 Cultists","floor":22.0,"turns":4.0},{"damage":0.0,"enemies":"Gremlin Leader","floor":23.0,"turns":5.0},{"damage":0.0,"enemies":"Snecko","floor":29.0,"turns":1.0},{"damage":0.0,"enemies":"Book of Stabbing","floor":30.0,"turns":3.0},{"damage":0.0,"enemies":"Centurion and Healer","floor":31.0,"turns":2.0},{"damage":79.0,"enemies":"Collector","floor":33.0,"turns":6.0},{"damage":0,"enemies":"3 Shapes","floor":35,"turns":3},{"damage":0,"enemies":"Orb Walker","floor":36,"turns":3},{"damage":43,"enemies":"2 Orb Walkers","floor":39,"turns":5},{"damage":9,"enemies":"Giant Head","floor":41,"turns":5},{"damage":0,"enemies":"Nemesis","floor":44,"turns":3},{"damage":34,"enemies":"Spire Growth","floor":46,"turns":5},{"damage":0,"enemies":"Giant Head","floor":48,"turns":4},{"damage":59,"enemies":"Awakened One","floor":50,"turns":9}],"seed_played":"-9004168360113409039","potions_obtained":[{"floor":1.0,"key":"DuplicationPotion"},{"floor":11.0,"key":"SkillPotion"},{"floor":12.0,"key":"Swift Potion"},{"floor":16.0,"key":"EntropicBrew"},{"floor":23.0,"key":"SpeedPotion"},{"floor":31.0,"key":"PowerPotion"},{"floor":39,"key":"DistilledChaos"},{"floor":41,"key":"StancePotion"}],"is_trial":false,"path_per_floor":["M","?","M","$","?","E","R","?","T","M","E","M","R","E","R","B",null,"M","M","?","M","M","E","R","$","T","?","?","M","E","M","R","B",null,"M","M","?","$","?","R","E","R","T","E","?","M","R","E","R","B",null],"character_chosen":"WATCHER","items_purchased":["Membership Card","Conclude","Nunchaku","Medical Kit","Bag of Marbles","Letter Opener","TalkToTheHand","TeardropLocket","Strange Spoon"],"campfire_rested":3,"item_purchase_floors":[4,4,4,25,25,25,25,38,38],"current_hp_per_floor":[72,72,72,72,72,72,72,72,72,72,67,67,67,74,74,74,79,78,73,73,50,46,48,48,48,48,48,48,52,56,58,79,4,79,79,79,79,79,40,78,70,70,70,74,74,46,79,79,79,31],"gold":240,"neow_bonus":"THREE_ENEMY_KILL","is_daily":false,"chose_seed":false,"campfire_upgraded":6,"win_rate":0.0,"timestamp":1613778845,"path_taken":["M","?","M","$","?","E","R","?","T","?","E","M","R","E","R","BOSS","M","M","?","?","M","E","R","$","T","?","?","M","E","M","R","BOSS","M","M","?","$","?","R","E","R","T","E","?","M","R","E","R","BOSS"],"items_purchased_type":["Relic","Card","Relic","Relic","Relic","Relic","Card","Relic","Relic"],"build_version":"2020-12-18","purchased_purges":3,"victory":true,"max_hp_per_floor":[72,72,72,72,72,72,72,72,72,72,72,72,72,79,79,79,79,79,79,79,79,79,79,79,79,79,79,79,79,79,79,79,79,79,79,79,79,79,79,79,79,79,79,79,79,79,79,79,79,79],"card_choices":[{"not_picked":["Prostrate","EmptyBody"],"picked":"TalkToTheHand","floor":1.0},{"not_picked":["SignatureMove","JustLucky"],"picked":"EmptyFist","floor":3.0},{"not_picked":["BowlingBash","Consecrate"],"picked":"CutThroughFate","floor":6.0},{"not_picked":["EmptyFist","Consecrate"],"picked":"CutThroughFate","floor":10.0},{"not_picked":["EmptyBody","ClearTheMind"],"picked":"ForeignInfluence","floor":11.0},{"not_picked":["Evaluate","Prostrate"],"picked":"Meditate","floor":12.0},{"not_picked":["Pray","ClearTheMind"],"picked":"Wish","floor":14.0},{"not_picked":["Scrawl","Devotion"],"picked":"LessonLearned","floor":16.0},{"not_picked":["Evaluate","EmptyBody","ReachHeaven+1"],"picked":"SKIP","floor":18.0},{"not_picked":["CutThroughFate","BowlingBash"],"picked":"Crescendo+1","floor":19.0},{"not_picked":["Alpha","BowlingBash"],"picked":"MentalFortress+1","floor":21.0},{"not_picked":["Adaptation","Study"],"picked":"SandsOfTime+1","floor":22.0},{"not_picked":["Nirvana","FlyingSleeves"],"picked":"Indignation+1","floor":23.0},{"not_picked":["Protect","CarveReality"],"picked":"BattleHymn","floor":29.0},{"not_picked":["FollowUp","WindmillStrike","SignatureMove+1"],"picked":"SKIP","floor":30.0},{"not_picked":["Protect","EmptyFist"],"picked":"Fasting2+1","floor":31.0},{"not_picked":["Wish","Scrawl"],"picked":"SpiritShield","floor":33.0},{"not_picked":["SandsOfTime","Pray+1"],"picked":"FlurryOfBlows+1","floor":35},{"not_picked":["Crescendo","JustLucky"],"picked":"Tantrum+1","floor":36},{"not_picked":["EmptyBody","Evaluate+1"],"picked":"Halt+1","floor":39},{"not_picked":["FlyingSleeves","SignatureMove+1","PathToVictory"],"picked":"SKIP","floor":41},{"not_picked":["Consecrate","Prostrate+1","WreathOfFlame+1"],"picked":"SKIP","floor":44},{"not_picked":["Consecrate","Prostrate+1","WreathOfFlame+1"],"picked":"SKIP","floor":44},{"not_picked":["Wireheading+1","PathToVictory+1","JustLucky"],"picked":"SKIP","floor":46},{"not_picked":["Devotion","Vengeance+1"],"picked":"Wallop+1","floor":48}],"player_experience":342746,"relics_obtained":[{"floor":6.0,"key":"FossilizedHelix"},{"floor":9.0,"key":"Matryoshka"},{"floor":11.0,"key":"Orichalcum"},{"floor":14.0,"key":"Strawberry"},{"floor":23.0,"key":"Regal Pillow"},{"floor":26.0,"key":"PreservedInsect"},{"floor":26.0,"key":"Anchor"},{"floor":30.0,"key":"Shuriken"},{"floor":39,"key":"TungstenRod"},{"floor":41,"key":"Bottled Lightning"},{"floor":43,"key":"Vajra"},{"floor":43,"key":"Akabeko"},{"floor":44,"key":"Bottled Tornado"},{"floor":48,"key":"Dream Catcher"}],"event_choices":[{"damage_healed":0.0,"max_hp_gain":0.0,"max_hp_loss":0.0,"gold_gain":175.0,"event_name":"Liars Game","player_choice":"AGREE","floor":2.0,"gold_loss":0.0,"damage_taken":0.0,"cards_obtained":["Doubt"]},{"damage_healed":0.0,"max_hp_gain":0.0,"max_hp_loss":0.0,"gold_gain":69.0,"event_name":"Golden Wing","player_choice":"Gained Gold","floor":5.0,"gold_loss":0.0,"damage_taken":0.0},{"damage_healed":0.0,"max_hp_gain":0.0,"max_hp_loss":0.0,"gold_gain":0.0,"event_name":"Match and Keep!","player_choice":"0 cards matched","floor":8.0,"gold_loss":0.0,"damage_taken":0.0,"cards_obtained":[]},{"damage_healed":0.0,"max_hp_gain":0.0,"max_hp_loss":0.0,"gold_gain":0.0,"event_name":"WeMeetAgain","player_choice":"Gave Potion","floor":20.0,"gold_loss":0.0,"damage_taken":0.0,"relics_obtained":["Blood Vial"]},{"damage_healed":0.0,"max_hp_gain":0.0,"max_hp_loss":0.0,"gold_gain":0.0,"event_name":"Vampires","player_choice":"Became a vampire (Vial)","floor":27.0,"relics_lost":["Blood Vial"],"gold_loss":0.0,"damage_taken":0.0,"cards_obtained":["Bite","Bite","Bite","Bite","Bite"]},{"damage_healed":0.0,"max_hp_gain":0.0,"max_hp_loss":0.0,"gold_gain":0.0,"event_name":"Cursed Tome","player_choice":"Ignored","floor":28.0,"gold_loss":0.0,"damage_taken":0.0},{"damage_healed":0,"gold_gain":0,"player_choice":"Ignored","damage_taken":0,"max_hp_gain":0,"max_hp_loss":0,"event_name":"Tomb of Lord Red Mask","floor":37,"gold_loss":0},{"damage_healed":0,"gold_gain":0,"player_choice":"Fight","damage_taken":0,"max_hp_gain":0,"max_hp_loss":0,"event_name":"Mysterious Sphere","floor":39,"gold_loss":0},{"damage_healed":0,"gold_gain":0,"player_choice":"0 cards matched","damage_taken":0,"max_hp_gain":0,"max_hp_loss":0,"event_name":"Match and Keep!","floor":45,"gold_loss":0,"cards_obtained":[]}],"is_beta":true,"boss_relics":[{"not_picked":["Busted Crown","Coffee Dripper"],"picked":"Empty Cage"},{"not_picked":["Runic Pyramid","Calling Bell"],"picked":"Cursed Key"}],"items_purged_floors":[4,25,38],"is_endless":false,"potions_floor_spawned":[1,11,12,16,23,29,31,39,41,44],"ascension_level":3}}