{"host":"mydft8i2zzydgggw","time":1613710740,"event":{"mods":["AchievementEnabler","BaseMod","Colored Map","Colored Powertips","DeckTracker","Keyboard Shortcuts","Minty Spire (QoL Compilation)","Rare Cards Sparkle","Relic Stats","StSLib","SuperFastMode","Together in Spire","everything is the same but u backflip on backflip"],"gold_per_floor":[99,115,115,127,142,176,176,208,208,47,62,62,72,88,88,167,167,181,197,197,215,228,255,305,337,361,378,478,478,496,118,118,197,197,208,221,221,238,288,322,337,364,413,413,424,24,24,42,42,42,42,42,42,74,74],"floor_reached":56,"language":"KOR","playtime":2151,"items_purged":["Strike_B","Heatsinks","Defend_B"],"score":2587,"play_id":"53c8a337-7ad2-4273-8bc3-57c9ccf8c383","local_time":"20210219135900","is_ascension_mode":true,"campfire_choices":[{"data":"Corruption","floor":7,"key":"SMITH"},{"data":"Consume","floor":12,"key":"SMITH"},{"data":"Capacitor","floor":15,"key":"SMITH"},{"data":"Creative AI","floor":29,"key":"SMITH"},{"floor":32,"key":"RECALL"},{"data":"Loop","floor":44,"key":"SMITH"},{"data":"Coolheaded","floor":47,"key":"SMITH"},{"data":"Trip","floor":49,"key":"SMITH"},{"data":"Electrodynamics","floor":52,"key":"SMITH"}],"circlet_count":0,"master_deck":["AscendersBane","Defend_B","Defend_B","Defend_B","Zap","Dualcast","Corruption+1","Undo+1","Cold Snap+1","Consume+1","Capacitor+1","Doom and Gloom+1","Go for the Eyes","Creative AI+1","Turbo","Recycle","Conserve Battery","Skim+1","Double Energy","Chaos+1","Compile Driver","Leap+1","Electrodynamics+1","Static Discharge","Coolheaded+1","Trip+1","Loop+1","Coolheaded+1"],"relics":["Cracked Core","Dead Branch","Bottled Tornado","Matryoshka","Happy Flower","PreservedInsect","HornCleat","Empty Cage","Lantern","Anchor","Smiling Mask","Ancient Tea Set","WingedGreaves","Eternal Feather","Letter Opener","Busted Crown","Whetstone","Blue Candle","OrangePellets","War Paint","Strawberry"],"acts_visited":["Exordium","TheCity","TheBeyond","TheEnding"],"potions_floor_usage":[8,21,33,50,55],"damage_taken":[{"damage":8,"enemies":"Small Slimes","floor":2,"turns":2},{"damage":7,"enemies":"Jaw Worm","floor":4,"turns":2},{"damage":0,"enemies":"2 Fungi Beasts","floor":5,"turns":2},{"damage":0,"enemies":"Gremlin Nob","floor":6,"turns":3},{"damage":10,"enemies":"3 Sentries","floor":8,"turns":5},{"damage":0,"enemies":"Large Slime","floor":11,"turns":3},{"damage":6,"enemies":"Looter","floor":13,"turns":2},{"damage":18,"enemies":"Red Slaver","floor":14,"turns":4},{"damage":0,"enemies":"Hexaghost","floor":16,"turns":6},{"damage":0,"enemies":"Chosen","floor":18,"turns":3},{"damage":0,"enemies":"Spheric Guardian","floor":19,"turns":3},{"damage":0,"enemies":"Centurion and Healer","floor":21,"turns":3},{"damage":0,"enemies":"Snecko","floor":22,"turns":4},{"damage":29,"enemies":"Slavers","floor":23,"turns":3},{"damage":19,"enemies":"Book of Stabbing","floor":25,"turns":3},{"damage":0,"enemies":"Snake Plant","floor":27,"turns":2},{"damage":0,"enemies":"Colosseum Slavers","floor":28,"turns":2},{"damage":0,"enemies":"Colosseum Nobs","floor":28,"turns":1},{"damage":0,"enemies":"Shelled Parasite and Fungi","floor":30,"turns":3},{"damage":0,"enemies":"Automaton","floor":33,"turns":5},{"damage":0,"enemies":"3 Darklings","floor":35,"turns":1},{"damage":0,"enemies":"3 Shapes","floor":36,"turns":2},{"damage":2,"enemies":"Jaw Worm Horde","floor":38,"turns":3},{"damage":0,"enemies":"Giant Head","floor":40,"turns":3},{"damage":0,"enemies":"3 Darklings","floor":41,"turns":2},{"damage":0,"enemies":"Nemesis","floor":42,"turns":1},{"damage":8,"enemies":"Writhing Mass","floor":45,"turns":3},{"damage":1,"enemies":"Sphere and 2 Shapes","floor":48,"turns":1},{"damage":0,"enemies":"Donu and Deca","floor":50,"turns":4},{"damage":8,"enemies":"Shield and Spear","floor":54,"turns":3},{"damage":23,"enemies":"The Heart","floor":55,"turns":6}],"seed_played":"-925100139537276713","potions_obtained":[{"floor":2,"key":"Block Potion"},{"floor":5,"key":"ColorlessPotion"},{"floor":6,"key":"Regen Potion"},{"floor":16,"key":"Strength Potion"},{"floor":21,"key":"SmokeBomb"},{"floor":25,"key":"Explosive Potion"},{"floor":28,"key":"PowerPotion"},{"floor":33,"key":"Regen Potion"},{"floor":45,"key":"BlessingOfTheForge"},{"floor":48,"key":"FocusPotion"},{"floor":54,"key":"FairyPotion"}],"is_trial":false,"path_per_floor":["M","M","?","M","M","E","R","E","T","$","M","R","M","M","R","B",null,"M","M","?","M","M","E","?","E","T","M","?","R","M","$","R","B",null,"M","M","?","M","?","E","M","E","T","R","M","$","R","M","R","B",null,"R","$","E","B",null],"character_chosen":"DEFECT","items_purchased":["Capacitor","Letter Opener","Leap","OrangePellets","War Paint","Coolheaded"],"campfire_rested":0,"item_purchase_floors":[10,31,31,46,46,46],"current_hp_per_floor":[64,56,49,42,42,42,42,46,46,46,46,46,40,22,22,22,54,54,54,54,54,54,25,25,6,6,6,6,18,18,18,30,30,56,56,56,56,54,54,54,54,54,54,64,56,56,64,63,64,64,64,64,64,63,40],"gold":74,"neow_bonus":"REMOVE_TWO","is_daily":false,"chose_seed":false,"campfire_upgraded":8,"win_rate":0.0,"timestamp":1613710740,"path_taken":["M","M","?","M","M","E","R","E","T","$","M","R","M","M","R","BOSS","M","M","?","M","M","E","?","E","T","M","?","R","M","$","R","BOSS","M","M","?","M","?","E","M","E","T","R","M","$","R","M","R","BOSS","R","$","E","BOSS"],"items_purchased_type":["Card","Relic","Card","Relic","Relic","Card"],"build_version":"2020-12-22","purchased_purges":3,"victory":true,"max_hp_per_floor":[64,64,64,64,64,64,64,64,64,64,64,64,64,64,64,64,64,64,64,64,64,64,64,64,64,64,64,64,64,64,64,64,64,64,64,64,64,64,64,64,64,64,64,64,64,64,64,64,64,64,64,64,64,71,71],"relic_stats":{"Happy Flower":[25],"counters":[32,91],"Dead Branch":[623],"Blue Candle":[3],"Eternal Feather":43,"PreservedInsect":379,"Letter Opener":[616],"Whetstone":["Cold Snap","Doom and Gloom"],"War Paint":["Undo","Leap"],"Smiling Mask":125,"OrangePellets":[3],"Busted Crown":20,"obtain_stats":[{"Lantern":23,"Happy Flower":8,"Dead Branch":0,"Blue Candle":42,"Eternal Feather":28,"PreservedInsect":9,"Letter Opener":31,"Whetstone":40,"Bottled Tornado":1,"War Paint":46,"Empty Cage":17,"Smiling Mask":26,"Ancient Tea Set":26,"OrangePellets":46,"Anchor":25,"Matryoshka":6,"HornCleat":9,"Busted Crown":34,"Strawberry":54,"WingedGreaves":28,"Cracked Core":0},{"Lantern":15,"Happy Flower":6,"Dead Branch":0,"Blue Candle":27,"Eternal Feather":19,"PreservedInsect":6,"Letter Opener":20,"Whetstone":25,"Bottled Tornado":1,"War Paint":28,"Empty Cage":10,"Smiling Mask":16,"Ancient Tea Set":16,"OrangePellets":28,"Anchor":16,"Matryoshka":5,"HornCleat":6,"Busted Crown":21,"Strawberry":31,"WingedGreaves":19,"Cracked Core":0},{"Lantern":46,"Happy Flower":15,"Dead Branch":0,"Blue Candle":74,"Eternal Feather":54,"PreservedInsect":15,"Letter Opener":57,"Whetstone":71,"Bottled Tornado":1,"War Paint":77,"Empty Cage":30,"Smiling Mask":49,"Ancient Tea Set":49,"OrangePellets":77,"Anchor":49,"Matryoshka":10,"HornCleat":15,"Busted Crown":62,"Strawberry":85,"WingedGreaves":54,"Cracked Core":0}]},"card_choices":[{"not_picked":["Rebound","Tempest"],"picked":"Undo","floor":2},{"not_picked":["Reprogram","Static Discharge"],"picked":"Melter","floor":4},{"not_picked":["Darkness","Streamline"],"picked":"Cold Snap","floor":5},{"not_picked":["Barrage","Undo"],"picked":"Consume","floor":6},{"not_picked":["Rebound","Steam"],"picked":"Defragment","floor":8},{"not_picked":["Scrape","Beam Cell"],"picked":"Doom and Gloom","floor":11},{"not_picked":["Leap","Melter"],"picked":"Go for the Eyes","floor":13},{"not_picked":["Genetic Algorithm","Capacitor"],"picked":"Chill","floor":14},{"not_picked":["Hyperbeam","Meteor Strike"],"picked":"Creative AI","floor":16},{"not_picked":["Reinforced Body","Gash"],"picked":"Turbo","floor":18},{"not_picked":["Defragment","Conserve Battery"],"picked":"Recycle","floor":19},{"not_picked":["White Noise","Blizzard"],"picked":"Heatsinks","floor":21},{"not_picked":["Go for the Eyes","Capacitor"],"picked":"Conserve Battery","floor":22},{"not_picked":["Darkness","Ball Lightning"],"picked":"Skim+1","floor":23},{"not_picked":["Doom and Gloom","FTL"],"picked":"Double Energy","floor":25},{"not_picked":["Ball Lightning","Double Energy","Sweeping Beam"],"picked":"SKIP","floor":27},{"not_picked":["Streamline","Beam Cell"],"picked":"Chaos+1","floor":28},{"not_picked":["Reprogram","White Noise"],"picked":"Compile Driver","floor":30},{"not_picked":["Thunder Strike","Creative AI"],"picked":"Electrodynamics","floor":33},{"not_picked":[],"picked":"Static Discharge","floor":35},{"not_picked":[],"picked":"Coolheaded+1","floor":36},{"not_picked":[],"picked":"Trip","floor":37},{"not_picked":[],"picked":"Loop","floor":38},{"not_picked":["Barrage"],"picked":"SKIP","floor":40},{"not_picked":["Coolheaded"],"picked":"SKIP","floor":41},{"not_picked":["Loop+1"],"picked":"SKIP","floor":42},{"not_picked":["Conserve Battery"],"picked":"SKIP","floor":45},{"not_picked":["Hologram"],"picked":"SKIP","floor":48},{"not_picked":["Chill+1"],"picked":"SKIP","floor":54}],"player_experience":284976,"relics_obtained":[{"floor":6,"key":"Matryoshka"},{"floor":8,"key":"Happy Flower"},{"floor":9,"key":"PreservedInsect"},{"floor":9,"key":"HornCleat"},{"floor":23,"key":"Lantern"},{"floor":25,"key":"Anchor"},{"floor":26,"key":"Smiling Mask"},{"floor":26,"key":"Ancient Tea Set"},{"floor":28,"key":"WingedGreaves"},{"floor":28,"key":"Eternal Feather"},{"floor":40,"key":"Whetstone"},{"floor":42,"key":"Blue Candle"},{"floor":54,"key":"Strawberry"}],"event_choices":[{"cards_removed":["Strike_B"],"damage_healed":0,"gold_gain":0,"player_choice":"Card Removal","damage_taken":7,"max_hp_gain":0,"max_hp_loss":0,"event_name":"Golden Wing","floor":3,"gold_loss":0},{"cards_removed":["Chill"],"damage_healed":0,"gold_gain":0,"player_choice":"Elegance","damage_taken":0,"max_hp_gain":0,"max_hp_loss":0,"event_name":"Back to Basics","floor":20,"gold_loss":0},{"damage_healed":0,"gold_gain":50,"player_choice":"Stole From Cult","damage_taken":0,"max_hp_gain":0,"max_hp_loss":0,"event_name":"Nest","floor":24,"gold_loss":0},{"damage_healed":0,"gold_gain":0,"player_choice":"Fight","damage_taken":0,"max_hp_gain":0,"max_hp_loss":0,"event_name":"Colosseum","floor":28,"gold_loss":0},{"damage_healed":0,"gold_gain":0,"player_choice":"Fought Nobs","damage_taken":0,"max_hp_gain":0,"max_hp_loss":0,"event_name":"Colosseum","floor":28,"gold_loss":0},{"damage_healed":0,"gold_gain":0,"player_choice":"Memory 1","damage_taken":0,"max_hp_gain":0,"max_hp_loss":0,"event_name":"SensoryStone","floor":37,"gold_loss":0},{"damage_healed":0,"gold_gain":50,"player_choice":"Pray","damage_taken":0,"max_hp_gain":0,"max_hp_loss":0,"event_name":"Golden Shrine","floor":39,"gold_loss":0}],"is_beta":false,"boss_relics":[{"not_picked":["Nuclear Battery","Calling Bell"],"picked":"Empty Cage"},{"not_picked":["Astrolabe","Black Star"],"picked":"Busted Crown"}],"items_purged_floors":[10,31,46],"is_endless":false,"potions_floor_spawned":[2,5,6,16,21,23,25,28,33,38,42,45,48,54],"ascension_level":17}}