{"host":"72n3jwtrlpjobydj","time":1613703392,"event":{"mods":["AchievementEnabler","BaseMod","CapriCore","DeckTracker","Hermit","Koishi","KomeijiMod","Lobotomy","Marisa£¨Ùöéë¡¡Øª×âÞÞ£©","Minty Spire (QoL Compilation)","Permanent Neow","StSLib","SuperFastMode","The Cursed","The Hierophant","The Immortal"],"gold_per_floor":[111,111,111,123,73,101,50,68,68,68,68,83,83,94,94,94,94],"floor_reached":16,"language":"KOR","playtime":426,"items_purged":[],"score":100,"play_id":"b6a519bb-3d7d-4f2b-9580-a04e6e0f97bd","local_time":"20210219115632","is_ascension_mode":false,"campfire_choices":[{"floor":11,"key":"REST"},{"floor":13,"key":"REST"},{"floor":15,"key":"REST"}],"circlet_count":0,"master_deck":["Strike_P","Strike_P","Strike_P","Defend_P","Defend_P","Defend_P","Eruption","Vigilance","Halt","Halt","Halt","FearNoEvil"],"relics":["PureWater","Tiny Chest","Prayer Wheel","Toxic Egg 2","Blue Candle"],"acts_visited":["Exordium"],"potions_floor_usage":[14,16],"damage_taken":[{"damage":5,"enemies":"2 Louse","floor":1,"turns":2},{"damage":9,"enemies":"Jaw Worm","floor":4,"turns":2},{"damage":54,"enemies":"3 Sentries","floor":6,"turns":15},{"damage":0,"enemies":"Cultist","floor":8,"turns":3},{"damage":0,"enemies":"Exordium Thugs","floor":12,"turns":3},{"damage":14,"enemies":"Large Slime","floor":14,"turns":7},{"damage":74,"enemies":"Slime Boss","floor":16,"turns":8}],"seed_played":"5687761825467379585","potions_obtained":[{"floor":6,"key":"Block Potion"},{"floor":8,"key":"ColorlessPotion"}],"is_trial":false,"path_per_floor":["M","?","?","M","?","E","$","M","T","T","R","M","R","M","R","B"],"character_chosen":"WATCHER","items_purchased":["Halt"],"campfire_rested":3,"item_purchase_floors":[7],"current_hp_per_floor":[67,60,72,63,63,9,9,9,9,9,30,30,51,37,58,0,0],"gold":94,"neow_bonus":"RANDOM_COMMON_RELIC","is_daily":false,"chose_seed":false,"campfire_upgraded":0,"win_rate":0.0,"timestamp":1613703392,"path_taken":["M","?","?","M","?","E","$","M","T","?","R","?","R","M","R","BOSS"],"items_purchased_type":["Card"],"build_version":"2020-12-22","purchased_purges":0,"victory":false,"max_hp_per_floor":[72,72,72,72,72,72,72,72,72,72,72,72,72,72,72,72,72],"card_choices":[{"not_picked":["CutThroughFate","Protect","Study"],"picked":"SKIP","floor":1},{"not_picked":["FollowUp","CutThroughFate","DeceiveReality"],"picked":"SKIP","floor":4},{"not_picked":["Vengeance","JustLucky","Study"],"picked":"SKIP","floor":6},{"not_picked":["PathToVictory","SashWhip"],"picked":"Halt","floor":8},{"not_picked":["CutThroughFate","FlyingSleeves"],"picked":"Halt","floor":8},{"not_picked":["CutThroughFate","Indignation+1"],"picked":"FearNoEvil","floor":12},{"not_picked":["Protect+1","EmptyMind+1","Crescendo+1"],"picked":"SKIP","floor":12},{"not_picked":["Protect+1","EmptyFist","ConjureBlade+1"],"picked":"SKIP","floor":14},{"not_picked":["Protect+1","EmptyFist","Sanctity+1"],"picked":"SKIP","floor":14}],"player_experience":83885,"relics_obtained":[{"floor":6,"key":"Prayer Wheel"},{"floor":9,"key":"Toxic Egg 2"},{"floor":10,"key":"Blue Candle"}],"event_choices":[{"cards_removed":["Strike_P"],"damage_healed":0,"gold_gain":0,"player_choice":"Card Removal","damage_taken":7,"max_hp_gain":0,"max_hp_loss":0,"event_name":"Golden Wing","floor":2,"gold_loss":0},{"cards_removed":["Defend_P"],"damage_healed":0,"gold_gain":0,"player_choice":"Card Removal","damage_taken":0,"max_hp_gain":0,"max_hp_loss":0,"event_name":"The Cleric","floor":5,"gold_loss":50}],"is_beta":false,"boss_relics":[],"items_purged_floors":[],"is_endless":false,"potions_floor_spawned":[6,8],"killed_by":"Slime Boss","ascension_level":0}}