{"host":"r7hmxrtwvofdnlkf","time":1613768948,"event":{"mods":["AchievementEnabler","BaseMod","Colored Powertips","Minty Spire (QoL Compilation)","Relic Stats","StSLib"],"gold_per_floor":[111,128,148,160,170,196,196,196,196,196,214,230,243,253,253,253,253],"floor_reached":16,"language":"ENG","playtime":756,"items_purged":[],"score":108,"play_id":"51cb212f-8534-4f88-822b-7df52d246490","local_time":"20210219220908","is_ascension_mode":false,"campfire_choices":[{"data":"Darkness","floor":7,"key":"SMITH"},{"floor":15,"key":"REST"}],"circlet_count":0,"master_deck":["Strike_B+1","Strike_B+1","Strike_B","Defend_B","Defend_B","Defend_B","Defend_B","Zap","Dualcast","BootSequence","Sweeping Beam","Coolheaded","Genetic Algorithm","Darkness+1","Seek","Genetic Algorithm","Chill","Lockon","Consume"],"relics":["Cracked Core","MealTicket","Girya"],"acts_visited":["Exordium"],"potions_floor_usage":[5,6,12,16,16],"damage_taken":[{"damage":1,"enemies":"Jaw Worm","floor":1,"turns":3},{"damage":0,"enemies":"Small Slimes","floor":2,"turns":3},{"damage":0,"enemies":"Cultist","floor":3,"turns":4},{"damage":6,"enemies":"Red Slaver","floor":4,"turns":4},{"damage":11,"enemies":"Large Slime","floor":5,"turns":4},{"damage":21,"enemies":"3 Sentries","floor":6,"turns":7},{"damage":2,"enemies":"2 Fungi Beasts","floor":11,"turns":3},{"damage":11,"enemies":"Gremlin Gang","floor":12,"turns":6},{"damage":7,"enemies":"3 Louse","floor":13,"turns":2},{"damage":0,"enemies":"Looter","floor":14,"turns":3},{"damage":48,"enemies":"The Guardian","floor":16,"turns":11}],"seed_played":"352052496382203551","potions_obtained":[{"floor":1,"key":"FearPotion"},{"floor":2,"key":"Regen Potion"},{"floor":4,"key":"Swift Potion"},{"floor":5,"key":"Regen Potion"},{"floor":13,"key":"GamblersBrew"}],"is_trial":false,"path_per_floor":["M","M","M","M","M","E","R","?","T","?","M","M","M","M","R","B"],"character_chosen":"DEFECT","items_purchased":[],"campfire_rested":1,"item_purchase_floors":[],"current_hp_per_floor":[74,74,74,68,62,41,41,26,26,26,24,28,21,21,43,0,0],"gold":253,"neow_bonus":"TRANSFORM_CARD","is_daily":false,"chose_seed":false,"campfire_upgraded":1,"win_rate":0.0,"timestamp":1613768948,"path_taken":["M","M","M","M","M","E","R","?","T","?","M","M","M","M","R","BOSS"],"items_purchased_type":[],"build_version":"2020-12-22","purchased_purges":0,"victory":false,"max_hp_per_floor":[75,75,75,75,75,75,75,75,75,75,75,75,75,75,75,75,75],"relic_stats":{"counters":[11,50],"MealTicket":0,"obtain_stats":[{"Girya":9,"MealTicket":6,"Cracked Core":0},{"Girya":6,"MealTicket":6,"Cracked Core":0},{"Girya":25,"MealTicket":25,"Cracked Core":0}]},"card_choices":[{"not_picked":["Stack","Go for the Eyes"],"picked":"Sweeping Beam","floor":1},{"not_picked":["Melter","Sweeping Beam"],"picked":"Coolheaded","floor":2},{"not_picked":["Leap","Aggregate"],"picked":"Genetic Algorithm","floor":3},{"not_picked":["Doom and Gloom","Fusion"],"picked":"Darkness","floor":4},{"not_picked":["Stack","Melter","Hologram"],"picked":"SKIP","floor":5},{"not_picked":["Rebound","Coolheaded"],"picked":"Seek","floor":6},{"not_picked":["Conserve Battery","Chill"],"picked":"Genetic Algorithm","floor":11},{"not_picked":["Streamline","Stack"],"picked":"Chill","floor":12},{"not_picked":["Stack","Streamline"],"picked":"Lockon","floor":13},{"not_picked":["Sweeping Beam","Creative AI"],"picked":"Consume","floor":14}],"player_experience":175239,"relics_obtained":[{"floor":6,"key":"MealTicket"},{"floor":9,"key":"Girya"}],"event_choices":[{"damage_healed":0,"gold_gain":0,"player_choice":"Entered Light","damage_taken":15,"max_hp_gain":0,"max_hp_loss":0,"event_name":"Shining Light","floor":8,"gold_loss":0,"cards_upgraded":["Strike_B","Strike_B"]},{"damage_healed":0,"gold_gain":0,"player_choice":"Ignored","damage_taken":0,"max_hp_gain":0,"max_hp_loss":0,"event_name":"NoteForYourself","floor":10,"gold_loss":0}],"is_beta":false,"boss_relics":[],"items_purged_floors":[],"is_endless":false,"potions_floor_spawned":[1,2,4,5,13],"killed_by":"The Guardian","ascension_level":0}}