{"host":"zomvc55eewbqxhwb","time":1613752813,"event":{"mods":["ATMod(°¢èªMod)","Act Like it!","BaseMod","Conspire","Minty Spire (QoL Compilation)","MostiFishMod","Pale of the Ancients","Relic Stats","Replay The Spire","RumiaBox-Â¶Ã×æ«µÄÉñÃØºÐ×Ó","Shop Mod","StSLib","TestMod","[IsaacMod]ÒÔÈö¼âËþ","¡¾¹¦ÄÜMod¡¿»ìãçÖ®»·ÐÞ¸´²¹¶¡","¡¾ÒÅÎï¿¨ÅÆ¡¿REMEMod"],"gold_per_floor":[122,223,242,267,300,382,150,176,216,197,236,69,69,69,76,170,70,101,101,118,151,165,190,215,215,304,304,941,941,816,1216,1232,1245,1277,1306,1306,1360,1405,1431,1281,1344,1389,1389,1181,1181,1345,1235,1235,1343,1343,1430,1477,1453,1241,1241,1344,1408,1473,1532,1532,1588,1251,1853,1931,2012,1962,1962,1536,1628,1471,1539,1597,1659,1659,1659,1791,1830,1894,1947,1907,516,516,545,545,545,545,632],"floor_reached":88,"language":"ZHS","playtime":3816,"items_purged":["Strike_R","Strike_R","Strike_R","Strike_R","Strike_R","Defend_R","Defend_R","Bash","AT_FamilyPortrait","conspire:SpireCoStock"],"score":5318,"play_id":"0702dff1-6233-4ebc-9066-8970c4ddfe5f","local_time":"20210220004013","daily_mods":["Heirloom","Flight"],"is_ascension_mode":true,"campfire_choices":[{"data":"AT_BodySlamDance","floor":19.0,"key":"SMITH"},{"data":"AT_GerminateFire","floor":25.0,"key":"SMITH"},{"data":"Apotheosis","floor":36.0,"key":"SMITH"},{"floor":60,"key":"RECALL"},{"data":"ReplayTheSpireMod:LeadingStrike+1","floor":74,"key":"PURGE"},{"data":"True Grit","floor":75,"key":"SMITH"},{"data":"Dark Embrace","floor":82,"key":"SMITH"},{"data":"testmod-EternalityOfKhronos","floor":84,"key":"SMITH"}],"circlet_count":0,"master_deck":["AT_BodySlamDance+1","Shrug It Off","AT_FamilyPortrait","Sword Boomerang","AT_GerminateFire+1","AT_IchimonjiDouble+1","Feel No Pain+1","Bloodletting","Apotheosis+1","Burning Pact+1","Seeing Red","Warcry+1","MostiFishMod:PerfectStrikeMKII+1","Exhume+1","Barricade","True Grit+1","Dark Embrace+1","Madness","testmod-EternalityOfKhronos+1","Dark Embrace","Body Slam+1"],"relics":["Burning Blood","DaveBox","HushsDoor","AT_ATBox","REME_ComplimentaryCards","Torii","testmod-Fortitude","SalivaCoin","RhineSuit","SynthV:TestCard","BookOfRevelations","Baka2","conspire:TopHat","Civilization","BookOfRevelations","Prayer Wheel","Gambling Chip","REME_LimitBreaker","TuHaoJin","Bag of Preparation","Blood Vial","Molten Egg 2","TuHaoJin","testmod-ObsoleteBoomerang","TheBean","AT_ChloranthyRing","SlaversCollar","BelialBook","Incubus","GuppysCollar","Orichalcum","Replay:Mystery Machine","ReplayTheSpireMod:Spearhead","AT_MibuBalloonWealth","Boot","Smiling Mask","testmod-Acrobat","AT_ImmortalShieldbow","DaCapo","testmod-Alchemist","Replay:Bottled Snecko","CultistMask","ChampionBelt","GuppysTail","GuppysHairball","GuppysPaw","Replay:Bottled Flurry","Chaos","Carrot","testmod-NegativeEmotionEnhancer","Replay:Drink Me","TungstenRod","Mango","PokeGo","Replay:Bottled Eggs","Replay:Bottled Steam","BloodBag","D6","Durian","Ornamental Fan","MagicDraw2","Happy Flower","AddBug","DiscerningMonocle","Black Star","Tiny House","Incubus","Red Skull","SatanicBible","AT_BellowingDragoncrestRing","ReplayFunnel","Replay:Antivirus Software","paleoftheancients:Timepiece","paleoftheancients:KeyRelic","Anchor","Gremlin Horn","paleoftheancients:SoulOfTheThorton","conspire:Flyswatter","Busted Crown","paleoftheancients:BlurryLens","testmod-BouquetWithThorns","REME_LowDesire","MagicDraw3","Pet Ghost","Mark of Pain","YumHeart","TheBible","Habit","MetatronsCube","Replay:Kaleidoscope","testmod-ArcanaOfDestiny","Centennial Puzzle","REME_HourglassOfDeath"],"acts_visited":["Exordium","TheCity","TheBeyond","paleoftheancients:PaleOfTheAncients"],"potions_floor_usage":[57,80,81,81,83,87,87,87,87,87],"damage_taken":[{"damage":1.0,"enemies":"Jaw Worm","floor":1.0,"turns":3.0},{"damage":14.0,"enemies":"Hiden Room Battle","floor":2.0,"turns":5.0},{"damage":0.0,"enemies":"Cultist","floor":3.0,"turns":2.0},{"damage":9.0,"enemies":"2 Louse","floor":5.0,"turns":2.0},{"damage":9.0,"enemies":"2 Fungi Beasts","floor":8.0,"turns":2.0},{"damage":0.0,"enemies":"Gremlin Nob","floor":9.0,"turns":2.0},{"damage":0.0,"enemies":"3 Sentries","floor":10.0,"turns":3.0},{"damage":6.0,"enemies":"Lagavulin","floor":11.0,"turns":1.0},{"damage":0.0,"enemies":"Blue Slaver","floor":15.0,"turns":1.0},{"damage":0.0,"enemies":"3 Sentries","floor":18.0,"turns":2.0},{"damage":0.0,"enemies":"3 Louse","floor":20.0,"turns":1.0},{"damage":0.0,"enemies":"Replay:BlueRogue","floor":21.0,"turns":1.0},{"damage":0.0,"enemies":"Gremlin Gang","floor":22.0,"turns":1.0},{"damage":0.0,"enemies":"Lagavulin","floor":23.0,"turns":2.0},{"damage":0.0,"enemies":"Gremlin Nob","floor":24.0,"turns":1.0},{"damage":3.0,"enemies":"Slime Boss","floor":26.0,"turns":1.0},{"damage":6.0,"enemies":"conspire:FuzzyDice","floor":28.0,"turns":1.0},{"damage":0.0,"enemies":"2 Thieves","floor":32.0,"turns":1.0},{"damage":0.0,"enemies":"Snake Plant","floor":33.0,"turns":1.0},{"damage":3.0,"enemies":"conspire:MimicChest","floor":34.0,"turns":1.0},{"damage":0.0,"enemies":"Book of Stabbing","floor":35.0,"turns":1.0},{"damage":33.0,"enemies":"Slavers","floor":37.0,"turns":3.0},{"damage":3.0,"enemies":"REME_1_Revenger","floor":41.0,"turns":1.0},{"damage":3.0,"enemies":"Snecko","floor":42.0,"turns":1.0},{"damage":1.00000002E8,"enemies":"Shelled Parasite and Fungi","floor":46.0,"turns":1.0},{"damage":0.0,"enemies":"Champ","floor":49.0,"turns":3.0},{"damage":0.0,"enemies":"R_Hoarder","floor":51.0,"turns":2.0},{"damage":0.0,"enemies":"Mind Bloom Boss Battle","floor":52.0,"turns":1.0},{"damage":0,"enemies":"Nemesis","floor":53,"turns":1},{"damage":0,"enemies":"2 Orb Walkers","floor":56,"turns":1},{"damage":0,"enemies":"R_Hoarder","floor":57,"turns":1},{"damage":0,"enemies":"Nemesis","floor":58,"turns":1},{"damage":0,"enemies":"R_Hoarder","floor":59,"turns":2},{"damage":0,"enemies":"Nemesis","floor":61,"turns":1},{"damage":0,"enemies":"R_Hoarder","floor":63,"turns":1},{"damage":1,"enemies":"Giant Head","floor":69,"turns":1},{"damage":0,"enemies":"Nemesis","floor":71,"turns":1},{"damage":0,"enemies":"R_Hoarder","floor":72,"turns":2},{"damage":0,"enemies":"R_Hoarder","floor":73,"turns":1},{"damage":0,"enemies":"Awakened One","floor":76,"turns":2},{"damage":1,"enemies":"Time Eater","floor":77,"turns":1},{"damage":0,"enemies":"paleoftheancients:Thorton1","floor":78,"turns":1},{"damage":0,"enemies":"paleoftheancients:BASlime2","floor":79,"turns":1},{"damage":0,"enemies":"paleoftheancients:Thorton1","floor":83,"turns":1},{"damage":0,"enemies":"Delirium","floor":87,"turns":2}],"seed_played":"4058603834948898649","potions_obtained":[{"floor":3.0,"key":"BloodPotion"},{"floor":5.0,"key":"Fire Potion"},{"floor":11.0,"key":"DistilledChaos"},{"floor":20.0,"key":"CultistPotion"},{"floor":33.0,"key":"Adrenaline Potion"},{"floor":34.0,"key":"BlessingOfTheForge"},{"floor":46.0,"key":"Swift Potion"},{"floor":46.0,"key":"BlessingOfTheForge"},{"floor":56,"key":"Energy Potion"},{"floor":72,"key":"PowerPotion"},{"floor":73,"key":"GamblersBrew"},{"floor":80,"key":"Fruit Juice"},{"floor":80,"key":"Energy Potion"},{"floor":80,"key":"Cursed Concoction"},{"floor":83,"key":"REME_GoldPotion"}],"is_trial":true,"path_per_floor":["M","?","M","T","M","?","$","M","E","E","E","$","T","T","M","?","$","E","R","M","E","M","E","E","R","B",null,"M","?","$","?","M","M","?","E","R","E","T","T","$","E","M","?","$","?","M","?","R","B",null,"M","?","M","$","T","?","M","M","E","R","E","$","E","T","T","?","?","$","E","$","E","M","E","R","R","B","B","M","M","?","$","R","M","R","$","?","B",null],"character_chosen":"IRONCLAD","items_purchased":["Civilization","Bag of Preparation","Apotheosis","BelialBook","Incubus","GuppysCollar","FairyPotion","testmod-Acrobat","Barricade","GuppysTail","GuppysHairball","FairyPotion","Chaos","Replay:Bottled Steam","MagicDraw2","Happy Flower","DiscerningMonocle","Black Star","Tiny House","REME_LowDesire","MagicDraw3","Pet Ghost","REME_GoldPotion","REME_GoldPotion","Dark Embrace","Madness","Mark of Pain","YumHeart","testmod-ArcanaOfDestiny","Centennial Puzzle","REME_HourglassOfDeath","Dark Embrace","SteroidPotion"],"campfire_rested":0,"item_purchase_floors":[7,12,27,27,27,27,27,44,50,50,50,50,54,62,68,68,70,70,70,81,81,81,81,81,81,81,81,81,85,85,85,85,85],"current_hp_per_floor":[73,50,56,56,58,47,47,46,70,81,86,86,86,86,94,79,79,92,92,104,109,114,119,124,124,129,72,77,77,77,77,82,87,92,100,100,87,87,87,87,97,107,107,107,107,45,45,45,58,90,103,110,107,107,107,120,95,101,121,121,127,127,120,125,125,125,125,125,151,156,162,168,174,174,174,180,186,192,198,203,203,203,209,209,209,209,215],"gold":632,"neow_bonus":"","is_daily":false,"chose_seed":false,"campfire_upgraded":6,"win_rate":0.0,"timestamp":1613752813,"path_taken":["M","?","M","?","M","?","?","M","E","E","E","$","T","T","M","?","$","E","R","?","E","M","E","E","R","BOSS","M","?","$","?","M","M","?","E","R","E","T","T","$","E","?","?","$","?","M","?","R","BOSS","M","?","M","$","?","?","?","M","E","R","E","$","E","T","T","?","?","$","E","?","E","M","E","R","R","BOSS","BOSS","M","M","?","$","R","M","R","$","?","BOSS"],"items_purchased_type":["Relic","Relic","Card","Relic","Relic","Relic","Potion","Relic","Card","Relic","Relic","Potion","Card","Relic","Relic","Relic","Relic","Relic","Relic","Relic","Relic","Relic","Potion","Potion","Card","Card","Relic","Relic","Relic","Relic","Relic","Card","Potion"],"build_version":"2020-12-22","purchased_purges":10,"victory":true,"max_hp_per_floor":[75,75,75,75,74,74,74,76,79,84,89,89,89,89,94,94,94,99,99,104,109,114,119,124,124,129,72,77,77,77,77,82,87,92,100,100,114,114,114,114,119,124,124,124,124,129,129,129,134,100,105,110,115,115,115,120,95,101,121,121,127,127,140,145,145,145,145,145,151,156,162,168,174,174,174,180,186,192,198,203,203,203,209,209,209,209,215],"relic_stats":{"Torii":8,"Happy Flower":[4],"Gremlin Horn":[0,0],"counters":[45,68],"Bag of Preparation":[77],"Orichalcum":[84],"Boot":[0],"Smiling Mask":650,"Burning Blood":120,"Blood Vial":22,"Centennial Puzzle":[0],"Busted Crown":8,"Ornamental Fan":[96],"Gambling Chip":[152],"Prayer Wheel":8,"Black Star":6,"obtain_stats":[{"Chaos":54,"AT_ATBox":0,"Tiny House":70,"Gremlin Horn":77,"AT_MibuBalloonWealth":38,"testmod-NegativeEmotionEnhancer":56,"Boot":39,"MagicDraw3":81,"MagicDraw2":68,"SatanicBible":72,"Blood Vial":14,"Baka2":2,"Centennial Puzzle":85,"TheBean":23,"Prayer Wheel":9,"TuHaoJin":11,"DaCapo":46,"Replay:Bottled Flurry":53,"Replay:Bottled Steam":62,"KeepersGift":0,"paleoftheancients:KeyRelic":77,"testmod-TestBox":0,"Happy Flower":68,"BookOfRevelations":2,"BelialBook":27,"AddBug":69,"Replay:Kaleidoscope":83,"REME_LimitBreaker":10,"Incubus":27,"BloodBag":63,"testmod-Fortitude":0,"paleoftheancients:Timepiece":77,"SlaversCollar":27,"ReplayTheSpireMod:Spearhead":37,"YumHeart":81,"REME_HourglassOfDeath":85,"testmod-Acrobat":44,"Molten Egg 2":18,"CultistMask":48,"Mark of Pain":81,"Black Star":70,"HushsDoor":0,"GuppysCollar":27,"BloodDonationMachine":52,"conspire:Flyswatter":78,"MetatronsCube":83,"ReplayFunnel":73,"GuppysTail":50,"Carrot":55,"DaveBox":0,"Torii":0,"GuppysPaw":51,"DiscerningMonocle":70,"RhineSuit":0,"Mango":59,"Bag of Preparation":12,"Replay:Mystery Machine":35,"Smiling Mask":41,"testmod-BouquetWithThorns":79,"Burning Blood":0,"conspire:TopHat":4,"Pet Ghost":81,"Civilization":7,"testmod-Alchemist":46,"ChampionBelt":50,"PokeGo":59,"Gambling Chip":9,"testmod-ObsoleteBoomerang":21,"Replay:Bottled Snecko":46,"Replay:Bottled Eggs":61,"Replay:Antivirus Software":73,"REME_LowDesire":81,"Replay:Drink Me":57,"Red Skull":71,"testmod-ArcanaOfDestiny":85,"AT_ChloranthyRing":24,"paleoftheancients:BlurryLens":79,"Baka":1,"Orichalcum":34,"AT_ImmortalShieldbow":46,"Habit":81,"D6":63,"Anchor":77,"SynthV:TestCard":1,"AT_BellowingDragoncrestRing":72,"Busted Crown":78,"TheBible":81,"Ornamental Fan":65,"SalivaCoin":0,"Durian":64,"GuppysHairball":50,"paleoftheancients:SoulOfTheThorton":78,"TungstenRod":58,"REME_ComplimentaryCards":0},{"Chaos":29,"AT_ATBox":0,"Tiny House":36,"Gremlin Horn":41,"AT_MibuBalloonWealth":22,"testmod-NegativeEmotionEnhancer":30,"Boot":22,"MagicDraw3":43,"MagicDraw2":35,"SatanicBible":38,"Blood Vial":8,"Baka2":2,"Centennial Puzzle":44,"TheBean":14,"Prayer Wheel":6,"TuHaoJin":8,"DaCapo":25,"Replay:Bottled Flurry":29,"Replay:Bottled Steam":34,"KeepersGift":0,"paleoftheancients:KeyRelic":41,"testmod-TestBox":0,"Happy Flower":35,"BookOfRevelations":2,"BelialBook":16,"AddBug":36,"Replay:Kaleidoscope":44,"REME_LimitBreaker":7,"Incubus":16,"BloodBag":35,"testmod-Fortitude":0,"paleoftheancients:Timepiece":41,"SlaversCollar":16,"ReplayTheSpireMod:Spearhead":22,"YumHeart":43,"REME_HourglassOfDeath":44,"testmod-Acrobat":24,"Molten Egg 2":10,"CultistMask":25,"Mark of Pain":43,"Black Star":36,"HushsDoor":0,"GuppysCollar":16,"BloodDonationMachine":28,"conspire:Flyswatter":42,"MetatronsCube":44,"ReplayFunnel":39,"GuppysTail":26,"Carrot":29,"DaveBox":0,"Torii":0,"GuppysPaw":27,"DiscerningMonocle":36,"RhineSuit":0,"Mango":33,"Bag of Preparation":8,"Replay:Mystery Machine":21,"Smiling Mask":23,"testmod-BouquetWithThorns":43,"Burning Blood":0,"conspire:TopHat":3,"Pet Ghost":43,"Civilization":4,"testmod-Alchemist":25,"ChampionBelt":26,"PokeGo":33,"Gambling Chip":6,"testmod-ObsoleteBoomerang":12,"Replay:Bottled Snecko":25,"Replay:Bottled Eggs":34,"Replay:Antivirus Software":39,"REME_LowDesire":43,"Replay:Drink Me":31,"Red Skull":37,"testmod-ArcanaOfDestiny":44,"AT_ChloranthyRing":15,"paleoftheancients:BlurryLens":43,"Baka":1,"Orichalcum":20,"AT_ImmortalShieldbow":25,"Habit":43,"D6":35,"Anchor":41,"SynthV:TestCard":1,"AT_BellowingDragoncrestRing":38,"Busted Crown":42,"TheBible":43,"Ornamental Fan":35,"SalivaCoin":0,"Durian":35,"GuppysHairball":26,"paleoftheancients:SoulOfTheThorton":42,"TungstenRod":32,"REME_ComplimentaryCards":0},{"Chaos":48,"AT_ATBox":0,"Tiny House":56,"Gremlin Horn":63,"AT_MibuBalloonWealth":38,"testmod-NegativeEmotionEnhancer":49,"Boot":38,"MagicDraw3":65,"MagicDraw2":55,"SatanicBible":59,"Blood Vial":20,"Baka2":8,"Centennial Puzzle":66,"TheBean":28,"Prayer Wheel":15,"TuHaoJin":20,"DaCapo":41,"Replay:Bottled Flurry":48,"Replay:Bottled Steam":54,"KeepersGift":0,"paleoftheancients:KeyRelic":63,"testmod-TestBox":0,"Happy Flower":55,"BookOfRevelations":8,"BelialBook":30,"AddBug":56,"Replay:Kaleidoscope":66,"REME_LimitBreaker":19,"Incubus":30,"BloodBag":55,"testmod-Fortitude":0,"paleoftheancients:Timepiece":63,"SlaversCollar":30,"ReplayTheSpireMod:Spearhead":38,"YumHeart":65,"REME_HourglassOfDeath":66,"testmod-Acrobat":40,"Molten Egg 2":23,"CultistMask":41,"Mark of Pain":65,"Black Star":56,"HushsDoor":0,"GuppysCollar":30,"BloodDonationMachine":47,"conspire:Flyswatter":64,"MetatronsCube":66,"ReplayFunnel":60,"GuppysTail":44,"Carrot":48,"DaveBox":0,"Torii":0,"GuppysPaw":46,"DiscerningMonocle":56,"RhineSuit":0,"Mango":53,"Bag of Preparation":20,"Replay:Mystery Machine":35,"Smiling Mask":39,"testmod-BouquetWithThorns":65,"Burning Blood":0,"conspire:TopHat":10,"Pet Ghost":65,"Civilization":12,"testmod-Alchemist":41,"ChampionBelt":44,"PokeGo":53,"Gambling Chip":16,"testmod-ObsoleteBoomerang":25,"Replay:Bottled Snecko":41,"Replay:Bottled Eggs":54,"Replay:Antivirus Software":60,"REME_LowDesire":65,"Replay:Drink Me":50,"Red Skull":57,"testmod-ArcanaOfDestiny":66,"AT_ChloranthyRing":29,"paleoftheancients:BlurryLens":65,"Baka":3,"Orichalcum":34,"AT_ImmortalShieldbow":41,"Habit":65,"D6":55,"Anchor":63,"SynthV:TestCard":3,"AT_BellowingDragoncrestRing":59,"Busted Crown":64,"TheBible":65,"Ornamental Fan":55,"SalivaCoin":0,"Durian":55,"GuppysHairball":44,"paleoftheancients:SoulOfTheThorton":64,"TungstenRod":51,"REME_ComplimentaryCards":0}],"TungstenRod":2},"card_choices":[{"not_picked":["Replay:Undeath\u0027s Touch","Wild Strike","True Grit"],"picked":"SKIP","floor":1.0},{"not_picked":["Clothesline","Flex","MostiFishMod:TemporaryOutbreak","Warcry"],"picked":"Battle Trance","floor":2.0},{"not_picked":["Massacre","Clash","ReplayReversal","Perfected Strike"],"picked":"AT_BodySlamDance","floor":3.0},{"not_picked":["Cleave","Clash","MostiFishMod:WingOfPhoenix","Pommel Strike"],"picked":"Shrug It Off","floor":5.0},{"not_picked":["Twin Strike","Shrug It Off","Rupture","Battle Trance","Cleave"],"picked":"SKIP","floor":8.0},{"not_picked":["Run Through","AT_BodySlamDance","Rupture","Thunderclap","AT_Dispersion"],"picked":"SKIP","floor":9.0},{"not_picked":["ReplayTheSpireMod:Limb From Limb","Anger","Thunderclap","conspire:Charge","Infernal Blade"],"picked":"SKIP","floor":10.0},{"not_picked":["Iron Wave","Cleave","Inflame","Wild Strike","Perfected Strike"],"picked":"SKIP","floor":11.0},{"not_picked":["Pommel Strike","Thunderclap","Warcry","Inflame"],"picked":"Sword Boomerang","floor":15.0},{"not_picked":["Havoc","Wild Strike","MostiFishMod:DoubleSword","Perfected Strike","Shrug It Off"],"picked":"SKIP","floor":15.0},{"not_picked":["Battle Trance","Perfected Strike+1","Searing Blow+1","Sentinel"],"picked":"AT_GerminateFire","floor":18.0},{"not_picked":["True Grit","Iron Wave+1","Rage","Twin Strike+1"],"picked":"ReplayReversal","floor":20.0},{"not_picked":["Iron Wave+1","AT_BodySlamDance","Clothesline+1","Impervious"],"picked":"AT_IchimonjiDouble+1","floor":20.0},{"not_picked":["Perfected Strike+1","Havoc","Heavy Blade+1","AT_ShrugMaster","Life Link"],"picked":"SKIP","floor":21.0},{"not_picked":["Cleave+1","Abandon","Clothesline+1","Warcry","Evolve"],"picked":"SKIP","floor":22.0},{"not_picked":["Flex","Rage","Iron Wave+1","True Grit","Searing Blow+1"],"picked":"SKIP","floor":22.0},{"not_picked":["Warcry","Wild Strike+1","Dropkick+1","Clothesline+1"],"picked":"Feel No Pain","floor":23.0},{"not_picked":["AT_BodySlamDance","Pommel Strike+1","Replay:Undeath\u0027s Touch+1","Shrug It Off"],"picked":"Bloodletting","floor":24.0},{"not_picked":["Demonic Infusion","MostiFishMod:Chiaki","MostiFishMod:404NotFound+1","MostiFishMod:RainCloud+1"],"picked":"Impervious","floor":26.0},{"not_picked":["Body Slam+1","Fire Breathing","Flex","Iron Wave+1"],"picked":"Burning Pact","floor":28.0},{"not_picked":["Warcry","Iron Wave+1","Infernal Blade","Cleave+1","Clash+1"],"picked":"SKIP","floor":28.0},{"not_picked":["Infernal Blade","Perfected Strike+1","Wild Strike+1","Entrench"],"picked":"Seeing Red","floor":32.0},{"not_picked":["Iron Wave+1","Rupture+1","Havoc+1","Warcry","Dual Wield"],"picked":"SKIP","floor":32.0},{"not_picked":["Pommel Strike+1","Defy Death","Sever Soul+1","Clash+1"],"picked":"Warcry+1","floor":33.0},{"not_picked":["Combust","Pommel Strike+1","Reaper+1","Sword Boomerang+1","Disarm+1"],"picked":"SKIP","floor":33.0},{"not_picked":["conspire:Charge+1","Seeing Red","MostiFishMod:NewArrival","Wild Strike+1","Infernal Blade"],"picked":"SKIP","floor":35.0},{"not_picked":["Clothesline+1","Cleave+1","MostiFishMod:BrandingRite","ReplayTheSpireMod:Limb From Limb+1"],"picked":"MostiFishMod:PerfectStrikeMKII+1","floor":37.0},{"not_picked":["AT_BodySlamDance+1","AT_GerminateFire+1","Replay:Undeath\u0027s Touch+1","Shrug It Off","Bloodletting"],"picked":"SKIP","floor":41.0},{"not_picked":["ReplayTheSpireMod:Corrosion Curse+1","Armaments","Combust","Body Slam+1"],"picked":"MostiFishMod:HellRitual","floor":42.0},{"not_picked":["Perfected Strike+1","Burning Pact","MostiFishMod:#F4004+1","AT_ShrugMaster","Iron Wave+1"],"picked":"SKIP","floor":42.0},{"not_picked":["Warcry","Headbutt+1","Inflame+1","Perfected Strike+1","Fire Breathing"],"picked":"SKIP","floor":46.0},{"not_picked":["True Grit","Wild Strike+1","Shrug It Off","Pommel Strike+1","Heavy Blade+1"],"picked":"SKIP","floor":46.0},{"not_picked":["Rupture","ReplayTheSpireMod:Muscle Training","Iron Wave+1","Perfected Strike+1","Blood for Blood+1"],"picked":"SKIP","floor":46.0},{"not_picked":["Impervious","MostiFishMod:UltimateDefense","Feed+1","AT_Dispersion"],"picked":"Exhume","floor":49.0},{"not_picked":["Havoc","Cleave+1","MostiFishMod:NewArrival","Clash+1","AT_CaressingTears"],"picked":"SKIP","floor":51.0},{"not_picked":["Twin Strike+1","Warcry","AT_IchimonjiDouble+1","MostiFishMod:OrdinaryWorld+1","Armaments"],"picked":"SKIP","floor":53},{"not_picked":["Sword Boomerang+1","Shrug It Off","REME_TheLastStrike+1","Clash+1","Life Link"],"picked":"SKIP","floor":57},{"not_picked":["AT_BodySlamDance","Heavy Blade+1","ReplayTheSpireMod:Strike From Hell+1","Run Through+1","Flame Barrier"],"picked":"SKIP","floor":58},{"not_picked":["ReplayTheSpireMod:Limb From Limb+1","True Grit","Replay:Undeath\u0027s Touch+1","Pummel+1","Cleave+1"],"picked":"SKIP","floor":59},{"not_picked":["Sentinel","Clash+1","Shrug It Off","Massacre+1","Demon Form"],"picked":"SKIP","floor":61},{"not_picked":["Thunderclap+1","Warcry+1","MostiFishMod:TemporaryOutbreak","Carnage+1","AT_IchimonjiDouble+1"],"picked":"SKIP","floor":63},{"not_picked":["Heavy Blade+1","Headbutt+1","ReplayTheSpireMod:Muscle Training","Shrug It Off","Cleave+1"],"picked":"SKIP","floor":63},{"not_picked":["Hemokinesis+1","Cleave+1","AT_ManFootWork+1","MostiFishMod:ChineseTea","ReplayTheSpireMod:Muscle Training+1"],"picked":"SKIP","floor":63},{"not_picked":["Iron Wave+1","Headbutt+1","Flex","Rage","Evolve"],"picked":"SKIP","floor":63},{"not_picked":["ReplayTheSpireMod:Muscle Training","Metallicize","Fire Breathing","AT_IchimonjiDouble+1","ReplayReversal+1"],"picked":"SKIP","floor":69},{"not_picked":["AT_ManFootWork","Uppercut+1","ReplayTheSpireMod:LeadingStrike+1","Run Through+1","Body Slam+1"],"picked":"SKIP","floor":71},{"not_picked":["Cleave+1","Body Slam+1","AT_BodySlamDance","Dual Wield+1"],"picked":"True Grit","floor":72},{"not_picked":["Cleave+1","Wild Strike+1","Feel No Pain+1","Perfected Strike+1","Massacre+1"],"picked":"SKIP","floor":73},{"not_picked":["ReplayTheSpireMod:Limb From Limb+1","Infernal Blade+1","Spot Weakness+1","Twin Strike+1","ReplayTheSpireMod:Strike From Hell+1"],"picked":"SKIP","floor":78},{"not_picked":["Defy Death+1","Searing Blow+1","Run Through+1"],"picked":"SKIP","floor":79},{"not_picked":["MostiFishMod:Mania","Offering","Havoc+1"],"picked":"testmod-EternalityOfKhronos","floor":83}],"player_experience":2626372,"relics_obtained":[{"floor":1.0,"key":"Baka"},{"floor":1.0,"key":"SynthV:TestCard"},{"floor":2.0,"key":"BookOfRevelations"},{"floor":2.0,"key":"Baka2"},{"floor":4.0,"key":"conspire:TopHat"},{"floor":8.0,"key":"BookOfRevelations"},{"floor":9.0,"key":"Gambling Chip"},{"floor":10.0,"key":"REME_LimitBreaker"},{"floor":11.0,"key":"TuHaoJin"},{"floor":14.0,"key":"Blood Vial"},{"floor":18.0,"key":"Molten Egg 2"},{"floor":20.0,"key":"TuHaoJin"},{"floor":21.0,"key":"testmod-ObsoleteBoomerang"},{"floor":23.0,"key":"TheBean"},{"floor":24.0,"key":"AT_ChloranthyRing"},{"floor":34.0,"key":"Orichalcum"},{"floor":35.0,"key":"Replay:Mystery Machine"},{"floor":37.0,"key":"ReplayTheSpireMod:Spearhead"},{"floor":38.0,"key":"AT_MibuBalloonWealth"},{"floor":39.0,"key":"Boot"},{"floor":41.0,"key":"Smiling Mask"},{"floor":46.0,"key":"AT_ImmortalShieldbow"},{"floor":46.0,"key":"DaCapo"},{"floor":46.0,"key":"testmod-Alchemist"},{"floor":46.0,"key":"Replay:Bottled Snecko"},{"floor":51.0,"key":"GuppysPaw"},{"floor":52.0,"key":"BloodDonationMachine"},{"floor":53,"key":"Replay:Bottled Flurry"},{"floor":55,"key":"Carrot"},{"floor":56,"key":"testmod-NegativeEmotionEnhancer"},{"floor":57,"key":"Replay:Drink Me"},{"floor":58,"key":"TungstenRod"},{"floor":59,"key":"Mango"},{"floor":59,"key":"PokeGo"},{"floor":61,"key":"Replay:Bottled Eggs"},{"floor":63,"key":"D6"},{"floor":64,"key":"Durian"},{"floor":65,"key":"Ornamental Fan"},{"floor":69,"key":"AddBug"},{"floor":71,"key":"Incubus"},{"floor":71,"key":"Red Skull"},{"floor":72,"key":"SatanicBible"},{"floor":72,"key":"AT_BellowingDragoncrestRing"},{"floor":73,"key":"ReplayFunnel"},{"floor":73,"key":"Replay:Antivirus Software"},{"floor":78,"key":"paleoftheancients:SoulOfTheThorton"},{"floor":78,"key":"conspire:Flyswatter"},{"floor":78,"key":"Busted Crown"},{"floor":79,"key":"paleoftheancients:BlurryLens"},{"floor":79,"key":"testmod-BouquetWithThorns"},{"floor":81,"key":"TheBible"},{"floor":81,"key":"Habit"},{"floor":83,"key":"MetatronsCube"},{"floor":83,"key":"Replay:Kaleidoscope"}],"event_choices":[{"damage_healed":0.0,"max_hp_gain":0.0,"max_hp_loss":0.0,"gold_gain":0.0,"event_name":"HidenRoomEvent","player_choice":"Fight","floor":2.0,"gold_loss":0.0,"damage_taken":0.0},{"damage_healed":0.0,"max_hp_gain":0.0,"max_hp_loss":0.0,"gold_gain":75.0,"event_name":"World of Goop","player_choice":"Gather Gold","floor":6.0,"gold_loss":0.0,"damage_taken":11.0},{"damage_healed":0.0,"max_hp_gain":0.0,"max_hp_loss":0.0,"gold_gain":400.0,"event_name":"¶÷ÂåË¹µÄÅÌ×Ó","player_choice":"Sell","floor":31.0,"relics_lost":["testmod-TestBox"],"gold_loss":0.0,"damage_taken":0.0},{"damage_healed":0.0,"max_hp_gain":0.0,"max_hp_loss":0.0,"gold_gain":0.0,"event_name":"Vampires","player_choice":"Ignored","floor":43.0,"gold_loss":0.0,"damage_taken":0.0},{"cards_removed":["Defend_R"],"damage_healed":0.0,"max_hp_gain":0.0,"max_hp_loss":0.0,"gold_gain":0.0,"event_name":"Back to Basics","player_choice":"Elegance","floor":45.0,"gold_loss":0.0,"damage_taken":0.0},{"cards_removed":["Defend_R"],"damage_healed":0.0,"max_hp_gain":0.0,"max_hp_loss":0.0,"gold_gain":0.0,"event_name":"Designer","player_choice":"Upgrade and Remove","floor":47.0,"gold_loss":110.0,"damage_taken":0.0,"cards_upgraded":["Feel No Pain"]},{"damage_healed":0.0,"max_hp_gain":0.0,"max_hp_loss":0.0,"gold_gain":0.0,"event_name":"FaceTrader","player_choice":"Trade","floor":48.0,"gold_loss":0.0,"damage_taken":0.0,"relics_obtained":["CultistMask"]},{"damage_healed":0.0,"max_hp_gain":0.0,"max_hp_loss":0.0,"gold_gain":0.0,"event_name":"MindBloom","player_choice":"Fight","floor":52.0,"gold_loss":0.0,"damage_taken":0.0},{"damage_healed":0,"gold_gain":0,"player_choice":"Fight","damage_taken":0,"max_hp_gain":0,"max_hp_loss":0,"event_name":"Mysterious Sphere","floor":56,"gold_loss":0},{"damage_healed":0,"gold_gain":0,"player_choice":"Invest 1","damage_taken":0,"max_hp_gain":0,"max_hp_loss":0,"event_name":"conspire:Investor","floor":66,"gold_loss":0},{"cards_removed":["Impervious"],"damage_healed":0,"gold_gain":0,"player_choice":"Removed Skill","damage_taken":0,"max_hp_gain":0,"max_hp_loss":0,"event_name":"Falling","floor":67,"gold_loss":0},{"damage_healed":0,"gold_gain":0,"player_choice":"Bought 3 Potions","damage_taken":0,"max_hp_gain":0,"max_hp_loss":0,"event_name":"The Woman in Blue","floor":80,"gold_loss":0}],"is_beta":false,"boss_relics":[{"not_picked":["Velvet Choker","testmod-GoldenSoul"],"picked":"SlaversCollar"},{"not_picked":[]},{"not_picked":["testmod-KeyOfTheVoid","Honey Jar"],"picked":"ChampionBelt"},{"not_picked":[]}],"items_purged_floors":[7,17,27,30,40,44,50,54,62,70],"is_endless":false,"potions_floor_spawned":[3,5,8,11,20,22,23,24,26,33,34,42,46,56,61,63,71,72,73,79,83],"ascension_level":20}}