{"host":"6ggzka4dag2kvku2","time":1613709189,"event":{"mods":["AchievementEnabler","BaseMod","DeckTracker","Minty Spire (QoL Compilation)","Permanent Neow","Quick Restart","SuperFastMode"],"gold_per_floor":[365,290,290,290,302,302,327,344,414,414,414,424,441,459,459,564,564,581,615,226,236,255,289,289,303,303,335,260,260,279,289,289,390,390,406,406,3,17,17,48,68,68,91,122,136,147,147,147,147,147],"floor_reached":51,"language":"KOR","playtime":3352,"items_purged":["Writhe","Strike_B","Normality"],"score":874,"play_id":"9c850676-063a-4d05-a1ca-3331e1e3abb1","local_time":"20210219133309","is_ascension_mode":false,"campfire_choices":[{"data":"Zap","floor":6,"key":"SMITH"},{"data":"Defragment","floor":10,"key":"SMITH"},{"floor":15,"key":"REST"},{"data":"Consume","floor":24,"key":"SMITH"},{"floor":32,"key":"REST"},{"data":"Skim","floor":42,"key":"SMITH"},{"data":"Amplify","floor":49,"key":"SMITH"}],"circlet_count":0,"master_deck":["Strike_B+1","Strike_B","Defend_B+1","Defend_B","Defend_B","Defend_B","Zap+1","Dualcast+1","Consume+1","Defragment+1","Melter","Coolheaded","Glacier","White Noise","Machine Learning","Sunder","Rebound","Blizzard","Capacitor","Aggregate","Hologram","Defragment","White Noise","Conserve Battery","Amplify+1","Recycle+1","Skim+1","Heatsinks","Master of Strategy","Redo+1","Sweeping Beam+1","Decay","Meteor Strike","Cold Snap+1","Defragment+1"],"relics":["Cracked Core","Strawberry","Mummified Hand","White Beast Statue","Cursed Key","Red Mask","Runic Capacitor","InkBottle","Calipers","Gremlin Horn","Nuclear Battery","Potion Belt","Bronze Scales","Bag of Preparation"],"acts_visited":["Exordium","TheCity","TheBeyond"],"potions_floor_usage":[16,18,19,19,23,27,40,41,46,50,50,50,50],"damage_taken":[{"damage":1,"enemies":"Cultist","floor":1,"turns":3},{"damage":0,"enemies":"Small Slimes","floor":5,"turns":2},{"damage":26,"enemies":"Lagavulin","floor":7,"turns":7},{"damage":0,"enemies":"2 Louse","floor":8,"turns":1},{"damage":3,"enemies":"Blue Slaver","floor":12,"turns":2},{"damage":0,"enemies":"3 Louse","floor":13,"turns":2},{"damage":9,"enemies":"Red Slaver","floor":14,"turns":4},{"damage":7,"enemies":"Hexaghost","floor":16,"turns":11},{"damage":12,"enemies":"3 Byrds","floor":18,"turns":5},{"damage":12,"enemies":"Masked Bandits","floor":19,"turns":4},{"damage":0,"enemies":"Chosen","floor":21,"turns":5},{"damage":0,"enemies":"Snecko","floor":22,"turns":5},{"damage":12,"enemies":"Gremlin Leader","floor":23,"turns":8},{"damage":15,"enemies":"Snake Plant","floor":25,"turns":5},{"damage":8,"enemies":"Book of Stabbing","floor":27,"turns":7},{"damage":0,"enemies":"Shelled Parasite and Fungi","floor":30,"turns":4},{"damage":0,"enemies":"Chosen and Byrds","floor":31,"turns":6},{"damage":0,"enemies":"Champ","floor":33,"turns":12},{"damage":0,"enemies":"Orb Walker","floor":35,"turns":3},{"damage":0,"enemies":"3 Darklings","floor":38,"turns":3},{"damage":11,"enemies":"Reptomancer","floor":40,"turns":4},{"damage":3,"enemies":"4 Shapes","floor":41,"turns":4},{"damage":1,"enemies":"Giant Head","floor":44,"turns":8},{"damage":0,"enemies":"Transient","floor":45,"turns":5},{"damage":8,"enemies":"Spire Growth","floor":46,"turns":4},{"damage":0,"enemies":"Donu and Deca","floor":50,"turns":7}],"seed_played":"1540906123547685252","potions_obtained":[{"floor":7,"key":"Fire Potion"},{"floor":8,"key":"Swift Potion"},{"floor":12,"key":"SneckoOil"},{"floor":14,"key":"SkillPotion"},{"floor":16,"key":"LiquidMemories"},{"floor":18,"key":"ColorlessPotion"},{"floor":19,"key":"Dexterity Potion"},{"floor":21,"key":"PotionOfCapacity"},{"floor":22,"key":"PowerPotion"},{"floor":23,"key":"FearPotion"},{"floor":27,"key":"SpeedPotion"},{"floor":30,"key":"FocusPotion"},{"floor":31,"key":"GamblersBrew"},{"floor":33,"key":"LiquidMemories"},{"floor":38,"key":"Energy Potion"},{"floor":40,"key":"Dexterity Potion"},{"floor":41,"key":"FearPotion"},{"floor":44,"key":"AttackPotion"},{"floor":45,"key":"FocusPotion"},{"floor":46,"key":"FairyPotion"},{"floor":48,"key":"LiquidMemories"}],"is_trial":false,"path_per_floor":["M","$","?","?","M","R","E","M","T","R","?","M","M","M","R","B",null,"M","?","$","M","M","E","R","M","T","E","?","?","M","M","R","B",null,"M","?","$","M","$","E","M","R","T","E","M","M","$","?","R","B",null],"character_chosen":"DEFECT","items_purchased":["Blizzard","Capacitor","Runic Capacitor","Skim","Heatsinks","Master of Strategy"],"campfire_rested":2,"item_purchase_floors":[20,20,20,37,37,37],"current_hp_per_floor":[74,74,74,59,59,59,40,40,40,40,28,25,25,16,40,33,82,70,58,58,58,58,46,46,31,31,23,23,23,23,23,47,47,82,82,82,82,82,82,71,68,68,68,67,67,59,59,59,59,59],"gold":147,"neow_bonus":"TWO_FIFTY_GOLD","is_daily":false,"chose_seed":false,"campfire_upgraded":5,"win_rate":0.0,"timestamp":1613709189,"path_taken":["M","$","?","?","M","R","E","M","T","R","?","M","M","M","R","BOSS","M","?","$","M","M","E","R","M","T","E","?","?","M","?","R","BOSS","M","?","$","M","$","E","?","R","T","E","?","M","$","?","R","BOSS"],"items_purchased_type":["Card","Card","Relic","Card","Card","Card"],"build_version":"2020-12-22","purchased_purges":3,"victory":true,"max_hp_per_floor":[75,75,75,75,75,75,82,82,82,82,82,82,82,82,82,82,82,82,82,82,82,82,82,82,82,82,82,82,82,82,82,82,82,82,82,82,82,82,82,82,82,82,82,82,82,82,82,82,82,82],"card_choices":[{"not_picked":["Aggregate","Steam Power"],"picked":"Consume","floor":1},{"not_picked":["Barrage","Leap"],"picked":"Defragment","floor":5},{"not_picked":["Loop","All For One"],"picked":"Melter","floor":7},{"not_picked":["Steam","Hologram"],"picked":"Coolheaded","floor":8},{"not_picked":["Turbo","Doom and Gloom","Compile Driver"],"picked":"SKIP","floor":12},{"not_picked":["Turbo","Doom and Gloom","Compile Driver"],"picked":"SKIP","floor":12},{"not_picked":["Stack","Leap"],"picked":"Glacier","floor":13},{"not_picked":["FTL","Leap"],"picked":"White Noise","floor":14},{"not_picked":["All For One","Biased Cognition"],"picked":"Machine Learning","floor":16},{"not_picked":["Barrage","Undo"],"picked":"Sunder","floor":18},{"not_picked":["Reinforced Body","Auto Shields"],"picked":"Rebound","floor":19},{"not_picked":["Go for the Eyes","Melter+1"],"picked":"Aggregate","floor":21},{"not_picked":["Hello World","Steam","Rebound"],"picked":"SKIP","floor":22},{"not_picked":["Beam Cell","Tempest","Steam"],"picked":"SKIP","floor":23},{"not_picked":["Beam Cell","Tempest","Steam"],"picked":"SKIP","floor":23},{"not_picked":["Steam+1","Redo"],"picked":"Hologram","floor":25},{"not_picked":["Hologram","Static Discharge"],"picked":"Defragment","floor":27},{"not_picked":["Barrage","Capacitor"],"picked":"Conserve Battery","floor":30},{"not_picked":["Undo","FTL+1","Tempest"],"picked":"SKIP","floor":31},{"not_picked":["Biased Cognition","Meteor Strike"],"picked":"Amplify","floor":33},{"not_picked":["Redo","Beam Cell"],"picked":"Recycle+1","floor":35},{"not_picked":["BootSequence","Defragment"],"picked":"Redo+1","floor":38},{"not_picked":["Go for the Eyes+1","Reinforced Body+1","Rebound+1"],"picked":"SKIP","floor":40},{"not_picked":["Coolheaded","Compile Driver+1"],"picked":"Sweeping Beam+1","floor":41},{"not_picked":["Hologram+1","Streamline+1"],"picked":"Meteor Strike","floor":44},{"not_picked":["Conserve Battery","Gash"],"picked":"Cold Snap+1","floor":45},{"not_picked":["Barrage+1","Force Field"],"picked":"Defragment+1","floor":46}],"player_experience":72294,"relics_obtained":[{"floor":7,"key":"Strawberry"},{"floor":9,"key":"Mummified Hand"},{"floor":19,"key":"Red Mask"},{"floor":23,"key":"InkBottle"},{"floor":26,"key":"Calipers"},{"floor":27,"key":"Gremlin Horn"},{"floor":40,"key":"Potion Belt"},{"floor":43,"key":"Bronze Scales"},{"floor":44,"key":"Bag of Preparation"}],"event_choices":[{"damage_healed":0,"gold_gain":0,"player_choice":"Grow","damage_taken":0,"max_hp_gain":0,"max_hp_loss":0,"event_name":"Living Wall","floor":3,"gold_loss":0,"cards_upgraded":["Dualcast"]},{"damage_healed":0,"gold_gain":0,"player_choice":"Entered Light","damage_taken":15,"max_hp_gain":0,"max_hp_loss":0,"event_name":"Shining Light","floor":4,"gold_loss":0,"cards_upgraded":["Defend_B","Strike_B"]},{"damage_healed":0,"gold_gain":0,"player_choice":"Success","damage_taken":12,"relics_obtained":["White Beast Statue"],"max_hp_gain":0,"max_hp_loss":0,"event_name":"Scrap Ooze","floor":11,"gold_loss":0},{"damage_healed":0,"gold_gain":0,"player_choice":"Fought Bandits","damage_taken":0,"max_hp_gain":0,"max_hp_loss":0,"event_name":"Masked Bandits","floor":19,"gold_loss":0},{"cards_removed":["Strike_B"],"damage_healed":0,"gold_gain":0,"player_choice":"Gave Gold","damage_taken":0,"max_hp_gain":0,"max_hp_loss":0,"event_name":"Beggar","floor":28,"gold_loss":75},{"damage_healed":0,"gold_gain":0,"player_choice":"Copied","damage_taken":0,"max_hp_gain":0,"max_hp_loss":0,"event_name":"Duplicator","floor":29,"gold_loss":0,"cards_obtained":["White Noise"]},{"damage_healed":0,"gold_gain":0,"player_choice":"Ignored","damage_taken":0,"max_hp_gain":0,"max_hp_loss":0,"event_name":"NoteForYourself","floor":36,"gold_loss":0},{"damage_healed":0,"gold_gain":0,"player_choice":"Got Potions","damage_taken":0,"max_hp_gain":0,"max_hp_loss":0,"event_name":"Lab","floor":48,"gold_loss":0}],"is_beta":false,"boss_relics":[{"not_picked":["Sozu","Busted Crown"],"picked":"Cursed Key"},{"not_picked":["Inserter","Empty Cage"],"picked":"Nuclear Battery"}],"items_purged_floors":[2,20,37],"is_endless":false,"potions_floor_spawned":[7,8,12,13,14,16,18,19,21,22,23,25,27,30,31,33,35,38,40,41,44,45,46],"ascension_level":0}}