{"host":"8p5c6x4qt9411139","time":1613763061,"event":{"mods":["Aspiration","BaseMod","Better Third Choice","BetterRewards","Conspire","Friendly Minions","Hubris","Infinite Spire","Minty Spire (QoL Compilation)","Quick Restart","Relic Stats","Reliquary","Replay The Spire","Shop Mod","Spicy Shops","Spire Arcade","StSLib","The Jungle"],"gold_per_floor":[51,64,64,79,79,79,155,155,155,43,57,70,70,181,181,255,255,265,32,44,44,107,107,107,107],"floor_reached":24,"language":"ENG","playtime":834,"items_purged":[],"score":347,"play_id":"d02be04c-6a9e-422b-b88b-f824d4aec9f4","local_time":"20210219113101","is_ascension_mode":true,"campfire_choices":[{"data":"Apotheosis","floor":6.0,"key":"SMITH"},{"floor":13.0,"key":"REST"},{"floor":15.0,"key":"DIG"},{"floor":23,"key":"REST"}],"circlet_count":0,"master_deck":["AscendersBane","Strike_R","Strike_R+1","Strike_R","Strike_R","Defend_R+1","Defend_R","Defend_R","Defend_R","Bash","Clothesline","Apotheosis+1","ReplayTheSpireMod:LeadingStrike","Battle Trance","ReplayTheSpireMod:Stacked","Pummel","Dual Wield","Immolate","hubris:ReadiedAction","Inflame","Twin Strike","Shrug It Off+1","Inflame","Flame Barrier"],"relics":["Burning Blood","King of Hearts","Blood Vial","conspire:TreasureMap","hubris:OldNail","hubris:MobiusCoin","aspiration:BabyByrd","Replay:Wax Seal","Simple Rune","reliquary:WritOfMandamus"],"acts_visited":["Exordium","TheCity"],"potions_floor_usage":[22],"damage_taken":[{"damage":13.0,"enemies":"Small Slimes","floor":1.0,"turns":4.0},{"damage":5.0,"enemies":"2 Louse","floor":2.0,"turns":2.0},{"damage":9.0,"enemies":"Jaw Worm","floor":4.0,"turns":3.0},{"damage":12.0,"enemies":"Lagavulin","floor":7.0,"turns":3.0},{"damage":9.0,"enemies":"Blue Slaver","floor":11.0,"turns":2.0},{"damage":14.0,"enemies":"Lots of Slimes","floor":12.0,"turns":5.0},{"damage":12.0,"enemies":"3 Louse","floor":14.0,"turns":3.0},{"damage":20.0,"enemies":"The Guardian","floor":16.0,"turns":8.0},{"damage":3.0,"enemies":"Spheric Guardian","floor":18.0,"turns":3.0},{"damage":20.0,"enemies":"Shell Parasite","floor":20.0,"turns":4.0},{"damage":17,"enemies":"Snake Plant","floor":22,"turns":4},{"damage":42,"enemies":"Gremlin Leader","floor":24,"turns":3}],"seed_played":"8726174994720929184","potions_obtained":[{"floor":2.0,"key":"DistilledChaos"},{"floor":11.0,"key":"BloodPotion"},{"floor":12.0,"key":"CultistPotion"},{"floor":16.0,"key":"Swift Potion"}],"is_trial":false,"path_per_floor":["M","M","?","M","?","R","E","?","T","$","M","M","R","M","R","B",null,"M","$","M","?","M","R","E"],"character_chosen":"IRONCLAD","items_purchased":["King of Hearts","Clothesline","Blood Vial","Apotheosis","conspire:TreasureMap","hubris:OldNail","SteroidPotion","ReplayTheSpireMod:LeadingStrike","Pummel","Inflame","Twin Strike"],"campfire_rested":2,"item_purchase_floors":[0,0,0,0,0,0,0,0,10,19,19],"current_hp_per_floor":[28,31,31,30,30,30,26,26,26,26,25,19,41,37,37,25,63,68,68,56,56,47,69,29,29],"gold":107,"neow_bonus":"","is_daily":false,"chose_seed":false,"campfire_upgraded":1,"win_rate":0.0,"timestamp":1613763061,"path_taken":["M","M","?","M","?","R","E","?","T","?","M","?","R","M","R","BOSS","M","$","M","?","M","R","E"],"items_purchased_type":["Relic","Card","Relic","Card","Relic","Relic","Potion","Card","Card","Card","Card"],"build_version":"2020-12-22","purchased_purges":0,"victory":false,"max_hp_per_floor":[75,75,75,75,75,75,75,75,75,75,75,75,75,75,75,75,75,75,75,75,75,75,75,75,75],"relic_stats":{"Blood Vial":24,"counters":[98,376],"obtain_stats":[{"Ice Cream":0,"Gremlin Horn":22,"Vajra":0,"hubris:VirtuousBlindfold":35,"Whetstone":0,"Ginger":0,"Bottled Tornado":0,"Boot":9,"Blood Vial":0,"infinitespire:ShieldingShard":6,"Sundial":43,"aspiration:BabyByrd":12,"Replay:Bronze Core":17,"infinitespire:Golems Mask":42,"MealTicket":26,"HandDrill":0,"Replay:Wax Seal":0,"hubris:MobiusCoin":7,"conspire:TreasureMap":0,"hubris:DuctTape":49,"aspiration:Nostalgia":0,"Dead Branch":27,"infinitespire:Magic Flask":0,"Replay:Kaleidoscope":7,"Question Card":38,"Akabeko":0,"infinitespire:EvilPickle":34,"hubris:Zylophone":38,"Runic Dome":18,"Bottled Flame":35,"Brimstone":22,"infinitespire:Lychee Nut":42,"MutagenicStrength":32,"Bronze Scales":44,"Simple Rune":0,"infinitespire:EmpoweringShard":22,"Grinning Jar":41,"reliquary:WritOfMandamus":17,"aspiration:HatOfInfinitePower":45,"Mirror":20,"StrikeDummy":41,"Abe\u0027s Treasure":35,"Regal Pillow":14,"aspiration:Lifesprig":48,"Lantern":38,"Replay:PocketPolymizer":0,"reliquary:SilkGlove":0,"Enchiridion":32,"King of Hearts":0,"hubris:SlimyHat":46,"Juzu Bracelet":48,"Replay:Multitool":49,"hubris:RunicObelisk":17,"hubris:EmptyBottle":38,"Ancient Tea Set":26,"Burning Blood":0,"Nunchaku":10,"Shovel":30,"hubris:Backtick":35,"Replay:M_SmolderingBlood":0,"Pantograph":0,"Ring of Peace":4,"reliquary:NewFriend":9,"hubris:ChampionShield":0,"InkBottle":8,"Gremlin Food":0,"BargainBundle":0,"Lee\u0027s Waffle":0,"Replay:Towering Pillar of Hats":0,"Guide Book":0,"Replay:WaspNest":44,"aspiration:HummingbirdHeart":0,"infinitespire:Lucky Rock":44,"MawBank":24,"White Beast Statue":9,"infinitespire:DarkRift":0,"Ornamental Fan":27,"Another Sword":39,"Art of War":0,"Durian":0,"Bag of Marbles":0,"Membership Card":0,"Bottled Lightning":43,"PureWater":0,"FossilizedHelix":3,"hubris:Potato":0,"hubris:OldNail":0},{"Ice Cream":0,"Gremlin Horn":42,"Vajra":3,"hubris:VirtuousBlindfold":22,"Whetstone":3,"Ginger":57,"Bottled Tornado":56,"Boot":10,"Blood Vial":86,"infinitespire:ShieldingShard":36,"Sundial":26,"aspiration:BabyByrd":38,"Replay:Bronze Core":66,"infinitespire:Golems Mask":25,"MealTicket":43,"HandDrill":3,"Replay:Wax Seal":81,"hubris:MobiusCoin":90,"conspire:TreasureMap":86,"hubris:DuctTape":55,"aspiration:Nostalgia":3,"Dead Branch":43,"infinitespire:Magic Flask":3,"Replay:Kaleidoscope":10,"Question Card":23,"Akabeko":6,"infinitespire:EvilPickle":22,"hubris:Zylophone":75,"Runic Dome":14,"Bottled Flame":74,"Brimstone":16,"infinitespire:Lychee Nut":52,"MutagenicStrength":21,"Bronze Scales":78,"Simple Rune":3,"infinitespire:EmpoweringShard":69,"Grinning Jar":24,"reliquary:WritOfMandamus":94,"aspiration:HatOfInfinitePower":27,"Mirror":42,"StrikeDummy":77,"Abe\u0027s Treasure":48,"Regal Pillow":13,"aspiration:Lifesprig":29,"Lantern":50,"Replay:PocketPolymizer":56,"reliquary:SilkGlove":81,"Enchiridion":73,"King of Hearts":86,"hubris:SlimyHat":27,"Juzu Bracelet":55,"Replay:Multitool":80,"hubris:RunicObelisk":40,"hubris:EmptyBottle":75,"Ancient Tea Set":71,"Burning Blood":0,"Nunchaku":11,"Shovel":21,"hubris:Backtick":74,"Replay:M_SmolderingBlood":81,"Pantograph":0,"Ring of Peace":5,"reliquary:NewFriend":85,"hubris:ChampionShield":3,"InkBottle":37,"Gremlin Food":31,"BargainBundle":0,"Lee\u0027s Waffle":3,"Replay:Towering Pillar of Hats":57,"Guide Book":31,"Replay:WaspNest":52,"aspiration:HummingbirdHeart":57,"infinitespire:Lucky Rock":26,"MawBank":43,"White Beast Statue":63,"infinitespire:DarkRift":3,"Ornamental Fan":19,"Another Sword":51,"Art of War":0,"Durian":6,"Bag of Marbles":57,"Membership Card":57,"Bottled Lightning":78,"PureWater":56,"FossilizedHelix":3,"hubris:Potato":56,"hubris:OldNail":86},{"Ice Cream":0,"Gremlin Horn":166,"Vajra":8,"hubris:VirtuousBlindfold":82,"Whetstone":8,"Ginger":222,"Bottled Tornado":218,"Boot":26,"Blood Vial":332,"infinitespire:ShieldingShard":127,"Sundial":93,"aspiration:BabyByrd":142,"Replay:Bronze Core":255,"infinitespire:Golems Mask":89,"MealTicket":171,"HandDrill":8,"Replay:Wax Seal":313,"hubris:MobiusCoin":344,"conspire:TreasureMap":332,"hubris:DuctTape":211,"aspiration:Nostalgia":8,"Dead Branch":171,"infinitespire:Magic Flask":8,"Replay:Kaleidoscope":26,"Question Card":84,"Akabeko":16,"infinitespire:EvilPickle":82,"hubris:Zylophone":293,"Runic Dome":49,"Bottled Flame":288,"Brimstone":57,"infinitespire:Lychee Nut":202,"MutagenicStrength":76,"Bronze Scales":303,"Simple Rune":8,"infinitespire:EmpoweringShard":267,"Grinning Jar":87,"reliquary:WritOfMandamus":362,"aspiration:HatOfInfinitePower":96,"Mirror":166,"StrikeDummy":300,"Abe\u0027s Treasure":191,"Regal Pillow":42,"aspiration:Lifesprig":103,"Lantern":195,"Replay:PocketPolymizer":218,"reliquary:SilkGlove":313,"Enchiridion":283,"King of Hearts":332,"hubris:SlimyHat":96,"Juzu Bracelet":211,"Replay:Multitool":309,"hubris:RunicObelisk":157,"hubris:EmptyBottle":293,"Ancient Tea Set":276,"Burning Blood":0,"Nunchaku":33,"Shovel":76,"hubris:Backtick":288,"Replay:M_SmolderingBlood":313,"Pantograph":0,"Ring of Peace":15,"reliquary:NewFriend":328,"hubris:ChampionShield":8,"InkBottle":136,"Gremlin Food":109,"BargainBundle":0,"Lee\u0027s Waffle":8,"Replay:Towering Pillar of Hats":222,"Guide Book":109,"Replay:WaspNest":202,"aspiration:HummingbirdHeart":222,"infinitespire:Lucky Rock":93,"MawBank":171,"White Beast Statue":242,"infinitespire:DarkRift":8,"Ornamental Fan":69,"Another Sword":199,"Art of War":0,"Durian":16,"Bag of Marbles":222,"Membership Card":222,"Bottled Lightning":303,"PureWater":218,"FossilizedHelix":8,"hubris:Potato":218,"hubris:OldNail":332}],"Burning Blood":511},"card_choices":[{"not_picked":["Sentinel","Anger"],"picked":"Battle Trance","floor":1.0},{"not_picked":["ReplayReversal","Dark Embrace","Infernal Blade"],"picked":"SKIP","floor":2.0},{"not_picked":["Dropkick","Uppercut","infinitespire:OneForAll"],"picked":"SKIP","floor":4.0},{"not_picked":["Havoc","Rupture"],"picked":"ReplayTheSpireMod:Stacked","floor":7.0},{"not_picked":["Havoc","ReplayTheSpireMod:Limb From Limb","Heavy Blade"],"picked":"SKIP","floor":11.0},{"not_picked":["Entrench","Thunderclap"],"picked":"Dual Wield","floor":12.0},{"not_picked":["Battle Trance","Heavy Blade","Ghostly Armor"],"picked":"SKIP","floor":14.0},{"not_picked":["Demonic Infusion","conspire:Purge"],"picked":"Immolate","floor":16.0},{"not_picked":["Perfected Strike","Clothesline"],"picked":"hubris:ReadiedAction","floor":18.0},{"not_picked":["ReplayTheSpireMod:Strike From Hell","Disarm"],"picked":"Shrug It Off+1","floor":20.0},{"not_picked":["True Grit","Perfected Strike"],"picked":"Flame Barrier","floor":22}],"player_experience":444616,"relics_obtained":[{"floor":7.0,"key":"hubris:MobiusCoin"},{"floor":9.0,"key":"Replay:Wax Seal"},{"floor":15.0,"key":"Simple Rune"}],"event_choices":[{"damage_healed":0.0,"max_hp_gain":0.0,"max_hp_loss":0.0,"gold_gain":0.0,"event_name":"betterThird:BetterSerpent","player_choice":"Ignored","floor":5.0,"gold_loss":0.0,"damage_taken":79.0},{"damage_healed":0.0,"max_hp_gain":0.0,"max_hp_loss":0.0,"gold_gain":0.0,"event_name":"Duplicator","player_choice":"Copied","floor":21.0,"gold_loss":0.0,"damage_taken":0.0,"cards_obtained":["Inflame"]}],"is_beta":false,"boss_relics":[{"not_picked":["ChewingGum","Replay:Wanted Poster"],"picked":"reliquary:WritOfMandamus"}],"items_purged_floors":[],"is_endless":false,"potions_floor_spawned":[2,4,11,12,16],"killed_by":"Gremlin Leader","ascension_level":15}}