{"host":"xkmvu47k9fdstweo","time":1613764355,"event":{"mods":["BaseMod","Colored Map","Conspire","Hubris","Minty Spire (QoL Compilation)","Quick Restart","Shop Mod","StSLib"],"gold_per_floor":[116,62,15,25,25,57,57,82,82,110,128,128,141,141,141,213,213,225,225,243,243,256,289,289,306,306,306,14,25,44,44,44,119,119,139,150,169,26,36,36,71,71,71,71,101,117,117,149,149,149],"floor_reached":51,"language":"ENG","playtime":1820,"items_purged":[],"score":1418,"play_id":"bd04b4a9-f41c-406e-a76e-ae4bef8b44b1","local_time":"20210219145235","is_ascension_mode":true,"campfire_choices":[{"data":"Cleave","floor":7.0,"key":"SMITH"},{"data":"Limit Break","floor":12.0,"key":"SMITH"},{"data":"Demon Form","floor":15.0,"key":"SMITH"},{"data":"Limit Break","floor":24.0,"key":"SMITH"},{"data":"Pommel Strike","floor":27.0,"key":"SMITH"},{"data":"True Grit","floor":32.0,"key":"SMITH"},{"data":"Armaments","floor":40,"key":"SMITH"},{"data":"Inflame","floor":44,"key":"SMITH"},{"floor":49,"key":"REST"}],"circlet_count":0,"master_deck":["AscendersBane","Defend_R","Defend_R","Defend_R","Defend_R","Bash+1","Cleave+1","Shrug It Off","Shrug It Off+1","Thunderclap","Limit Break+1","Pommel Strike+1","Demon Form+1","Ghostly Armor","True Grit+1","Limit Break+1","Anger","Whirlwind","Bite","Bite","Bite","Bite","Bite","Armaments+1","Pummel","Impervious","Iron Wave+1","Sword Boomerang","Inflame+1","Demon Form+1","Metallicize+1","Double Tap","Clothesline+1","Disarm","Rage"],"relics":["Burning Blood","NeowsBlessing","Omamori","Thread and Needle","Meat on the Bone","conspire:GiftBox","Dream Catcher","hubris:Backtick","Mummified Hand","hubris:ToyBattleship","conspire:DecoderRing","Anchor","PreservedInsect","Sozu","Lee\u0027s Waffle","Champion Belt","Kunai","Art of War","Vajra"],"acts_visited":["Exordium","TheCity","TheBeyond"],"potions_floor_usage":[],"damage_taken":[{"damage":0.0,"enemies":"Cultist","floor":1.0,"turns":1.0},{"damage":0.0,"enemies":"2 Louse","floor":4.0,"turns":1.0},{"damage":0.0,"enemies":"Gremlin Nob","floor":6.0,"turns":1.0},{"damage":69.0,"enemies":"Lagavulin","floor":8.0,"turns":8.0},{"damage":15.0,"enemies":"3 Sentries","floor":10.0,"turns":10.0},{"damage":0.0,"enemies":"Small Slimes","floor":11.0,"turns":3.0},{"damage":7.0,"enemies":"Looter","floor":13.0,"turns":2.0},{"damage":1.0,"enemies":"Hexaghost","floor":16.0,"turns":9.0},{"damage":20.0,"enemies":"3 Byrds","floor":18.0,"turns":5.0},{"damage":18.0,"enemies":"conspire:FuzzyDice","floor":20.0,"turns":7.0},{"damage":28.0,"enemies":"Snecko","floor":22.0,"turns":8.0},{"damage":27.0,"enemies":"conspire:Head Lice","floor":23.0,"turns":12.0},{"damage":37.0,"enemies":"Centurion and Healer","floor":25.0,"turns":9.0},{"damage":36.0,"enemies":"3 Cultists","floor":29.0,"turns":5.0},{"damage":9.0,"enemies":"Cultist and Chosen","floor":30.0,"turns":7.0},{"damage":43.0,"enemies":"Champ","floor":33.0,"turns":8.0},{"damage":18.0,"enemies":"3 Darklings","floor":35.0,"turns":5.0},{"damage":18.0,"enemies":"Orb Walker","floor":36.0,"turns":4.0},{"damage":21.0,"enemies":"Writhing Mass","floor":37.0,"turns":6.0},{"damage":45,"enemies":"Spire Growth","floor":39,"turns":6},{"damage":0,"enemies":"Giant Head","floor":41,"turns":5},{"damage":27,"enemies":"Reptomancer","floor":45,"turns":5},{"damage":30,"enemies":"3 Darklings","floor":46,"turns":6},{"damage":19,"enemies":"Nemesis","floor":48,"turns":5},{"damage":29,"enemies":"hubris:GrandSnecko","floor":50,"turns":7}],"seed_played":"-6124329380010638008","potions_obtained":[{"floor":4.0,"key":"BloodPotion"},{"floor":11.0,"key":"ElixirPotion"},{"floor":13.0,"key":"Energy Potion"},{"floor":16.0,"key":"Explosive Potion"},{"floor":18.0,"key":"Weak Potion"},{"floor":25.0,"key":"Explosive Potion"},{"floor":33.0,"key":"SpeedPotion"}],"is_trial":false,"path_per_floor":["M","$","$","M","?","E","R","E","T","E","M","R","M","?","R","B",null,"M","?","M","?","M","E","R","M","T","R","$","M","M","$","R","B",null,"M","M","M","$","M","R","E","$","T","R","E","M","?","E","R","B",null],"character_chosen":"IRONCLAD","items_purchased":["Shrug It Off","Shrug It Off","Anchor","PreservedInsect","Lee\u0027s Waffle"],"campfire_rested":1,"item_purchase_floors":[2,3,28,28,38],"current_hp_per_floor":[74,74,74,75,60,66,66,18,18,21,39,39,50,32,32,49,69,55,55,55,52,44,43,43,36,36,36,36,29,44,44,44,33,47,42,34,42,59,38,38,44,44,44,44,43,39,39,39,56,38],"gold":149,"neow_bonus":"THREE_ENEMY_KILL","is_daily":false,"chose_seed":false,"campfire_upgraded":8,"win_rate":0.0,"timestamp":1613764355,"path_taken":["M","?","$","M","?","E","R","E","T","E","M","R","M","?","R","BOSS","M","?","M","?","?","E","R","M","T","R","?","M","M","$","R","BOSS","M","M","M","$","M","R","E","$","T","R","E","?","?","E","R","BOSS"],"items_purchased_type":["Card","Card","Relic","Relic","Relic"],"build_version":"2020-12-22","purchased_purges":0,"victory":true,"max_hp_per_floor":[75,75,75,75,75,75,75,75,75,75,75,75,75,75,75,75,75,75,75,75,52,52,52,52,52,52,52,52,52,52,52,52,52,52,52,52,52,59,59,59,59,59,59,59,59,59,59,59,59,59],"card_choices":[{"not_picked":["Twin Strike","Clash"],"picked":"Cleave","floor":1.0},{"not_picked":["hubris:ReadiedAction","Perfected Strike"],"picked":"Thunderclap","floor":4.0},{"not_picked":["Bloodletting","Reckless Charge"],"picked":"Limit Break","floor":6.0},{"not_picked":["hubris:ReadiedAction","Wild Strike"],"picked":"Pommel Strike","floor":8.0},{"not_picked":["hubris:StunningStrike","Berserk"],"picked":"Demon Form","floor":10.0},{"not_picked":["Evolve","Wild Strike"],"picked":"Ghostly Armor","floor":10.0},{"not_picked":["Clothesline","Pommel Strike"],"picked":"True Grit","floor":11.0},{"not_picked":["Power Through","Flex","Body Slam"],"picked":"SKIP","floor":13.0},{"not_picked":["conspire:Purge","conspire:HitWhereItHurts"],"picked":"Limit Break","floor":16.0},{"not_picked":["Iron Wave","Flex"],"picked":"Anger","floor":18.0},{"not_picked":["Flex","Anger"],"picked":"Whirlwind","floor":20.0},{"not_picked":["Hemokinesis","Spot Weakness"],"picked":"Armaments","floor":22.0},{"not_picked":["Reckless Charge","Flex","Cleave"],"picked":"SKIP","floor":23.0},{"not_picked":["Warcry","Seeing Red","Ghostly Armor"],"picked":"SKIP","floor":25.0},{"not_picked":["hubris:ReadiedAction","Anger"],"picked":"Pummel","floor":29.0},{"not_picked":["Blood for Blood","Sentinel","conspire:HitWhereItHurts"],"picked":"SKIP","floor":30.0},{"not_picked":["Immolate","conspire:Purge"],"picked":"Impervious","floor":33.0},{"not_picked":["hubris:SharpeningStone","Thunderclap"],"picked":"Iron Wave+1","floor":35.0},{"not_picked":["Flex","Armaments"],"picked":"Sword Boomerang","floor":36.0},{"not_picked":["Sentinel","Hemokinesis+1"],"picked":"Inflame","floor":37.0},{"not_picked":["Blood for Blood","Wild Strike+1"],"picked":"Demon Form","floor":39},{"not_picked":["Body Slam","Blood for Blood"],"picked":"Metallicize+1","floor":41},{"not_picked":["Warcry","Anger"],"picked":"Double Tap","floor":45},{"not_picked":["hubris:ReadiedAction","Havoc"],"picked":"Clothesline+1","floor":46},{"not_picked":["conspire:HitWhereItHurts","Warcry"],"picked":"Disarm","floor":48},{"not_picked":["Twin Strike","hubris:CleavingFinish+1"],"picked":"Rage","floor":49}],"player_experience":324902,"relics_obtained":[{"floor":6.0,"key":"Omamori"},{"floor":8.0,"key":"Thread and Needle"},{"floor":9.0,"key":"Meat on the Bone"},{"floor":10.0,"key":"conspire:GiftBox"},{"floor":23.0,"key":"hubris:ToyBattleship"},{"floor":26.0,"key":"conspire:DecoderRing"},{"floor":41,"key":"Champion Belt"},{"floor":43,"key":"Kunai"},{"floor":45,"key":"Art of War"},{"floor":48,"key":"Vajra"}],"event_choices":[{"damage_healed":0.0,"max_hp_gain":0.0,"max_hp_loss":0.0,"gold_gain":0.0,"event_name":"Shining Light","player_choice":"Entered Light","floor":5.0,"gold_loss":0.0,"damage_taken":15.0,"cards_upgraded":["Bash","Shrug It Off"]},{"damage_healed":0.0,"max_hp_gain":0.0,"max_hp_loss":0.0,"gold_gain":0.0,"event_name":"Scrap Ooze","player_choice":"Success","floor":14.0,"gold_loss":0.0,"damage_taken":18.0,"relics_obtained":["Dream Catcher"]},{"damage_healed":0.0,"max_hp_gain":0.0,"max_hp_loss":0.0,"gold_gain":0.0,"event_name":"The Mausoleum","player_choice":"Ignored","floor":19.0,"gold_loss":0.0,"damage_taken":0.0},{"damage_healed":0.0,"max_hp_gain":0.0,"max_hp_loss":23.0,"gold_gain":0.0,"event_name":"Vampires","player_choice":"Became a vampire","floor":21.0,"gold_loss":0.0,"damage_taken":0.0,"cards_obtained":["Bite","Bite","Bite","Bite","Bite"]},{"damage_healed":0,"gold_gain":0,"player_choice":"Forge","damage_taken":0,"max_hp_gain":0,"max_hp_loss":0,"event_name":"Accursed Blacksmith","floor":47,"gold_loss":0,"cards_upgraded":["Demon Form"]}],"is_beta":false,"boss_relics":[{"not_picked":["Empty Cage","Tiny House"],"picked":"hubris:Backtick"},{"not_picked":["Runic Cube","hubris:GrandSneckoEye"],"picked":"Sozu"}],"items_purged_floors":[],"is_endless":false,"potions_floor_spawned":[4,11,13,16,18,25,33,39,48],"ascension_level":14}}