{"host":"3uwhcpalb3g7ihhc","time":1613709021,"event":{"mods":["AchievementEnabler","BaseMod","BetterRewards","Card Forge","Grow up Mod","Minty Spire (QoL Compilation)","StSLib"],"gold_per_floor":[118,136,152,327,327,340,375,394,421,441,451,451,466,479,479,580,580,580,679,679,694,694,720,731,731,731,262,262,277,277,277,277,376,376,387,1386,1397,1397,1397,1426,1426,1153,1204,1204,1218,1252,1252,1252,1252,1252],"floor_reached":51,"language":"ENG","playtime":982,"items_purged":[],"score":1221,"play_id":"42f6c967-724d-4048-9f3f-f58b7b8be636","local_time":"20210219173021","is_ascension_mode":true,"campfire_choices":[{"floor":12,"key":"RECALL"},{"floor":15,"key":"REST"},{"floor":28,"key":"REST"},{"floor":32,"key":"REST"},{"floor":41,"key":"REST"},{"floor":44,"key":"REST"},{"floor":49,"key":"REST"}],"circlet_count":0,"master_deck":["PathToVictory+1","PathToVictory+1","PathToVictory+1","Adrenaline+1","Adrenaline+1","Adrenaline+1","CurseOfTheBell"],"relics":["Hammer of Thor","Seething Fire","Anvil of the Gods","Pandora\u0027s Box","Centennial Puzzle","Oddly Smooth Stone","Busted Crown","Juzu Bracelet","Bag of Marbles","Orichalcum","Pear","Membership Card","Vajra","MealTicket","Calling Bell","Shuriken","CaptainsWheel","Smiling Mask","Toxic Egg 2","HandDrill","Gremlin Horn","Art of War","PreservedInsect","Ninja Scroll"],"acts_visited":["Exordium","TheCity","TheBeyond"],"potions_floor_usage":[50,50],"damage_taken":[{"damage":0,"enemies":"Jaw Worm","floor":1,"turns":1},{"damage":0,"enemies":"2 Louse","floor":2,"turns":1},{"damage":0,"enemies":"Cultist","floor":3,"turns":1},{"damage":0,"enemies":"3 Louse","floor":6,"turns":1},{"damage":0,"enemies":"Lagavulin","floor":7,"turns":1},{"damage":0,"enemies":"Exordium Thugs","floor":8,"turns":1},{"damage":0,"enemies":"Red Slaver","floor":10,"turns":1},{"damage":0,"enemies":"2 Fungi Beasts","floor":11,"turns":1},{"damage":0,"enemies":"Exordium Wildlife","floor":13,"turns":1},{"damage":0,"enemies":"Exordium Thugs","floor":14,"turns":1},{"damage":0,"enemies":"Slime Boss","floor":16,"turns":1},{"damage":0,"enemies":"Chosen","floor":18,"turns":1},{"damage":0,"enemies":"3 Byrds","floor":21,"turns":1},{"damage":0,"enemies":"Book of Stabbing","floor":23,"turns":1},{"damage":0,"enemies":"3 Cultists","floor":24,"turns":1},{"damage":0,"enemies":"Snecko","floor":29,"turns":1},{"damage":0,"enemies":"Collector","floor":33,"turns":1},{"damage":0,"enemies":"3 Darklings","floor":35,"turns":1},{"damage":0,"enemies":"3 Shapes","floor":37,"turns":1},{"damage":0,"enemies":"Nemesis","floor":40,"turns":1},{"damage":0,"enemies":"Jaw Worm Horde","floor":45,"turns":1},{"damage":0,"enemies":"Reptomancer","floor":46,"turns":1},{"damage":36,"enemies":"Awakened One","floor":50,"turns":3}],"seed_played":"1922547287333805093","potions_obtained":[{"floor":3,"key":"Weak Potion"},{"floor":7,"key":"PowerPotion"},{"floor":11,"key":"AttackPotion"},{"floor":45,"key":"LiquidMemories"}],"is_trial":false,"path_per_floor":["M","M","M","?","?","M","E","M","T","M","M","R","M","M","R","B",null,"M","?","?","M","T","E","M","?","T","$","R","M","$","?","R","B",null,"M","?","M","$","?","E","R","$","T","R","M","E","?","?","R","B",null],"character_chosen":"THE_SILENT","items_purchased":["Pear","Membership Card","Vajra","HandDrill","Gremlin Horn","Art of War"],"campfire_rested":6,"item_purchase_floors":[27,27,27,42,42,42],"current_hp_per_floor":[90,100,110,120,130,140,150,160,170,180,190,200,210,220,230,240,250,260,270,280,290,300,310,320,330,340,360,370,380,390,400,410,420,430,440,450,460,470,480,490,500,510,520,530,540,550,560,570,580,554],"gold":1252,"neow_bonus":"BOSS_RELIC","is_daily":false,"chose_seed":false,"campfire_upgraded":0,"win_rate":0.0,"timestamp":1613709021,"path_taken":["M","M","M","?","?","?","E","M","T","M","M","R","M","M","R","BOSS","M","?","?","?","?","E","M","?","T","$","R","M","$","?","R","BOSS","M","?","M","$","?","E","R","$","T","R","M","E","?","?","R","BOSS"],"items_purchased_type":["Relic","Relic","Relic","Relic","Relic","Relic"],"build_version":"2020-12-22","purchased_purges":0,"victory":true,"max_hp_per_floor":[90,100,110,120,130,140,150,160,170,180,190,200,210,220,230,240,250,260,270,280,290,300,310,320,330,340,360,370,380,390,400,410,420,430,440,450,460,470,480,490,500,510,520,530,540,550,560,570,580,590],"card_choices":[{"not_picked":["Dodge and Roll","Finisher","Blade Dance"],"picked":"SKIP","floor":1},{"not_picked":["PiercingWail","Finisher","Flying Knee"],"picked":"SKIP","floor":2},{"not_picked":["PiercingWail","Finisher","Flying Knee"],"picked":"SKIP","floor":2},{"not_picked":["Footwork","PiercingWail","Calculated Gamble"],"picked":"SKIP","floor":3},{"not_picked":["Dagger Throw","Slice","Distraction"],"picked":"SKIP","floor":6},{"not_picked":["Bane","Acrobatics","Flying Knee"],"picked":"SKIP","floor":7},{"not_picked":["Quick Slash","Catalyst","Concentrate"],"picked":"SKIP","floor":8},{"not_picked":["Slice","Distraction","PiercingWail"],"picked":"SKIP","floor":10},{"not_picked":["Doppelganger","Calculated Gamble","Cloak And Dagger"],"picked":"SKIP","floor":11},{"not_picked":["Deadly Poison","Footwork","Dagger Throw"],"picked":"SKIP","floor":13},{"not_picked":["All Out Attack","Terror","Dagger Spray"],"picked":"SKIP","floor":14},{"not_picked":["Prepared"],"picked":"SKIP","floor":18},{"not_picked":["Prepared"],"picked":"SKIP","floor":21},{"not_picked":["Leg Sweep"],"picked":"SKIP","floor":23},{"not_picked":["Dagger Spray"],"picked":"SKIP","floor":24},{"not_picked":["Bouncing Flask"],"picked":"SKIP","floor":29},{"not_picked":["Dagger Spray+1"],"picked":"SKIP","floor":35},{"not_picked":["Setup"],"picked":"SKIP","floor":37},{"not_picked":["Deflect+1"],"picked":"SKIP","floor":40},{"not_picked":["Bane+1"],"picked":"SKIP","floor":45},{"not_picked":["Flying Knee"],"picked":"SKIP","floor":46}],"player_experience":344478,"relics_obtained":[{"floor":7,"key":"Centennial Puzzle"},{"floor":9,"key":"Oddly Smooth Stone"},{"floor":22,"key":"Juzu Bracelet"},{"floor":23,"key":"Bag of Marbles"},{"floor":26,"key":"Orichalcum"},{"floor":34,"key":"Shuriken"},{"floor":34,"key":"CaptainsWheel"},{"floor":34,"key":"Smiling Mask"},{"floor":40,"key":"Toxic Egg 2"},{"floor":43,"key":"PreservedInsect"},{"floor":46,"key":"Ninja Scroll"}],"event_choices":[{"damage_healed":0,"gold_gain":175,"player_choice":"AGREE","damage_taken":0,"max_hp_gain":0,"max_hp_loss":0,"event_name":"Liars Game","floor":4,"gold_loss":0,"cards_obtained":["Doubt"]},{"damage_healed":0,"gold_gain":0,"player_choice":"Ignored","damage_taken":0,"max_hp_gain":0,"max_hp_loss":0,"event_name":"Shining Light","floor":5,"gold_loss":0},{"damage_healed":0,"gold_gain":99,"player_choice":"Stole From Cult","damage_taken":0,"max_hp_gain":0,"max_hp_loss":0,"event_name":"Nest","floor":19,"gold_loss":0},{"damage_healed":0,"gold_gain":0,"player_choice":"Simplicity","damage_taken":0,"max_hp_gain":0,"max_hp_loss":0,"event_name":"Back to Basics","floor":20,"gold_loss":0,"cards_upgraded":[]},{"damage_healed":0,"gold_gain":0,"player_choice":"Ignored","damage_taken":0,"max_hp_gain":0,"max_hp_loss":0,"event_name":"Beggar","floor":25,"gold_loss":0},{"damage_healed":0,"gold_gain":0,"player_choice":"Opened","damage_taken":0,"relics_obtained":["MealTicket"],"max_hp_gain":0,"max_hp_loss":0,"event_name":"The Mausoleum","floor":31,"gold_loss":0},{"damage_healed":0,"gold_gain":999,"player_choice":"Gold","damage_taken":0,"max_hp_gain":0,"max_hp_loss":0,"event_name":"MindBloom","floor":36,"gold_loss":0,"cards_obtained":["Normality","Normality"]},{"damage_healed":0,"gold_gain":0,"player_choice":"Ignored","damage_taken":0,"max_hp_gain":0,"max_hp_loss":0,"event_name":"Tomb of Lord Red Mask","floor":39,"gold_loss":0},{"damage_healed":0,"gold_gain":0,"player_choice":"Ignored","damage_taken":0,"max_hp_gain":0,"max_hp_loss":0,"event_name":"Mysterious Sphere","floor":47,"gold_loss":0},{"damage_healed":0,"gold_gain":0,"player_choice":"Memory 1","damage_taken":0,"max_hp_gain":0,"max_hp_loss":0,"event_name":"SensoryStone","floor":48,"gold_loss":0}],"is_beta":false,"boss_relics":[{"not_picked":["SlaversCollar","SacredBark"],"picked":"Busted Crown"},{"not_picked":["Tiny House","Snecko Eye"],"picked":"Calling Bell"}],"items_purged_floors":[],"is_endless":false,"potions_floor_spawned":[3,7,11,13,14,16,21,29,33,35,45],"ascension_level":5}}