{"host":"gm50ke85n5jz306u","time":1613763441,"event":{"mods":["AchievementEnabler","AlwaysNeverKeys","Aspiration","BaseMod","Bestiary","Better Altar","Better Match","Better Note","Better Sensory Stone","Better Skull","Better Third Choice","Better Vampires","Better-Laid Plans","BetterRewards","Colored Powertips","Curses Come First","DNKmod","Decade(???)","Defuse TimeMaze Blight","Disable Question Mark Monsters","Displayed Cursed Tome","Downfall","Emptier Cage","Extra Virgin Snecko Oil","Filter the Spire","Friendly Minions","Gremlin Skip","Hermit","Hubris","Hyrulean Relics","Ironclad Rager","Jorbs\u0027s Wanderer Trilogy","KinomotoSakuraMod(????)","Koishi","Lobotomy","Marisa????????","Marked Mod","Minty Spire (QoL Compilation)","Permanent Neow","Poor People Problems","Quick Restart","Reimu??????","Relic Filter Mod","Relic Sorter","Remilia??????","Remove Card Discount Mod","Reorder Act Four","Replay The Spire","Shop Mod","StSLib","Synergy Search","Td1madao Mod","The Administrix","The Animator","The Blue Laboratory","The Bug Knight","The Construct","The Cursed","The Disciple","The Hierophant","The Necromancer","The Poker Player","The Runesmith","The Senshi","The Servant 0.9.4","Thieving Mod","Transform Curses","WarShipGirlsR/????R mod","Youmu??????"],"gold_per_floor":[800,800,950,950,964,964,964,802,813,813,813,825,825,837,849,945,945,945,963,1063,1046,1046,1057,1057,1070,532,532,477,494,494,511,527,629,629,629,649,663,713,727,442,442,473,473,473,473,473,473,484,502,502],"floor_reached":51,"language":"ENG","playtime":5877,"items_purged":["downfall:Icky","Guardian:Strike_Guardian","Guardian:Defend_Guardian","Guardian:Strike_Guardian","Guardian:Strike_Guardian","Guardian:Strike_Guardian","Guardian:Defend_Guardian","Guardian:Defend_Guardian","Guardian:Defend_Guardian","Guardian:PrismaticBeam","Guardian:ExploitGems"],"score":692,"play_id":"e078e5c5-300a-424e-8c15-870d9507b7fa","local_time":"20210219203721","is_ascension_mode":false,"campfire_choices":[{"data":"Trip","floor":6.0,"key":"SMITH"},{"data":"Guardian:SentryBeam","floor":11.0,"key":"SMITH"},{"data":"Guardian:TwinSlam","floor":13.0,"key":"SMITH"},{"data":"Guardian:StasisStrike","floor":27.0,"key":"SMITH"},{"data":"Guardian:Emergency","floor":47,"key":"SMITH"}],"circlet_count":0,"master_deck":["Guardian:TwinSlam+1","Trip+1","Guardian:SentryBeam+1","Guardian:StasisStrike+1","Guardian:TemporalShield","Guardian:StasisField","Guardian:Incinerate","Guardian:TimeCapacitor","Guardian:TemporalShield","Guardian:StasisField","Guardian:PrismaticBarrier","Guardian:PrismaticBeam+1","Guardian:Emergency+1"],"relics":["Guardian:ModeShifter","hubris:Icosahedron","Pocketwatch","Pen Nib","downfall:HeartBlessingRed","downfall:HeartBlessingGreen","hubris:PeanutButter","MerchantsRug","downfall:ShatteredFragment","Black Star","theSenshi:FeatherClipsRelic","TentaclePot:ReiMu","Matryoshka","aspiration:ArtOfWarUpgrade","aspiration:MarisaSkillbook","TungstenRod","Boot","aspiration:FetidBarrel","Bag of Preparation","Bottled Lightning","hubris:MysteriousPyramids"],"acts_visited":["Exordium","TheCity","TheBeyond"],"potions_floor_usage":[],"damage_taken":[{"damage":0.0,"enemies":"2 Louse","floor":5.0,"turns":3.0},{"damage":0.0,"enemies":"downfall:FleeingMerchant","floor":8.0,"turns":4.0},{"damage":0.0,"enemies":"Jaw Worm","floor":9.0,"turns":3.0},{"damage":0.0,"enemies":"Cultist","floor":12.0,"turns":3.0},{"damage":0.0,"enemies":"3 Louse","floor":14.0,"turns":2.0},{"damage":0.0,"enemies":"Large Slime","floor":15.0,"turns":3.0},{"damage":19.0,"enemies":"WA_ARCHETYPE_RETAIN","floor":16.0,"turns":5.0},{"damage":0.0,"enemies":"3 Byrds","floor":19.0,"turns":4.0},{"damage":0.0,"enemies":"downfall:FleeingMerchant","floor":21.0,"turns":4.0},{"damage":0.0,"enemies":"downfall:LooterAlt2","floor":23.0,"turns":3.0},{"damage":6.0,"enemies":"Snecko","floor":25.0,"turns":5.0},{"damage":0.0,"enemies":"downfall:FleeingMerchant","floor":26.0,"turns":4.0},{"damage":0.0,"enemies":"downfall:FleeingMerchant","floor":28.0,"turns":1.0},{"damage":0.0,"enemies":"Centurion and Healer","floor":29.0,"turns":4.0},{"damage":0.0,"enemies":"Cultist and Chosen","floor":31.0,"turns":4.0},{"damage":0.0,"enemies":"3 Cultists","floor":32.0,"turns":4.0},{"damage":30.0,"enemies":"SI_MIRROR_ARCHETYPE","floor":33.0,"turns":11.0},{"damage":0,"enemies":"3 Shapes","floor":36,"turns":3},{"damage":12,"enemies":"3 Darklings","floor":37,"turns":4},{"damage":5,"enemies":"3 Darklings","floor":38,"turns":5},{"damage":8,"enemies":"Spire Growth","floor":39,"turns":4},{"damage":20,"enemies":"Reptomancer","floor":42,"turns":6},{"damage":0,"enemies":"Transient","floor":48,"turns":5},{"damage":11,"enemies":"Jaw Worm Horde","floor":49,"turns":2},{"damage":50,"enemies":"IC_BLOCK_ARCHETYPE","floor":50,"turns":8}],"seed_played":"7477733837654236479","potions_obtained":[{"floor":12.0,"key":"Energy Potion"},{"floor":16.0,"key":"Weak Potion"},{"floor":19.0,"key":"blueLaboratory:FrostheartPotion"},{"floor":31.0,"key":"Guardian:AcceleratePotion"},{"floor":32.0,"key":"Adrenaline Potion"}],"is_trial":false,"path_per_floor":["R","?","?","?","M","R","T","$","M","?","R","M","R","M","M","B",null,"R","M","?","$","?","M","T","M","$","R","$","M","?","M","M","B",null,"R","M","M","?","M","$","T","E","T","?","R","?","R","M","M","B",null],"character_chosen":"GUARDIAN","items_purchased":["MerchantsRug","TentaclePot:ReiMu","Matryoshka","Guardian:TimeCapacitor","Guardian:TemporalShield","Guardian:StasisField","Art of War","Guardian:PrismaticBeam","Pen Nib","Guardian:PrismaticBeam+1","Guardian:Emergency"],"campfire_rested":0,"item_purchase_floors":[8,26,26,26,26,28,28,28,40,40,40],"current_hp_per_floor":[88,88,88,88,88,88,88,88,88,64,64,64,64,64,64,45,88,88,88,88,88,88,88,88,88,88,88,88,88,88,88,88,64,88,88,88,82,83,81,81,81,67,67,67,67,67,67,73,68,24],"gold":502,"neow_bonus":"TEN_PERCENT_HP_BONUS","is_daily":false,"chose_seed":false,"campfire_upgraded":5,"win_rate":0.0,"timestamp":1613763441,"path_taken":["R","?","?","?","M","R","T","$","M","?","R","?","R","M","M","BOSS","R","M","?","$","?","?","T","?","$","R","?","M","?","M","M","BOSS","R","M","?","?","M","$","T","E","?","?","R","?","R","M","M","BOSS"],"items_purchased_type":["Relic","Relic","Relic","Card","Card","Card","Relic","Card","Relic","Card","Card"],"build_version":"2020-12-22","purchased_purges":11,"victory":true,"max_hp_per_floor":[88,88,88,88,88,88,88,88,88,88,88,88,88,88,88,88,88,88,88,88,88,88,88,88,88,88,88,88,88,88,88,88,88,88,88,88,88,88,88,88,88,88,88,88,88,88,88,88,88,88],"card_choices":[{"not_picked":["Deep Breath","Dark Shackles"],"picked":"Trip","floor":2.0},{"not_picked":["Guardian:PiercingHide","Guardian:Gem_Lightblue"],"picked":"Guardian:SentryBeam","floor":5.0},{"not_picked":["Guardian:PrimingBeam","Guardian:RefractedBeam"],"picked":"Guardian:Repulse","floor":8.0},{"not_picked":["Guardian:Harden","Guardian:Repulse","Guardian:ChargeCore"],"picked":"SKIP","floor":9.0},{"not_picked":["Guardian:Reroute","Guardian:Planning"],"picked":"Guardian:Gem_Fragmented","floor":12.0},{"not_picked":["Guardian:TemporalStrike","Guardian:HyperBeam_Guardian"],"picked":"Guardian:TimeBomb","floor":14.0},{"not_picked":["Guardian:TimeCapacitor","Guardian:Planning"],"picked":"Guardian:Gem_Crimson","floor":15.0},{"not_picked":["Guardian:FastForward","Guardian:Gem_Synthetic"],"picked":"Guardian:ExploitGems","floor":16.0},{"not_picked":["Guardian:Recover","Guardian:PrimingBeam"],"picked":"Guardian:TemporalShield","floor":19.0},{"not_picked":["Guardian:RollAttack","Guardian:ChargeCore+1","Guardian:Gem_Blue"],"picked":"SKIP","floor":21.0},{"not_picked":["Guardian:ShieldCharger","Guardian:PiercingHide"],"picked":"Guardian:Gem_Blue","floor":23.0},{"not_picked":["Guardian:ShieldCharger+1","Guardian:PiercingHide"],"picked":"Guardian:Incinerate","floor":25.0},{"not_picked":["Guardian:RefractedBeam","Guardian:VentSteam","Guardian:Suspension"],"picked":"SKIP","floor":26.0},{"not_picked":["Guardian:RevengeProtocol","Guardian:Gem_Red","Guardian:Gem_Lightblue"],"picked":"SKIP","floor":28.0},{"not_picked":["Guardian:WalkerClaw","Guardian:Gem_Green"],"picked":"Guardian:PrismaticBarrier","floor":29.0},{"not_picked":["Guardian:Gem_Lightblue","Guardian:Suspension"],"picked":"Guardian:Gem_Green","floor":31.0},{"not_picked":["Guardian:Recover","Guardian:CrystalBeam"],"picked":"Guardian:Gem_Green","floor":32.0},{"not_picked":["Guardian:ExploitGems","Guardian:ConstructionForm"],"picked":"Guardian:Gem_Synthetic","floor":33.0},{"not_picked":["Guardian:Incinerate+1","Guardian:TemporalShield+1","Guardian:Gem_Crimson"],"picked":"Guardian:Gem_White","floor":36},{"not_picked":["Guardian:EvasiveProtocol+1","Guardian:VentSteam","Guardian:ChargeCore+1","Guardian:Recover+1"],"picked":"SKIP","floor":37},{"not_picked":["Guardian:Recover+1","Guardian:PolyBeam+1","Guardian:CrystalBeam","Guardian:RefractedBeam+1"],"picked":"SKIP","floor":39},{"not_picked":["Guardian:Recover","Guardian:Gem_Blue","Guardian:PolyBeam","Guardian:ChargeCore+1"],"picked":"SKIP","floor":42},{"not_picked":["Guardian:RollAttack","Guardian:Reroute","Guardian:WalkerClaw","Guardian:Recover+1"],"picked":"SKIP","floor":48},{"not_picked":["Guardian:PrimingBeam","Guardian:MultiBeam","Guardian:ShieldCharger","Guardian:RevengeProtocol"],"picked":"SKIP","floor":49}],"player_experience":311370,"relics_obtained":[{"floor":7.0,"key":"hubris:PeanutButter"},{"floor":24.0,"key":"theSenshi:FeatherClipsRelic"},{"floor":38,"key":"Pocketwatch"},{"floor":41,"key":"TungstenRod"},{"floor":41,"key":"Boot"},{"floor":42,"key":"aspiration:FetidBarrel"},{"floor":42,"key":"Bag of Preparation"},{"floor":43,"key":"Bottled Lightning"},{"floor":43,"key":"hubris:MysteriousPyramids"}],"event_choices":[{"damage_healed":0.0,"max_hp_gain":0.0,"max_hp_loss":0.0,"gold_gain":1.0,"event_name":"betterStone:BetterStone","player_choice":"1","floor":2.0,"gold_loss":0.0,"damage_taken":0.0}],"is_beta":false,"boss_relics":[{"not_picked":["hubris:GrandSneckoEye","aspiration:FutureDiary"],"picked":"Black Star"},{"not_picked":["Calling Bell","Busted Crown"],"picked":"aspiration:MarisaSkillbook"}],"items_purged_floors":[8,21,26,28,28,28,28,28,28,40,40],"is_endless":false,"potions_floor_spawned":[12,16,19,25,29,31,32,37,49],"ascension_level":0}}