{"host":"bx8e8mpro7fea2qq","time":1613712530,"event":{"mods":["BaseMod","Better Third Choice","Colored Map","Hermit","Marisa????????","Minty Spire (QoL Compilation)","Rare Cards Sparkle","Reliquary","StSLib","The Cursed","The Servant 0.9.4"],"gold_per_floor":[117,117,117,117,140,176,176,190,190,231,251,327,2,55,55,55,55],"floor_reached":16,"language":"ENG","playtime":1210,"items_purged":[],"score":108,"play_id":"4042b243-0cf3-4782-bbac-a6806c02804e","local_time":"20210218232850","is_ascension_mode":false,"campfire_choices":[{"floor":7,"key":"REST"},{"floor":15,"key":"REST"}],"circlet_count":0,"master_deck":["hermit:Strike_Hermit","hermit:Strike_Hermit","hermit:Strike_Hermit","hermit:Strike_Hermit","hermit:Defend_Hermit","hermit:Defend_Hermit","hermit:Defend_Hermit","hermit:Defend_Hermit","hermit:Snapshot","hermit:Covet","hermit:Roulette+1","hermit:Manifest","Parasite","hermit:Quickdraw","hermit:Quickdraw","hermit:CalledShot","hermit:Spite","hermit:Headshot","hermit:Ricochet","hermit:Reprieve"],"relics":["hermit:Momento","reliquary:Boomerang","Golden Idol","hermit:RedScarf","Lizard Tail","Peace Pipe","Bird Faced Urn","Matryoshka"],"acts_visited":["Exordium"],"potions_floor_usage":[16,16],"damage_taken":[{"damage":0,"enemies":"Small Slimes","floor":1,"turns":4},{"damage":2,"enemies":"Jaw Worm","floor":5,"turns":4},{"damage":43,"enemies":"3 Sentries","floor":6,"turns":11},{"damage":0,"enemies":"Cultist","floor":8,"turns":2},{"damage":28,"enemies":"Lagavulin","floor":10,"turns":7},{"damage":0,"enemies":"2 Fungi Beasts","floor":11,"turns":2},{"damage":19,"enemies":"3 Sentries","floor":12,"turns":5},{"damage":57,"enemies":"Slime Boss","floor":16,"turns":11}],"seed_played":"-6113437232260817657","potions_obtained":[{"floor":1,"key":"BlessingOfTheForge"},{"floor":12,"key":"CultistPotion"}],"is_trial":false,"path_per_floor":["M","?","?","?","M","E","R","M","T","E","M","?","$","?","R","B"],"character_chosen":"HERMIT","items_purchased":["Matryoshka","hermit:Reprieve"],"campfire_rested":2,"item_purchase_floors":[13,13],"current_hp_per_floor":[75,75,57,57,55,12,34,34,34,6,6,28,28,28,50,0,0],"gold":55,"neow_bonus":"RANDOM_COMMON_RELIC","is_daily":false,"chose_seed":false,"campfire_upgraded":0,"win_rate":0.0,"timestamp":1613712530,"path_taken":["M","?","?","?","?","E","R","M","T","E","M","?","$","?","R","BOSS"],"items_purchased_type":["Relic","Card"],"build_version":"2020-12-22","purchased_purges":0,"victory":false,"max_hp_per_floor":[75,75,75,75,75,75,75,75,75,75,75,75,75,75,75,75,75],"card_choices":[{"not_picked":["hermit:FullyLoaded","hermit:Manifest"],"picked":"hermit:Roulette","floor":1},{"not_picked":["hermit:Malice","hermit:LowProfile"],"picked":"hermit:Quickdraw","floor":5},{"not_picked":["hermit:Manifest","hermit:Dive"],"picked":"hermit:Quickdraw","floor":6},{"not_picked":["hermit:Desperado","hermit:Midnight"],"picked":"hermit:CalledShot","floor":8},{"not_picked":["hermit:EyeOfTheStorm","hermit:GhostlyPresence"],"picked":"hermit:Spite","floor":10},{"not_picked":["hermit:HoleUp","hermit:Maintenance"],"picked":"hermit:Headshot","floor":11},{"not_picked":["hermit:CursedWeapon","hermit:Maintenance"],"picked":"hermit:Ricochet","floor":12}],"player_experience":46959,"relics_obtained":[{"floor":6,"key":"hermit:RedScarf"},{"floor":9,"key":"Lizard Tail"},{"floor":10,"key":"Peace Pipe"}],"event_choices":[{"damage_healed":0,"gold_gain":0,"player_choice":"Grow","damage_taken":0,"max_hp_gain":0,"max_hp_loss":0,"event_name":"Living Wall","floor":2,"gold_loss":0,"cards_upgraded":["hermit:Roulette"]},{"damage_healed":0,"gold_gain":0,"player_choice":"Take Damage","damage_taken":18,"relics_obtained":["Golden Idol"],"max_hp_gain":0,"max_hp_loss":0,"event_name":"Golden Idol","floor":3,"gold_loss":0},{"damage_healed":0,"gold_gain":0,"player_choice":"2 cards matched","damage_taken":0,"max_hp_gain":0,"max_hp_loss":0,"event_name":"Match and Keep!","floor":4,"gold_loss":0,"cards_obtained":["hermit:Manifest","Parasite"]},{"damage_healed":0,"gold_gain":0,"player_choice":"Searched \u00272\u0027 times","damage_taken":0,"relics_obtained":["Bird Faced Urn"],"max_hp_gain":0,"max_hp_loss":0,"event_name":"Dead Adventurer","floor":12,"gold_loss":0},{"damage_healed":0,"gold_gain":53,"player_choice":"Gained Gold","damage_taken":0,"max_hp_gain":0,"max_hp_loss":0,"event_name":"Golden Wing","floor":14,"gold_loss":0}],"is_beta":false,"boss_relics":[],"items_purged_floors":[],"is_endless":false,"potions_floor_spawned":[1,12],"killed_by":"Slime Boss","ascension_level":0}}