{"host":"0fupymmp6wdjyqoi","time":1613715945,"event":{"mods":["BaseMod","Bestiary","Clockwork Mod","Conspire","Downfall","GifTheSpireLib","Hubris","Infinite Spire","Minty Spire (QoL Compilation)","Replay The Spire","StSLib","The Construct","The Senshi"],"gold_per_floor":[119,119,19,19,19,19,54,54,81,81,81,168,232,304,316,337,337],"floor_reached":16,"language":"ENG","playtime":1215,"items_purged":[],"score":98,"play_id":"0f9b75f8-5856-4ac9-94f4-2b05056146ac","local_time":"20210219072545","is_ascension_mode":false,"campfire_choices":[{"data":"Draining Mist","floor":6.0,"key":"SMITH"},{"data":"Neutralize","floor":8.0,"key":"SMITH"},{"floor":15,"key":"REST"}],"circlet_count":0,"master_deck":["Strike_G","Strike_G","Strike_G","Strike_G","Strike_G","Defend_G","Defend_G","Defend_G","Defend_G","Defend_G","Survivor","Neutralize+1","Draining Mist+1","conspire:SpireCoStock","conspire:SpireCoStock","Hidden Blade","Voices","Terror","Draining Mist","Distraction"],"relics":["Ring of the Snake","hubris:Towel","hubris:SlimyHat","ReplayTheSpireMod:Ring of Challenge","MawBank"],"acts_visited":["Exordium"],"potions_floor_usage":[14,16,16],"damage_taken":[{"damage":0.0,"enemies":"Small Slimes","floor":1.0,"turns":6.0},{"damage":2.0,"enemies":"Jaw Worm","floor":7.0,"turns":7.0},{"damage":17.0,"enemies":"Gremlin Nob","floor":12.0,"turns":5.0},{"damage":0,"enemies":"conspire:RoseBush","floor":13,"turns":4},{"damage":22,"enemies":"Exordium Thugs","floor":14,"turns":6},{"damage":83,"enemies":"Slime Boss","floor":16,"turns":11}],"seed_played":"-3015363220516845933","potions_obtained":[{"floor":4.0,"key":"conspire:TimeTravelPotion"},{"floor":4.0,"key":"FearPotion"},{"floor":4.0,"key":"DistilledChaos"},{"floor":14,"key":"AttackPotion"}],"is_trial":false,"path_per_floor":["M","?","?","?","$","R","M","R","T","?","?","E","M","M","R","B"],"character_chosen":"THE_SILENT","items_purchased":[],"campfire_rested":1,"item_purchase_floors":[],"current_hp_per_floor":[77,77,77,77,77,77,75,75,75,75,75,58,58,36,59,0,0],"gold":337,"neow_bonus":"TEN_PERCENT_HP_BONUS","is_daily":false,"chose_seed":false,"campfire_upgraded":2,"win_rate":0.0,"timestamp":1613715945,"path_taken":["M","?","?","?","$","R","?","R","T","?","?","E","M","M","R","BOSS"],"items_purchased_type":[],"build_version":"2020-12-22","purchased_purges":0,"victory":false,"max_hp_per_floor":[77,77,77,77,77,77,77,77,77,77,77,77,77,77,77,77,77],"card_choices":[{"not_picked":["hubris:SlightOfHand","Well Laid Plans"],"picked":"Draining Mist","floor":1.0},{"not_picked":["Blade Dance","Footwork"],"picked":"Hidden Blade","floor":7.0},{"not_picked":["Well Laid Plans","ReplayTheSpireMod:The Works"],"picked":"Terror","floor":12.0},{"not_picked":["Doppelganger","Outmaneuver"],"picked":"Draining Mist","floor":13},{"not_picked":["Prepared","Backflip"],"picked":"Distraction","floor":14}],"player_experience":35255,"relics_obtained":[{"floor":9.0,"key":"hubris:SlimyHat"},{"floor":10.0,"key":"ReplayTheSpireMod:Ring of Challenge"},{"floor":12.0,"key":"MawBank"}],"event_choices":[{"damage_healed":0.0,"max_hp_gain":0.0,"max_hp_loss":0.0,"gold_gain":0.0,"event_name":"conspire:Investor","player_choice":"Invest 2","floor":3.0,"gold_loss":0.0,"damage_taken":0.0},{"damage_healed":0.0,"max_hp_gain":0.0,"max_hp_loss":0.0,"gold_gain":0.0,"event_name":"Lab","player_choice":"Got Potions","floor":4.0,"gold_loss":0.0,"damage_taken":0.0},{"damage_healed":0.0,"max_hp_gain":0.0,"max_hp_loss":0.0,"gold_gain":0.0,"event_name":"NoteForYourself","player_choice":"Ignored","floor":11.0,"gold_loss":0.0,"damage_taken":0.0}],"is_beta":false,"boss_relics":[],"items_purged_floors":[],"is_endless":false,"potions_floor_spawned":[12,14],"killed_by":"Slime Boss","ascension_level":0}}