{"host":"ypphcgdomtfqpc2w","time":1613750100,"event":{"mods":["BaseMod","Minty Spire (QoL Compilation)","StSLib"],"gold_per_floor":[17,28,39,55,69,69,99,64,138,467,467,494,514,514,514,591,591,601,615,626,14,14,14,33,33,59,2,2,2,34,45,45,122,122,133,133,58,107,126,126,160,160,186,218,233,233,233,261,261,261,261,261,261,7,38,38],"floor_reached":57,"language":"ENG","playtime":4297,"items_purged":["Strike_B+1"],"score":3031,"play_id":"95b418b2-eccf-41e0-8c60-463ea55addd7","local_time":"20210220005500","is_ascension_mode":true,"campfire_choices":[{"data":"Consume","floor":6.0,"key":"SMITH"},{"data":"Rainbow","floor":15.0,"key":"SMITH"},{"data":"Defragment","floor":23.0,"key":"SMITH"},{"data":"Chill","floor":25.0,"key":"SMITH"},{"data":"Capacitor","floor":32,"key":"SMITH"},{"floor":40,"key":"RECALL"},{"data":"Capacitor","floor":42,"key":"SMITH"},{"data":"Apotheosis","floor":49,"key":"SMITH"},{"data":"Reinforced Body","floor":53,"key":"SMITH"}],"circlet_count":0,"master_deck":["AscendersBane","Strike_B+1","Strike_B+1","Defend_B+1","Defend_B+1","Defend_B+1","Dualcast","Go for the Eyes","Chill+1","Sweeping Beam","Compile Driver","Consume+1","Rainbow+1","Capacitor+1","Compile Driver","Electrodynamics","Defragment+1","Coolheaded+1","Glacier","Apotheosis+1","Leap","Chaos+1","Capacitor+1","Reinforced Body+1","Buffer+1","Coolheaded"],"relics":["Cracked Core","Incense Burner","Singing Bowl","Old Coin","Vajra","Velvet Choker","Toy Ornithopter","ClockworkSouvenir","DataDisk","Symbiotic Virus","Coffee Dripper","Oddly Smooth Stone","Regal Pillow","Bag of Preparation","Bird Faced Urn","Art of War","Boot"],"acts_visited":["Exordium","TheCity","TheBeyond","TheEnding"],"potions_floor_usage":[35,44,51,55,56,56],"damage_taken":[{"damage":0.0,"enemies":"2 Louse","floor":1.0,"turns":2.0},{"damage":9.0,"enemies":"Small Slimes","floor":2.0,"turns":3.0},{"damage":5.0,"enemies":"Jaw Worm","floor":3.0,"turns":3.0},{"damage":6.0,"enemies":"Blue Slaver","floor":4.0,"turns":4.0},{"damage":4.0,"enemies":"Exordium Wildlife","floor":5.0,"turns":3.0},{"damage":12.0,"enemies":"3 Sentries","floor":7.0,"turns":13.0},{"damage":19.0,"enemies":"Lagavulin","floor":10.0,"turns":9.0},{"damage":5.0,"enemies":"3 Sentries","floor":12.0,"turns":14.0},{"damage":0.0,"enemies":"Large Slime","floor":13.0,"turns":4.0},{"damage":17.0,"enemies":"Hexaghost","floor":16.0,"turns":8.0},{"damage":3.0,"enemies":"Chosen","floor":18.0,"turns":5.0},{"damage":0.0,"enemies":"Spheric Guardian","floor":19.0,"turns":3.0},{"damage":23.0,"enemies":"Centurion and Healer","floor":20.0,"turns":6.0},{"damage":6.0,"enemies":"Cultist and Chosen","floor":24.0,"turns":7.0},{"damage":0.0,"enemies":"Gremlin Leader","floor":30.0,"turns":6.0},{"damage":0.0,"enemies":"3 Cultists","floor":31.0,"turns":10.0},{"damage":0,"enemies":"Automaton","floor":33,"turns":8},{"damage":0,"enemies":"3 Shapes","floor":35,"turns":9},{"damage":5,"enemies":"3 Darklings","floor":39,"turns":4},{"damage":0,"enemies":"Reptomancer","floor":41,"turns":6},{"damage":16,"enemies":"Giant Head","floor":44,"turns":9},{"damage":27,"enemies":"Transient","floor":45,"turns":6},{"damage":13,"enemies":"Reptomancer","floor":48,"turns":9},{"damage":0,"enemies":"Time Eater","floor":50,"turns":25},{"damage":8,"enemies":"Awakened One","floor":51,"turns":18},{"damage":1,"enemies":"Shield and Spear","floor":55,"turns":12},{"damage":46,"enemies":"The Heart","floor":56,"turns":14}],"seed_played":"-7813353392251866091","potions_obtained":[{"floor":4.0,"key":"Energy Potion"},{"floor":7.0,"key":"LiquidMemories"},{"floor":10.0,"key":"Weak Potion"},{"floor":18.0,"key":"SkillPotion"},{"floor":24.0,"key":"AttackPotion"},{"floor":39,"key":"ColorlessPotion"},{"floor":45,"key":"Regen Potion"},{"floor":48,"key":"PotionOfCapacity"},{"floor":55,"key":"Swift Potion"}],"is_trial":false,"path_per_floor":["M","M","M","M","M","R","E","?","T","E","?","E","M","?","R","B",null,"M","M","M","$","?","R","M","R","T","$","?","$","E","M","R","B",null,"M","?","$","T","M","R","E","R","T","E","M","?","?","E","R","B","B",null,"R","$","E","B",null],"character_chosen":"DEFECT","items_purchased":["Glacier","Toy Ornithopter","ClockworkSouvenir","Apotheosis","Leap","Art of War","LiquidMemories"],"campfire_rested":0,"item_purchase_floors":[21,21,21,21,27,54,54],"current_hp_per_floor":[64,55,50,44,40,40,28,45,45,26,26,21,23,23,23,6,56,53,53,32,32,32,32,28,28,28,28,28,28,28,30,30,32,69,76,76,76,76,73,73,73,73,73,62,35,35,35,24,24,34,41,76,76,76,87,56],"gold":38,"neow_bonus":"REMOVE_TWO","is_daily":false,"chose_seed":false,"campfire_upgraded":8,"win_rate":0.0,"timestamp":1613750100,"path_taken":["M","M","M","M","M","R","E","?","T","E","?","E","M","?","R","BOSS","M","M","M","$","?","R","M","R","T","$","?","?","E","M","R","BOSS","M","?","$","?","M","R","E","R","T","E","M","?","?","E","R","BOSS","BOSS","R","$","E","BOSS"],"items_purchased_type":["Card","Relic","Relic","Card","Card","Relic","Potion"],"build_version":"2020-12-22","purchased_purges":1,"victory":true,"max_hp_per_floor":[71,71,71,71,71,71,71,71,71,71,71,71,73,73,73,73,73,73,73,75,75,75,75,77,77,77,77,77,77,77,79,79,81,81,83,83,83,83,85,85,85,85,85,85,85,85,85,87,87,87,87,87,87,87,87,87],"card_choices":[{"not_picked":["Steam","Hologram"],"picked":"Go for the Eyes","floor":1.0},{"not_picked":["Fusion","Capacitor"],"picked":"Chill","floor":2.0},{"not_picked":["Coolheaded","Reinforced Body"],"picked":"Sweeping Beam","floor":3.0},{"not_picked":["Turbo","Gash"],"picked":"Compile Driver","floor":4.0},{"not_picked":["Double Energy","Scrape"],"picked":"Consume","floor":5.0},{"not_picked":["Thunder Strike","Rebound"],"picked":"Rainbow","floor":7.0},{"not_picked":["Coolheaded","Chill"],"picked":"Capacitor","floor":10.0},{"not_picked":["Force Field","Tempest"],"picked":"Compile Driver","floor":12.0},{"not_picked":["Barrage","Gash","Go for the Eyes"],"picked":"Singing Bowl","floor":13.0},{"not_picked":["Reboot","Echo Form"],"picked":"Electrodynamics","floor":16.0},{"not_picked":["Gash","Steam Power"],"picked":"Defragment","floor":18.0},{"not_picked":["Reprogram+1","Ball Lightning+1"],"picked":"Coolheaded+1","floor":19.0},{"not_picked":["Leap","Redo+1","Stack"],"picked":"Singing Bowl","floor":20.0},{"not_picked":["Conserve Battery","Stack+1","Fusion"],"picked":"Singing Bowl","floor":24.0},{"not_picked":["Leap","Lockon"],"picked":"Chaos+1","floor":30.0},{"not_picked":["Beam Cell","Sweeping Beam+1","Chaos"],"picked":"Singing Bowl","floor":31.0},{"not_picked":["Hyperbeam","Electrodynamics","Amplify"],"picked":"Singing Bowl","floor":33},{"not_picked":["Stack","Double Energy","Darkness"],"picked":"Singing Bowl","floor":35},{"not_picked":["Cold Snap","Redo","Hologram"],"picked":"Singing Bowl","floor":39},{"not_picked":["Compile Driver+1","Cold Snap"],"picked":"Capacitor","floor":41},{"not_picked":["Hello World+1","Barrage"],"picked":"Reinforced Body","floor":44},{"not_picked":["Leap","Darkness"],"picked":"Buffer","floor":45},{"not_picked":["Ball Lightning+1","Heatsinks","Streamline"],"picked":"Singing Bowl","floor":48},{"not_picked":["Steam","Scrape"],"picked":"Coolheaded","floor":55}],"player_experience":2197253,"relics_obtained":[{"floor":7.0,"key":"Incense Burner"},{"floor":9.0,"key":"Singing Bowl"},{"floor":10.0,"key":"Old Coin"},{"floor":12.0,"key":"Vajra"},{"floor":26.0,"key":"DataDisk"},{"floor":30.0,"key":"Symbiotic Virus"},{"floor":41,"key":"Oddly Smooth Stone"},{"floor":43,"key":"Regal Pillow"},{"floor":44,"key":"Bag of Preparation"},{"floor":48,"key":"Bird Faced Urn"},{"floor":55,"key":"Boot"}],"event_choices":[{"damage_healed":17.0,"max_hp_gain":0.0,"max_hp_loss":0.0,"gold_gain":0.0,"event_name":"The Cleric","player_choice":"Healed","floor":8.0,"gold_loss":35.0,"damage_taken":0.0},{"damage_healed":0.0,"max_hp_gain":0.0,"max_hp_loss":0.0,"gold_gain":0.0,"event_name":"Dead Adventurer","player_choice":"Searched \u00270\u0027 times","floor":11.0,"gold_loss":0.0,"damage_taken":0.0},{"damage_healed":0.0,"max_hp_gain":0.0,"max_hp_loss":0.0,"gold_gain":0.0,"event_name":"Liars Game","player_choice":"Ignored","floor":14.0,"gold_loss":0.0,"damage_taken":0.0},{"damage_healed":0.0,"max_hp_gain":0.0,"max_hp_loss":0.0,"gold_gain":0.0,"event_name":"Ghosts","player_choice":"Ignored","floor":22.0,"gold_loss":0.0,"damage_taken":0.0},{"damage_healed":0.0,"max_hp_gain":0.0,"max_hp_loss":0.0,"gold_gain":0.0,"event_name":"Back to Basics","player_choice":"Simplicity","floor":28.0,"gold_loss":0.0,"damage_taken":0.0,"cards_upgraded":["Strike_B","Strike_B","Strike_B","Defend_B","Defend_B","Defend_B","Defend_B"]},{"damage_healed":0,"gold_gain":0,"player_choice":"Ignored","damage_taken":0,"max_hp_gain":0,"max_hp_loss":0,"event_name":"SecretPortal","floor":36,"gold_loss":0},{"cards_removed":["Defend_B"],"damage_healed":0,"gold_gain":0,"player_choice":"Removed Skill","damage_taken":0,"max_hp_gain":0,"max_hp_loss":0,"event_name":"Falling","floor":46,"gold_loss":0},{"damage_healed":0,"gold_gain":0,"player_choice":"Forge","damage_taken":0,"max_hp_gain":0,"max_hp_loss":0,"event_name":"Accursed Blacksmith","floor":47,"gold_loss":0,"cards_upgraded":["Buffer"]}],"is_beta":false,"boss_relics":[{"not_picked":["FrozenCore","Ectoplasm"],"picked":"Velvet Choker"},{"not_picked":["Calling Bell","SacredBark"],"picked":"Coffee Dripper"}],"items_purged_floors":[37],"is_endless":false,"potions_floor_spawned":[4,7,10,13,18,24,33,39,45,48,55],"ascension_level":20}}