{"host":"xp5rvh2jwe2ejyfm","time":1613741098,"event":{"mods":["2.2 Compatiblity","Aspiration","BaseMod","Better Altar","Better Match","Better Note","Better Sensory Stone","Better Skull","BetterRewards","Colored Powertips","Conspire","Downfall","GifTheSpireLib","Gremlin Mod","GungeonMod","Hermit","Hubris","Jorbs\u0027s Wanderer Trilogy","Minty Spire (QoL Compilation)","Potionbrewer","Quick Restart","Replay The Spire","Robot Space Explorer","Shade Mod","Somnambulant","StSLib","The Bug Knight","The Clintock","The Construct","The Cursed","The Disciple","The Forsaken","The Hierophant","The Marked","The Necromancer","The Runesmith","The Servant 0.9.4","The Valiant","The Witch","TheFirefly","thorton"],"gold_per_floor":[113,33,50,67,16,16,16,46,46,146,146,160,160,194,194,289,289,300,319,333,333,333],"floor_reached":21,"language":"ENG","playtime":916,"items_purged":[],"score":214,"play_id":"7c7647cb-fe7d-428c-8781-bedf15ee61ad","local_time":"20210219082458","is_ascension_mode":false,"campfire_choices":[{"data":"Draining Mist","floor":6,"key":"SMITH"},{"floor":11,"key":"RECALL"},{"data":"ReplayTheSpireMod:Scrap Shanks","floor":13,"key":"SMITH"},{"floor":15,"key":"REST"}],"circlet_count":0,"master_deck":["Strike_G","Strike_G","Strike_G","Strike_G","Strike_G","Defend_G","Defend_G","Defend_G+1","Defend_G","Defend_G","Survivor","Neutralize","Cloak And Dagger","ReplayTheSpireMod:Scrap Shanks","Draining Mist+1","Cloak And Dagger","ReplayTheSpireMod:Scrap Shanks+1","ReplayTheSpireMod:Scrap Shanks+1","Poisoned Stab","Poisoned Stab","Prepared","A Thousand Cuts","Deadly Poison","Toxin Wave","Dagger Throw"],"relics":["Ring of the Snake","Replay:Rubber Ducky","potionbrewer:Torch","Onion Ring","HoveringKite"],"acts_visited":["Exordium","TheCity"],"potions_floor_usage":[8,19,20],"damage_taken":[{"damage":2,"enemies":"Jaw Worm","floor":1,"turns":5},{"damage":0,"enemies":"Small Slimes","floor":3,"turns":4},{"damage":0,"enemies":"Cultist","floor":4,"turns":4},{"damage":0,"enemies":"HollowMod:MossKnight","floor":8,"turns":8},{"damage":2,"enemies":"3 Louse","floor":12,"turns":4},{"damage":19,"enemies":"Gremlin Nob","floor":14,"turns":5},{"damage":16,"enemies":"Hexaghost","floor":16,"turns":10},{"damage":7,"enemies":"Spheric Guardian","floor":18,"turns":4},{"damage":22,"enemies":"2 Thieves","floor":19,"turns":5},{"damage":8,"enemies":"Chosen and Byrds","floor":20,"turns":6},{"damage":37,"enemies":"3 Cultists","floor":21,"turns":5}],"seed_played":"8492286598836455992","potions_obtained":[{"floor":1,"key":"potionbrewer:DiscountPotion"},{"floor":14,"key":"potionbrewer:AcidPotion"},{"floor":16,"key":"SkillPotion"},{"floor":18,"key":"Swift Potion"},{"floor":19,"key":"SkillPotion"}],"is_trial":false,"path_per_floor":["M","$","M","M","$","R","?","E","T","?","R","M","R","E","R","B",null,"M","M","M","M"],"character_chosen":"THE_SILENT","items_purchased":["ReplayTheSpireMod:Scrap Shanks","ReplayTheSpireMod:Scrap Shanks"],"campfire_rested":1,"item_purchase_floors":[2,5],"current_hp_per_floor":[68,68,68,68,68,68,54,54,54,54,54,52,52,33,54,38,70,63,41,33,0,0],"gold":333,"neow_bonus":"RANDOM_COMMON_RELIC","is_daily":false,"chose_seed":false,"campfire_upgraded":2,"win_rate":0.0,"timestamp":1613741098,"path_taken":["M","$","M","M","$","R","?","E","T","?","R","M","R","E","R","BOSS","M","M","?","M"],"items_purchased_type":["Card","Card"],"build_version":"2020-12-22","purchased_purges":0,"victory":false,"max_hp_per_floor":[70,70,70,70,70,70,70,70,70,70,70,70,70,70,70,70,70,70,70,70,70,70],"card_choices":[{"not_picked":["Deflect","ReplayTheSpireMod:Speed Training"],"picked":"Cloak And Dagger","floor":1},{"not_picked":["Dodge and Roll","Escape Plan"],"picked":"Draining Mist","floor":3},{"not_picked":["Prepared","Expertise"],"picked":"Cloak And Dagger","floor":4},{"not_picked":["PiercingWail","Dagger Spray"],"picked":"Poisoned Stab","floor":8},{"not_picked":["Expertise","Flechettes"],"picked":"Poisoned Stab","floor":12},{"not_picked":["Phantasmal Killer","hubris:SlightOfHand"],"picked":"Prepared","floor":14},{"not_picked":["Burst","ReplayTheSpireMod:From All Sides"],"picked":"A Thousand Cuts","floor":16},{"not_picked":["Bane","Underhanded Strike+1"],"picked":"Deadly Poison","floor":18},{"not_picked":["Underhanded Strike+1","Distraction"],"picked":"Toxin Wave","floor":19},{"not_picked":["Bane+1","ReplayTheSpireMod:Exploit Weakness"],"picked":"Dagger Throw","floor":20}],"player_experience":534896,"relics_obtained":[{"floor":8,"key":"potionbrewer:Torch"},{"floor":14,"key":"Onion Ring"}],"event_choices":[{"damage_healed":0,"gold_gain":0,"player_choice":"Entered Light","damage_taken":14,"max_hp_gain":0,"max_hp_loss":0,"event_name":"Shining Light","floor":7,"gold_loss":0,"cards_upgraded":["Defend_G","ReplayTheSpireMod:Scrap Shanks"]},{"damage_healed":0,"gold_gain":100,"player_choice":"Pray","damage_taken":0,"max_hp_gain":0,"max_hp_loss":0,"event_name":"Golden Shrine","floor":10,"gold_loss":0}],"is_beta":false,"boss_relics":[{"not_picked":["hubris:TerracottaHorce","Replay:Bronze Core"],"picked":"HoveringKite"}],"items_purged_floors":[],"is_endless":false,"potions_floor_spawned":[1,14,16,18,19],"killed_by":"3 Cultists","ascension_level":0}}