{"host":"pj7egx7jkoz18hom","time":1613698912,"event":{"mods":["AchievementEnabler","BaseMod","Keyboard Shortcuts","Minty Spire (QoL Compilation)","SuperFastMode"],"gold_per_floor":[112,123,123,189,189,216,226,226,226,226,238,238,15,28,28,153,153,153,153],"floor_reached":18,"language":"KOR","playtime":421,"items_purged":["Strike_R"],"score":231,"play_id":"444d4413-9e1e-4a0c-9650-97691e572298","local_time":"20210219104152","is_ascension_mode":true,"campfire_choices":[{"data":"Dual Wield","floor":8.0,"key":"SMITH"},{"floor":10.0,"key":"REST"},{"floor":15.0,"key":"REST"}],"circlet_count":0,"master_deck":["Strike_R","Strike_R","Strike_R","Strike_R+1","Defend_R","Defend_R+1","Defend_R","Defend_R","Bash","Wild Strike","Ghostly Armor","Battle Trance","Dual Wield+1","Cleave","Shrug It Off","Bludgeon","Corruption"],"relics":["Burning Blood","NeowsBlessing","Bottled Lightning","Dream Catcher","Pear","Golden Idol","Akabeko","Calling Bell"],"acts_visited":["Exordium","TheCity"],"potions_floor_usage":[],"damage_taken":[{"damage":0.0,"enemies":"2 Louse","floor":1.0,"turns":1.0},{"damage":0.0,"enemies":"Jaw Worm","floor":2.0,"turns":1.0},{"damage":0.0,"enemies":"3 Sentries","floor":6.0,"turns":1.0},{"damage":1.0,"enemies":"Cultist","floor":7.0,"turns":4.0},{"damage":0.0,"enemies":"2 Fungi Beasts","floor":11.0,"turns":2.0},{"damage":8.0,"enemies":"Blue Slaver","floor":14.0,"turns":3.0},{"damage":59.0,"enemies":"Hexaghost","floor":16.0,"turns":13.0},{"damage":0,"enemies":"2 Thieves","floor":18,"turns":1}],"seed_played":"7982469090409526925","potions_obtained":[{"floor":2.0,"key":"HeartOfIron"},{"floor":11.0,"key":"Weak Potion"},{"floor":14.0,"key":"Fire Potion"}],"is_trial":false,"path_per_floor":["M","M","?","?","T","E","M","R","T","R","M","?","$","M","R","B",null,"M"],"character_chosen":"IRONCLAD","items_purchased":["Akabeko"],"campfire_rested":2,"item_purchase_floors":[13],"current_hp_per_floor":[80,80,64,64,64,70,75,75,85,90,90,83,83,81,83,30,70,70,70],"gold":153,"neow_bonus":"THREE_ENEMY_KILL","is_daily":false,"chose_seed":false,"campfire_upgraded":1,"win_rate":0.0,"timestamp":1613698912,"path_taken":["M","M","?","?","?","E","M","R","T","R","M","?","?","?","R","BOSS","M"],"items_purchased_type":["Relic"],"build_version":"2020-12-22","purchased_purges":1,"victory":false,"max_hp_per_floor":[80,80,80,80,80,80,80,80,90,90,90,83,83,83,83,83,83,83,83],"card_choices":[{"not_picked":["Flex","Twin Strike"],"picked":"Wild Strike","floor":1.0},{"not_picked":["Havoc","Body Slam"],"picked":"Ghostly Armor","floor":2.0},{"not_picked":["Fiend Fire","Burning Pact"],"picked":"Battle Trance","floor":6.0},{"not_picked":["Anger","Blood for Blood"],"picked":"Dual Wield","floor":7.0},{"not_picked":["Twin Strike","Dropkick"],"picked":"Cleave","floor":10.0},{"not_picked":["Spot Weakness","Rupture","Disarm"],"picked":"SKIP","floor":11.0},{"not_picked":["Dual Wield","Sword Boomerang"],"picked":"Shrug It Off","floor":14.0},{"not_picked":["Spot Weakness","Rampage"],"picked":"Bludgeon","floor":15.0},{"not_picked":["Limit Break","Double Tap"],"picked":"Corruption","floor":16.0}],"player_experience":158780,"relics_obtained":[{"floor":5.0,"key":"Bottled Lightning"},{"floor":6.0,"key":"Dream Catcher"},{"floor":9.0,"key":"Pear"}],"event_choices":[{"damage_healed":0.0,"max_hp_gain":0.0,"max_hp_loss":0.0,"gold_gain":0.0,"event_name":"Shining Light","player_choice":"Entered Light","floor":3.0,"gold_loss":0.0,"damage_taken":16.0,"cards_upgraded":["Defend_R","Strike_R"]},{"damage_healed":0.0,"max_hp_gain":0.0,"max_hp_loss":0.0,"gold_gain":66.0,"event_name":"Golden Wing","player_choice":"Gained Gold","floor":4.0,"gold_loss":0.0,"damage_taken":0.0},{"damage_healed":0.0,"max_hp_gain":0.0,"max_hp_loss":7.0,"gold_gain":0.0,"event_name":"Golden Idol","player_choice":"Lose Max HP","floor":12.0,"gold_loss":0.0,"damage_taken":0.0,"relics_obtained":["Golden Idol"]}],"is_beta":false,"boss_relics":[{"not_picked":["Fusion Hammer","Sozu"],"picked":"Calling Bell"}],"items_purged_floors":[13],"is_endless":false,"potions_floor_spawned":[2,11,14],"killed_by":"2 Thieves","ascension_level":5}}