{"host":"q9qwbotttpvtd6fn","time":1613697849,"event":{"mods":["BaseMod","Colored Map","Minty Spire (QoL Compilation)","StSLib"],"gold_per_floor":[119,294,294,305,180,205,205,105,105,119,130,5,65,65,65,160,160,179,29,29,42,53,53,80,80,105,105,119,119,139,139,139],"floor_reached":31,"language":"ENG","playtime":1418,"items_purged":["Doubt","Strike_B","Strike_B","Dualcast"],"score":403,"play_id":"96cb615b-5eca-404f-bccb-b67df68be93c","local_time":"20210218202409","is_ascension_mode":true,"campfire_choices":[{"data":"Zap","floor":7,"key":"SMITH"},{"floor":15,"key":"REST"},{"floor":23,"key":"REST"},{"floor":27,"key":"REST"}],"circlet_count":0,"master_deck":["Defend_B","Defend_B","Defend_B","Defend_B","Zap+1","Gash","Genetic Algorithm","Rebound","Hologram","Gash","Rebound+1","Conserve Battery","Hologram+1"],"relics":["Cracked Core","NeowsBlessing","Frozen Egg 2","Potion Belt","Strawberry","Regal Pillow","Kunai","Empty Cage","FossilizedHelix","Dream Catcher","DataDisk","Meat on the Bone"],"acts_visited":["Exordium","TheCity"],"potions_floor_usage":[16,22,24,24,24,24,24,24,24,24,30,31],"damage_taken":[{"damage":0,"enemies":"Jaw Worm","floor":1,"turns":1},{"damage":0,"enemies":"2 Louse","floor":4,"turns":1},{"damage":0,"enemies":"Lagavulin","floor":6,"turns":1},{"damage":0,"enemies":"Cultist","floor":10,"turns":3},{"damage":11,"enemies":"3 Louse","floor":11,"turns":3},{"damage":47,"enemies":"3 Sentries","floor":13,"turns":10},{"damage":40,"enemies":"Slime Boss","floor":16,"turns":9},{"damage":4,"enemies":"3 Byrds","floor":18,"turns":5},{"damage":16,"enemies":"2 Thieves","floor":21,"turns":4},{"damage":29,"enemies":"Centurion and Healer","floor":22,"turns":7},{"damage":23,"enemies":"Book of Stabbing","floor":24,"turns":6},{"damage":57,"enemies":"Chosen and Byrds","floor":28,"turns":7},{"damage":9,"enemies":"Snake Plant","floor":30,"turns":5},{"damage":31,"enemies":"Cultist and Chosen","floor":31,"turns":6}],"seed_played":"2893423455848880068","potions_obtained":[{"floor":4,"key":"DuplicationPotion"},{"floor":13,"key":"Fire Potion"},{"floor":20,"key":"GamblersBrew"},{"floor":20,"key":"EntropicBrew"},{"floor":20,"key":"BlessingOfTheForge"},{"floor":22,"key":"PotionOfCapacity"},{"floor":24,"key":"Energy Potion"},{"floor":28,"key":"DuplicationPotion"}],"is_trial":false,"path_per_floor":["M","?","?","M","$","E","R","$","T","M","M","$","?","T","R","B",null,"M","$","?","M","M","R","E","?","T","R","M","T","M","M"],"character_chosen":"DEFECT","items_purchased":["Rebound"],"campfire_rested":3,"item_purchase_floors":[5],"current_hp_per_floor":[68,68,56,56,56,56,56,56,63,63,52,52,5,5,44,4,63,59,59,59,43,14,53,30,30,30,69,12,12,15,0,0],"gold":139,"neow_bonus":"THREE_ENEMY_KILL","is_daily":false,"chose_seed":false,"campfire_upgraded":1,"win_rate":0.0,"timestamp":1613697849,"path_taken":["M","?","?","M","?","E","R","$","T","?","M","$","?","?","R","BOSS","M","$","?","?","?","R","E","?","T","R","M","?","M","?"],"items_purchased_type":["Card"],"build_version":"2020-12-22","purchased_purges":4,"victory":false,"max_hp_per_floor":[75,75,75,75,75,75,75,75,82,82,82,82,82,82,82,82,82,82,82,82,82,82,82,82,82,82,82,82,82,82,82,82],"card_choices":[{"not_picked":["Cold Snap","Streamline"],"picked":"Gash","floor":1},{"not_picked":["Barrage","Lockon"],"picked":"Genetic Algorithm","floor":4},{"not_picked":["Multi-Cast","White Noise","Barrage"],"picked":"SKIP","floor":6},{"not_picked":["Cold Snap","Leap"],"picked":"Hologram","floor":10},{"not_picked":["Heatsinks+1","Streamline","Consume"],"picked":"SKIP","floor":11},{"not_picked":["Chill","Go for the Eyes"],"picked":"Gash","floor":13},{"not_picked":["Coolheaded","Sweeping Beam"],"picked":"Rebound+1","floor":18},{"not_picked":["Rebound","Compile Driver","Leap"],"picked":"SKIP","floor":21},{"not_picked":["Compile Driver","Hologram"],"picked":"Conserve Battery","floor":22},{"not_picked":["Rebound","Turbo+1","Doom and Gloom+1"],"picked":"SKIP","floor":24},{"not_picked":["Go for the Eyes","Defragment+1","Static Discharge+1"],"picked":"SKIP","floor":28},{"not_picked":["Consume+1","White Noise+1"],"picked":"Hologram+1","floor":30}],"player_experience":466566,"relics_obtained":[{"floor":6,"key":"Potion Belt"},{"floor":9,"key":"Strawberry"},{"floor":13,"key":"Regal Pillow"},{"floor":14,"key":"Kunai"},{"floor":24,"key":"FossilizedHelix"},{"floor":26,"key":"DataDisk"},{"floor":29,"key":"Meat on the Bone"}],"event_choices":[{"damage_healed":0,"gold_gain":175,"player_choice":"AGREE","damage_taken":0,"max_hp_gain":0,"max_hp_loss":0,"event_name":"Liars Game","floor":2,"gold_loss":0,"cards_obtained":["Doubt"]},{"damage_healed":0,"gold_gain":0,"player_choice":"Success","damage_taken":12,"relics_obtained":["Frozen Egg 2"],"max_hp_gain":0,"max_hp_loss":0,"event_name":"Scrap Ooze","floor":3,"gold_loss":0},{"damage_healed":0,"gold_gain":0,"player_choice":"Searched \u00271\u0027 times","damage_taken":0,"max_hp_gain":0,"max_hp_loss":0,"event_name":"Dead Adventurer","floor":13,"gold_loss":0},{"damage_healed":0,"gold_gain":0,"player_choice":"Got Potions","damage_taken":0,"max_hp_gain":0,"max_hp_loss":0,"event_name":"Lab","floor":20,"gold_loss":0},{"damage_healed":0,"gold_gain":0,"player_choice":"Opened","damage_taken":0,"relics_obtained":["Dream Catcher"],"max_hp_gain":0,"max_hp_loss":0,"event_name":"The Mausoleum","floor":25,"gold_loss":0}],"is_beta":false,"boss_relics":[{"not_picked":["Velvet Choker","Fusion Hammer"],"picked":"Empty Cage"}],"items_purged_floors":[5,8,12,19],"is_endless":false,"potions_floor_spawned":[4,13,22,24,28],"killed_by":"Cultist and Chosen","ascension_level":9}}