{"host":"wg33yb1rgt3nbe17","time":1613704789,"event":{"mods":["AchievementEnabler","BaseMod","Colored Map","Minty Spire (QoL Compilation)","Permanent Neow","Relic Stats","StSLib"],"gold_per_floor":[117,117,60,78,90,117,117,137,137,137,137,137],"floor_reached":11,"language":"ENG","playtime":314,"items_purged":[],"score":146,"play_id":"89a51780-1980-4297-af7f-27f44b299862","local_time":"20210218221949","is_ascension_mode":true,"campfire_choices":[{"data":"Whirlwind","floor":10,"key":"SMITH"}],"circlet_count":0,"master_deck":["AscendersBane","Strike_R","Strike_R","Strike_R","Strike_R","Strike_R","Defend_R","Defend_R+1","Defend_R","Bash+1","Perfected Strike","Body Slam","Shrug It Off","Whirlwind+1","Headbutt","Flex"],"relics":["Burning Blood","Bottled Flame","Eternal Feather"],"acts_visited":["Exordium"],"potions_floor_usage":[6,11,11],"damage_taken":[{"damage":8,"enemies":"2 Louse","floor":1,"turns":2},{"damage":0,"enemies":"Cultist","floor":4,"turns":3},{"damage":7,"enemies":"Jaw Worm","floor":5,"turns":3},{"damage":20,"enemies":"3 Sentries","floor":6,"turns":4},{"damage":23,"enemies":"Large Slime","floor":8,"turns":6},{"damage":40,"enemies":"Lagavulin","floor":11,"turns":3}],"seed_played":"3425120062882775267","potions_obtained":[{"floor":5,"key":"SkillPotion"},{"floor":6,"key":"Strength Potion"},{"floor":8,"key":"ElixirPotion"}],"is_trial":false,"path_per_floor":["M","?","$","M","M","E","?","M","T","R","E"],"character_chosen":"IRONCLAD","items_purchased":["Shrug It Off"],"campfire_rested":0,"item_purchase_floors":[3],"current_hp_per_floor":[66,66,66,72,71,57,34,17,17,26,0,0],"gold":137,"neow_bonus":"REMOVE_CARD","is_daily":false,"chose_seed":false,"campfire_upgraded":1,"win_rate":0.0,"timestamp":1613704789,"path_taken":["M","?","$","M","?","E","?","M","T","R","E"],"items_purchased_type":["Card"],"build_version":"2020-12-22","purchased_purges":0,"victory":false,"max_hp_per_floor":[75,75,75,75,75,75,75,75,75,75,75,75],"relic_stats":{"counters":[6,21],"Eternal Feather":9,"obtain_stats":[{"Bottled Flame":6,"Eternal Feather":9,"Burning Blood":0},{"Bottled Flame":4,"Eternal Feather":5,"Burning Blood":0},{"Bottled Flame":12,"Eternal Feather":18,"Burning Blood":0}],"Burning Blood":30},"card_choices":[{"not_picked":["Body Slam","Anger"],"picked":"Perfected Strike","floor":1},{"not_picked":["Evolve","Rage"],"picked":"Whirlwind","floor":4},{"not_picked":["Pummel","Havoc"],"picked":"Headbutt","floor":5},{"not_picked":["Clothesline","Feel No Pain","Metallicize"],"picked":"SKIP","floor":6},{"not_picked":["Reckless Charge","Armaments"],"picked":"Flex","floor":8}],"player_experience":563904,"relics_obtained":[{"floor":6,"key":"Bottled Flame"},{"floor":9,"key":"Eternal Feather"}],"event_choices":[{"damage_healed":0,"gold_gain":0,"player_choice":"1 cards matched","damage_taken":0,"max_hp_gain":0,"max_hp_loss":0,"event_name":"Match and Keep!","floor":2,"gold_loss":0,"cards_obtained":["Body Slam"]},{"damage_healed":0,"gold_gain":0,"player_choice":"Entered Light","damage_taken":23,"max_hp_gain":0,"max_hp_loss":0,"event_name":"Shining Light","floor":7,"gold_loss":0,"cards_upgraded":["Bash","Defend_R"]}],"is_beta":false,"boss_relics":[],"items_purged_floors":[],"is_endless":false,"potions_floor_spawned":[5,6,8],"killed_by":"Lagavulin","ascension_level":20}}