{"host":"yxwl91n21ge0donf","time":1613720438,"event":{"mods":["100% Spire Juice","AlwaysNeverKeys","BaseMod","Card Forge","Custom Start","Gold Saver","Grow up Mod","HololiveMod","Minty Spire (QoL Compilation)","MostiFishMod","Permanent Neow","Poor People Problems","Relic Filter","Remove Card Discount Mod","Shop Mod","StSLib","The Alterego","The Animator","The Senshi","TheSwordswoman","TheVelvet","Uncapped","Waifu the Spire","残留之物","篝火指南"],"gold_per_floor":[99,138,138,174,174,174,174,230,230,311,311,396,435,168,168,392,392,440,440,440,440,31,31,76,76,123,123,213,213,273,359,195,473,473,525,567,606,606,606,704,547,643,643,723,723,753,846,882,882,882,882,882,720,540,675,675],"floor_reached":57,"language":"ZHS","playtime":2952,"items_purged":[],"score":3855,"play_id":"dd1f5e6b-d233-44b5-bfeb-585a99c1a924","local_time":"20210219154038","daily_mods":["Midas"],"is_ascension_mode":true,"campfire_choices":[{"floor":25,"key":"REST"},{"floor":49,"key":"REST"}],"circlet_count":0,"master_deck":["Hololive_BeCareful+1","Hololive_CallAmaneKanata+1","Hololive_CallAmaneKanata+1","Hololive_CallAmaneKanata+1","Hololive_CallAmaneKanata+1","Hololive_CallHoshimachiSuisei+1","Hololive_CallShiroganeNoel+1","Hololive_CallShishiroBotan+1","Hololive_CallAkiRosenthal+1","Hololive_CallKiryuuCoco+1","Hololive_CallShiranuiFlare+1","Hololive_CallNatsuiroMatsuri+1","Hololive_CallTokinoSora+1","Hololive_CallRosalyn+1","Hololive_CallTokoyamiTowa+1","Hololive_CallMinatoAqua+1","Hololive_CallAmaneKanata+1","Hololive_CallOmaruPolka+1","Hololive_CallNekomataOkayu+1","Hololive_CallAZKi+1","Hololive_CallNakiriAyame+1","Hololive_CallMoonaHoshinova+1","Hololive_CallOkamiMio+1","Hololive_CallCivia+1","Hololive_CallYukihanaLamy+1","Hololive_CallArtia+1","Hololive_CallYogiri+1","Hololive_CallUruhaRushia+1","Hololive_CallAiraniIofifteen+1","Hololive_CallUsadaPekora+1","Hololive_CallDoris+1","Hololive_CallAkaiHaato+1","Hololive_CallOzoraSubaru+1","Hololive_CallYuzukiChoco+1","Hololive_CallYozoraMel+1","Hololive_CallHimemoriLuna+1","Hololive_CallHoushouMarine+1","Hololive_CallMomosuzuNene+21","Hololive_CallInugamiKorone+1","Hololive_CallTsunomakiWatame+1","Hololive_CallSakuraMiko+1","Hololive_CallManoAloe+1","Hololive_CallAyundaRisu+1","Hololive_CallShirakamiFubuki+1","Hololive_CallFriendA+1","Hololive_CallMurasakiShion+1","Hololive_CallSpadeEcho+1","Hololive_IdolExercise+1","Hololive_BeCareful+1","Hololive_BeCareful+1","Hololive_DurableLive+1","Hololive_DurableLive+1","Hololive_FlareMind+1","Hololive_Thief+1","Hololive_Thief+1","Hololive_Teleport+1","Hololive_Teleport+1","Hololive_Teleport+1","Hololive_Nanodesu+1","Hololive_Teleport+1","Hololive_StrengthChampion+10","Hololive_CocoNews+1","Hololive_Teleport+1","MostiFishMod:BrokenBlackCloak+1","Hololive_Nanodesu+1","Hololive_CallRoboco+1","Hololive_Recruit+1","Hololive_Psychosis+1","Hololive_Nanodesu+1","Hololive_CocoNews+1","Hololive_BeCareful+1","Master of Strategy+1","Hololive_SummonFox+1"],"relics":["Hololive_TheStar","Hammer of Thor","Seething Fire","Anvil of the Gods","DaveBox","BrkXgEgg","Mummified Hand","Runic Capacitor","SynthV:TestCard","StoneCalendar","Eternal Feather","Question Card","Hololive_FriedShrimpLion","Pear","GreenFoldingFan","ArrowTower","Potion Belt","alterego_mod:SomeoneToFightFor","Mercury Hourglass","Dream Catcher","Civilization","Sozu","Ornamental Fan","OrangePellets","OriginationStaff","Meat on the Bone","Art of War","Membership Card","MostiFishMod:AdaptiveDefenses","Bottled Tornado"],"acts_visited":["Exordium","TheCity","TheBeyond","TheEnding"],"potions_floor_usage":[51,51],"damage_taken":[{"damage":0.0,"enemies":"Jaw Worm","floor":1.0,"turns":6.0},{"damage":0.0,"enemies":"2 Louse","floor":2.0,"turns":1.0},{"damage":0.0,"enemies":"Small Slimes","floor":4.0,"turns":2.0},{"damage":0.0,"enemies":"2 Fungi Beasts","floor":8.0,"turns":2.0},{"damage":0.0,"enemies":"3 Sentries","floor":10.0,"turns":1.0},{"damage":0.0,"enemies":"Gremlin Nob","floor":12.0,"turns":9.0},{"damage":0.0,"enemies":"3 Louse","floor":13.0,"turns":1.0},{"damage":0.0,"enemies":"Slime Boss","floor":16.0,"turns":1.0},{"damage":2,"enemies":"Chosen","floor":18,"turns":2},{"damage":2,"enemies":"Spheric Guardian","floor":24,"turns":2},{"damage":2,"enemies":"Book of Stabbing","floor":28,"turns":2},{"damage":2,"enemies":"Snake Plant","floor":30,"turns":2},{"damage":2,"enemies":"Slavers","floor":31,"turns":3},{"damage":2,"enemies":"Automaton","floor":33,"turns":3},{"damage":2,"enemies":"Orb Walker","floor":35,"turns":2},{"damage":2,"enemies":"3 Shapes","floor":36,"turns":2},{"damage":2,"enemies":"Jaw Worm Horde","floor":37,"turns":2},{"damage":2,"enemies":"Nemesis","floor":40,"turns":3},{"damage":2,"enemies":"Reptomancer","floor":42,"turns":1},{"damage":2,"enemies":"Maw","floor":44,"turns":2},{"damage":2,"enemies":"3 Darklings","floor":45,"turns":2},{"damage":2,"enemies":"4 Shapes","floor":46,"turns":2},{"damage":2,"enemies":"Giant Head","floor":47,"turns":2},{"damage":2,"enemies":"Maw","floor":48,"turns":3},{"damage":2,"enemies":"Time Eater","floor":50,"turns":3},{"damage":2,"enemies":"Awakened One","floor":51,"turns":2},{"damage":2,"enemies":"Shield and Spear","floor":55,"turns":1},{"damage":2,"enemies":"The Heart","floor":56,"turns":4}],"seed_played":"288709925733992006","potions_obtained":[{"floor":2.0,"key":"Dexterity Potion"},{"floor":4.0,"key":"AttackPotion"}],"is_trial":true,"path_per_floor":["M","M","?","M","?","R","?","M","T","E","R","E","M","$","R","B",null,"M","?","$","?","$","R","M","R","T","?","E","?","M","E","R","B",null,"M","M","M","?","?","E","R","E","T","M","M","M","E","M","R","B","B",null,"R","$","E","B",null],"character_chosen":"Hololive_HololiveCharacter","items_purchased":["Hololive_Teleport","MostiFishMod:BrokenBlackCloak+1","ArrowTower","Hololive_CallRoboco","Civilization","OrangePellets","Membership Card","MostiFishMod:AdaptiveDefenses","Master of Strategy+1"],"campfire_rested":2,"item_purchase_floors":[14,14,22,22,32,41,53,54,54],"current_hp_per_floor":[47,57,67,77,52,98,108,118,128,138,150,170,180,190,200,210,220,230,240,250,260,270,280,290,300,310,320,330,340,350,360,370,381,391,403,418,433,421,431,446,456,471,481,496,511,526,541,556,566,581,596,606,616,626,641,656],"gold":675,"neow_bonus":"","is_daily":false,"chose_seed":false,"campfire_upgraded":0,"win_rate":0.0,"timestamp":1613720438,"path_taken":["M","M","?","M","?","R","?","M","T","E","R","E","M","$","R","BOSS","M","?","$","?","?","R","?","R","T","?","E","?","M","E","R","BOSS","M","?","M","?","?","E","R","E","T","M","M","M","E","M","R","BOSS","BOSS","R","$","E","BOSS"],"items_purchased_type":["Card","Card","Relic","Card","Relic","Relic","Relic","Relic","Card"],"build_version":"2020-12-22","purchased_purges":0,"victory":true,"max_hp_per_floor":[50,60,70,80,90,100,110,120,130,140,150,170,180,190,200,210,220,230,240,250,260,270,280,290,300,310,320,330,340,350,360,370,381,391,403,418,433,421,431,446,456,471,481,496,511,526,541,556,566,581,596,606,616,626,641,656],"card_choices":[{"not_picked":["Hololive_Breathe","Hololive_Drill","Hololive_CocoNews","Hololive_Yoholoon"],"picked":"SKIP","floor":1.0},{"not_picked":["Hololive_CallShiroganeNoel","Hololive_RevenueBasedLive","Hololive_Rebound","Hololive_Drill","Hololive_Breathe","Hololive_StrengthChampion"],"picked":"SKIP","floor":2.0},{"not_picked":["Hololive_Rebound","Hololive_BringToTrial","Hololive_ILoveYou","Hololive_StrengthChampion","Hololive_FlyingPonyTail"],"picked":"Hololive_Teleport","floor":4.0},{"not_picked":["Hololive_Psychosis","Hololive_Rebound","Hololive_OvertimeWork","Hololive_RevenueBasedLive","Hololive_CallFriendA","Hololive_CallOkamiMio"],"picked":"SKIP","floor":8.0},{"not_picked":["Hololive_CallOkamiMio","Hololive_IdolExercise+1","Hololive_Sequa","Hololive_Rebirth+1","Hololive_CallYozoraMel","Hololive_Breathe"],"picked":"Hololive_StrengthChampion","floor":10.0},{"not_picked":["Hololive_CallNekomataOkayu","Hololive_CallInugamiKorone","Hololive_Trident","Hololive_CallOzoraSubaru","Hololive_CallManoAloe","Hololive_CallOkamiMio","Hololive_CallSpadeEcho"],"picked":"SKIP","floor":12.0},{"not_picked":["Hololive_Trident","Hololive_Rebound","Hololive_Watashimo","Hololive_Breathe","Hololive_Drill","Hololive_Psychosis"],"picked":"Hololive_CocoNews","floor":13.0},{"not_picked":["Hololive_FlareMind+1","Hololive_DurableLive+1","Hololive_IdolExercise+1","Hololive_DiamondStrike+1","Hololive_Rebirth+1","Hololive_MaximGun+1"],"picked":"Hololive_Nanodesu+1","floor":16.0},{"not_picked":["Hololive_CallRosalyn","Hololive_CallMinatoAqua","Hololive_RevenueBasedLive+1","Hololive_CocoNews","Hololive_FlyingPonyTail","Hololive_SoulCatcher"],"picked":"Hololive_CallSpadeEcho+1","floor":18},{"not_picked":["Hololive_Drill","Hololive_CocoNews","Hololive_RevenueBasedLive","Hololive_Trident","Hololive_CallTsunomakiWatame","Hololive_FlyingPonyTail"],"picked":"Hololive_Recruit+1","floor":24},{"not_picked":["Hololive_CallHimemoriLuna","Hololive_CallShishiroBotan","Hololive_Breathe","Hololive_Sequa","Hololive_Rebound","Hololive_OvertimeWork","Hololive_WolfAndLamb+1"],"picked":"SKIP","floor":28},{"not_picked":["Hololive_CallCivia","Hololive_CallOkamiMio","Hololive_RevenueBasedLive","Hololive_FlyingPonyTail","Hololive_Trident+1","Hololive_Drill"],"picked":"Hololive_Psychosis","floor":30},{"not_picked":["Hololive_ManjiGathering","Hololive_CallSpadeEcho","Hololive_CallUsadaPekora","Hololive_Trident","Hololive_Breathe","Hololive_Sequa+1","Hololive_FlyingPonyTail"],"picked":"SKIP","floor":31},{"not_picked":["Hololive_FlareMind+1","Hololive_ScarfAndHalo+1","Hololive_IdolExercise+1","Hololive_DiamondStrike+1","Hololive_DurableLive+1","Hololive_DDD+1"],"picked":"Hololive_Nanodesu+1","floor":33},{"not_picked":["Hololive_CallManoAloe","Hololive_CallYogiri","Hololive_CallAkaiHaato","Hololive_Drill","Hololive_Breathe+1","Hololive_HuntDinosaur+1","Hololive_CallHoushouMarine"],"picked":"SKIP","floor":35},{"not_picked":["Hololive_FlyingPonyTail","Hololive_Breathe","Hololive_CallAkiRosenthal","Hololive_LuckPotion+1","Hololive_RevenueBasedLive+1","Hololive_CallNatsuiroMatsuri","Hololive_OvertimeWork"],"picked":"SKIP","floor":36},{"not_picked":["Hololive_CallHimemoriLuna","Hololive_Drill+1","Hololive_CallMomosuzuNene+1","Hololive_LuckPotion","Hololive_CallMoonaHoshinova","Hololive_Breathe","Hololive_CallAmaneKanata"],"picked":"SKIP","floor":37},{"not_picked":["Hololive_Thief+1","Hololive_CallOkamiMio","Hololive_CallYozoraMel","Hololive_CallKiryuuCoco","Hololive_CallHoshimachiSuisei+1","Hololive_CallInugamiKorone","Hololive_Breathe"],"picked":"SKIP","floor":40},{"not_picked":["Hololive_Rebound","Hololive_Breathe","Hololive_StrengthChampion","Hololive_CallNatsuiroMatsuri","Hololive_Sequa+1","Hololive_DurableLive+1","Hololive_Thief+1"],"picked":"SKIP","floor":42},{"not_picked":["Hololive_LuckPotion","Hololive_Sequa","Hololive_OvertimeWork","Hololive_CallAkiRosenthal","Hololive_FlyingPonyTail","Hololive_CallShiroganeNoel+1","Hololive_CallMinatoAqua"],"picked":"SKIP","floor":44},{"not_picked":["Hololive_Sequa","Hololive_Watashimo","Hololive_HuntDinosaur","Hololive_CallAyundaRisu","Hololive_OvertimeWork","Hololive_CallKiryuuCoco","Hololive_Breathe+1"],"picked":"SKIP","floor":45},{"not_picked":["Hololive_StrengthChampion+1","Hololive_CallTsunomakiWatame","Hololive_CallMurasakiShion","Hololive_CallTokoyamiTowa","Hololive_IdolExercise+1","Hololive_FlyingPonyTail+1","Hololive_CallShishiroBotan"],"picked":"SKIP","floor":46},{"not_picked":["Hololive_Psychosis","Hololive_CallKiryuuCoco","Hololive_Breathe","Hololive_CallShirakamiFubuki+1","Hololive_OvertimeWork","Hololive_CallYozoraMel"],"picked":"Hololive_CocoNews","floor":47},{"not_picked":["Hololive_Rebirth+1","Hololive_CallArtia","Hololive_Rebound","Hololive_RevenueBasedLive","Hololive_Yoholoon","Hololive_CallYogiri+1","Hololive_Trident"],"picked":"SKIP","floor":48},{"not_picked":["Hololive_CallUsadaPekora+1","Hololive_CallHoushouMarine","Hololive_CallTokinoSora","Hololive_Drill","Hololive_CallAmaneKanata+1","Hololive_CallOmaruPolka"],"picked":"Hololive_BeCareful+1","floor":49},{"not_picked":["Hololive_CallHoshimachiSuisei","Hololive_StrengthChampion+1","Hololive_Sequa","Hololive_CallHoushouMarine","Hololive_OvertimeWork","Hololive_CallShishiroBotan"],"picked":"Hololive_SummonFox","floor":55}],"player_experience":111202,"relics_obtained":[{"floor":1.0,"key":"SynthV:TestCard"},{"floor":9.0,"key":"Question Card"},{"floor":10.0,"key":"Hololive_FriedShrimpLion"},{"floor":12.0,"key":"Pear"},{"floor":26,"key":"Potion Belt"},{"floor":28,"key":"Mercury Hourglass"},{"floor":31,"key":"Dream Catcher"},{"floor":40,"key":"Ornamental Fan"},{"floor":42,"key":"OriginationStaff"},{"floor":43,"key":"Meat on the Bone"},{"floor":47,"key":"Art of War"},{"floor":55,"key":"Bottled Tornado"}],"event_choices":[{"damage_healed":0.0,"max_hp_gain":0.0,"max_hp_loss":0.0,"gold_gain":0.0,"event_name":"Big Fish","player_choice":"Box","floor":3.0,"gold_loss":0.0,"damage_taken":0.0,"relics_obtained":["StoneCalendar"],"cards_obtained":["Regret"]},{"damage_healed":0.0,"max_hp_gain":0.0,"max_hp_loss":0.0,"gold_gain":0.0,"event_name":"Scrap Ooze","player_choice":"Success","floor":5.0,"gold_loss":0.0,"damage_taken":35.0,"relics_obtained":["Eternal Feather"]},{"damage_healed":0.0,"max_hp_gain":0.0,"max_hp_loss":0.0,"gold_gain":0.0,"event_name":"Living Wall","player_choice":"Grow","floor":7.0,"gold_loss":0.0,"damage_taken":0.0,"cards_upgraded":["Hololive_CallMomosuzuNene"]},{"cards_removed":["Hololive_CallSpadeEcho"],"damage_healed":0,"gold_gain":0,"player_choice":"Elegance","damage_taken":0,"max_hp_gain":0,"max_hp_loss":0,"event_name":"Back to Basics","floor":19,"gold_loss":0},{"damage_healed":0,"gold_gain":0,"player_choice":"Ignored","damage_taken":0,"max_hp_gain":0,"max_hp_loss":0,"event_name":"Ghosts","floor":21,"gold_loss":0},{"damage_healed":0,"gold_gain":0,"player_choice":"Choice 2","damage_taken":0,"relics_obtained":["alterego_mod:SomeoneToFightFor"],"max_hp_gain":0,"max_hp_loss":0,"event_name":"爱的神圣花园","floor":27,"gold_loss":0},{"cards_removed":["Hololive_CallAmaneKanata"],"damage_healed":0,"gold_gain":0,"player_choice":"Offered Uncommon","damage_taken":0,"max_hp_gain":0,"max_hp_loss":0,"event_name":"Bonfire Elementals","floor":29,"gold_loss":0},{"damage_healed":0,"gold_gain":0,"player_choice":"Max HP","damage_taken":0,"max_hp_gain":0,"max_hp_loss":22,"event_name":"Winding Halls","floor":38,"gold_loss":0},{"damage_healed":0,"gold_gain":0,"player_choice":"Ignored","damage_taken":0,"max_hp_gain":0,"max_hp_loss":0,"event_name":"Transmorgrifier","floor":39,"gold_loss":0}],"is_beta":false,"boss_relics":[{"not_picked":["Astrolabe","Ectoplasm"],"picked":"GreenFoldingFan"},{"not_picked":["NightmareShop","Hololive_ChaosS"],"picked":"Sozu"}],"items_purged_floors":[],"is_endless":false,"potions_floor_spawned":[2,4,12,24,35,42,44,48,55],"ascension_level":20}}