{"host":"p0hktren06injwdf","time":1613700447,"event":{"mods":["AchievementEnabler","BaseMod","Colored Map","DeckTracker","Minty Spire (QoL Compilation)","Permanent Neow","StSLib","SuperFastMode"],"gold_per_floor":[215,230,243,72,72,72,98,117,117,127,127,140,140,51,51,124,124,144,144,69,69,93,93,93,93,93],"floor_reached":25,"language":"KOR","playtime":323,"items_purged":["Defend_B"],"score":398,"play_id":"2da9be60-4979-4d02-8d1f-7d57d9455a3d","local_time":"20210219110727","is_ascension_mode":true,"campfire_choices":[{"data":"Zap","floor":6.0,"key":"SMITH"},{"data":"White Noise","floor":11.0,"key":"SMITH"},{"data":"Dualcast","floor":13.0,"key":"SMITH"},{"data":"Biased Cognition","floor":15.0,"key":"SMITH"},{"data":"Flash of Steel","floor":23,"key":"SMITH"}],"circlet_count":0,"master_deck":["AscendersBane","Strike_B","Strike_B","Strike_B","Defend_B","Defend_B","Defend_B","Zap+1","Dualcast+1","BootSequence","Sweeping Beam","Glacier","Flash of Steel+1","Ball Lightning","Conserve Battery","White Noise+1","Gash","Biased Cognition+1","Core Surge","Gash"],"relics":["Cracked Core","PreservedInsect","Omamori","Sozu","Anchor"],"acts_visited":["Exordium","TheCity"],"potions_floor_usage":[16],"damage_taken":[{"damage":7.0,"enemies":"Small Slimes","floor":1.0,"turns":3.0},{"damage":1.0,"enemies":"Cultist","floor":2.0,"turns":4.0},{"damage":0.0,"enemies":"Jaw Worm","floor":3.0,"turns":3.0},{"damage":7.0,"enemies":"Gremlin Nob","floor":7.0,"turns":3.0},{"damage":0.0,"enemies":"2 Fungi Beasts","floor":8.0,"turns":2.0},{"damage":0.0,"enemies":"Lots of Slimes","floor":10.0,"turns":3.0},{"damage":0.0,"enemies":"Looter","floor":12.0,"turns":3.0},{"damage":10,"enemies":"The Guardian","floor":16,"turns":12},{"damage":6,"enemies":"3 Byrds","floor":18,"turns":5},{"damage":60,"enemies":"Gremlin Leader","floor":25,"turns":5}],"seed_played":"-2763347390221032014","potions_obtained":[{"floor":2.0,"key":"AttackPotion"},{"floor":3.0,"key":"FearPotion"},{"floor":8.0,"key":"Strength Potion"}],"is_trial":false,"path_per_floor":["M","M","M","$","?","R","E","M","T","M","R","M","R","$","R","B",null,"M","?","$","?","T","R","?","E"],"character_chosen":"DEFECT","items_purchased":["Glacier","Flash of Steel","Biased Cognition"],"campfire_rested":0,"item_purchase_floors":[4,4,14],"current_hp_per_floor":[57,56,56,56,56,56,49,49,49,49,49,49,49,49,49,39,63,57,57,57,57,57,57,57,0,0],"gold":93,"neow_bonus":"HUNDRED_GOLD","is_daily":false,"chose_seed":false,"campfire_upgraded":5,"win_rate":0.0,"timestamp":1613700447,"path_taken":["M","M","M","$","?","R","E","?","T","?","R","M","R","$","R","BOSS","M","?","$","?","?","R","?","E"],"items_purchased_type":["Card","Card","Card"],"build_version":"2020-12-22","purchased_purges":1,"victory":false,"max_hp_per_floor":[71,71,71,71,71,71,71,71,71,71,71,71,71,71,71,71,71,71,71,71,71,71,71,71,71,71],"card_choices":[{"not_picked":["Go for the Eyes","Hello World"],"picked":"BootSequence","floor":1.0},{"not_picked":["Stack","Blizzard","Redo"],"picked":"SKIP","floor":2.0},{"not_picked":["Static Discharge","Turbo"],"picked":"Sweeping Beam","floor":3.0},{"not_picked":["Go for the Eyes","Streamline"],"picked":"Ball Lightning","floor":7.0},{"not_picked":["Rebound","Stack"],"picked":"Conserve Battery","floor":8.0},{"not_picked":["Steam","Hello World"],"picked":"White Noise","floor":10.0},{"not_picked":["Darkness","Sweeping Beam"],"picked":"Gash","floor":12.0},{"not_picked":["Fission","Creative AI"],"picked":"Core Surge","floor":16},{"not_picked":["Reinforced Body","BootSequence"],"picked":"Gash","floor":18}],"player_experience":1088255,"relics_obtained":[{"floor":7.0,"key":"PreservedInsect"},{"floor":9.0,"key":"Omamori"},{"floor":22,"key":"Anchor"}],"event_choices":[{"cards_removed":["Strike_B"],"damage_healed":0.0,"max_hp_gain":0.0,"max_hp_loss":0.0,"gold_gain":0.0,"event_name":"Purifier","player_choice":"Purged","floor":5.0,"gold_loss":0.0,"damage_taken":0.0},{"damage_healed":0,"gold_gain":0,"player_choice":"Ignored","damage_taken":0,"max_hp_gain":0,"max_hp_loss":0,"event_name":"Cursed Tome","floor":19,"gold_loss":0},{"damage_healed":0,"gold_gain":0,"player_choice":"Ignored","damage_taken":0,"max_hp_gain":0,"max_hp_loss":0,"event_name":"Ghosts","floor":21,"gold_loss":0},{"damage_healed":0,"gold_gain":0,"player_choice":"Got Potions","damage_taken":0,"max_hp_gain":0,"max_hp_loss":0,"event_name":"Lab","floor":24,"gold_loss":0}],"is_beta":false,"boss_relics":[{"not_picked":["Black Star","SlaversCollar"],"picked":"Sozu"}],"items_purged_floors":[20],"is_endless":false,"potions_floor_spawned":[2,3,8],"killed_by":"Gremlin Leader","ascension_level":20}}