{"host":"en4narc5947t7k9n","time":1613723895,"event":{"mods":["AchievementEnabler","BaseMod","Colored Map","Minty Spire (QoL Compilation)","SuperFastMode"],"gold_per_floor":[111,111,126,126,136,171,171,246,269,269,284,50,70,87,87,87,87],"floor_reached":16,"language":"KOR","playtime":629,"items_purged":["Strike_R"],"score":102,"play_id":"e8d41fae-0307-4d07-9a5a-015be7f9fd91","local_time":"20210219173815","is_ascension_mode":false,"campfire_choices":[{"data":"Armaments","floor":7,"key":"SMITH"},{"floor":10,"key":"RECALL"},{"data":"Barricade","floor":15,"key":"SMITH"}],"circlet_count":0,"master_deck":["Strike_R","Strike_R","Strike_R","Defend_R","Defend_R","Defend_R","Defend_R","Bash","Battle Trance+1","Armaments+1","Searing Blow","Flex","Barricade+1","Rage","Warcry"],"relics":["Burning Blood","NeowsBlessing","Orichalcum"],"acts_visited":["Exordium"],"potions_floor_usage":[11,16],"damage_taken":[{"damage":0,"enemies":"2 Louse","floor":1,"turns":1},{"damage":0,"enemies":"Small Slimes","floor":3,"turns":1},{"damage":0,"enemies":"Jaw Worm","floor":5,"turns":1},{"damage":57,"enemies":"Gremlin Nob","floor":6,"turns":6},{"damage":0,"enemies":"3 Louse","floor":11,"turns":4},{"damage":3,"enemies":"Blue Slaver","floor":13,"turns":5},{"damage":15,"enemies":"Lots of Slimes","floor":14,"turns":7},{"damage":30,"enemies":"Slime Boss","floor":16,"turns":3}],"seed_played":"8930675400724332433","potions_obtained":[{"floor":3,"key":"SneckoOil"},{"floor":11,"key":"LiquidBronze"}],"is_trial":false,"path_per_floor":["M","?","M","?","M","E","R","?","T","R","M","$","M","M","R","B"],"character_chosen":"IRONCLAD","items_purchased":["Barricade"],"campfire_rested":0,"item_purchase_floors":[12],"current_hp_per_floor":[80,80,80,73,79,28,28,17,17,17,23,23,26,17,17,0,0],"gold":87,"neow_bonus":"THREE_ENEMY_KILL","is_daily":false,"chose_seed":false,"campfire_upgraded":2,"win_rate":0.0,"timestamp":1613723895,"path_taken":["M","?","M","?","M","E","R","?","T","R","M","$","?","M","R","BOSS"],"items_purchased_type":["Card"],"build_version":"2020-12-22","purchased_purges":1,"victory":false,"max_hp_per_floor":[80,80,80,80,80,80,80,80,80,80,80,80,80,80,80,80,80],"card_choices":[{"not_picked":["Sword Boomerang","Iron Wave"],"picked":"Battle Trance","floor":1},{"not_picked":["Metallicize","Havoc","True Grit"],"picked":"SKIP","floor":3},{"not_picked":["Twin Strike","Dual Wield"],"picked":"Armaments","floor":5},{"not_picked":["Flex","Fiend Fire"],"picked":"Searing Blow","floor":6},{"not_picked":["Pommel Strike","Wild Strike"],"picked":"Flex","floor":11},{"not_picked":["Sword Boomerang","Sentinel"],"picked":"Rage","floor":13},{"not_picked":["Iron Wave","Pummel"],"picked":"Warcry","floor":14}],"player_experience":76971,"relics_obtained":[{"floor":6,"key":"Orichalcum"}],"event_choices":[{"damage_healed":0,"gold_gain":0,"player_choice":"Grow","damage_taken":0,"max_hp_gain":0,"max_hp_loss":0,"event_name":"Living Wall","floor":2,"gold_loss":0,"cards_upgraded":["Battle Trance"]},{"cards_removed":["Strike_R"],"damage_healed":0,"gold_gain":0,"player_choice":"Card Removal","damage_taken":7,"max_hp_gain":0,"max_hp_loss":0,"event_name":"Golden Wing","floor":4,"gold_loss":0},{"damage_healed":0,"gold_gain":75,"player_choice":"Gather Gold","damage_taken":11,"max_hp_gain":0,"max_hp_loss":0,"event_name":"World of Goop","floor":8,"gold_loss":0}],"is_beta":false,"boss_relics":[],"items_purged_floors":[12],"is_endless":false,"potions_floor_spawned":[3,11],"killed_by":"Slime Boss","ascension_level":0}}