{"host":"79kl9rvhjzhuunbo","time":1613747190,"event":{"mods":["AchievementEnabler","BaseMod","Colored Powertips","Defuse TimeMaze Blight","Friendly Minions","Highlight Path","Minty Spire (QoL Compilation)","Permanent Neow","Quick Restart","Random Character Button","Relic Sorter","StSLib","SuperFastMode","Synergy Search","Unceasing Turn Reminder"],"gold_per_floor":[110,110,110,110,71,71,84,118,118,118,118],"floor_reached":10,"language":"ENG","playtime":352,"items_purged":[],"score":67,"play_id":"8a540af1-f479-4c2e-9f05-960abb894d2c","local_time":"20210219160630","is_ascension_mode":true,"campfire_choices":[{"data":"Infinite Blades","floor":6,"key":"SMITH"}],"circlet_count":0,"master_deck":["Strike_G+1","Strike_G+1","Strike_G","Strike_G","Strike_G+1","Defend_G+1","Defend_G","Defend_G","Defend_G","Survivor","Neutralize","Infinite Blades+1","PiercingWail","Cloak And Dagger"],"relics":["HoveringKite","Whetstone","Letter Opener"],"acts_visited":["Exordium"],"potions_floor_usage":[],"damage_taken":[{"damage":2,"enemies":"Small Slimes","floor":1,"turns":4},{"damage":2,"enemies":"2 Louse","floor":7,"turns":3},{"damage":18,"enemies":"3 Sentries","floor":8,"turns":10},{"damage":38,"enemies":"Gremlin Nob","floor":10,"turns":4}],"seed_played":"-3850069852420072926","potions_obtained":[],"is_trial":false,"path_per_floor":["M","?","?","?","$","R","M","E","T","E"],"character_chosen":"THE_SILENT","items_purchased":["Infinite Blades"],"campfire_rested":0,"item_purchase_floors":[5],"current_hp_per_floor":[68,73,58,58,58,58,56,38,38,0,0],"gold":118,"neow_bonus":"BOSS_RELIC","is_daily":false,"chose_seed":false,"campfire_upgraded":1,"win_rate":0.0,"timestamp":1613747190,"path_taken":["M","?","?","?","?","R","M","E","T","E"],"items_purchased_type":["Card"],"build_version":"2020-12-22","purchased_purges":0,"victory":false,"max_hp_per_floor":[70,75,75,75,75,75,75,75,75,75,75],"card_choices":[{"not_picked":["Quick Slash","Poisoned Stab","Backflip"],"picked":"SKIP","floor":1},{"not_picked":["Underhanded Strike","Acrobatics"],"picked":"PiercingWail","floor":7},{"not_picked":["PiercingWail","Deflect"],"picked":"Cloak And Dagger","floor":8}],"player_experience":304530,"relics_obtained":[{"floor":8,"key":"Whetstone"},{"floor":9,"key":"Letter Opener"}],"event_choices":[{"damage_healed":0,"gold_gain":0,"player_choice":"Donut","damage_taken":0,"max_hp_gain":5,"max_hp_loss":0,"event_name":"Big Fish","floor":2,"gold_loss":0},{"damage_healed":0,"gold_gain":0,"player_choice":"Entered Light","damage_taken":15,"max_hp_gain":0,"max_hp_loss":0,"event_name":"Shining Light","floor":3,"gold_loss":0,"cards_upgraded":["Strike_G","Defend_G"]},{"cards_removed":["Defend_G"],"damage_healed":0,"gold_gain":0,"player_choice":"Forget","damage_taken":0,"max_hp_gain":0,"max_hp_loss":0,"event_name":"Living Wall","floor":4,"gold_loss":0}],"is_beta":false,"boss_relics":[],"items_purged_floors":[],"is_endless":false,"potions_floor_spawned":[],"killed_by":"Gremlin Nob","ascension_level":1}}