{"host":"ohy0y2gq28lmekc7","time":1613733263,"event":{"mods":["AchievementEnabler","Act Like it!","BaseMod","Better Third Choice","BetterRewards","Colored Powertips","Curses Come First","Highlight Path","Minty Spire (QoL Compilation)","Permanent Neow","Quick Restart","Relic Stats","StSLib"],"gold_per_floor":[156,0,75,75,25,103,133,235,260,260,260],"floor_reached":10,"language":"ENG","playtime":692,"items_purged":[],"score":128,"play_id":"3cbe441f-befe-4d5a-adce-87e3db506f81","local_time":"20210219121423","daily_mods":["SealedDeck","Hoarder","Vintage","Time Dilation","Flight","DeadlyEvents","Elite Swarm","Midas"],"is_ascension_mode":true,"campfire_choices":[],"circlet_count":0,"master_deck":["Demon Form","Echo Form","DevaForm","Loop","Loop","Loop","Ball Lightning","Ball Lightning","Ball Lightning","Consume","Consume","Consume","Sunder","Sunder","Sunder","Sweeping Beam","Sweeping Beam","Sweeping Beam","Sweeping Beam","Sweeping Beam","Sweeping Beam","Genetic Algorithm","Genetic Algorithm","Genetic Algorithm","White Noise","White Noise","White Noise","Defragment","Defragment","Defragment","Capacitor","Capacitor","Capacitor","Enlightenment","Enlightenment","Enlightenment","Seek","Seek","Seek","Amplify","Amplify","Amplify"],"relics":["Cracked Core","Oddly Smooth Stone","Girya","Regal Pillow","Bronze Scales","Bag of Marbles"],"acts_visited":["Exordium"],"potions_floor_usage":[],"damage_taken":[{"damage":15.0,"enemies":"Cultist","floor":1.0,"turns":4.0},{"damage":6.0,"enemies":"Gremlin Nob","floor":6.0,"turns":4.0},{"damage":15.0,"enemies":"Small Slimes","floor":7.0,"turns":3.0},{"damage":27.0,"enemies":"3 Sentries","floor":8.0,"turns":4.0},{"damage":0,"enemies":"Lagavulin","floor":10,"turns":3}],"seed_played":"-5061966518368581636","potions_obtained":[{"floor":1.0,"key":"FearPotion"},{"floor":7.0,"key":"EssenceOfSteel"}],"is_trial":true,"path_per_floor":["M","?","?","$","?","E","M","E","T","E"],"character_chosen":"DEFECT","items_purchased":[],"campfire_rested":0,"item_purchase_floors":[],"current_hp_per_floor":[60,66,55,55,55,49,34,7,7,7,7],"gold":260,"neow_bonus":"","is_daily":false,"chose_seed":false,"campfire_upgraded":0,"win_rate":0.0,"timestamp":1613733263,"path_taken":["M","?","?","$","?","E","M","?","T","E"],"items_purchased_type":[],"build_version":"2020-12-22","purchased_purges":0,"victory":false,"max_hp_per_floor":[75,81,81,81,81,81,81,81,81,81,81],"relic_stats":{"Regal Pillow":0,"counters":[5,18],"Bronze Scales":[0],"obtain_stats":[{"Girya":6,"Regal Pillow":7,"Bronze Scales":8,"Oddly Smooth Stone":1,"Bag of Marbles":9,"Cracked Core":0},{"Girya":2,"Regal Pillow":3,"Bronze Scales":4,"Oddly Smooth Stone":1,"Bag of Marbles":4,"Cracked Core":0},{"Girya":8,"Regal Pillow":11,"Bronze Scales":15,"Oddly Smooth Stone":4,"Bag of Marbles":15,"Cracked Core":0}]},"card_choices":[{"not_picked":["Meteor Strike","Rainbow"],"picked":"Seek","floor":6.0},{"not_picked":["Machine Learning","Fission"],"picked":"Amplify","floor":8.0}],"player_experience":87317,"relics_obtained":[{"floor":1.0,"key":"Oddly Smooth Stone"},{"floor":6.0,"key":"Girya"},{"floor":7.0,"key":"Regal Pillow"},{"floor":8.0,"key":"Bronze Scales"},{"floor":9.0,"key":"Bag of Marbles"}],"event_choices":[{"damage_healed":0.0,"max_hp_gain":0.0,"max_hp_loss":0.0,"gold_gain":0.0,"event_name":"betterThird:BetterSerpent","player_choice":"RENOUNCE","floor":2.0,"gold_loss":156.0,"damage_taken":156.0,"cards_obtained":["Enlightenment"]},{"damage_healed":0.0,"max_hp_gain":0.0,"max_hp_loss":0.0,"gold_gain":75.0,"event_name":"betterThird:BetterGoop","player_choice":"Gold","floor":3.0,"gold_loss":0.0,"damage_taken":11.0},{"cards_removed":["Wraith Form v2"],"damage_healed":0.0,"max_hp_gain":0.0,"max_hp_loss":0.0,"gold_gain":0.0,"event_name":"The Cleric","player_choice":"Card Removal","floor":5.0,"gold_loss":50.0,"damage_taken":0.0}],"is_beta":false,"boss_relics":[],"items_purged_floors":[],"is_endless":true,"potions_floor_spawned":[1,7],"killed_by":"Lagavulin","ascension_level":1}}