{"host":"qxeepl7ydvsgmfdb","time":1613751910,"event":{"mods":["AchievementEnabler","BaseMod","Colored Powertips","Minty Spire (QoL Compilation)","Quick Restart","slay the spire mod where everything is the same but ironclad has a cowboy hat"],"gold_per_floor":[113,113,130,33,33,66,66,66,66,117,117,192,210,238,238,312,312,328,10,22,37,37,37],"floor_reached":22,"language":"ENG","playtime":436,"items_purged":[],"score":401,"play_id":"abddf66d-ad3d-4398-9409-c60e9b7e31ee","local_time":"20210219112510","is_ascension_mode":true,"campfire_choices":[{"data":"Dramatic Entrance","floor":11.0,"key":"SMITH"},{"floor":15.0,"key":"REST"}],"circlet_count":0,"master_deck":["AscendersBane","Strike_G","Strike_G","Defend_G","Defend_G","Defend_G","Survivor","Neutralize","Backflip","Dramatic Entrance+1","Poisoned Stab","Phantasmal Killer","Noxious Fumes","Poisoned Stab","Corpse Explosion"],"relics":["Ring of the Snake","NeowsBlessing","Sundial","Vajra","Bronze Scales","Anchor","Empty Cage","Strawberry"],"acts_visited":["Exordium","TheCity"],"potions_floor_usage":[21,21],"damage_taken":[{"damage":0.0,"enemies":"Jaw Worm","floor":1.0,"turns":1.0},{"damage":0.0,"enemies":"Cultist","floor":3.0,"turns":1.0},{"damage":0.0,"enemies":"Gremlin Nob","floor":6.0,"turns":1.0},{"damage":0.0,"enemies":"2 Louse","floor":13.0,"turns":1.0},{"damage":12.0,"enemies":"Lagavulin","floor":14.0,"turns":5.0},{"damage":30.0,"enemies":"Hexaghost","floor":16.0,"turns":9.0},{"damage":29.0,"enemies":"Spheric Guardian","floor":18.0,"turns":7.0},{"damage":14.0,"enemies":"2 Thieves","floor":20.0,"turns":4.0},{"damage":16,"enemies":"Shelled Parasite and Fungi","floor":21,"turns":3},{"damage":4,"enemies":"Snake Plant","floor":22,"turns":3}],"seed_played":"5182483323063779580","potions_obtained":[{"floor":3.0,"key":"SkillPotion"},{"floor":13.0,"key":"Strength Potion"},{"floor":20.0,"key":"AttackPotion"}],"is_trial":false,"path_per_floor":["M","?","M","$","?","E","?","$","T","T","R","?","M","E","R","B",null,"M","$","M","M","M"],"character_chosen":"THE_SILENT","items_purchased":["Dramatic Entrance","Noxious Fumes","Strawberry","Strength Potion"],"campfire_rested":1,"item_purchase_floors":[4,19,19,19],"current_hp_per_floor":[59,59,59,59,59,59,52,52,52,52,52,41,41,29,48,18,54,25,32,18,2,0,0],"gold":37,"neow_bonus":"THREE_ENEMY_KILL","is_daily":false,"chose_seed":false,"campfire_upgraded":1,"win_rate":0.0,"timestamp":1613751910,"path_taken":["M","?","?","$","?","E","?","?","T","?","R","?","?","E","R","BOSS","M","$","M","M","M"],"items_purchased_type":["Card","Card","Relic","Potion"],"build_version":"2020-12-22","purchased_purges":0,"victory":false,"max_hp_per_floor":[66,66,66,66,66,66,66,66,66,66,66,66,66,66,66,66,66,66,73,73,73,73,73],"card_choices":[{"not_picked":["Backflip","Slice","Acrobatics"],"picked":"SKIP","floor":1.0},{"not_picked":["Accuracy","Dodge and Roll","Tactician"],"picked":"SKIP","floor":3.0},{"not_picked":["Dagger Spray","Sucker Punch","Predator"],"picked":"SKIP","floor":6.0},{"not_picked":["Backstab","Infinite Blades"],"picked":"Poisoned Stab","floor":13.0},{"not_picked":["Eviscerate","Flying Knee"],"picked":"Phantasmal Killer","floor":14.0},{"not_picked":["Dodge and Roll","Acrobatics","Endless Agony"],"picked":"SKIP","floor":18.0},{"not_picked":["Quick Slash+1","Choke"],"picked":"Poisoned Stab","floor":20.0},{"not_picked":["Infinite Blades","Deflect"],"picked":"Corpse Explosion","floor":21}],"player_experience":178955,"relics_obtained":[{"floor":6.0,"key":"Sundial"},{"floor":9.0,"key":"Vajra"},{"floor":10.0,"key":"Bronze Scales"},{"floor":14.0,"key":"Anchor"}],"event_choices":[{"damage_healed":0.0,"max_hp_gain":0.0,"max_hp_loss":0.0,"gold_gain":0.0,"cards_transformed":["Strike_G"],"event_name":"Transmorgrifier","player_choice":"Transformed","floor":2.0,"gold_loss":0.0,"damage_taken":0.0,"cards_obtained":["Backflip"]},{"cards_removed":["Strike_G"],"damage_healed":0.0,"max_hp_gain":0.0,"max_hp_loss":0.0,"gold_gain":0.0,"event_name":"Living Wall","player_choice":"Forget","floor":5.0,"gold_loss":0.0,"damage_taken":0.0},{"cards_removed":["Defend_G"],"damage_healed":0.0,"max_hp_gain":0.0,"max_hp_loss":0.0,"gold_gain":0.0,"event_name":"Golden Wing","player_choice":"Card Removal","floor":7.0,"gold_loss":0.0,"damage_taken":7.0},{"damage_healed":0.0,"max_hp_gain":0.0,"max_hp_loss":0.0,"gold_gain":75.0,"event_name":"World of Goop","player_choice":"Gather Gold","floor":12.0,"gold_loss":0.0,"damage_taken":11.0}],"is_beta":false,"boss_relics":[{"not_picked":["Velvet Choker","Ring of the Serpent"],"picked":"Empty Cage"}],"items_purged_floors":[],"is_endless":false,"potions_floor_spawned":[3,13,20],"killed_by":"Snake Plant","ascension_level":17}}