{"host":"8is2j71l4wmybkoi","time":1613741428,"event":{"mods":["AchievementEnabler","BaseMod","Colored Map","DeckTracker","Minty Spire (QoL Compilation)","Rare Cards Sparkle","Relic Stats","StSLib","SuperFastMode"],"gold_per_floor":[16,32,49,99,117,117,42,42,114,114,139,150,14,32,32,105,105,121,135,151,76,93,93,93],"floor_reached":23,"language":"KOR","playtime":869,"items_purged":["Strike_G","Defend_G"],"score":341,"play_id":"afdd5f83-c40d-4739-a0fd-9fcf52671553","local_time":"20210219223028","is_ascension_mode":true,"campfire_choices":[{"data":"Neutralize","floor":6,"key":"SMITH"},{"data":"Caltrops","floor":8,"key":"SMITH"},{"data":"Deflect","floor":10,"key":"SMITH"},{"floor":15,"key":"REST"}],"circlet_count":0,"master_deck":["AscendersBane","Strike_G","Defend_G","Defend_G","Survivor","Neutralize+1","Heel Hook","Dodge and Roll","Quick Slash","Caltrops+1","Escape Plan","Deflect+1","Choke","Calculated Gamble","Dash","Backstab","Burst","Blade Dance","PiercingWail","Footwork"],"relics":["Ring of the Snake","Pen Nib","Empty Cage"],"acts_visited":["Exordium","TheCity"],"potions_floor_usage":[5,16,18,20,22,23],"damage_taken":[{"damage":2.0,"enemies":"Cultist","floor":1.0,"turns":5.0},{"damage":3.0,"enemies":"2 Louse","floor":2.0,"turns":3.0},{"damage":3,"enemies":"Jaw Worm","floor":3,"turns":4},{"damage":4,"enemies":"Exordium Wildlife","floor":5,"turns":6},{"damage":34,"enemies":"Gremlin Nob","floor":11,"turns":5},{"damage":0,"enemies":"Looter","floor":12,"turns":4},{"damage":0,"enemies":"3 Louse","floor":14,"turns":4},{"damage":1,"enemies":"The Guardian","floor":16,"turns":12},{"damage":1,"enemies":"2 Thieves","floor":18,"turns":3},{"damage":0,"enemies":"3 Byrds","floor":19,"turns":4},{"damage":10,"enemies":"Shelled Parasite and Fungi","floor":20,"turns":6},{"damage":0,"enemies":"Centurion and Healer","floor":22,"turns":9},{"damage":19,"enemies":"Gremlin Leader","floor":23,"turns":6}],"seed_played":"3094453508483486724","potions_obtained":[{"floor":2.0,"key":"SpeedPotion"},{"floor":11,"key":"Energy Potion"},{"floor":12,"key":"AttackPotion"},{"floor":14,"key":"LiquidBronze"},{"floor":16,"key":"SneckoOil"},{"floor":18,"key":"SpeedPotion"},{"floor":20,"key":"SkillPotion"}],"is_trial":false,"path_per_floor":["M","M","M","?","M","R","$","R","T","R","E","M","$","M","R","B",null,"M","M","M","?","M","E"],"character_chosen":"THE_SILENT","items_purchased":["Dash"],"campfire_rested":1,"item_purchase_floors":[13],"current_hp_per_floor":[57,54,51,45,41,41,41,41,41,41,7,7,7,7,26,25,56,55,55,45,45,45,26,26],"gold":93,"neow_bonus":"TRANSFORM_TWO_CARDS","is_daily":false,"chose_seed":false,"campfire_upgraded":3,"win_rate":0.0,"timestamp":1613741428,"path_taken":["M","M","?","?","?","R","?","R","T","R","E","M","$","?","R","BOSS","M","M","M","?","M","E"],"items_purchased_type":["Card"],"build_version":"2020-12-22","purchased_purges":2,"victory":false,"max_hp_per_floor":[66,66,66,66,66,66,66,66,66,66,66,66,66,66,66,66,66,66,66,66,66,66,66,66],"relic_stats":{"counters":[13,71],"Pen Nib":[11],"obtain_stats":[{"Pen Nib":11,"Empty Cage":17,"Ring of the Snake":0},{"Pen Nib":5,"Empty Cage":8,"Ring of the Snake":0},{"Pen Nib":23,"Empty Cage":43,"Ring of the Snake":0}],"Ring of the Snake":[26]},"card_choices":[{"not_picked":["Deflect","Infinite Blades"],"picked":"Quick Slash","floor":1.0},{"not_picked":["Cloak And Dagger","Endless Agony"],"picked":"Caltrops","floor":2.0},{"not_picked":["PiercingWail","Sucker Punch"],"picked":"Escape Plan","floor":3},{"not_picked":["Concentrate","Tools of the Trade"],"picked":"Deflect","floor":5},{"not_picked":["Cloak And Dagger","Reflex"],"picked":"Choke","floor":11},{"not_picked":["Slice","Sucker Punch"],"picked":"Calculated Gamble","floor":12},{"not_picked":["Slice","Choke"],"picked":"Backstab","floor":14},{"not_picked":["Phantasmal Killer","Bullet Time"],"picked":"Burst","floor":16},{"not_picked":["Outmaneuver","Eviscerate"],"picked":"Blade Dance","floor":18},{"not_picked":["Distraction","Slice","Deadly Poison"],"picked":"SKIP","floor":19},{"not_picked":["Distraction","Slice","Deadly Poison"],"picked":"SKIP","floor":19},{"not_picked":["Dagger Throw","Acrobatics"],"picked":"PiercingWail","floor":20},{"not_picked":["Underhanded Strike","Expertise"],"picked":"Footwork","floor":22}],"player_experience":1255843,"relics_obtained":[{"floor":11,"key":"Pen Nib"}],"event_choices":[{"damage_healed":0,"gold_gain":50,"player_choice":"Touch","damage_taken":6,"max_hp_gain":0,"max_hp_loss":0,"event_name":"FaceTrader","floor":4,"gold_loss":0},{"cards_removed":["Strike_G"],"damage_healed":0,"gold_gain":0,"player_choice":"Gave Gold","damage_taken":0,"max_hp_gain":0,"max_hp_loss":0,"event_name":"Beggar","floor":21,"gold_loss":75}],"is_beta":false,"boss_relics":[{"not_picked":["Ring of the Serpent","Philosopher\u0027s Stone"],"picked":"Empty Cage"}],"items_purged_floors":[7,13],"is_endless":false,"potions_floor_spawned":[2,11,12,14,16,18,20],"killed_by":"Gremlin Leader","ascension_level":15}}