{"host":"ig9h5mtrygw4gu9r","time":1613706904,"event":{"mods":["2.2 Compatiblity","AchievementEnabler","BaseMod","Bestiary","Infinite Spire","Minty Spire (QoL Compilation)","Relic Stats","Replay The Spire","StSLib","The Servant 0.9.4"],"gold_per_floor":[109,125,64,64,84,84,84],"floor_reached":6,"language":"ENG","playtime":222,"items_purged":[],"score":41,"play_id":"c7ce25f4-7315-4e91-a1b5-c4e29d3d4762","local_time":"20210218195504","is_ascension_mode":true,"campfire_choices":[],"circlet_count":0,"master_deck":["Strike_R","Strike_R","Strike_R","Strike_R","Strike_R","Defend_R","Defend_R","Defend_R","Defend_R","Bash","Armaments","Burning Pact+1","Sentinel"],"relics":["Burning Blood","Oddly Smooth Stone","Golden Idol"],"acts_visited":["Exordium"],"potions_floor_usage":[],"damage_taken":[{"damage":6.0,"enemies":"2 Louse","floor":1.0,"turns":3.0},{"damage":2.0,"enemies":"Small Slimes","floor":2.0,"turns":3.0},{"damage":20.0,"enemies":"infinitespire:Voidling","floor":5.0,"turns":3.0},{"damage":19,"enemies":"Replay:BlueRogue","floor":6,"turns":3}],"seed_played":"-866801689053861453","potions_obtained":[{"floor":2.0,"key":"Cursed Concoction"},{"floor":5.0,"key":"LiquidBronze"}],"is_trial":false,"path_per_floor":["M","M","$","?","M","E"],"character_chosen":"IRONCLAD","items_purchased":["Burning Pact+1"],"campfire_rested":0,"item_purchase_floors":[3],"current_hp_per_floor":[80,80,80,74,65,46,46],"gold":84,"neow_bonus":"RANDOM_COMMON_RELIC","is_daily":false,"chose_seed":false,"campfire_upgraded":0,"win_rate":0.0,"timestamp":1613706904,"path_taken":["M","M","$","?","M","E"],"items_purchased_type":["Card"],"build_version":"2020-12-22","purchased_purges":0,"victory":false,"max_hp_per_floor":[80,80,80,74,74,74,74],"relic_stats":{"counters":[4,12],"Golden Idol":4,"obtain_stats":[{"Golden Idol":4,"Oddly Smooth Stone":0,"Burning Blood":0},{"Golden Idol":2,"Oddly Smooth Stone":0,"Burning Blood":0},{"Golden Idol":6,"Oddly Smooth Stone":0,"Burning Blood":0}],"Burning Blood":14},"card_choices":[{"not_picked":["Reckless Charge","Replay:Undeath\u0027s Touch"],"picked":"Armaments","floor":1.0},{"not_picked":["Havoc","Heavy Blade","Sword Boomerang"],"picked":"SKIP","floor":2.0},{"not_picked":["Iron Wave","Wild Strike"],"picked":"Sentinel","floor":5.0}],"player_experience":427956,"relics_obtained":[],"event_choices":[{"damage_healed":0.0,"max_hp_gain":0.0,"max_hp_loss":6.0,"gold_gain":0.0,"event_name":"Golden Idol","player_choice":"Lose Max HP","floor":4.0,"gold_loss":0.0,"damage_taken":0.0,"relics_obtained":["Golden Idol"]}],"is_beta":false,"boss_relics":[],"items_purged_floors":[],"is_endless":false,"potions_floor_spawned":[2,5],"killed_by":"Replay:BlueRogue","ascension_level":3}}