{"host":"g7mkzn6qfoxkk5sz","time":1613763018,"event":{"mods":["BaseMod","Colored Map","Colored Powertips","Downfall","Minty Spire (QoL Compilation)","StSLib"],"gold_per_floor":[99,99,99,38,55,73,73,19,19,19,29,58,58,71,71,169,169,179,189,189,189,189],"floor_reached":20,"language":"ENG","playtime":958,"items_purged":[],"score":197,"play_id":"1d4601d5-f4dd-46bf-8b58-08139f3a08df","local_time":"20210219213018","is_ascension_mode":false,"campfire_choices":[{"data":"hexamod:Sear","floor":10,"key":"SMITH"},{"data":"hexamod:ChargedBarrage","floor":15,"key":"SMITH"}],"circlet_count":0,"master_deck":["hexamod:Strike","hexamod:Strike","hexamod:Defend","hexamod:Defend","hexamod:Defend","hexamod:Sear+1","hexamod:Float","hexamod:SwordOfDarkness","hexamod:FastForward","hexamod:InspiringFlames","hexamod:ShieldOfDarkness","hexamod:BurningTouch","hexamod:SpectersWail","hexamod:ChargedBarrage+1","hexamod:FlamesFromBeyond","hexamod:RadiantFlame","Regret","hexamod:TimeOfNeed+1","hexamod:GhostShield","hexamod:ExtraCrispy","Injury","hexamod:GhostflameBarrier","hexamod:ThirdSeal","hexamod:FifthSeal","hexamod:VolcanoVisage","hexamod:SixthSeal","hexamod:PhantomFireball","hexamod:SecondSeal","hexamod:FirstSeal"],"relics":["hexamod:SpiritBrand","downfall:HeartsMalice","Bird Faced Urn","Mummified Hand","Ornamental Fan","Velvet Choker"],"acts_visited":["Exordium","TheCity"],"potions_floor_usage":[16,16,16],"damage_taken":[{"damage":0,"enemies":"2 Louse","floor":1,"turns":1},{"damage":0,"enemies":"Cultist","floor":2,"turns":1},{"damage":0,"enemies":"Jaw Worm","floor":3,"turns":1},{"damage":0,"enemies":"downfall:FleeingMerchant","floor":4,"turns":4},{"damage":7,"enemies":"Blue Slaver","floor":5,"turns":3},{"damage":0,"enemies":"downfall:LooterAlt","floor":6,"turns":3},{"damage":5,"enemies":"downfall:FleeingMerchant","floor":8,"turns":4},{"damage":1,"enemies":"Exordium Wildlife","floor":11,"turns":3},{"damage":13,"enemies":"3 Sentries","floor":12,"turns":6},{"damage":17,"enemies":"Lots of Slimes","floor":14,"turns":4},{"damage":5,"enemies":"SI_SHIV_ARCHETYPE","floor":16,"turns":4},{"damage":39,"enemies":"3 Byrds","floor":18,"turns":5},{"damage":42,"enemies":"downfall:LooterAlt2","floor":19,"turns":5},{"damage":17,"enemies":"Chosen and Byrds","floor":20,"turns":4}],"seed_played":"-1725384565285561651","potions_obtained":[{"floor":5,"key":"BlessingOfTheForge"},{"floor":6,"key":"Energy Potion"},{"floor":11,"key":"SkillPotion"},{"floor":14,"key":"hexamod:SoulburnPotion"}],"is_trial":false,"path_per_floor":["M","M","M","$","M","M","T","$","?","R","M","E","?","M","R","B",null,"M","M","M"],"character_chosen":"THE_SPIRIT","items_purchased":["hexamod:BurningTouch","hexamod:RadiantFlame"],"campfire_rested":0,"item_purchase_floors":[4,8],"current_hp_per_floor":[70,70,70,70,63,63,63,58,58,58,59,48,48,35,35,32,70,38,10,0,0,0],"gold":189,"neow_bonus":"THREE_ENEMY_KILL","is_daily":false,"chose_seed":false,"campfire_upgraded":2,"win_rate":0.0,"timestamp":1613763018,"path_taken":["M","M","M","$","M","M","T","$","?","R","M","E","?","?","R","BOSS","M","M","M"],"items_purchased_type":["Card","Card"],"build_version":"2020-12-22","purchased_purges":0,"victory":false,"max_hp_per_floor":[70,70,70,70,70,70,70,70,70,70,70,70,70,70,70,70,70,70,70,70,70,70],"card_choices":[{"not_picked":["hexamod:GhostLash","hexamod:NightmareStrike"],"picked":"hexamod:SwordOfDarkness","floor":1},{"not_picked":["hexamod:GhostShield","hexamod:ShieldOfDarkness"],"picked":"hexamod:FastForward","floor":2},{"not_picked":["hexamod:Again","hexamod:Rewind"],"picked":"hexamod:InspiringFlames","floor":3},{"not_picked":["hexamod:BacktrackSmack","hexamod:ParanormalForm"],"picked":"hexamod:ShieldOfDarkness","floor":4},{"not_picked":["hexamod:NightmareStrike","hexamod:Hexaguard"],"picked":"hexamod:SpectersWail","floor":5},{"not_picked":["hexamod:Hexaguard","hexamod:HauntingEcho"],"picked":"hexamod:ChargedBarrage","floor":6},{"not_picked":["hexamod:SpectersWail","hexamod:ShieldOfDarkness"],"picked":"hexamod:FlamesFromBeyond","floor":8},{"not_picked":["hexamod:InspiringFlames","hexamod:ThermalTransfer","hexamod:GhostShield"],"picked":"SKIP","floor":11},{"not_picked":["hexamod:HeatShield","hexamod:NightmareGuise"],"picked":"hexamod:TimeOfNeed","floor":12},{"not_picked":["hexamod:GhostShield","hexamod:RadiantFlame"],"picked":"hexamod:ThirdSeal","floor":14},{"not_picked":["hexamod:GiftsFromTheDead","hexamod:WildfireWeapon"],"picked":"hexamod:FifthSeal","floor":16},{"not_picked":["hexamod:SearingWound","hexamod:FifthSeal"],"picked":"hexamod:VolcanoVisage","floor":16},{"not_picked":["hexamod:FirstSeal","hexamod:SecondSeal"],"picked":"hexamod:SixthSeal","floor":18},{"not_picked":["hexamod:GhostLash","hexamod:GhostShield+1"],"picked":"hexamod:PhantomFireball","floor":18},{"not_picked":["hexamod:ThermalTransfer","hexamod:InspiringFlames","hexamod:HauntingEcho"],"picked":"SKIP","floor":18},{"not_picked":["hexamod:ThirdSeal","hexamod:SixthSeal"],"picked":"hexamod:SecondSeal","floor":19},{"not_picked":["hexamod:HauntingEcho+1","hexamod:TurnItUp"],"picked":"hexamod:FirstSeal","floor":19},{"not_picked":["hexamod:NightmareGuise","hexamod:GhostLash","hexamod:ThermalTransfer"],"picked":"SKIP","floor":19}],"player_experience":492570,"relics_obtained":[{"floor":7,"key":"Bird Faced Urn"},{"floor":12,"key":"Ornamental Fan"}],"event_choices":[{"damage_healed":0,"gold_gain":0,"player_choice":"Box","damage_taken":0,"relics_obtained":["Mummified Hand"],"max_hp_gain":0,"max_hp_loss":0,"event_name":"Big Fish","floor":9,"gold_loss":0,"cards_obtained":["Regret"]}],"is_beta":false,"boss_relics":[{"not_picked":["Black Star","hexamod:UnbrokenSoul"],"picked":"Velvet Choker"}],"items_purged_floors":[],"is_endless":false,"potions_floor_spawned":[5,6,11,12,14],"killed_by":"Chosen and Byrds","ascension_level":0}}