{"host":"29uuqgkzqd703i93","time":1613763831,"event":{"mods":["BaseMod","Colored Powertips","Minty Spire (QoL Compilation)"],"gold_per_floor":[112,187,197,197,208,236,236,248,248,282,296,296,261,261,261,361,361,380,408,408,421,41,74,74,109,109,109,28,47,72,101,113,125,125],"floor_reached":33,"language":"ENG","playtime":2610,"items_purged":["Strike_G"],"score":293,"play_id":"3559ce9b-a409-4ca6-9c7b-79fae528489e","local_time":"20210219204351","is_ascension_mode":false,"campfire_choices":[{"floor":7.0,"key":"REST"},{"floor":12.0,"key":"REST"},{"data":"Blade Dance","floor":15.0,"key":"SMITH"},{"floor":24.0,"key":"REST"},{"floor":32.0,"key":"REST"}],"circlet_count":0,"master_deck":["Strike_G","Strike_G","Strike_G","Strike_G","Defend_G","Defend_G","Defend_G","Defend_G","Defend_G","Survivor","Neutralize","Finisher","Cloak And Dagger","Cloak And Dagger","Terror","Flying Knee","Deflect","Blade Dance+1","Phantasmal Killer","Underhanded Strike","Leg Sweep","Backflip","Phantasmal Killer","Acrobatics","Dagger Throw","Flying Knee","Infinite Blades+1","Backstab"],"relics":["Ring of the Snake","NeowsBlessing","Juzu Bracelet","Smiling Mask","Frozen Egg 2","WristBlade","Red Mask","Toy Ornithopter","DollysMirror","Vajra","Anchor","MealTicket","Girya","Nilry\u0027s Codex","MawBank"],"acts_visited":["Exordium","TheCity"],"potions_floor_usage":[33,33,33],"damage_taken":[{"damage":0.0,"enemies":"Small Slimes","floor":1.0,"turns":1.0},{"damage":0.0,"enemies":"Jaw Worm","floor":3.0,"turns":1.0},{"damage":0.0,"enemies":"2 Louse","floor":5.0,"turns":1.0},{"damage":52.0,"enemies":"Lagavulin","floor":6.0,"turns":14.0},{"damage":7.0,"enemies":"2 Fungi Beasts","floor":8.0,"turns":4.0},{"damage":12.0,"enemies":"3 Sentries","floor":10.0,"turns":9.0},{"damage":2.0,"enemies":"Blue Slaver","floor":11.0,"turns":5.0},{"damage":18.0,"enemies":"The Guardian","floor":16.0,"turns":16.0},{"damage":0.0,"enemies":"Chosen","floor":18.0,"turns":3.0},{"damage":22.0,"enemies":"Masked Bandits","floor":19.0,"turns":4.0},{"damage":6.0,"enemies":"Spheric Guardian","floor":21.0,"turns":4.0},{"damage":31.0,"enemies":"Slavers","floor":23.0,"turns":8.0},{"damage":4.0,"enemies":"Gremlin Leader","floor":25.0,"turns":4.0},{"damage":7.0,"enemies":"Centurion and Healer","floor":29.0,"turns":5.0},{"damage":2.0,"enemies":"Cultist and Chosen","floor":31.0,"turns":5.0},{"damage":78,"enemies":"Automaton","floor":33,"turns":10}],"seed_played":"-7925095989589888680","potions_obtained":[{"floor":1.0,"key":"PowerPotion"},{"floor":3.0,"key":"ColorlessPotion"},{"floor":10.0,"key":"Ancient Potion"},{"floor":11.0,"key":"Explosive Potion"},{"floor":21.0,"key":"Regen Potion"},{"floor":25.0,"key":"LiquidBronze"}],"is_trial":false,"path_per_floor":["M","?","M","?","M","E","R","M","T","E","M","R","?","?","R","B",null,"M","?","?","M","$","E","R","E","T","?","$","M","T","M","R","B"],"character_chosen":"THE_SILENT","items_purchased":["DollysMirror","Vajra","Acrobatics","Infinite Blades+1"],"campfire_rested":4,"item_purchase_floors":[22,22,22,28],"current_hp_per_floor":[70,59,59,64,64,12,34,27,27,15,13,35,53,53,53,35,75,75,53,53,47,47,16,38,34,34,18,33,26,26,24,46,0,0],"gold":125,"neow_bonus":"THREE_ENEMY_KILL","is_daily":false,"chose_seed":false,"campfire_upgraded":1,"win_rate":0.0,"timestamp":1613763831,"path_taken":["M","?","M","?","M","E","R","M","T","E","M","R","?","?","R","BOSS","M","?","?","M","$","E","R","E","T","?","$","M","?","M","R","BOSS"],"items_purchased_type":["Relic","Relic","Card","Card"],"build_version":"2020-12-22","purchased_purges":1,"victory":false,"max_hp_per_floor":[70,70,70,75,75,75,75,75,75,75,75,75,75,75,75,75,75,75,75,75,75,75,75,75,75,75,75,75,75,75,75,75,75,75],"card_choices":[{"not_picked":["Skewer","Backstab"],"picked":"Finisher","floor":1.0},{"not_picked":["Dagger Throw","Sucker Punch"],"picked":"Cloak And Dagger","floor":3.0},{"not_picked":["Footwork","Dagger Throw"],"picked":"Cloak And Dagger","floor":5.0},{"not_picked":["Calculated Gamble","Slice"],"picked":"Terror","floor":6.0},{"not_picked":["Prepared","Slice"],"picked":"Flying Knee","floor":8.0},{"not_picked":["Slice","Heel Hook"],"picked":"Deflect","floor":10.0},{"not_picked":["Bouncing Flask","Concentrate"],"picked":"Blade Dance","floor":11.0},{"not_picked":["Die Die Die","Grand Finale"],"picked":"Phantasmal Killer","floor":16.0},{"not_picked":["Escape Plan","Deadly Poison"],"picked":"Underhanded Strike","floor":18.0},{"not_picked":["Dagger Throw+1","Flying Knee+1"],"picked":"Leg Sweep","floor":19.0},{"not_picked":["Bane","Underhanded Strike"],"picked":"Backflip","floor":21.0},{"not_picked":["Catalyst+1","Eviscerate"],"picked":"Dagger Throw","floor":23.0},{"not_picked":["Expertise","Heel Hook"],"picked":"Flying Knee","floor":25.0},{"not_picked":["Catalyst","Eviscerate","Underhanded Strike+1"],"picked":"SKIP","floor":29.0},{"not_picked":["Dagger Spray","Masterful Stab+1"],"picked":"Backstab","floor":31.0}],"player_experience":121592,"relics_obtained":[{"floor":6.0,"key":"Juzu Bracelet"},{"floor":9.0,"key":"Smiling Mask"},{"floor":10.0,"key":"Frozen Egg 2"},{"floor":19.0,"key":"Red Mask"},{"floor":23.0,"key":"Anchor"},{"floor":25.0,"key":"MealTicket"},{"floor":26.0,"key":"Girya"},{"floor":27.0,"key":"Nilry\u0027s Codex"},{"floor":30.0,"key":"MawBank"}],"event_choices":[{"damage_healed":0.0,"max_hp_gain":0.0,"max_hp_loss":0.0,"gold_gain":75.0,"event_name":"World of Goop","player_choice":"Gather Gold","floor":2.0,"gold_loss":0.0,"damage_taken":11.0},{"damage_healed":0.0,"max_hp_gain":5.0,"max_hp_loss":0.0,"gold_gain":0.0,"event_name":"Big Fish","player_choice":"Donut","floor":4.0,"gold_loss":0.0,"damage_taken":0.0},{"damage_healed":18.0,"max_hp_gain":0.0,"max_hp_loss":0.0,"gold_gain":0.0,"event_name":"The Cleric","player_choice":"Healed","floor":13.0,"gold_loss":35.0,"damage_taken":0.0},{"damage_healed":0.0,"max_hp_gain":0.0,"max_hp_loss":0.0,"gold_gain":0.0,"event_name":"Dead Adventurer","player_choice":"Searched \u00270\u0027 times","floor":14.0,"gold_loss":0.0,"damage_taken":0.0},{"damage_healed":0.0,"max_hp_gain":0.0,"max_hp_loss":0.0,"gold_gain":0.0,"event_name":"Masked Bandits","player_choice":"Fought Bandits","floor":19.0,"gold_loss":0.0,"damage_taken":0.0},{"damage_healed":0.0,"max_hp_gain":0.0,"max_hp_loss":0.0,"gold_gain":0.0,"event_name":"The Mausoleum","player_choice":"Opened","floor":20.0,"gold_loss":0.0,"damage_taken":0.0,"relics_obtained":["Toy Ornithopter"]},{"damage_healed":0.0,"max_hp_gain":0.0,"max_hp_loss":0.0,"gold_gain":0.0,"event_name":"Cursed Tome","player_choice":"Obtained Book","floor":27.0,"gold_loss":0.0,"damage_taken":16.0}],"is_beta":false,"boss_relics":[{"not_picked":["Ring of the Serpent","Runic Dome"],"picked":"WristBlade"}],"items_purged_floors":[22],"is_endless":false,"potions_floor_spawned":[1,3,10,11,21,25],"killed_by":"Automaton","ascension_level":0}}