{"host":"fr1l74x1jw61j7hk","time":1613758418,"event":{"mods":["BaseMod","Downfall","Minty Spire (QoL Compilation)","StSLib"],"gold_per_floor":[99,199,214,233,244,244,244,144,144,144,164,180,215,226,246,350,350,250,265,276,296,306,306,306,322,339,339,339,359,370,370,389,490,490,490,508,114,127,112,123,147,47,65,65,77,105,9,109,121,121,121,153,53,53,53,53,53,53],"floor_reached":56,"language":"ZHS","playtime":4607,"items_purged":["Guardian:Defend_Guardian","Doubt"],"score":748,"play_id":"28b23318-e97b-4bf1-9512-028d8a342079","local_time":"20210220021338","is_ascension_mode":true,"campfire_choices":[{"data":"Guardian:TwinSlam","floor":1.0,"key":"SMITH"},{"data":"Guardian:SentryBeam","floor":6.0,"key":"SMITH"},{"data":"Guardian:CurlUp","floor":8.0,"key":"SMITH"},{"data":"Guardian:ConstructionForm","floor":10.0,"key":"SMITH"},{"data":"Guardian:TimeBomb","floor":18.0,"key":"SMITH"},{"data":"Guardian:Suspension","floor":23.0,"key":"SMITH"},{"data":"Guardian:DecasProtection","floor":28.0,"key":"SMITH"},{"floor":35.0,"key":"RECALL"},{"data":"Guardian:Repulse","floor":42.0,"key":"SMITH"},{"data":"Guardian:DonusPower","floor":44.0,"key":"SMITH"},{"data":"Guardian:Suspension","floor":54,"key":"SMITH"}],"circlet_count":0,"master_deck":["Guardian:Strike_Guardian","Guardian:Strike_Guardian","Guardian:Defend_Guardian","Guardian:Defend_Guardian","Guardian:Defend_Guardian","Guardian:CurlUp+1","Guardian:TwinSlam+1","Guardian:ChargeCore","Guardian:SentryBeam+1","Guardian:ConstructionForm+1","Guardian:Orbwalk+1","Guardian:RevengeProtocol","Guardian:PrismaticBarrier","Guardian:BronzeArmor","Guardian:TimeBomb+1","CurseOfTheBell","Guardian:BronzeOrb+1","Guardian:Suspension+1","Guardian:DonusPower+1","Guardian:DecasProtection+1","Guardian:ShieldCharger","Guardian:StasisStrike","Guardian:AncientConstruct","Guardian:Recover+1","Guardian:BaubleBeam","Guardian:Suspension+1","Guardian:Orbwalk+1","Guardian:Repulse+1","Guardian:EvasiveProtocol","Doubt","Guardian:BaubleBeam","Clumsy","Guardian:Incinerate+1"],"relics":["Guardian:ModeShifter","downfall:HeartBlessingBlue","Akabeko","Calling Bell","Vajra","Eternal Feather","Incense Burner","downfall:HeartBlessingGreen","Bottled Lightning","Coffee Dripper","Ice Cream","Juzu Bracelet","downfall:HeartBlessingRed","StoneCalendar","downfall:ExtraCursedKey","Pantograph"],"acts_visited":["Exordium","TheCity","TheBeyond","TheEnding"],"potions_floor_usage":[50,50,55,56],"damage_taken":[{"damage":8.0,"enemies":"Jaw Worm","floor":3.0,"turns":5.0},{"damage":7.0,"enemies":"Small Slimes","floor":4.0,"turns":4.0},{"damage":1.0,"enemies":"Cultist","floor":5.0,"turns":3.0},{"damage":10.0,"enemies":"downfall:LooterAlt","floor":11.0,"turns":2.0},{"damage":7.0,"enemies":"2 Fungi Beasts","floor":12.0,"turns":5.0},{"damage":12.0,"enemies":"3 Sentries","floor":13.0,"turns":8.0},{"damage":0.0,"enemies":"Exordium Wildlife","floor":14.0,"turns":4.0},{"damage":0.0,"enemies":"Large Slime","floor":15.0,"turns":6.0},{"damage":2.0,"enemies":"WA_ARCHETYPE_RETAIN","floor":16.0,"turns":7.0},{"damage":16.0,"enemies":"3 Byrds","floor":19.0,"turns":5.0},{"damage":6.0,"enemies":"downfall:LooterAlt2","floor":20.0,"turns":5.0},{"damage":7.0,"enemies":"Snake Plant","floor":21.0,"turns":5.0},{"damage":3.0,"enemies":"Snecko","floor":22.0,"turns":6.0},{"damage":0.0,"enemies":"Centurion and Healer","floor":25.0,"turns":8.0},{"damage":6.0,"enemies":"Snake Plant","floor":26.0,"turns":5.0},{"damage":0.0,"enemies":"Chosen and Byrds","floor":29.0,"turns":7.0},{"damage":1.0,"enemies":"Snecko","floor":30.0,"turns":6.0},{"damage":28.0,"enemies":"3 Cultists","floor":32.0,"turns":6.0},{"damage":39.0,"enemies":"IC_MUSHROOM_ARCHETYPE","floor":33.0,"turns":10.0},{"damage":0.0,"enemies":"Orb Walker","floor":36.0,"turns":4.0},{"damage":0.0,"enemies":"downfall:FleeingMerchant","floor":37.0,"turns":4.0},{"damage":0.0,"enemies":"3 Darklings","floor":38.0,"turns":6.0},{"damage":0.0,"enemies":"downfall:FleeingMerchant","floor":39.0,"turns":4.0},{"damage":25.0,"enemies":"Jaw Worm Horde","floor":40.0,"turns":6.0},{"damage":9.0,"enemies":"Transient","floor":43.0,"turns":5.0},{"damage":8.0,"enemies":"4 Shapes","floor":45.0,"turns":5.0},{"damage":0.0,"enemies":"Giant Head","floor":46.0,"turns":8.0},{"damage":10.0,"enemies":"downfall:FleeingMerchant","floor":47.0,"turns":4.0},{"damage":10,"enemies":"Spire Growth","floor":49,"turns":5},{"damage":26,"enemies":"SI_POISON_ARCHETYPE","floor":50,"turns":12},{"damage":74,"enemies":"downfall:CharBossMerchant","floor":52,"turns":9},{"damage":8,"enemies":"downfall:NeowBoss","floor":55,"turns":15},{"damage":96,"enemies":"downfall:NeowBossFinal","floor":56,"turns":11}],"seed_played":"-6773382787101395052","potions_obtained":[{"floor":13.0,"key":"EntropicBrew"},{"floor":14.0,"key":"Dexterity Potion"},{"floor":16.0,"key":"PowerPotion"},{"floor":19.0,"key":"Regen Potion"},{"floor":20.0,"key":"Fire Potion"},{"floor":36.0,"key":"Fire Potion"},{"floor":38.0,"key":"Block Potion"},{"floor":43.0,"key":"SneckoOil"},{"floor":49,"key":"Fire Potion"},{"floor":52,"key":"BlessingOfTheForge"}],"is_trial":false,"path_per_floor":["R","?","M","M","M","R","T","R","?","R","M","M","E","M","M","B",null,"R","M","M","M","M","R","T","M","M","?","R","M","M","?","M","B",null,"R","M","$","M","$","M","T","R","M","R","M","E","$","?","M","B",null,"E","$","R","B","B"],"character_chosen":"GUARDIAN","items_purchased":["Ice Cream","Guardian:Gem_Blue"],"campfire_rested":0,"item_purchase_floors":[37,47],"current_hp_per_floor":[88,88,80,73,72,72,72,82,82,82,72,65,53,53,53,51,98,98,82,76,69,66,78,78,78,72,72,84,84,83,83,55,16,98,98,98,98,98,98,73,73,88,79,94,86,86,76,81,71,60,103,29,29,50,67,0,0,0],"gold":53,"neow_bonus":"TEN_PERCENT_HP_BONUS","is_daily":false,"chose_seed":false,"campfire_upgraded":10,"win_rate":0.0,"timestamp":1613758418,"path_taken":["R","?","M","M","M","R","T","R","?","R","M","M","E","M","M","BOSS","R","M","M","M","M","R","T","M","M","?","R","?","M","?","M","BOSS","R","M","$","M","$","M","T","R","M","R","M","E","$","?","M","BOSS","E","$","R","BOSS","BOSS"],"items_purchased_type":["Relic","Card"],"build_version":"2020-12-22","purchased_purges":2,"victory":false,"max_hp_per_floor":[88,88,88,88,88,88,88,98,98,98,98,98,98,98,98,98,98,98,98,98,98,98,98,98,98,98,98,98,98,98,98,98,98,98,98,98,98,98,98,98,98,98,98,98,98,98,98,103,103,103,103,103,103,103,103,103,103,103],"card_choices":[{"not_picked":["Guardian:Gem_Green","Guardian:VentSteam"],"picked":"Guardian:ChargeCore","floor":3.0},{"not_picked":["Guardian:Gem_Lightblue","Guardian:VentSteam"],"picked":"Guardian:SentryBeam","floor":4.0},{"not_picked":["Guardian:PiercingHide","Guardian:RollAttack"],"picked":"Guardian:Gem_Fragmented","floor":5.0},{"not_picked":["Guardian:Incinerate","Guardian:Gem_Cyan"],"picked":"Guardian:Orbwalk","floor":11.0},{"not_picked":["Guardian:Recover","Guardian:Gem_Lightblue"],"picked":"Guardian:RevengeProtocol","floor":12.0},{"not_picked":["Guardian:PrimingBeam","Guardian:ArmoredProtocol"],"picked":"Guardian:PrismaticBarrier","floor":13.0},{"not_picked":["Guardian:Gem_Purple","Guardian:Gem_Red"],"picked":"Guardian:BronzeArmor","floor":14.0},{"not_picked":["Guardian:Emergency","Guardian:BodySlam"],"picked":"Guardian:TimeBomb","floor":15.0},{"not_picked":["Guardian:RevengeProtocol","Guardian:FierceBash"],"picked":"Guardian:Gem_Synthetic","floor":16.0},{"not_picked":["Guardian:ChargeCore+1","Guardian:PrimingBeam"],"picked":"Guardian:BronzeOrb+1","floor":19.0},{"not_picked":["Guardian:CrystalBeam","Guardian:Planning+1"],"picked":"Guardian:Suspension","floor":20.0},{"not_picked":["Guardian:WalkerClaw","Guardian:Gem_Green"],"picked":"Guardian:DonusPower","floor":21.0},{"not_picked":["Guardian:RevengeProtocol","Guardian:TemporalShield"],"picked":"Guardian:DecasProtection","floor":22.0},{"not_picked":["Guardian:CrystalBeam","Guardian:Gem_Green"],"picked":"Guardian:ShieldCharger","floor":25.0},{"not_picked":["Guardian:WalkerClaw","Guardian:ShieldCharger","Guardian:GuardianWhirl"],"picked":"SKIP","floor":26.0},{"not_picked":["Guardian:GuardianWhirl","Guardian:Gem_Green"],"picked":"Guardian:StasisStrike","floor":29.0},{"not_picked":["Guardian:RollAttack","Guardian:Gem_Lightblue"],"picked":"Guardian:Gem_Cyan","floor":30.0},{"not_picked":["Guardian:TemporalShield","Guardian:DonusPower"],"picked":"Guardian:Gem_Fragmented","floor":32.0},{"not_picked":["Guardian:SphericShield","Guardian:TimeSifter"],"picked":"Guardian:AncientConstruct","floor":33.0},{"not_picked":["Guardian:Gem_Green","Guardian:Suspension"],"picked":"Guardian:Recover+1","floor":36.0},{"not_picked":["Guardian:TemporalShield","Guardian:GuardianWhirl"],"picked":"Guardian:BaubleBeam","floor":37.0},{"not_picked":["Guardian:Gem_Cyan","Guardian:Reroute"],"picked":"Guardian:Suspension","floor":38.0},{"not_picked":["Guardian:SpikerProtocol","Guardian:TemporalStrike+1"],"picked":"Guardian:Orbwalk+1","floor":39.0},{"not_picked":["Guardian:Gem_Lightblue","Guardian:RollAttack+1"],"picked":"Guardian:Repulse","floor":40.0},{"not_picked":["Guardian:Reroute","Guardian:ChargeCore+1","Guardian:CrystalBeam+1"],"picked":"SKIP","floor":43.0},{"not_picked":["Guardian:VentSteam+1","Guardian:PrismaticBarrier+1"],"picked":"Guardian:Gem_Orange","floor":45.0},{"not_picked":["Guardian:PiercingHide","Guardian:DecasProtection"],"picked":"Guardian:EvasiveProtocol","floor":46.0},{"not_picked":["Guardian:RollAttack+1","Guardian:WalkerClaw"],"picked":"Guardian:Gem_White","floor":47.0},{"not_picked":["Guardian:Recover+1","Guardian:WalkerClaw"],"picked":"Guardian:Incinerate+1","floor":49},{"not_picked":["Guardian:TemporalShield","Guardian:Reroute"],"picked":"Guardian:Gem_Cyan","floor":52}],"player_experience":466101,"relics_obtained":[{"floor":13.0,"key":"Akabeko"},{"floor":17.0,"key":"Vajra"},{"floor":17.0,"key":"Eternal Feather"},{"floor":17.0,"key":"Incense Burner"},{"floor":24.0,"key":"Bottled Lightning"},{"floor":41.0,"key":"Juzu Bracelet"},{"floor":46.0,"key":"StoneCalendar"},{"floor":52,"key":"Pantograph"}],"event_choices":[{"damage_healed":0.0,"max_hp_gain":0.0,"max_hp_loss":0.0,"gold_gain":0.0,"cards_transformed":["Guardian:Strike_Guardian"],"event_name":"Living Wall","player_choice":"Change","floor":9.0,"gold_loss":0.0,"damage_taken":0.0,"cards_obtained":["Guardian:ConstructionForm"]}],"is_beta":false,"boss_relics":[{"not_picked":["Snecko Eye","Runic Dome"],"picked":"Calling Bell"},{"not_picked":["Guardian:StasisSlotReductionRelic","Tiny House"],"picked":"Coffee Dripper"}],"items_purged_floors":[37,53],"is_endless":false,"potions_floor_spawned":[13,14,16,19,20,21,25,36,38,43,49,52],"killed_by":"downfall:NeowBossFinal","ascension_level":1}}