{"host":"uafoej811sw8via1","time":1613713101,"event":{"mods":["BaseMod","Minty Spire (QoL Compilation)","Relic Stats","StSLib"],"gold_per_floor":[119,129,54,71,83,83,111,111,111,111,111,173,207,132,132,203,203,217,217,231,243,13,342,342,369,369,12,44,44,62,75,75,148,148,166,191,202,17,34,34,65,65,111,136,136,154,184,203,203,203,203,203,203,4,39,39],"floor_reached":57,"language":"ENG","playtime":5425,"items_purged":["Strike_G","Strike_G"],"score":3341,"play_id":"d7fc2efe-bdf8-4410-8ce9-230a1576b6ee","local_time":"20210219003821","is_ascension_mode":true,"campfire_choices":[{"data":"Blade Dance","floor":6.0,"key":"SMITH"},{"data":"Underhanded Strike","floor":8.0,"key":"SMITH"},{"data":"Finisher","floor":15.0,"key":"SMITH"},{"data":"Storm of Steel","floor":24.0,"key":"SMITH"},{"data":"Tools of the Trade","floor":29.0,"key":"SMITH"},{"data":"Calculated Gamble","floor":32,"key":"SMITH"},{"data":"Acrobatics","floor":40,"key":"SMITH"},{"floor":49,"key":"RECALL"},{"data":"Calculated Gamble","floor":53,"key":"SMITH"}],"circlet_count":0,"master_deck":["AscendersBane","Strike_G","Strike_G+1","Defend_G","Defend_G","Defend_G","Defend_G","Defend_G","Survivor","Neutralize+1","Dash","Underhanded Strike+1","Blade Dance+1","Slice+1","Tools of the Trade+1","Finisher+1","Storm of Steel+1","Reflex+1","Blur","After Image","Calculated Gamble+1","Acrobatics+1","PiercingWail","Calculated Gamble+1","Escape Plan+1","Accuracy+1","Terror","Acrobatics+1","Leg Sweep+1","After Image","Dodge and Roll"],"relics":["Ring of the Snake","Blood Vial","Dead Branch","The Courier","Ornamental Fan","Pocketwatch","Black Star","PreservedInsect","ClockworkSouvenir","Bag of Marbles","Old Coin","Gambling Chip","Potion Belt","Pear","Letter Opener","Frozen Eye","Kunai","HornCleat","HoveringKite","Tough Bandages","CaptainsWheel","TungstenRod","Question Card","Bottled Flame","Snake Skull","Whetstone","DollysMirror","Orichalcum","Bottled Lightning"],"acts_visited":["Exordium","TheCity","TheBeyond","TheEnding"],"potions_floor_usage":[50,56,56,56],"damage_taken":[{"damage":0.0,"enemies":"2 Louse","floor":1.0,"turns":2.0},{"damage":4.0,"enemies":"Jaw Worm","floor":2.0,"turns":7.0},{"damage":4.0,"enemies":"Small Slimes","floor":4.0,"turns":4.0},{"damage":1.0,"enemies":"Exordium Thugs","floor":5.0,"turns":5.0},{"damage":27.0,"enemies":"Lagavulin","floor":7.0,"turns":8.0},{"damage":10.0,"enemies":"3 Sentries","floor":12.0,"turns":6.0},{"damage":0.0,"enemies":"Gremlin Nob","floor":13.0,"turns":1.0},{"damage":7.0,"enemies":"Hexaghost","floor":16.0,"turns":9.0},{"damage":0.0,"enemies":"3 Byrds","floor":18.0,"turns":4.0},{"damage":11.0,"enemies":"Shell Parasite","floor":20.0,"turns":3.0},{"damage":5.0,"enemies":"Snake Plant","floor":21.0,"turns":6.0},{"damage":0.0,"enemies":"Gremlin Leader","floor":23.0,"turns":3.0},{"damage":2.0,"enemies":"Book of Stabbing","floor":25.0,"turns":2.0},{"damage":0.0,"enemies":"Gremlin Leader","floor":28.0,"turns":1.0},{"damage":0,"enemies":"Cultist and Chosen","floor":30,"turns":4},{"damage":0,"enemies":"Chosen and Byrds","floor":31,"turns":2},{"damage":3,"enemies":"Collector","floor":33,"turns":5},{"damage":0,"enemies":"Orb Walker","floor":35,"turns":1},{"damage":0,"enemies":"Mind Bloom Boss Battle","floor":36,"turns":4},{"damage":0,"enemies":"3 Darklings","floor":37,"turns":4},{"damage":0,"enemies":"Jaw Worm Horde","floor":39,"turns":4},{"damage":0,"enemies":"Reptomancer","floor":41,"turns":3},{"damage":0,"enemies":"Nemesis","floor":44,"turns":1},{"damage":0,"enemies":"Spire Growth","floor":46,"turns":2},{"damage":0,"enemies":"Giant Head","floor":47,"turns":1},{"damage":0,"enemies":"4 Shapes","floor":48,"turns":2},{"damage":0,"enemies":"Time Eater","floor":50,"turns":7},{"damage":0,"enemies":"Awakened One","floor":51,"turns":11},{"damage":13,"enemies":"Shield and Spear","floor":55,"turns":7},{"damage":13,"enemies":"The Heart","floor":56,"turns":8}],"seed_played":"-1856087739395540711","potions_obtained":[{"floor":1.0,"key":"BlessingOfTheForge"},{"floor":4.0,"key":"Block Potion"},{"floor":5.0,"key":"Poison Potion"},{"floor":16.0,"key":"FairyPotion"},{"floor":21.0,"key":"GamblersBrew"},{"floor":28.0,"key":"SteroidPotion"},{"floor":31,"key":"ColorlessPotion"},{"floor":37,"key":"BlessingOfTheForge"},{"floor":41,"key":"PowerPotion"},{"floor":44,"key":"Ancient Potion"}],"is_trial":false,"path_per_floor":["M","M","$","M","M","R","E","R","T","?","?","?","E","?","R","B",null,"M","?","M","M","$","E","R","E","T","$","E","R","M","M","R","B",null,"M","?","M","$","M","R","E","?","T","E","?","M","E","M","R","B","B",null,"R","$","E","B",null],"character_chosen":"THE_SILENT","items_purchased":["ClockworkSouvenir","GhostInAJar","Letter Opener","Frozen Eye","PiercingWail","Calculated Gamble","DollysMirror","DuplicationPotion"],"campfire_rested":0,"item_purchase_floors":[22,22,27,27,38,38,54,54],"current_hp_per_floor":[61,59,59,57,58,58,33,33,33,33,33,25,27,27,27,22,55,57,57,48,45,45,47,47,47,57,57,59,59,61,63,63,62,73,75,76,76,76,76,76,76,72,72,72,69,71,72,72,72,72,72,72,72,72,59,48],"gold":39,"neow_bonus":"RANDOM_COMMON_RELIC","is_daily":false,"chose_seed":false,"campfire_upgraded":8,"win_rate":0.0,"timestamp":1613713101,"path_taken":["M","M","$","M","M","R","E","R","T","?","?","?","E","?","R","BOSS","M","?","M","M","$","E","R","E","T","?","E","R","M","M","R","BOSS","M","?","M","$","M","R","E","?","T","E","?","?","E","M","R","BOSS","BOSS","R","$","E","BOSS"],"items_purchased_type":["Relic","Potion","Relic","Relic","Card","Card","Relic","Potion"],"build_version":"2020-12-22","purchased_purges":2,"victory":true,"max_hp_per_floor":[66,66,66,66,66,66,66,66,66,66,66,66,66,66,66,66,66,66,66,66,66,66,66,66,66,76,76,76,76,76,76,76,76,76,76,76,76,76,76,76,76,72,72,72,72,72,72,72,72,72,72,72,72,72,72,72],"relic_stats":{"counters":[30,127],"Dead Branch":[365],"HoveringKite":[53],"PreservedInsect":454,"Snake Skull":[20],"Letter Opener":[262],"Whetstone":["Slice","Strike_G"],"Orichalcum":[0],"Question Card":4,"Blood Vial":42,"Tough Bandages":[1041],"Ornamental Fan":[524],"Gambling Chip":[77],"Black Star":7,"Kunai":[95],"obtain_stats":[{"HoveringKite":34,"Snake Skull":47,"Whetstone":47,"ClockworkSouvenir":22,"Old Coin":23,"Blood Vial":0,"Frozen Eye":27,"Tough Bandages":36,"HornCleat":28,"DollysMirror":54,"Gambling Chip":25,"Kunai":28,"Ring of the Snake":0,"Potion Belt":25,"Pear":26,"Dead Branch":7,"The Courier":9,"PreservedInsect":19,"Letter Opener":27,"Orichalcum":55,"Question Card":44,"CaptainsWheel":41,"Bottled Flame":44,"Ornamental Fan":12,"Black Star":17,"Bag of Marbles":23,"Bottled Lightning":55,"TungstenRod":41,"Pocketwatch":13},{"HoveringKite":17,"Snake Skull":25,"Whetstone":25,"ClockworkSouvenir":11,"Old Coin":12,"Blood Vial":0,"Frozen Eye":13,"Tough Bandages":19,"HornCleat":14,"DollysMirror":28,"Gambling Chip":13,"Kunai":14,"Ring of the Snake":0,"Potion Belt":13,"Pear":13,"Dead Branch":5,"The Courier":5,"PreservedInsect":9,"Letter Opener":13,"Orichalcum":29,"Question Card":23,"CaptainsWheel":22,"Bottled Flame":23,"Ornamental Fan":6,"Black Star":8,"Bag of Marbles":12,"Bottled Lightning":29,"TungstenRod":22,"Pocketwatch":7},{"HoveringKite":72,"Snake Skull":92,"Whetstone":92,"ClockworkSouvenir":55,"Old Coin":58,"Blood Vial":0,"Frozen Eye":60,"Tough Bandages":77,"HornCleat":61,"DollysMirror":112,"Gambling Chip":60,"Kunai":61,"Ring of the Snake":0,"Potion Belt":60,"Pear":60,"Dead Branch":26,"The Courier":26,"PreservedInsect":46,"Letter Opener":60,"Orichalcum":119,"Question Card":89,"CaptainsWheel":88,"Bottled Flame":89,"Ornamental Fan":32,"Black Star":42,"Bag of Marbles":58,"Bottled Lightning":119,"TungstenRod":88,"Pocketwatch":33}],"TungstenRod":3,"Ring of the Snake":[60],"Pocketwatch":[51]},"card_choices":[{"not_picked":["Escape Plan","Deflect"],"picked":"Dash","floor":1.0},{"not_picked":["Escape Plan","Dodge and Roll"],"picked":"Underhanded Strike","floor":2.0},{"not_picked":["Quick Slash","Acrobatics"],"picked":"Blade Dance","floor":4.0},{"not_picked":["Riddle With Holes","Outmaneuver"],"picked":"Slice","floor":5.0},{"not_picked":["Dagger Spray","Acrobatics"],"picked":"Tools of the Trade","floor":7.0},{"not_picked":["Crippling Poison","Predator"],"picked":"Finisher","floor":12.0},{"not_picked":["Heel Hook","Eviscerate","Poisoned Stab"],"picked":"SKIP","floor":13.0},{"not_picked":["Corpse Explosion","Tools of the Trade"],"picked":"Storm of Steel","floor":16.0},{"not_picked":["Dagger Spray","Infinite Blades"],"picked":"Reflex+1","floor":18.0},{"not_picked":["Bane","Heel Hook","Caltrops"],"picked":"SKIP","floor":20.0},{"not_picked":["Flying Knee","Dagger Spray"],"picked":"Blur","floor":21.0},{"not_picked":["Bane","Flechettes","Sucker Punch"],"picked":"SKIP","floor":23.0},{"not_picked":["Underhanded Strike","Flying Knee+1"],"picked":"After Image","floor":25.0},{"not_picked":["Flechettes","Bane+1"],"picked":"Calculated Gamble","floor":28.0},{"not_picked":["Finisher","Backflip","Setup"],"picked":"SKIP","floor":30},{"not_picked":["Flying Knee","Catalyst","Dagger Throw"],"picked":"SKIP","floor":31},{"not_picked":["Underhanded Strike","Poisoned Stab"],"picked":"Acrobatics","floor":35},{"not_picked":["Underhanded Strike+1","Prepared","Setup"],"picked":"SKIP","floor":37},{"not_picked":["Bane","Dash+1","Poisoned Stab"],"picked":"SKIP","floor":39},{"not_picked":["Noxious Fumes","Catalyst+1"],"picked":"Escape Plan+1","floor":41},{"not_picked":["Blur","Infinite Blades"],"picked":"Accuracy+1","floor":44},{"not_picked":["Expertise","Bane","All Out Attack+1"],"picked":"Terror","floor":46},{"not_picked":["Poisoned Stab+1","Finisher","Backflip"],"picked":"Acrobatics+1","floor":47},{"not_picked":["Backflip+1","Reflex","PiercingWail"],"picked":"Leg Sweep+1","floor":48},{"not_picked":["Storm of Steel","Underhanded Strike","Dash"],"picked":"Dodge and Roll","floor":55}],"player_experience":1058000,"relics_obtained":[{"floor":7.0,"key":"Dead Branch"},{"floor":9.0,"key":"The Courier"},{"floor":12.0,"key":"Ornamental Fan"},{"floor":13.0,"key":"Pocketwatch"},{"floor":23.0,"key":"Bag of Marbles"},{"floor":23.0,"key":"Old Coin"},{"floor":25.0,"key":"Gambling Chip"},{"floor":25.0,"key":"Potion Belt"},{"floor":26.0,"key":"Pear"},{"floor":28.0,"key":"Kunai"},{"floor":28.0,"key":"HornCleat"},{"floor":36,"key":"Tough Bandages"},{"floor":41,"key":"CaptainsWheel"},{"floor":41,"key":"TungstenRod"},{"floor":44,"key":"Question Card"},{"floor":44,"key":"Bottled Flame"},{"floor":47,"key":"Snake Skull"},{"floor":47,"key":"Whetstone"},{"floor":55,"key":"Orichalcum"},{"floor":55,"key":"Bottled Lightning"}],"event_choices":[{"damage_healed":0.0,"max_hp_gain":0.0,"max_hp_loss":0.0,"gold_gain":0.0,"event_name":"Living Wall","player_choice":"Grow","floor":10.0,"gold_loss":0.0,"damage_taken":0.0,"cards_upgraded":["Neutralize"]},{"damage_healed":0.0,"max_hp_gain":0.0,"max_hp_loss":0.0,"gold_gain":0.0,"event_name":"Liars Game","player_choice":"Ignored","floor":11.0,"gold_loss":0.0,"damage_taken":0.0},{"damage_healed":0.0,"max_hp_gain":0.0,"max_hp_loss":0.0,"gold_gain":30.0,"event_name":"Dead Adventurer","player_choice":"Searched \u00272\u0027 times","floor":12.0,"gold_loss":0.0,"damage_taken":0.0},{"cards_removed":["Strike_G"],"damage_healed":0.0,"max_hp_gain":0.0,"max_hp_loss":0.0,"gold_gain":0.0,"event_name":"The Cleric","player_choice":"Card Removal","floor":14.0,"gold_loss":75.0,"damage_taken":0.0},{"damage_healed":0.0,"max_hp_gain":0.0,"max_hp_loss":0.0,"gold_gain":0.0,"event_name":"WeMeetAgain","player_choice":"Gave Potion","floor":19.0,"gold_loss":0.0,"damage_taken":0.0,"relics_obtained":["PreservedInsect"]},{"damage_healed":0,"gold_gain":0,"player_choice":"Fight","damage_taken":0,"max_hp_gain":0,"max_hp_loss":0,"event_name":"MindBloom","floor":36,"gold_loss":0},{"damage_healed":0,"gold_gain":0,"player_choice":"Max HP","damage_taken":0,"max_hp_gain":0,"max_hp_loss":4,"event_name":"Winding Halls","floor":42,"gold_loss":0},{"damage_healed":0,"gold_gain":0,"player_choice":"Bought 0 Potions","damage_taken":0,"max_hp_gain":0,"max_hp_loss":0,"event_name":"The Woman in Blue","floor":45,"gold_loss":0}],"is_beta":false,"boss_relics":[{"not_picked":["Empty Cage","Ectoplasm"],"picked":"Black Star"},{"not_picked":["Sozu","Calling Bell"],"picked":"HoveringKite"}],"items_purged_floors":[3,38],"is_endless":false,"potions_floor_spawned":[1,4,5,16,21,23,28,31,35,37,41,44],"ascension_level":20}}