{"host":"qc268ltokmxwqyrx","time":1613711356,"event":{"mods":["BaseMod","Colored Map","Minty Spire (QoL Compilation)","Relic Stats","Slay the Relics Exporter","StSLib","ojb\u0027s Info Mod"],"gold_per_floor":[360,370,24,24,77,77,90,118,145,145,163,163,10,58,58,165,165,189,198,222,247,277,324,30,70,70,204,222,222,272,294,294,387,450,468,492,526,83,83,123,123,139,162,186,186,230,255,287,287,287,287,287,287,18,63,63,63],"floor_reached":56,"language":"ENG","playtime":5250,"items_purged":["Strike_G","Strike_G","Strike_G"],"score":2185,"play_id":"6e87d96b-8c85-4699-b568-120392216da2","local_time":"20210218230916","is_ascension_mode":true,"campfire_choices":[{"floor":6.0,"key":"REST"},{"floor":12.0,"key":"REST"},{"data":"Well Laid Plans","floor":15.0,"key":"SMITH"},{"floor":29.0,"key":"REST"},{"data":"Accuracy","floor":32.0,"key":"SMITH"},{"floor":41.0,"key":"DIG"},{"floor":45.0,"key":"DIG"},{"floor":49.0,"key":"RECALL"},{"floor":53.0,"key":"DIG"}],"circlet_count":0,"master_deck":["AscendersBane","Survivor","Neutralize","Blade Dance","Choke+1","Dagger Throw","Well Laid Plans+1","Backstab","Storm of Steel","A Thousand Cuts","Outmaneuver+1","PiercingWail","Blade Dance+1","PiercingWail","Dodge and Roll+1","Envenom","Concentrate","Envenom","Accuracy+1","Bane","Tools of the Trade","Burst","Backflip+1","Skewer","Adrenaline","Bouncing Flask","Accuracy+1","Backflip+1","Venomology","Footwork+1","Storm of Steel","Caltrops+1"],"relics":["Ring of the Snake","Whetstone","Tiny Chest","Thread and Needle","Ancient Tea Set","Golden Idol","CeramicFish","Snecko Eye","Vajra","Boot","Lantern","Red Mask","The Specimen","Dead Branch","Eternal Feather","Ice Cream","Pandora\u0027s Box","War Paint","HandDrill","Shovel","Oddly Smooth Stone","Potion Belt","Omamori","Frozen Egg 2","Letter Opener","DollysMirror","Mercury Hourglass"],"acts_visited":["Exordium","TheCity","TheBeyond","TheEnding"],"potions_floor_usage":[56,56],"damage_taken":[{"damage":9.0,"enemies":"Cultist","floor":1.0,"turns":4.0},{"damage":3.0,"enemies":"Jaw Worm","floor":2.0,"turns":4.0},{"damage":0.0,"enemies":"2 Louse","floor":7.0,"turns":2.0},{"damage":15.0,"enemies":"Lagavulin","floor":8.0,"turns":6.0},{"damage":0.0,"enemies":"Looter","floor":11.0,"turns":3.0},{"damage":10.0,"enemies":"3 Sentries","floor":14.0,"turns":10.0},{"damage":0.0,"enemies":"Slime Boss","floor":16.0,"turns":4.0},{"damage":7.0,"enemies":"2 Thieves","floor":18.0,"turns":4.0},{"damage":15.0,"enemies":"Spheric Guardian","floor":20.0,"turns":4.0},{"damage":17.0,"enemies":"Shelled Parasite and Fungi","floor":22.0,"turns":4.0},{"damage":0.0,"enemies":"Gremlin Leader","floor":23.0,"turns":3.0},{"damage":7.0,"enemies":"Masked Bandits","floor":25.0,"turns":3.0},{"damage":3.0,"enemies":"Colosseum Slavers","floor":27.0,"turns":5.0},{"damage":1.0,"enemies":"Colosseum Nobs","floor":27.0,"turns":4.0},{"damage":1.0,"enemies":"Chosen and Byrds","floor":28.0,"turns":5.0},{"damage":1.0,"enemies":"Book of Stabbing","floor":30.0,"turns":3.0},{"damage":0.0,"enemies":"Snake Plant","floor":31.0,"turns":3.0},{"damage":7.0,"enemies":"Collector","floor":33.0,"turns":6.0},{"damage":0.0,"enemies":"3 Shapes","floor":35.0,"turns":1.0},{"damage":24.0,"enemies":"3 Darklings","floor":37.0,"turns":4.0},{"damage":14.0,"enemies":"Reptomancer","floor":40.0,"turns":3.0},{"damage":0.0,"enemies":"Jaw Worm Horde","floor":42.0,"turns":2.0},{"damage":1.0,"enemies":"Transient","floor":44.0,"turns":6.0},{"damage":3.0,"enemies":"Nemesis","floor":46.0,"turns":3.0},{"damage":1.0,"enemies":"3 Darklings","floor":47.0,"turns":5.0},{"damage":1.0,"enemies":"Maw","floor":48.0,"turns":4.0},{"damage":24.0,"enemies":"Awakened One","floor":50.0,"turns":8.0},{"damage":40.0,"enemies":"Donu and Deca","floor":51.0,"turns":8.0},{"damage":0.0,"enemies":"Shield and Spear","floor":55.0,"turns":3.0},{"damage":100,"enemies":"The Heart","floor":56,"turns":5}],"seed_played":"4300839054602888437","potions_obtained":[{"floor":7.0,"key":"DuplicationPotion"},{"floor":14.0,"key":"ColorlessPotion"},{"floor":16.0,"key":"SteroidPotion"},{"floor":22.0,"key":"SteroidPotion"},{"floor":25.0,"key":"Regen Potion"},{"floor":28.0,"key":"EssenceOfSteel"},{"floor":30.0,"key":"Explosive Potion"},{"floor":33.0,"key":"PowerPotion"},{"floor":35.0,"key":"Energy Potion"},{"floor":40.0,"key":"ColorlessPotion"},{"floor":44.0,"key":"LiquidMemories"},{"floor":47.0,"key":"FairyPotion"}],"is_trial":false,"path_per_floor":["M","M","$","?","?","R","M","E","T","?","M","R","$","E","R","B",null,"M","?","M","T","M","E","$","?","T","?","M","R","E","M","R","B",null,"M","T","M","$","?","E","R","M","T","M","R","E","M","M","R","B","B",null,"R","$","E","B"],"character_chosen":"THE_SILENT","items_purchased":["Dagger Throw","Whetstone","Swift Potion","AttackPotion","Lantern","War Paint","HandDrill","FairyPotion","DollysMirror","Fruit Juice"],"campfire_rested":3,"item_purchase_floors":[3,3,3,13,24,38,38,38,54,54],"current_hp_per_floor":[35,32,32,21,21,40,40,25,25,25,25,43,43,33,33,33,53,46,46,31,31,14,14,14,7,7,18,17,47,46,46,60,53,58,58,58,34,34,34,20,35,35,35,34,49,46,45,44,60,36,16,49,60,60,60,0,0],"gold":63,"neow_bonus":"TWO_FIFTY_GOLD","is_daily":false,"chose_seed":false,"campfire_upgraded":2,"win_rate":0.0,"timestamp":1613711356,"path_taken":["M","?","$","?","?","R","M","E","T","?","M","R","$","E","R","BOSS","M","?","M","?","M","E","$","?","T","?","M","R","E","?","R","BOSS","M","?","?","$","?","E","R","M","T","M","R","E","M","M","R","BOSS","BOSS","R","$","E","BOSS"],"items_purchased_type":["Card","Relic","Potion","Potion","Relic","Relic","Relic","Potion","Relic","Potion"],"build_version":"2020-12-22","purchased_purges":3,"victory":false,"max_hp_per_floor":[66,66,66,66,66,66,66,66,66,60,60,60,60,60,60,60,60,60,60,60,60,60,60,60,60,60,60,60,60,60,60,60,60,60,60,60,60,60,60,60,60,60,60,60,60,60,60,60,60,60,60,60,60,60,60,65,65],"relic_stats":{"counters":[30,129],"Golden Idol":199,"CeramicFish":216,"Dead Branch":[319],"Eternal Feather":83,"Whetstone":["Strike_G","Choke"],"Letter Opener":[40],"War Paint":["Blade Dance","Backflip"],"Boot":[57],"Mercury Hourglass":[15],"Shovel":3,"Snecko Eye":[212,182,203,205],"Tiny Chest":2,"Pandora\u0027s Box":["Bane","Tools of the Trade","Burst","Backflip","Skewer","Adrenaline","Bouncing Flask"],"HandDrill":[28],"obtain_stats":[{"Ice Cream":30,"Lantern":24,"CeramicFish":14,"Vajra":21,"Whetstone":3,"Ancient Tea Set":9,"Boot":23,"Shovel":40,"DollysMirror":54,"Tiny Chest":4,"Red Mask":25,"HandDrill":38,"Ring of the Snake":0,"Potion Belt":43,"The Specimen":26,"Golden Idol":10,"Dead Branch":27,"Oddly Smooth Stone":41,"Thread and Needle":8,"Eternal Feather":27,"Omamori":45,"Letter Opener":53,"War Paint":38,"Frozen Egg 2":46,"Mercury Hourglass":55,"Snecko Eye":17,"Pandora\u0027s Box":34},{"Ice Cream":16,"Lantern":11,"CeramicFish":6,"Vajra":9,"Whetstone":2,"Ancient Tea Set":4,"Boot":11,"Shovel":21,"DollysMirror":28,"Tiny Chest":2,"Red Mask":12,"HandDrill":20,"Ring of the Snake":0,"Potion Belt":22,"The Specimen":12,"Golden Idol":4,"Dead Branch":14,"Oddly Smooth Stone":21,"Thread and Needle":4,"Eternal Feather":14,"Omamori":23,"Letter Opener":28,"War Paint":20,"Frozen Egg 2":24,"Mercury Hourglass":29,"Snecko Eye":7,"Pandora\u0027s Box":18},{"Ice Cream":68,"Lantern":48,"CeramicFish":29,"Vajra":41,"Whetstone":8,"Ancient Tea Set":16,"Boot":48,"Shovel":85,"DollysMirror":121,"Tiny Chest":8,"Red Mask":51,"HandDrill":82,"Ring of the Snake":0,"Potion Belt":87,"The Specimen":51,"Golden Idol":16,"Dead Branch":60,"Oddly Smooth Stone":85,"Thread and Needle":16,"Eternal Feather":60,"Omamori":93,"Letter Opener":121,"War Paint":82,"Frozen Egg 2":96,"Mercury Hourglass":124,"Snecko Eye":33,"Pandora\u0027s Box":77}],"Ring of the Snake":[60]},"card_choices":[{"not_picked":["Concentrate","Dagger Spray"],"picked":"Blade Dance","floor":1.0},{"not_picked":["Quick Slash","Deadly Poison"],"picked":"Choke","floor":2.0},{"not_picked":["Dagger Spray","Bane"],"picked":"Well Laid Plans","floor":7.0},{"not_picked":["Outmaneuver","Sucker Punch"],"picked":"Backstab","floor":8.0},{"not_picked":["Well Laid Plans","Bouncing Flask","Expertise"],"picked":"SKIP","floor":11.0},{"not_picked":["Dodge and Roll","Leg Sweep"],"picked":"Storm of Steel","floor":14.0},{"not_picked":["Glass Knife","After Image"],"picked":"A Thousand Cuts","floor":16.0},{"not_picked":["Eviscerate","Deflect"],"picked":"Outmaneuver+1","floor":18.0},{"not_picked":["Poisoned Stab","PiercingWail"],"picked":"Blade Dance","floor":20.0},{"not_picked":["Outmaneuver","Deadly Poison"],"picked":"PiercingWail","floor":22.0},{"not_picked":["Distraction","Riddle With Holes"],"picked":"Dodge and Roll+1","floor":23.0},{"not_picked":["Outmaneuver","Flying Knee"],"picked":"Envenom","floor":25.0},{"not_picked":["Cloak And Dagger","Quick Slash+1"],"picked":"Concentrate","floor":27.0},{"not_picked":["Escape Plan","Slice","Prepared+1"],"picked":"SKIP","floor":28.0},{"not_picked":["Backflip","Bouncing Flask"],"picked":"Envenom","floor":30.0},{"not_picked":["Caltrops","Slice+1"],"picked":"Accuracy","floor":31.0},{"not_picked":["Prepared","Bane","Setup+1"],"picked":"SKIP","floor":35.0},{"not_picked":["Expertise","Dagger Throw"],"picked":"Accuracy+1","floor":37.0},{"not_picked":["Prepared+1","Choke","Quick Slash"],"picked":"SKIP","floor":40.0},{"not_picked":["Dagger Throw","Deadly Poison+1","Flying Knee"],"picked":"SKIP","floor":42.0},{"not_picked":["Dodge and Roll","Footwork+1"],"picked":"Backflip+1","floor":44.0},{"not_picked":["Calculated Gamble","Terror"],"picked":"Venomology","floor":46.0},{"not_picked":["Quick Slash","Deadly Poison","Outmaneuver"],"picked":"SKIP","floor":47.0},{"not_picked":["Footwork+1","Deadly Poison","Dagger Spray"],"picked":"SKIP","floor":48.0},{"not_picked":["Deadly Poison","Dagger Spray"],"picked":"Footwork+1","floor":48.0},{"not_picked":["Sucker Punch+1","A Thousand Cuts+1"],"picked":"Caltrops+1","floor":55.0}],"player_experience":1874155,"relics_obtained":[{"floor":8.0,"key":"Thread and Needle"},{"floor":9.0,"key":"Ancient Tea Set"},{"floor":14.0,"key":"CeramicFish"},{"floor":21.0,"key":"Vajra"},{"floor":23.0,"key":"Boot"},{"floor":25.0,"key":"Red Mask"},{"floor":26.0,"key":"The Specimen"},{"floor":27.0,"key":"Dead Branch"},{"floor":27.0,"key":"Eternal Feather"},{"floor":30.0,"key":"Ice Cream"},{"floor":40.0,"key":"Shovel"},{"floor":41.0,"key":"Oddly Smooth Stone"},{"floor":43.0,"key":"Potion Belt"},{"floor":45.0,"key":"Omamori"},{"floor":46.0,"key":"Frozen Egg 2"},{"floor":53.0,"key":"Letter Opener"},{"floor":55.0,"key":"Mercury Hourglass"}],"event_choices":[{"damage_healed":0.0,"max_hp_gain":0.0,"max_hp_loss":0.0,"gold_gain":0.0,"event_name":"Scrap Ooze","player_choice":"Success","floor":4.0,"gold_loss":0.0,"damage_taken":11.0,"relics_obtained":["Tiny Chest"]},{"damage_healed":0.0,"max_hp_gain":0.0,"max_hp_loss":0.0,"gold_gain":53.0,"event_name":"Golden Wing","player_choice":"Gained Gold","floor":5.0,"gold_loss":0.0,"damage_taken":0.0},{"damage_healed":0.0,"max_hp_gain":0.0,"max_hp_loss":6.0,"gold_gain":0.0,"event_name":"Golden Idol","player_choice":"Lose Max HP","floor":10.0,"gold_loss":0.0,"damage_taken":0.0,"relics_obtained":["Golden Idol"]},{"damage_healed":0.0,"max_hp_gain":0.0,"max_hp_loss":0.0,"gold_gain":0.0,"event_name":"Match and Keep!","player_choice":"1 cards matched","floor":19.0,"gold_loss":0.0,"damage_taken":0.0,"cards_obtained":["PiercingWail"]},{"damage_healed":0.0,"max_hp_gain":0.0,"max_hp_loss":0.0,"gold_gain":0.0,"event_name":"Masked Bandits","player_choice":"Fought Bandits","floor":25.0,"gold_loss":0.0,"damage_taken":0.0},{"damage_healed":0.0,"max_hp_gain":0.0,"max_hp_loss":0.0,"gold_gain":0.0,"event_name":"Colosseum","player_choice":"Fight","floor":27.0,"gold_loss":0.0,"damage_taken":0.0},{"damage_healed":0.0,"max_hp_gain":0.0,"max_hp_loss":0.0,"gold_gain":0.0,"event_name":"Colosseum","player_choice":"Fought Nobs","floor":27.0,"gold_loss":0.0,"damage_taken":0.0},{"damage_healed":0.0,"max_hp_gain":0.0,"max_hp_loss":0.0,"gold_gain":0.0,"event_name":"Lab","player_choice":"Got Potions","floor":39.0,"gold_loss":0.0,"damage_taken":0.0}],"is_beta":false,"boss_relics":[{"not_picked":["WristBlade","HoveringKite"],"picked":"Snecko Eye"},{"not_picked":["Fusion Hammer","Sozu"],"picked":"Pandora\u0027s Box"}],"items_purged_floors":[3,13,24],"is_endless":false,"potions_floor_spawned":[7,14,16,22,25,28,30,31,33,35,40,42,44,47],"killed_by":"The Heart","ascension_level":20}}