{"host":"vjkvbkousum9v11w","time":1613742177,"event":{"mods":["BaseMod","Marisa£®ÏF”Í°°ƒß¿Ì…≥£©","Minty Spire (QoL Compilation)","Replay The Spire","Shop Mod","StSLib","The Servant 0.9.4"],"gold_per_floor":[109,109,126,126,136,146,159,173,173,186,137,137,149,149,149,149,149],"floor_reached":16,"language":"ZHS","playtime":1294,"items_purged":["Pain"],"score":96,"play_id":"fbb9bae5-96ad-4aed-83b4-2a9802753990","local_time":"20210219214257","is_ascension_mode":false,"campfire_choices":[{"data":"SilverBlades","floor":15,"key":"SMITH"}],"circlet_count":0,"master_deck":["Strike_S","Strike_S","Strike_S","Strike_S","Defend_S","Defend_S","Defend_S","KidneyShot","Exchange","Ricochet","SurpressingFire","Rearm","Reset","Defy","KillingDoll","SilverBlades+1"],"relics":["Uniform","Shuriken","Ice Cream","Mummified Hand","MerchantsRug","ReplayTheSpireMod:CursedCoin"],"acts_visited":["Exordium"],"potions_floor_usage":[16],"damage_taken":[{"damage":3,"enemies":"Jaw Worm","floor":1,"turns":7},{"damage":0,"enemies":"Cultist","floor":3,"turns":3},{"damage":0,"enemies":"Small Slimes","floor":5,"turns":2},{"damage":9,"enemies":"Gremlin Gang","floor":6,"turns":3},{"damage":5,"enemies":"Large Slime","floor":7,"turns":5},{"damage":13,"enemies":"Exordium Thugs","floor":8,"turns":4},{"damage":2,"enemies":"Blue Slaver","floor":10,"turns":5},{"damage":7,"enemies":"Large Slime","floor":13,"turns":7},{"damage":19,"enemies":"The Guardian","floor":16,"turns":2}],"seed_played":"-2466023310210321792","potions_obtained":[{"floor":3,"key":"Milkshake"},{"floor":7,"key":"DuplicationPotion"},{"floor":8,"key":"SteroidPotion"},{"floor":13,"key":"Reflective Coating"}],"is_trial":false,"path_per_floor":["M","?","M","T","M","M","M","M","T","M","$","?","M","$","R","B"],"character_chosen":"THE_SERVANT","items_purchased":["MerchantsRug","ReplayTheSpireMod:CursedCoin"],"campfire_rested":0,"item_purchase_floors":[11,11],"current_hp_per_floor":[62,55,55,55,55,46,41,28,28,26,26,26,19,19,19,0,0],"gold":149,"neow_bonus":"","is_daily":false,"chose_seed":false,"campfire_upgraded":1,"win_rate":0.0,"timestamp":1613742177,"path_taken":["M","?","M","?","?","M","M","M","T","M","$","?","?","$","R","BOSS"],"items_purchased_type":["Relic","Relic"],"build_version":"2020-12-22","purchased_purges":1,"victory":false,"max_hp_per_floor":[65,65,65,65,65,65,65,65,65,65,65,65,65,65,65,65,65],"card_choices":[{"not_picked":["Defy","Desolation"],"picked":"Ricochet","floor":1},{"not_picked":["Unruled","Comet"],"picked":"SurpressingFire","floor":3},{"not_picked":["Read","Foresight","Sabotage"],"picked":"SKIP","floor":5},{"not_picked":["BottledTime","Reset"],"picked":"Rearm","floor":6},{"not_picked":["ShatteredReality","BottledTime"],"picked":"Reset","floor":7},{"not_picked":["Barrier","TimeWarp"],"picked":"Defy","floor":8},{"not_picked":["Rewind","Snipe"],"picked":"KillingDoll","floor":10},{"not_picked":["Spin","Rearm"],"picked":"SilverBlades","floor":13}],"player_experience":0,"relics_obtained":[{"floor":4,"key":"Ice Cream"},{"floor":9,"key":"Mummified Hand"}],"event_choices":[{"damage_healed":0,"gold_gain":0,"player_choice":"Success","damage_taken":7,"relics_obtained":["Shuriken"],"max_hp_gain":0,"max_hp_loss":0,"event_name":"Scrap Ooze","floor":2,"gold_loss":0},{"cards_removed":["Defend_S"],"damage_healed":0,"gold_gain":0,"player_choice":"Offered Basic","damage_taken":0,"max_hp_gain":0,"max_hp_loss":0,"event_name":"Bonfire Elementals","floor":12,"gold_loss":0}],"is_beta":false,"boss_relics":[],"items_purged_floors":[11],"is_endless":false,"potions_floor_spawned":[3,7,8,13],"killed_by":"The Guardian","ascension_level":0}}