{"host":"y6zg4wwu39otf01a","time":1613762837,"event":{"mods":["Act Like it!","Aspiration","BaseMod","Better Altar","Better Match","Better Note","Better Sensory Stone","Better Skull","Better Third Choice","Challenge The Spire","Colored Map","Colored Powertips","Conspire","GifTheSpireLib","Glutton Mod","Halation","Hermit","Highlight Path","Hubris","Infinite Spire","Mimic Mod","Minty Spire (QoL Compilation)","Quick Restart","Random Character Button","Rare Cards Sparkle","Reliquary","Replay The Spire","Retaliation","Ruina","Spicy Shops","StSLib","Stuff the Spire","The Blue Laboratory","The Construct","The Jungle"],"gold_per_floor":[210,210,220,271,14,49,69,79,119,119,18,31,31,66,66,170,170,189,189,207,207,54,54,84,84,84,97,97,117,117,42,42,42,42],"floor_reached":33,"language":"ENG","playtime":1662,"items_purged":[],"score":348,"play_id":"8101a6ae-120d-4bc1-b068-92e0a6d4af8f","local_time":"20210219132717","is_ascension_mode":true,"campfire_choices":[{"floor":10,"key":"REST"},{"data":"Zap","floor":15,"key":"SMITH"},{"floor":23,"key":"REST"},{"data":"ReplayTheSpireMod:Fabricate Wheel","floor":25,"key":"SMITH"},{"floor":28,"key":"REST"},{"floor":32,"key":"REST"}],"circlet_count":0,"master_deck":["conspire:GhostlyStrike","conspire:GhostlyStrike","conspire:GhostlyStrike","conspire:GhostlyStrike","conspire:GhostlyDefend","conspire:GhostlyDefend","conspire:GhostlyDefend","conspire:GhostlyDefend","Zap+1","Dualcast","Ball Lightning","Beam Cell","ReplayTheSpireMod:Splinters","Defragment","Rebound","Genetic Algorithm","Static Discharge","Echo Form","hubris:DoWhile","Storm+1","Crystallizer+1","Static Discharge","ReplayRNGCard","Tempest+1","hubris:PowerSurge+1","Swift Strike+1"],"relics":["StuffTheSpire:OccultApparatus","Geode","reliquary:ShortFuse","StuffTheSpire:Gunfinga","Bronze Scales","Incense Burner","reliquary:PartyBalloon","hubris:VirtuousBlindfold","halation:EternalFortune","hubris:Icosahedron","hubris:TenFootPole","reliquary:Stiletto","Darkstone Periapt","Prayer Wheel","hubris:Towel"],"acts_visited":["Exordium","Exordium"],"potions_floor_usage":[6,8,9,14,16,18,27,27,27,29],"damage_taken":[{"damage":3,"enemies":"Jaw Worm","floor":1,"turns":4},{"damage":3,"enemies":"2 Louse","floor":3,"turns":2},{"damage":16,"enemies":"Lagavulin","floor":6,"turns":5},{"damage":12,"enemies":"conspire:RoseBush","floor":7,"turns":2},{"damage":10,"enemies":"Exordium Wildlife","floor":8,"turns":3},{"damage":0,"enemies":"3 Louse","floor":9,"turns":4},{"damage":2,"enemies":"3 Louse","floor":12,"turns":3},{"damage":5,"enemies":"Gremlin Nob","floor":14,"turns":3},{"damage":36,"enemies":"Hexaghost","floor":16,"turns":5},{"damage":25,"enemies":"ruina:3_Bats","floor":18,"turns":5},{"damage":14,"enemies":"ruina:BadWolf","floor":20,"turns":4},{"damage":29,"enemies":"ruina:ServantOfWrath","floor":24,"turns":4},{"damage":11,"enemies":"ruina:KnightOfDespair","floor":27,"turns":4},{"damage":14,"enemies":"ruina:QueenOfHate","floor":29,"turns":3},{"damage":54,"enemies":"ruina:Red_and_Wolf","floor":33,"turns":3}],"seed_played":"7323296792296821813","potions_obtained":[{"floor":4,"key":"LifebloodPotion"},{"floor":7,"key":"blueLaboratory:HeartbeatPotion"},{"floor":8,"key":"blueLaboratory:HorrorPotion"},{"floor":12,"key":"blueLaboratory:PhilterOfMotion"},{"floor":14,"key":"Adrenaline Potion"},{"floor":16,"key":"blueLaboratory:CoolantVial"},{"floor":18,"key":"Strength Potion"},{"floor":24,"key":"Weak Potion"},{"floor":29,"key":"BlessingOfTheForge"}],"is_trial":false,"path_per_floor":["M","?","M","?","$","E","M","M","MIM","R","$","M","?","E","R","B",null,"M","?","M","?","$","R","E","R","T","M","R","M","?","?","R","B"],"character_chosen":"DEFECT","items_purchased":["reliquary:ShortFuse","Incense Burner","Static Discharge","hubris:TenFootPole"],"campfire_rested":4,"item_purchase_floors":[5,11,11,22],"current_hp_per_floor":[72,72,69,69,69,53,41,31,31,53,53,51,51,46,46,10,75,50,53,39,39,39,62,33,33,33,22,45,31,31,31,54,0,0],"gold":42,"neow_bonus":"HUNDRED_GOLD","is_daily":false,"chose_seed":false,"campfire_upgraded":2,"win_rate":0.0,"timestamp":1613762837,"path_taken":["M","?","M","?","?","E","M","?","MIM","R","$","M","?","E","R","BOSS","M","?","M","?","$","R","E","R","T","M","R","M","?","?","R","BOSS"],"items_purchased_type":["Relic","Relic","Card","Relic"],"build_version":"2020-12-22","purchased_purges":0,"victory":false,"max_hp_per_floor":[75,75,75,75,75,75,75,75,75,75,75,75,75,75,75,75,75,75,78,78,78,78,78,78,78,78,78,78,78,78,78,78,78,78],"card_choices":[{"not_picked":["Rebound","conspire:SharedLibrary"],"picked":"Ball Lightning","floor":1},{"not_picked":["Ball Lightning","Melter"],"picked":"Beam Cell","floor":3},{"not_picked":["Aggregate","StuffTheSpire:LoadUp"],"picked":"Defragment","floor":4},{"not_picked":["Coolheaded","Go for the Eyes"],"picked":"Rebound","floor":4},{"not_picked":["Thunder Strike","Cold Snap"],"picked":"Genetic Algorithm","floor":6},{"not_picked":["Barrage","Streamline","Chaos"],"picked":"SKIP","floor":7},{"not_picked":["Leap","BasicCrystalCard","Streamline"],"picked":"SKIP","floor":8},{"not_picked":["ReplayTheSpireMod:Omega Cannon","Steam","Heatsinks"],"picked":"SKIP","floor":12},{"not_picked":["Reinforced Body","Stack"],"picked":"Echo Form","floor":14},{"not_picked":["Echo Form","Hyperbeam"],"picked":"hubris:DoWhile","floor":16},{"not_picked":["Steam","aspiration:Polymerization"],"picked":"Storm+1","floor":18},{"not_picked":["Barrage","Leap"],"picked":"Crystallizer+1","floor":20},{"not_picked":["ReplayGash","Rainbow"],"picked":"ReplayTheSpireMod:Fabricate Wheel","floor":24},{"not_picked":["StuffTheSpire:LoadUp","Beam Cell+1"],"picked":"Static Discharge","floor":27},{"not_picked":["Conserve Battery","Ball Lightning"],"picked":"Tempest+1","floor":29},{"not_picked":["Panic Button","Conserve Battery"],"picked":"hubris:PowerSurge+1","floor":29},{"not_picked":["Dramatic Entrance+1","Replay:Sssssssssshield+1"],"picked":"Swift Strike+1","floor":31}],"player_experience":921150,"relics_obtained":[{"floor":4,"key":"Geode"},{"floor":6,"key":"StuffTheSpire:Gunfinga"},{"floor":9,"key":"Bronze Scales"},{"floor":14,"key":"reliquary:PartyBalloon"},{"floor":24,"key":"reliquary:Stiletto"},{"floor":26,"key":"Darkstone Periapt"}],"event_choices":[{"damage_healed":0,"gold_gain":0,"player_choice":"Agree","damage_taken":0,"max_hp_gain":0,"max_hp_loss":0,"event_name":"conspire:LoneGhost","floor":2,"gold_loss":0},{"damage_healed":0,"gold_gain":0,"player_choice":"2","damage_taken":0,"max_hp_gain":0,"max_hp_loss":0,"event_name":"betterMatch:BetterMatch","floor":31,"gold_loss":0,"cards_obtained":["betterMatch:ColorlessUncommonCard"]}],"is_beta":false,"boss_relics":[{"not_picked":["halation:Yufonium","Runic Dome"],"picked":"hubris:VirtuousBlindfold"}],"items_purged_floors":[],"is_endless":false,"potions_floor_spawned":[7,8,12,14,16,18,24,29],"killed_by":"ruina:Red_and_Wolf","ascension_level":2}}