{"host":"tuvyjqp461ike1dm","time":1613774313,"event":{"mods":["BaseMod","Downfall","Duelist Mod","Minty Spire (QoL Compilation)","Replay The Spire","StSLib","Wandering Minibosses"],"gold_per_floor":[114,163,41,116,133,160,160,193,193,210,210,210,210,180,180,283,283,295,295,312,312,326,326,355,369,395,241,241,274,292,304,304,399,399,409,409,425,440,455,455,475,475,547,547,578,578,608,647,647,651,651,651,45,106,112],"floor_reached":56,"language":"ENG","playtime":8553,"items_purged":["Strike_B","Strike_B","Defend_B"],"score":1580,"play_id":"1e809599-ab6c-46fe-aaba-43a6aeb51d18","local_time":"20210219173833","is_ascension_mode":false,"campfire_choices":[{"data":"ReplayTheSpireMod:Calculation Training","floor":7,"key":"SMITH"},{"floor":11,"key":"REST"},{"floor":13,"key":"REST"},{"data":"Crystallizer","floor":15,"key":"SMITH"},{"data":"Coolheaded","floor":23,"key":"SMITH"},{"data":"Defragment","floor":28,"key":"SMITH"},{"floor":32,"key":"RECALL"},{"data":"Mirror Shield","floor":40,"key":"SMITH"},{"data":"Blizzard","floor":42,"key":"SMITH"},{"data":"Rainbow","floor":46,"key":"SMITH"},{"floor":49,"key":"REST"},{"data":"Strike_B+1","floor":52,"key":"PURGE"}],"circlet_count":0,"master_deck":["Defend_B+1","Defend_B","Defend_B","Zap","Dualcast","Defragment+1","Conserve Battery","Coolheaded+1","ReplayTheSpireMod:Calculation Training+1","Panic Button","Crystallizer+1","Sweeping Beam","Mirror Shield+1","Electrodynamics+1","Self Repair+1","Writhe","Coolheaded+1","Machine Learning+1","Ball Lightning","Blizzard+1","Redo","Loop+1","FTL+1","Panic Button+1","Capacitor+1","Machine Learning+1","White Noise+1","Capacitor+1","Storm+1","Aggregate+1","Redo+1","Rainbow+1","BasicCrystalCard+1","Creative AI+1","Defragment+1","Compile Driver+1"],"relics":["Cracked Core","NeowsBlessing","Mummified Hand","Replay:Ringing Soul","Regal Pillow","Strawberry","Frozen Egg 2","Honey Jar","Simple Rune","Peace Pipe","Incense Burner","Snecko Eye","Quantum Egg","Replay:Bandana","wanderingMiniBosses:OtherGremlinHorn","Iron Hammer","Membership Card","Divine Protection","Lizard Tail","Replay:Kaleidoscope"],"acts_visited":["Exordium","TheCity","TheBeyond","TheEnding"],"potions_floor_usage":[8,20,31,35,39,47,54,54,54],"damage_taken":[{"damage":0,"enemies":"Jaw Worm","floor":1,"turns":1},{"damage":0,"enemies":"Small Slimes","floor":5,"turns":1},{"damage":0,"enemies":"Lagavulin","floor":6,"turns":1},{"damage":56,"enemies":"Gremlin Nob","floor":8,"turns":6},{"damage":8,"enemies":"Cultist","floor":10,"turns":6},{"damage":6,"enemies":"Looter","floor":14,"turns":6},{"damage":5,"enemies":"Fading Forest","floor":16,"turns":11},{"damage":20,"enemies":"Shell Parasite","floor":18,"turns":7},{"damage":8,"enemies":"Chosen","floor":20,"turns":5},{"damage":0,"enemies":"3 Cultists","floor":22,"turns":3},{"damage":17,"enemies":"Replay:Snechameleon","floor":24,"turns":6},{"damage":9,"enemies":"Snecko","floor":25,"turns":8},{"damage":21,"enemies":"theDuelist:KaibaA2","floor":29,"turns":8},{"damage":7,"enemies":"Centurion and Healer","floor":30,"turns":5},{"damage":0,"enemies":"Snake Plant","floor":31,"turns":3},{"damage":36,"enemies":"Pondfish","floor":33,"turns":11},{"damage":17,"enemies":"3 Darklings","floor":35,"turns":3},{"damage":18,"enemies":"3 Shapes","floor":37,"turns":3},{"damage":25,"enemies":"Sphere and 2 Shapes","floor":38,"turns":8},{"damage":13,"enemies":"Maw","floor":39,"turns":6},{"damage":0,"enemies":"Jaw Worm Horde","floor":41,"turns":2},{"damage":0,"enemies":"Giant Head","floor":45,"turns":6},{"damage":54,"enemies":"3 Darklings","floor":47,"turns":6},{"damage":0,"enemies":"R_Hoarder","floor":48,"turns":4},{"damage":38,"enemies":"Donu and Deca","floor":50,"turns":4},{"damage":43,"enemies":"Shield and Spear","floor":54,"turns":3},{"damage":74,"enemies":"The Heart","floor":55,"turns":8}],"seed_played":"6254717859763878786","potions_obtained":[{"floor":2,"key":"Toxic Potion"},{"floor":8,"key":"SpeedPotion"},{"floor":16,"key":"Swift Potion"},{"floor":20,"key":"SpeedPotion"},{"floor":29,"key":"Weak Potion"},{"floor":30,"key":"Fire Potion"},{"floor":33,"key":"GamblersBrew"},{"floor":38,"key":"BlessingOfTheForge"},{"floor":39,"key":"EssenceOfDarkness"},{"floor":41,"key":"AttackPotion"},{"floor":45,"key":"sneckomod:MuddlingPotion"}],"is_trial":false,"path_per_floor":["M","?","$","T","M","E","R","E","T","M","R","?","R","M","R","B",null,"M","?","M","?","M","R","E","M","T","$","R","E","M","M","R","B",null,"M","?","M","M","M","R","M","R","T","?","E","R","M","E","R","B",null,"R","$","E","B",null],"character_chosen":"DEFECT","items_purchased":["Coolheaded","Loop+1","Membership Card","Divine Protection","Lizard Tail","Defragment+1","Adrenaline Potion"],"campfire_rested":3,"item_purchase_floors":[3,27,53,53,53,53,53],"current_hp_per_floor":[75,57,57,57,60,63,63,17,17,12,55,48,91,88,88,95,100,83,86,91,94,107,107,103,107,107,110,110,102,108,121,121,98,136,122,122,117,105,105,105,108,108,108,108,121,121,80,93,156,128,160,160,163,123,59],"gold":112,"neow_bonus":"THREE_ENEMY_KILL","is_daily":false,"chose_seed":false,"campfire_upgraded":7,"win_rate":0.0,"timestamp":1613774313,"path_taken":["M","?","$","?","M","E","R","E","T","M","R","?","R","M","R","BOSS","M","?","?","?","M","R","E","M","T","$","R","E","M","M","R","BOSS","M","?","?","M","M","R","M","R","T","?","E","R","M","E","R","BOSS","R","$","E","BOSS"],"items_purchased_type":["Card","Card","Relic","Relic","Relic","Card","Potion"],"build_version":"2020-12-22","purchased_purges":3,"victory":true,"max_hp_per_floor":[75,75,75,75,78,81,81,91,91,94,94,94,94,97,97,100,100,103,106,109,112,115,115,118,121,121,124,124,127,130,133,133,136,136,139,139,142,145,148,148,151,151,151,151,154,154,157,160,160,160,160,160,163,166,166],"card_choices":[{"not_picked":["Go for the Eyes","Reinforced Body"],"picked":"Defragment","floor":1},{"not_picked":["Steam","Rip and Tear"],"picked":"Conserve Battery","floor":2},{"not_picked":["Redo","Sweeping Beam"],"picked":"ReplayTheSpireMod:Calculation Training","floor":5},{"not_picked":["Cold Snap","Lockon"],"picked":"Panic Button","floor":6},{"not_picked":["Conserve Battery","Lockon"],"picked":"Crystallizer","floor":8},{"not_picked":["Auto Shields","BasicCrystalCard"],"picked":"Sweeping Beam","floor":10},{"not_picked":["Ball Lightning","Double Energy"],"picked":"Mirror Shield","floor":14},{"not_picked":["ReplayTheSpireMod:Fabricate Wheel","Biased Cognition+1"],"picked":"Electrodynamics+1","floor":16},{"not_picked":["Beam Cell","Gash","FIFO Queue+1"],"picked":"Self Repair+1","floor":18},{"not_picked":["Sweeping Beam","Hologram","Barrage"],"picked":"Coolheaded+1","floor":20},{"not_picked":["Gash","Conserve Battery","Leap"],"picked":"Ball Lightning","floor":22},{"not_picked":["Coolheaded","Rainbow","BasicCrystalCard"],"picked":"Blizzard","floor":24},{"not_picked":["Hologram","Conserve Battery","Force Field"],"picked":"Redo","floor":25},{"not_picked":["Coolheaded","Go for the Eyes","Scrape"],"picked":"FTL+1","floor":29},{"not_picked":["Coolheaded","Defragment+1","ReplayGash"],"picked":"Panic Button+1","floor":30},{"not_picked":["Storm+1","Melter+1","BasicCrystalCard"],"picked":"Capacitor+1","floor":31},{"not_picked":["Seek","Biased Cognition+1","Reboot"],"picked":"Machine Learning+1","floor":33},{"not_picked":["Go for the Eyes+1","Redo+1","Beam Cell"],"picked":"White Noise+1","floor":35},{"not_picked":["Cold Snap","Streamline","Coolheaded"],"picked":"Capacitor+1","floor":37},{"not_picked":["Auto Shields","Leap+1","Streamline+1"],"picked":"Storm+1","floor":38},{"not_picked":["Coolheaded","Redo","Conserve Battery+1"],"picked":"Aggregate+1","floor":39},{"not_picked":["Multi-Cast","Go for the Eyes+1","Gash"],"picked":"Redo+1","floor":41},{"not_picked":["Leap","Gash+1","ReplayTheSpireMod:Repulse+1"],"picked":"Rainbow","floor":45},{"not_picked":["Time Bomb","Gash+1","Double Energy"],"picked":"BasicCrystalCard+1","floor":47},{"not_picked":["Streamline+1","Stack+1","ReplayTheSpireMod:Reroute Power"],"picked":"Creative AI+1","floor":48},{"not_picked":["Streamline+1","Blizzard+1","Redo+1"],"picked":"Compile Driver+1","floor":54}],"player_experience":27004,"relics_obtained":[{"floor":2,"key":"Mummified Hand"},{"floor":4,"key":"Replay:Ringing Soul"},{"floor":6,"key":"Regal Pillow"},{"floor":8,"key":"Strawberry"},{"floor":9,"key":"Frozen Egg 2"},{"floor":24,"key":"Peace Pipe"},{"floor":29,"key":"Incense Burner"},{"floor":43,"key":"Quantum Egg"},{"floor":45,"key":"Replay:Bandana"},{"floor":47,"key":"wanderingMiniBosses:OtherGremlinHorn"},{"floor":48,"key":"Iron Hammer"},{"floor":54,"key":"Replay:Kaleidoscope"}],"event_choices":[{"cards_removed":["Strike_B"],"damage_healed":0,"gold_gain":0,"player_choice":"Card Removal","damage_taken":7,"max_hp_gain":0,"max_hp_loss":0,"event_name":"Golden Wing","floor":12,"gold_loss":0},{"damage_healed":0,"gold_gain":0,"player_choice":"Opened","damage_taken":0,"relics_obtained":["Simple Rune"],"max_hp_gain":0,"max_hp_loss":0,"event_name":"The Mausoleum","floor":19,"gold_loss":0,"cards_obtained":["Writhe"]},{"damage_healed":0,"gold_gain":0,"player_choice":"Read","damage_taken":0,"max_hp_gain":0,"max_hp_loss":0,"event_name":"The Library","floor":21,"gold_loss":0,"cards_obtained":["Machine Learning"]},{"damage_healed":0,"gold_gain":0,"player_choice":"Ignored","damage_taken":0,"max_hp_gain":0,"max_hp_loss":0,"event_name":"NoteForYourself","floor":36,"gold_loss":0},{"damage_healed":0,"gold_gain":0,"player_choice":"Ignored","damage_taken":0,"max_hp_gain":0,"max_hp_loss":0,"event_name":"Tomb of Lord Red Mask","floor":44,"gold_loss":0}],"is_beta":false,"boss_relics":[{"not_picked":["FrozenCore","Black Star"],"picked":"Honey Jar"},{"not_picked":["Calling Bell","Sozu"],"picked":"Snecko Eye"}],"items_purged_floors":[3,27,53],"is_endless":false,"potions_floor_spawned":[8,16,20,29,30,33,38,39,41,45],"ascension_level":0}}