{"host":"njb27ds59h4j3ikk","time":1613761582,"event":{"mods":["AchievementEnabler","BaseMod","Better Altar","Better Match","Better Note","Better Sensory Stone","Better Skull","Better Third Choice","BetterRewards","Downfall","Hermit","Hubris","Minty Spire (QoL Compilation)","Permanent Neow","Quarter Circle Forward PUNCH!","Quick Restart","Rare Cards Sparkle","Replay The Spire","Shop Mod","StSLib","Trackpad","Transform Curses"],"gold_per_floor":[39,39,39,78,128,198,255,255,255,333,361,432,152,152,152,322,322,366,416,478,478,478,545,174,174,174,174,263,313,371,433,433,633,633,683,738,444,444,508,567,567,698,752,841,841,911,1086,1086,1170,1320,1320,1320,1065,1146,1251,1251],"floor_reached":55,"language":"ENG","playtime":2323,"items_purged":[],"score":1813,"play_id":"7e480b0c-6e89-4ae8-b7ee-d0ca8d9c1aa2","local_time":"20210219140622","is_ascension_mode":true,"campfire_choices":[{"floor":15,"key":"RECALL"},{"data":"Heavy Blade","floor":25,"key":"SMITH"},{"data":"ReplayTheSpireMod:LeadingStrike","floor":32,"key":"SMITH"},{"data":"Pummel","floor":41,"key":"SMITH"},{"data":"sneckomod:QuickBite","floor":45,"key":"SMITH"},{"data":"Power Through","floor":52,"key":"SMITH"}],"circlet_count":0,"master_deck":["AscendersBane","Strike_R+1","Strike_R","Defend_R","Defend_R+1","Defend_R+1","Defend_R+1","Bash","Hemokinesis+1","Hemokinesis+1","hubris:EnhanceAbility+1","Armaments+1","Rupture+1","Sword Boomerang+1","Warcry+1","Cleave","Replay:Undeath\u0027s Touch","ReplayReversal+1","Berserk+1","ReplayTheSpireMod:Stacked+1","Power Through+1","Metallicize","Panache+1","Dramatic Entrance+1","Bludgeon+1","sneckomod:QuickBite+1","SashWhip","Quick Slash","Headbutt+1","Wild Strike","Dropkick+1","Heavy Blade+1","HandOfGreed+1","ReplayTheSpireMod:Private Reserves+1","Pummel+1","ReplayTheSpireMod:LeadingStrike+1","Body Slam+1","Immolate+1","Flex+1","Replay:Undeath\u0027s Touch+1","hubris:CleavingFinish+1","Combust+1","Exhume+1","Rupture+1","Replay:Undeath\u0027s Touch+1","Flash of Steel+1","Disarm+1","Shrug It Off+1","Secret Weapon+1","hubris:StunningStrike+1"],"relics":["Burning Blood","Membership Card","King of Hearts","Pondfish Scales","champ:DeflectingBracers","MerchantsRug","Golden Egg","Gambling Chip","ClockworkSouvenir","Replay:Bandana","ReplayTheSpireMod:TigerMarble","Snack Pack","trackpad:RapidFire","hubris:64BitClover","ReplayTheSpireMod:Ninjato","Brimstone","qcfpunch:Broken_Tusk","qcfpunch:Killian_Engine_Alpha","WarpedTongs","qcfpunch:Red_Beret","Strawberry","Oddly Smooth Stone","Guide Book","Self Forming Clay","Art of War","trackpad:DemonHeart","hexamod:Sixitude","hubris:ChampionShield","hubris:EmptyBottle","Simple Rune","Garlic","Akabeko","Blood Vial","trackpad:Mousetrap","Whetstone","War Paint"],"acts_visited":["Exordium","TheCity","TheBeyond","TheEnding"],"potions_floor_usage":[7,10,16,20,55,55,55,55,55,55],"damage_taken":[{"damage":2,"enemies":"2 Louse","floor":1,"turns":2},{"damage":4,"enemies":"Cultist","floor":4,"turns":3},{"damage":5,"enemies":"Jaw Worm","floor":5,"turns":3},{"damage":7,"enemies":"Red Slaver","floor":6,"turns":4},{"damage":17,"enemies":"3 Sentries","floor":7,"turns":3},{"damage":7,"enemies":"Replay:BlueRogue","floor":10,"turns":3},{"damage":4,"enemies":"Blue Slaver","floor":11,"turns":2},{"damage":4,"enemies":"Gremlin Nob","floor":12,"turns":3},{"damage":2,"enemies":"The Guardian","floor":16,"turns":5},{"damage":12,"enemies":"2 Thieves","floor":18,"turns":2},{"damage":12,"enemies":"Chosen","floor":19,"turns":2},{"damage":0,"enemies":"Centurion and Healer","floor":20,"turns":3},{"damage":28,"enemies":"Replay:Snechameleon","floor":23,"turns":4},{"damage":24,"enemies":"Book of Stabbing","floor":28,"turns":3},{"damage":0,"enemies":"Chosen and Byrds","floor":29,"turns":3},{"damage":0,"enemies":"Sentry and Sphere","floor":30,"turns":1},{"damage":0,"enemies":"Centurion and Healer","floor":31,"turns":2},{"damage":21,"enemies":"Collector","floor":33,"turns":3},{"damage":0,"enemies":"3 Darklings","floor":35,"turns":1},{"damage":0,"enemies":"Orb Walker","floor":36,"turns":1},{"damage":8,"enemies":"Sphere and 2 Shapes","floor":39,"turns":2},{"damage":6,"enemies":"Nemesis","floor":40,"turns":3},{"damage":2,"enemies":"Giant Head","floor":42,"turns":4},{"damage":3,"enemies":"Nemesis","floor":44,"turns":3},{"damage":0,"enemies":"4 Shapes","floor":46,"turns":1},{"damage":4,"enemies":"Transient","floor":47,"turns":5},{"damage":28,"enemies":"Time Eater","floor":50,"turns":5},{"damage":6,"enemies":"Shield and Spear","floor":54,"turns":3},{"damage":102,"enemies":"The Heart","floor":55,"turns":5}],"seed_played":"727259589059409327","potions_obtained":[{"floor":1,"key":"LifebloodPotion"},{"floor":4,"key":"ColorlessPotion"},{"floor":10,"key":"EntropicBrew"},{"floor":16,"key":"hexamod:SoulburnPotion"},{"floor":23,"key":"ElixirPotion"},{"floor":27,"key":"HeartOfIron"},{"floor":27,"key":"Death Potion"},{"floor":47,"key":"LifebloodPotion"}],"is_trial":false,"path_per_floor":["M","?","?","M","M","M","E","T","T","E","M","E","$","?","R","B",null,"M","M","M","?","?","E","$","R","T","?","E","M","M","M","R","B",null,"M","M","$","?","M","E","R","E","T","E","R","M","M","?","R","B",null,"R","$","E","B"],"character_chosen":"IRONCLAD","items_purchased":["Membership Card","King of Hearts","Pondfish Scales","MerchantsRug","Hemokinesis","Golden Egg","Hemokinesis","hubris:EnhanceAbility","Armaments","ClockworkSouvenir","Rupture","Sword Boomerang","Warcry","Panache","Dramatic Entrance","Brimstone","qcfpunch:Broken_Tusk","Strawberry","Oddly Smooth Stone","HandOfGreed","ReplayTheSpireMod:Private Reserves","Guide Book","hexamod:Sixitude","hubris:ChampionShield","hubris:EmptyBottle","Whetstone","Flash of Steel","Disarm","Shrug It Off","Secret Weapon"],"campfire_rested":0,"item_purchase_floors":[0,0,0,0,0,0,0,0,0,0,0,0,0,13,13,13,13,24,24,24,24,24,37,37,37,53,53,53,53,53],"current_hp_per_floor":[76,81,81,83,84,83,72,72,72,73,75,79,79,85,85,85,85,79,73,81,81,81,61,68,68,68,68,50,58,66,85,85,78,89,92,96,96,93,93,96,96,96,96,96,96,99,99,99,99,77,94,94,94,98,0,0],"gold":1251,"neow_bonus":"","is_daily":false,"chose_seed":false,"campfire_upgraded":5,"win_rate":0.0,"timestamp":1613761582,"path_taken":["M","?","?","M","M","?","E","?","T","E","?","E","$","?","R","BOSS","M","M","?","?","?","E","$","R","T","?","E","M","M","M","R","BOSS","M","M","$","?","M","E","R","E","T","E","R","M","?","?","R","BOSS","R","$","E","BOSS"],"items_purchased_type":["Relic","Relic","Relic","Relic","Card","Relic","Card","Card","Card","Relic","Card","Card","Card","Card","Card","Relic","Relic","Relic","Relic","Card","Card","Relic","Relic","Relic","Relic","Relic","Card","Card","Card","Card"],"build_version":"2020-12-22","purchased_purges":0,"victory":false,"max_hp_per_floor":[80,85,85,85,85,85,85,85,85,85,85,85,85,85,85,85,85,85,85,85,85,85,85,92,92,92,92,92,92,92,92,92,92,92,92,96,96,96,96,96,96,96,96,96,96,99,99,99,99,99,99,99,99,99,99,99],"card_choices":[{"not_picked":["Sword Boomerang","Clothesline"],"picked":"Cleave","floor":1},{"not_picked":["Pommel Strike","Anger"],"picked":"Replay:Undeath\u0027s Touch","floor":4},{"not_picked":["ReplayTheSpireMod:Corrosion Curse","Clash"],"picked":"ReplayReversal","floor":5},{"not_picked":["ReplayTheSpireMod:Strike From Hell","Heavy Blade","Perfected Strike"],"picked":"SKIP","floor":6},{"not_picked":["Dropkick","Clothesline"],"picked":"Berserk","floor":7},{"not_picked":["Body Slam","Seeing Red"],"picked":"ReplayTheSpireMod:Stacked","floor":10},{"not_picked":["Searing Blow","ReplayTheSpireMod:Corrosion Curse"],"picked":"Power Through","floor":11},{"not_picked":["Body Slam","Pommel Strike"],"picked":"Metallicize","floor":12},{"not_picked":["Brutality","Demonic Infusion"],"picked":"Bludgeon","floor":16},{"not_picked":["Havoc","Sentinel"],"picked":"Headbutt+1","floor":18},{"not_picked":["Dark Embrace","Bloodletting"],"picked":"Wild Strike","floor":19},{"not_picked":["Body Slam","Combust"],"picked":"Dropkick","floor":20},{"not_picked":["Body Slam","Corruption"],"picked":"Heavy Blade","floor":23},{"not_picked":["Shrug It Off","Dropkick+1"],"picked":"Pummel","floor":28},{"not_picked":["True Grit+1","ReplayTheSpireMod:Strike From Hell","Cleave+1"],"picked":"SKIP","floor":29},{"not_picked":["True Grit","Havoc"],"picked":"ReplayTheSpireMod:LeadingStrike","floor":30},{"not_picked":["Warcry","ReplayReversal"],"picked":"Body Slam+1","floor":31},{"not_picked":["Demon Form","hubris:StunningStrike"],"picked":"Immolate","floor":33},{"not_picked":["Rupture","Power Through","Clash+1"],"picked":"SKIP","floor":35},{"not_picked":["Battle Trance+1","Clash+1"],"picked":"Flex+1","floor":36},{"not_picked":["Combust+1","Wild Strike+1"],"picked":"Replay:Undeath\u0027s Touch+1","floor":39},{"not_picked":["Cleave","Armaments"],"picked":"hubris:CleavingFinish+1","floor":40},{"not_picked":["ReplayTheSpireMod:Limb From Limb","Rampage"],"picked":"Combust+1","floor":42},{"not_picked":["Clothesline","Thunderclap"],"picked":"Exhume","floor":44},{"not_picked":["Headbutt","Armaments"],"picked":"Rupture+1","floor":46},{"not_picked":["Body Slam+1","Thunderclap"],"picked":"Replay:Undeath\u0027s Touch+1","floor":47},{"not_picked":["Thunderclap","Run Through"],"picked":"hubris:StunningStrike","floor":54}],"player_experience":1377006,"relics_obtained":[{"floor":7,"key":"ReplayTheSpireMod:TigerMarble"},{"floor":8,"key":"Snack Pack"},{"floor":9,"key":"trackpad:RapidFire"},{"floor":10,"key":"hubris:64BitClover"},{"floor":12,"key":"ReplayTheSpireMod:Ninjato"},{"floor":23,"key":"qcfpunch:Red_Beret"},{"floor":28,"key":"Self Forming Clay"},{"floor":30,"key":"Art of War"},{"floor":40,"key":"Simple Rune"},{"floor":42,"key":"Garlic"},{"floor":43,"key":"Akabeko"},{"floor":44,"key":"Blood Vial"},{"floor":47,"key":"trackpad:Mousetrap"},{"floor":54,"key":"War Paint"}],"event_choices":[{"damage_healed":0,"gold_gain":0,"player_choice":"Donut","damage_taken":0,"max_hp_gain":5,"max_hp_loss":0,"event_name":"Big Fish","floor":2,"gold_loss":0},{"damage_healed":0,"gold_gain":0,"player_choice":"Gave Potion","damage_taken":0,"relics_obtained":["Replay:Bandana"],"max_hp_gain":0,"max_hp_loss":0,"event_name":"WeMeetAgain","floor":3,"gold_loss":0},{"damage_healed":6,"gold_gain":0,"player_choice":"Full Heal","damage_taken":0,"max_hp_gain":0,"max_hp_loss":0,"event_name":"Wheel of Change","floor":14,"gold_loss":0},{"damage_healed":0,"gold_gain":0,"player_choice":"Rummage","damage_taken":0,"relics_obtained":["WarpedTongs"],"max_hp_gain":0,"max_hp_loss":0,"event_name":"Accursed Blacksmith","floor":21,"gold_loss":0,"cards_obtained":["Pain"]},{"cards_removed":["Pain"],"damage_healed":0,"gold_gain":0,"player_choice":"Removed Curses","damage_taken":0,"max_hp_gain":0,"max_hp_loss":0,"event_name":"Fountain of Cleansing","floor":22,"gold_loss":0},{"damage_healed":0,"gold_gain":0,"player_choice":"Got Potions","damage_taken":0,"max_hp_gain":0,"max_hp_loss":0,"event_name":"Lab","floor":27,"gold_loss":0},{"damage_healed":0,"gold_gain":0,"player_choice":"Punched","damage_taken":3,"max_hp_gain":0,"max_hp_loss":0,"event_name":"Designer","floor":38,"gold_loss":0},{"damage_healed":0,"gold_gain":0,"player_choice":"Ignored","damage_taken":0,"max_hp_gain":0,"max_hp_loss":0,"event_name":"Tomb of Lord Red Mask","floor":48,"gold_loss":0}],"is_beta":false,"boss_relics":[{"not_picked":["hubris:VirtuousBlindfold","Replay:Drink Me"],"picked":"qcfpunch:Killian_Engine_Alpha"},{"not_picked":["hubris:TerracottaHorce","Replay:Bronze Core"],"picked":"trackpad:DemonHeart"}],"items_purged_floors":[],"is_endless":false,"potions_floor_spawned":[1,4,10,11,12,16,23,28,29,35,39,44,47],"killed_by":"The Heart","ascension_level":10}}