{"host":"April","time":1613717183,"event":{"mods":["BaseMod","Minty Spire (QoL Compilation)"],"gold_per_floor":[113,124,124,124,144,176,176,207,233,251,271,303,315,380,380,478,478,496,515,430,175,175,203,203,213,213,213,231,244,19,32,32,132,132,151,201,201,80,104,104,104,131,131,131,141,170,183,210,210,210],"floor_reached":51,"language":"ENG","playtime":2988,"items_purged":[],"score":939,"play_id":"ddb366a1-1e55-49ab-a861-88c0f2dc1257","local_time":"20210218224623","is_ascension_mode":true,"campfire_choices":[{"data":"Neutralize","floor":7.0,"key":"SMITH"},{"floor":15.0,"key":"REST"},{"data":"Cloak And Dagger","floor":24.0,"key":"SMITH"},{"data":"A Thousand Cuts","floor":32.0,"key":"SMITH"},{"data":"Concentrate","floor":40.0,"key":"SMITH"},{"data":"Blade Dance","floor":44,"key":"SMITH"},{"data":"PiercingWail","floor":49,"key":"SMITH"}],"circlet_count":0,"master_deck":["Strike_G","Strike_G","Strike_G+1","Strike_G+1","Strike_G","Defend_G","Defend_G","Defend_G","Defend_G","Defend_G","Survivor","Neutralize+1","Quick Slash","Quick Slash","Finisher","Unload","Crippling Poison","Cloak And Dagger+1","Poisoned Stab","Adrenaline+1","Flying Knee","PiercingWail+1","A Thousand Cuts+1","CurseOfTheBell","Blur+1","Endless Agony+1","Footwork","Dodge and Roll+1","Dagger Spray+1","Deflect","Endless Agony+1","Corpse Explosion","Concentrate+1","Blade Dance+1","Blade Dance+1"],"relics":["Ring of the Snake","Whetstone","Shuriken","Orichalcum","Blood Vial","Akabeko","Toy Ornithopter","Tiny Chest","Calling Bell","MealTicket","Molten Egg 2","Thread and Needle","Bronze Scales","Letter Opener","Mercury Hourglass","Anchor","Kunai","Membership Card","Centennial Puzzle","Busted Crown","Incense Burner","InkBottle","Vajra","Toxic Egg 2","Bottled Flame","Oddly Smooth Stone","Question Card","Mango"],"acts_visited":["Exordium","TheCity","TheBeyond"],"potions_floor_usage":[46,46],"damage_taken":[{"damage":0.0,"enemies":"Jaw Worm","floor":1.0,"turns":3.0},{"damage":1.0,"enemies":"2 Louse","floor":2.0,"turns":2.0},{"damage":0.0,"enemies":"Cultist","floor":5.0,"turns":3.0},{"damage":28.0,"enemies":"Lagavulin","floor":6.0,"turns":5.0},{"damage":12.0,"enemies":"Gremlin Nob","floor":8.0,"turns":4.0},{"damage":1.0,"enemies":"Blue Slaver","floor":10.0,"turns":2.0},{"damage":1.0,"enemies":"Looter","floor":11.0,"turns":2.0},{"damage":14.0,"enemies":"Lagavulin","floor":12.0,"turns":4.0},{"damage":7.0,"enemies":"Exordium Thugs","floor":13.0,"turns":2.0},{"damage":0.0,"enemies":"Gremlin Nob","floor":14.0,"turns":2.0},{"damage":31.0,"enemies":"The Guardian","floor":16.0,"turns":10.0},{"damage":0.0,"enemies":"Spheric Guardian","floor":18.0,"turns":3.0},{"damage":0.0,"enemies":"3 Byrds","floor":19.0,"turns":5.0},{"damage":17.0,"enemies":"Book of Stabbing","floor":23.0,"turns":5.0},{"damage":10.0,"enemies":"Sentry and Sphere","floor":25.0,"turns":4.0},{"damage":0.0,"enemies":"3 Cultists","floor":28.0,"turns":4.0},{"damage":2.0,"enemies":"Chosen and Byrds","floor":29.0,"turns":5.0},{"damage":0.0,"enemies":"Cultist and Chosen","floor":31.0,"turns":4.0},{"damage":15.0,"enemies":"Collector","floor":33.0,"turns":11.0},{"damage":0.0,"enemies":"Orb Walker","floor":35.0,"turns":3.0},{"damage":0.0,"enemies":"Mind Bloom Boss Battle","floor":36.0,"turns":6.0},{"damage":0.0,"enemies":"Reptomancer","floor":42.0,"turns":5.0},{"damage":0,"enemies":"3 Darklings","floor":45,"turns":2},{"damage":0,"enemies":"Nemesis","floor":46,"turns":7},{"damage":0,"enemies":"Writhing Mass","floor":47,"turns":5},{"damage":7,"enemies":"Reptomancer","floor":48,"turns":4},{"damage":49,"enemies":"Time Eater","floor":50,"turns":12}],"seed_played":"4253992941918754346","potions_obtained":[{"floor":6.0,"key":"BlessingOfTheForge"},{"floor":8.0,"key":"ColorlessPotion"},{"floor":12.0,"key":"Regen Potion"},{"floor":14.0,"key":"DistilledChaos"},{"floor":18.0,"key":"Regen Potion"},{"floor":25.0,"key":"SpeedPotion"},{"floor":28.0,"key":"Block Potion"},{"floor":36.0,"key":"Explosive Potion"},{"floor":45,"key":"ColorlessPotion"},{"floor":46,"key":"Energy Potion"},{"floor":48,"key":"SteroidPotion"}],"is_trial":false,"path_per_floor":["M","M","?","T","M","E","R","E","T","M","M","E","M","?","R","B",null,"M","M","?","$","?","E","R","M","T","T","M","M","$","M","R","B",null,"M","?","?","$","T","R","?","E","T","R","M","E","M","E","R","B",null],"character_chosen":"THE_SILENT","items_purchased":["Letter Opener","Membership Card","Centennial Puzzle","InkBottle"],"campfire_rested":1,"item_purchase_floors":[21,30,30,38],"current_hp_per_floor":[70,69,74,74,74,46,46,34,34,35,36,24,29,31,53,24,75,75,75,75,75,75,74,74,65,65,65,67,67,75,75,75,60,75,75,75,75,75,75,75,75,75,75,75,75,75,75,82,82,35],"gold":210,"neow_bonus":"RANDOM_COMMON_RELIC","is_daily":false,"chose_seed":false,"campfire_upgraded":6,"win_rate":0.0,"timestamp":1613717183,"path_taken":["M","M","?","?","M","E","R","E","T","M","M","E","M","?","R","BOSS","M","M","?","?","?","E","R","M","T","?","?","M","$","M","R","BOSS","M","?","?","$","?","R","?","E","T","R","M","E","M","E","R","BOSS"],"items_purchased_type":["Relic","Relic","Relic","Relic"],"build_version":"2020-12-18","purchased_purges":0,"victory":true,"max_hp_per_floor":[70,70,75,75,75,75,75,75,75,75,75,75,75,75,75,75,75,75,75,75,75,75,75,75,75,75,75,75,75,75,75,75,75,75,75,75,75,75,75,75,75,75,75,75,75,75,75,89,89,89],"card_choices":[{"not_picked":["Backflip","Underhanded Strike"],"picked":"Quick Slash","floor":1.0},{"not_picked":["Deflect","Underhanded Strike"],"picked":"Quick Slash","floor":2.0},{"not_picked":["Choke","Infinite Blades"],"picked":"Finisher","floor":5.0},{"not_picked":["Accuracy","Quick Slash"],"picked":"Unload","floor":6.0},{"not_picked":["Heel Hook","Bouncing Flask"],"picked":"Crippling Poison","floor":8.0},{"not_picked":["Dodge and Roll","PiercingWail"],"picked":"Cloak And Dagger","floor":10.0},{"not_picked":["Sucker Punch","Prepared"],"picked":"Poisoned Stab","floor":11.0},{"not_picked":["Heel Hook","Dagger Throw"],"picked":"Adrenaline","floor":12.0},{"not_picked":["Escape Plan","Deflect"],"picked":"Flying Knee","floor":13.0},{"not_picked":["Finisher","Crippling Poison"],"picked":"PiercingWail","floor":14.0},{"not_picked":["Glass Knife","Die Die Die"],"picked":"A Thousand Cuts","floor":16.0},{"not_picked":["Deflect","Crippling Poison"],"picked":"Blur+1","floor":18.0},{"not_picked":["Slice+1","Poisoned Stab+1"],"picked":"Endless Agony+1","floor":19.0},{"not_picked":["Acrobatics+1","Deadly Poison"],"picked":"Footwork","floor":23.0},{"not_picked":["Flying Knee+1","Choke+1"],"picked":"Dodge and Roll+1","floor":25.0},{"not_picked":["Sucker Punch+1","Dagger Throw+1"],"picked":"Dagger Spray+1","floor":28.0},{"not_picked":["PiercingWail","Finisher+1"],"picked":"Deflect","floor":29.0},{"not_picked":["Quick Slash+1","Prepared+1"],"picked":"Endless Agony+1","floor":31.0},{"not_picked":["Grand Finale+1","Tools of the Trade"],"picked":"Corpse Explosion","floor":33.0},{"not_picked":[],"picked":"Concentrate","floor":35.0},{"not_picked":[],"picked":"Blade Dance","floor":36.0},{"not_picked":["Expertise+1"],"picked":"SKIP","floor":42.0},{"not_picked":["Leg Sweep+1"],"picked":"SKIP","floor":45},{"not_picked":["Prepared+1"],"picked":"SKIP","floor":46},{"not_picked":["Distraction+1"],"picked":"Blade Dance+1","floor":47},{"not_picked":["Dagger Spray+1","Quick Slash+1"],"picked":"SKIP","floor":48}],"player_experience":2688069,"relics_obtained":[{"floor":4.0,"key":"Shuriken"},{"floor":6.0,"key":"Orichalcum"},{"floor":8.0,"key":"Blood Vial"},{"floor":9.0,"key":"Akabeko"},{"floor":12.0,"key":"Toy Ornithopter"},{"floor":17.0,"key":"MealTicket"},{"floor":17.0,"key":"Molten Egg 2"},{"floor":17.0,"key":"Thread and Needle"},{"floor":23.0,"key":"Mercury Hourglass"},{"floor":26.0,"key":"Anchor"},{"floor":27.0,"key":"Kunai"},{"floor":36.0,"key":"Incense Burner"},{"floor":39.0,"key":"Vajra"},{"floor":42.0,"key":"Bottled Flame"},{"floor":43.0,"key":"Oddly Smooth Stone"},{"floor":46,"key":"Question Card"},{"floor":48,"key":"Mango"}],"event_choices":[{"damage_healed":0.0,"max_hp_gain":5.0,"max_hp_loss":0.0,"gold_gain":0.0,"event_name":"Big Fish","player_choice":"Donut","floor":3.0,"gold_loss":0.0,"damage_taken":0.0},{"damage_healed":0.0,"max_hp_gain":0.0,"max_hp_loss":0.0,"gold_gain":0.0,"event_name":"Dead Adventurer","player_choice":"Searched \u00272\u0027 times","floor":14.0,"gold_loss":0.0,"damage_taken":0.0,"relics_obtained":["Tiny Chest"]},{"damage_healed":0.0,"max_hp_gain":0.0,"max_hp_loss":0.0,"gold_gain":0.0,"event_name":"Addict","player_choice":"Obtained Relic","floor":20.0,"gold_loss":85.0,"damage_taken":0.0,"relics_obtained":["Bronze Scales"]},{"damage_healed":0.0,"max_hp_gain":0.0,"max_hp_loss":0.0,"gold_gain":0.0,"event_name":"Upgrade Shrine","player_choice":"Upgraded","floor":22.0,"gold_loss":0.0,"damage_taken":0.0,"cards_upgraded":["Adrenaline"]},{"damage_healed":0.0,"max_hp_gain":0.0,"max_hp_loss":0.0,"gold_gain":0.0,"event_name":"MindBloom","player_choice":"Fight","floor":36.0,"gold_loss":0.0,"damage_taken":0.0},{"damage_healed":0.0,"max_hp_gain":0.0,"max_hp_loss":0.0,"gold_gain":0.0,"event_name":"SecretPortal","player_choice":"Ignored","floor":37.0,"gold_loss":0.0,"damage_taken":0.0},{"damage_healed":0.0,"max_hp_gain":0.0,"max_hp_loss":0.0,"gold_gain":0.0,"event_name":"WeMeetAgain","player_choice":"Gave Potion","floor":41.0,"gold_loss":0.0,"damage_taken":0.0,"relics_obtained":["Toxic Egg 2"]}],"is_beta":true,"boss_relics":[{"not_picked":["WristBlade","Astrolabe"],"picked":"Calling Bell"},{"not_picked":["SacredBark","Empty Cage"],"picked":"Busted Crown"}],"items_purged_floors":[],"is_endless":false,"potions_floor_spawned":[6,8,12,14,18,25,28,36,45,46,48],"ascension_level":1}}