{"host":"zxkjcgzis4pm3za5","time":1613762904,"event":{"mods":["2.2 Compatiblity","AchievementEnabler","BaseMod","Colored Map","Colored Powertips","Minty Spire (QoL Compilation)","Quick Restart","Random Character Button","Relic Filter Mod","Relic Sorter","Relic Stats","StSLib"],"gold_per_floor":[117,117,117,130,44,72,72,89,89,115,149,35,69,69,69,69,69],"floor_reached":16,"language":"ENG","playtime":289,"items_purged":["Strike_R"],"score":282,"play_id":"b8bc1409-1a3b-4454-980b-6a1efd8b2cba","local_time":"20210220005824","is_ascension_mode":true,"campfire_choices":[{"data":"Combust","floor":7.0,"key":"SMITH"},{"data":"Fire Breathing","floor":15.0,"key":"SMITH"}],"circlet_count":0,"master_deck":["AscendersBane","Strike_R","Strike_R","Strike_R","Strike_R","Defend_R","Defend_R","Defend_R","Defend_R","Bash","Rupture+1","Metallicize","Combust+1","Shrug It Off","Fire Breathing+1","True Grit","Evolve"],"relics":["Burning Blood","NeowsBlessing","WingedGreaves","Odd Mushroom","Torii","Blue Candle","Gremlin Horn"],"acts_visited":["Exordium"],"potions_floor_usage":[16,16],"damage_taken":[{"damage":0.0,"enemies":"Cultist","floor":1.0,"turns":1.0},{"damage":0.0,"enemies":"2 Louse","floor":4.0,"turns":1.0},{"damage":0.0,"enemies":"3 Sentries","floor":6.0,"turns":2.0},{"damage":6.0,"enemies":"Small Slimes","floor":8.0,"turns":4.0},{"damage":22.0,"enemies":"The Mushroom Lair","floor":10.0,"turns":3.0},{"damage":14.0,"enemies":"Lagavulin","floor":11.0,"turns":8.0},{"damage":40.0,"enemies":"Gremlin Nob","floor":13.0,"turns":5.0},{"damage":23,"enemies":"Slime Boss","floor":16,"turns":3}],"seed_played":"7953454386012179997","potions_obtained":[{"floor":6.0,"key":"Weak Potion"},{"floor":10.0,"key":"FearPotion"},{"floor":11.0,"key":"PowerPotion"},{"floor":13.0,"key":"HeartOfIron"}],"is_trial":false,"path_per_floor":["M","?","?","M","$","E","R","M","T","?","E","$","E","T","R","B"],"character_chosen":"IRONCLAD","items_purchased":["Combust","Evolve"],"campfire_rested":0,"item_purchase_floors":[5,12],"current_hp_per_floor":[74,74,79,80,80,80,80,80,80,64,56,56,22,22,22,0,0],"gold":69,"neow_bonus":"THREE_ENEMY_KILL","is_daily":false,"chose_seed":false,"campfire_upgraded":2,"win_rate":0.0,"timestamp":1613762904,"path_taken":["M","?","?","M","$","E","R","M","T","?","E","$","E","?","R","BOSS"],"items_purchased_type":["Card","Card"],"build_version":"2020-12-22","purchased_purges":1,"victory":false,"max_hp_per_floor":[75,75,80,80,80,80,80,80,80,80,80,80,80,80,80,80,80],"relic_stats":{"Torii":0,"Gremlin Horn":[0,0],"counters":[8,27],"Blue Candle":[0],"obtain_stats":[{"NeowsBlessing":0,"Torii":11,"Gremlin Horn":14,"Blue Candle":13,"WingedGreaves":6,"Odd Mushroom":10,"Burning Blood":0},{"NeowsBlessing":0,"Torii":6,"Gremlin Horn":7,"Blue Candle":7,"WingedGreaves":3,"Odd Mushroom":5,"Burning Blood":0},{"NeowsBlessing":0,"Torii":19,"Gremlin Horn":24,"Blue Candle":24,"WingedGreaves":4,"Odd Mushroom":11,"Burning Blood":0}],"Burning Blood":31},"card_choices":[{"not_picked":["Clothesline","Blood for Blood"],"picked":"Rupture","floor":1.0},{"not_picked":["Sword Boomerang","Wild Strike"],"picked":"Metallicize","floor":4.0},{"not_picked":["Battle Trance","Pommel Strike"],"picked":"Shrug It Off","floor":6.0},{"not_picked":["Warcry","Carnage","Sentinel"],"picked":"SKIP","floor":8.0},{"not_picked":["Spot Weakness","Headbutt"],"picked":"Fire Breathing","floor":10.0},{"not_picked":["Twin Strike","Headbutt"],"picked":"True Grit","floor":11.0},{"not_picked":["Inflame","Entrench","Carnage"],"picked":"SKIP","floor":13.0}],"player_experience":403345,"relics_obtained":[{"floor":6.0,"key":"WingedGreaves"},{"floor":10.0,"key":"Odd Mushroom"},{"floor":11.0,"key":"Torii"},{"floor":13.0,"key":"Blue Candle"},{"floor":14.0,"key":"Gremlin Horn"}],"event_choices":[{"damage_healed":0.0,"max_hp_gain":0.0,"max_hp_loss":0.0,"gold_gain":0.0,"event_name":"Living Wall","player_choice":"Grow","floor":2.0,"gold_loss":0.0,"damage_taken":0.0,"cards_upgraded":["Rupture"]},{"damage_healed":0.0,"max_hp_gain":5.0,"max_hp_loss":0.0,"gold_gain":0.0,"event_name":"Big Fish","player_choice":"Donut","floor":3.0,"gold_loss":0.0,"damage_taken":0.0},{"damage_healed":0.0,"max_hp_gain":0.0,"max_hp_loss":0.0,"gold_gain":0.0,"event_name":"Mushrooms","player_choice":"Fought Mushrooms","floor":10.0,"gold_loss":0.0,"damage_taken":0.0}],"is_beta":false,"boss_relics":[],"items_purged_floors":[12],"is_endless":false,"potions_floor_spawned":[6,10,11,13],"killed_by":"Slime Boss","ascension_level":20}}