{"host":"ar85q1708ucjvf51","time":1613762168,"event":{"mods":["BaseMod","Minty Spire (QoL Compilation)"],"gold_per_floor":[117,192,204,216,231,263,263,281,361,376,45,59,124,135,135,238,238,252,262,276,276,291,19,19,19,19,19,19,33,44,44,44,142,142,159,159,38,55,65,85,85,97,97,97,122,122,122,122,122,122],"floor_reached":51,"language":"ENG","playtime":11775,"items_purged":["Pain"],"score":658,"play_id":"c641540a-3583-4f2f-9096-d4f45c6c9146","local_time":"20210219141608","is_ascension_mode":false,"campfire_choices":[{"floor":7.0,"key":"REST"},{"floor":15.0,"key":"REST"},{"floor":25,"key":"REST"},{"data":"Biased Cognition","floor":28,"key":"SMITH"},{"floor":32,"key":"REST"},{"floor":41,"key":"REST"},{"floor":44,"key":"REST"},{"data":"Multi-Cast","floor":46,"key":"SMITH"},{"data":"Zap","floor":49,"key":"SMITH"}],"circlet_count":0,"master_deck":["Zap+1","Dualcast+1","Biased Cognition+1","Conserve Battery+1","Leap+1","Doom and Gloom+1","White Noise+1","Genetic Algorithm+1","Compile Driver+1","Buffer+1","Reinforced Body+1","Compile Driver+1","Biased Cognition+1","Stack+1","Turbo+1","Hello World+1","Chaos+1","FTL+1","Scrape+1","Multi-Cast+1","Gash+1","Leap+1","Hologram+1","Sunder+1","Echo Form+1","Consume+1","Genetic Algorithm+1","Redo+1","Injury","Doom and Gloom+1","Lockon","Zap+1"],"relics":["Cracked Core","Vajra","Bottled Flame","Matryoshka","Thread and Needle","Pandora\u0027s Box","Membership Card","Shuriken","Centennial Puzzle","Gremlin Horn","Eternal Feather","Ice Cream","Cursed Key","Mummified Hand","Bag of Preparation","Toy Ornithopter","Darkstone Periapt","Mark of the Bloom"],"acts_visited":["Exordium","TheCity","TheBeyond"],"potions_floor_usage":[45],"damage_taken":[{"damage":3.0,"enemies":"2 Louse","floor":1.0,"turns":2.0},{"damage":6.0,"enemies":"Jaw Worm","floor":3.0,"turns":4.0},{"damage":3.0,"enemies":"Cultist","floor":4.0,"turns":3.0},{"damage":7.0,"enemies":"Looter","floor":5.0,"turns":3.0},{"damage":31.0,"enemies":"Lagavulin","floor":6.0,"turns":5.0},{"damage":3.0,"enemies":"Exordium Wildlife","floor":8.0,"turns":2.0},{"damage":0.0,"enemies":"Gremlin Gang","floor":10.0,"turns":1.0},{"damage":3.0,"enemies":"3 Louse","floor":12.0,"turns":2.0},{"damage":16.0,"enemies":"Lagavulin Event","floor":13.0,"turns":5.0},{"damage":0.0,"enemies":"Large Slime","floor":14.0,"turns":8.0},{"damage":18.0,"enemies":"The Guardian","floor":16.0,"turns":10.0},{"damage":17.0,"enemies":"Spheric Guardian","floor":18.0,"turns":5.0},{"damage":20.0,"enemies":"2 Thieves","floor":19.0,"turns":4.0},{"damage":4.0,"enemies":"Centurion and Healer","floor":20.0,"turns":8.0},{"damage":0.0,"enemies":"Snake Plant","floor":22.0,"turns":6.0},{"damage":41,"enemies":"Cultist and Chosen","floor":29,"turns":6},{"damage":0,"enemies":"Snecko","floor":30,"turns":5},{"damage":31,"enemies":"Collector","floor":33,"turns":7},{"damage":5,"enemies":"3 Shapes","floor":35,"turns":3},{"damage":11,"enemies":"3 Darklings","floor":38,"turns":3},{"damage":29,"enemies":"Maw","floor":39,"turns":7},{"damage":27,"enemies":"Spire Growth","floor":40,"turns":4},{"damage":0,"enemies":"4 Shapes","floor":42,"turns":5},{"damage":8,"enemies":"Reptomancer","floor":45,"turns":5},{"damage":52,"enemies":"Donu and Deca","floor":50,"turns":6}],"seed_played":"-4439712318955810213","potions_obtained":[{"floor":4.0,"key":"Ancient Potion"},{"floor":5.0,"key":"Energy Potion"},{"floor":6.0,"key":"FocusPotion"},{"floor":13.0,"key":"Dexterity Potion"},{"floor":14.0,"key":"Ancient Potion"},{"floor":16.0,"key":"SteroidPotion"},{"floor":29,"key":"SteroidPotion"},{"floor":38,"key":"FearPotion"},{"floor":40,"key":"PowerPotion"}],"is_trial":false,"path_per_floor":["M","?","M","M","M","E","R","M","T","M","$","M","?","M","R","B",null,"M","M","M","?","M","$","?","R","T","$","R","M","M","?","R","B",null,"M","?","$","M","M","M","R","M","T","R","E","R","?","?","R","B",null],"character_chosen":"DEFECT","items_purchased":["Matryoshka","Membership Card","Shuriken","Mummified Hand"],"campfire_rested":6,"item_purchase_floors":[11,23,23,37],"current_hp_per_floor":[72,61,55,52,45,14,36,33,33,33,33,30,14,14,36,18,75,58,38,34,34,34,34,34,56,56,56,68,27,27,27,64,33,75,70,70,70,59,30,3,40,40,40,75,67,75,75,75,75,23],"gold":122,"neow_bonus":"THREE_RARE_CARDS","is_daily":false,"chose_seed":false,"campfire_upgraded":3,"win_rate":0.0,"timestamp":1613762168,"path_taken":["M","?","M","M","M","E","R","M","T","M","$","M","?","M","R","BOSS","M","M","M","?","M","$","?","R","T","$","R","?","M","?","R","BOSS","M","?","$","M","M","M","R","?","T","R","E","R","?","?","R","BOSS"],"items_purchased_type":["Relic","Relic","Relic","Relic"],"build_version":"2020-12-22","purchased_purges":1,"victory":true,"max_hp_per_floor":[75,75,75,75,75,75,75,75,75,75,75,75,75,75,75,75,75,75,75,75,75,75,75,75,75,75,75,75,75,75,75,75,75,75,75,75,75,75,75,75,75,75,75,75,75,75,75,75,75,75],"card_choices":[{"not_picked":["Core Surge","All For One"],"picked":"Biased Cognition","floor":0.0},{"not_picked":["Compile Driver","Sweeping Beam"],"picked":"Conserve Battery","floor":1.0},{"not_picked":["Compile Driver","Stack"],"picked":"Leap","floor":3.0},{"not_picked":["Rip and Tear","Gash"],"picked":"Doom and Gloom","floor":4.0},{"not_picked":["Turbo","Go for the Eyes"],"picked":"White Noise","floor":5.0},{"not_picked":["Heatsinks","Leap"],"picked":"Genetic Algorithm","floor":6.0},{"not_picked":["Chill","Hologram"],"picked":"Compile Driver","floor":8.0},{"not_picked":["Sweeping Beam","Self Repair"],"picked":"Buffer","floor":10.0},{"not_picked":["Static Discharge","Stack"],"picked":"Leap","floor":12.0},{"not_picked":["Cold Snap","Ball Lightning"],"picked":"Reinforced Body","floor":13.0},{"not_picked":["Ball Lightning","Heatsinks"],"picked":"Compile Driver","floor":14.0},{"not_picked":["Echo Form","Core Surge"],"picked":"Biased Cognition","floor":16.0},{"not_picked":["Force Field","Cold Snap"],"picked":"Gash","floor":18.0},{"not_picked":["Coolheaded","Storm"],"picked":"Leap+1","floor":19.0},{"not_picked":["Chill","Compile Driver"],"picked":"Hologram","floor":20.0},{"not_picked":["Ball Lightning","Hologram","Go for the Eyes"],"picked":"SKIP","floor":22.0},{"not_picked":["Rebound+1","Hello World"],"picked":"Sunder","floor":29},{"not_picked":["Beam Cell","Coolheaded","Stack"],"picked":"SKIP","floor":30},{"not_picked":["Buffer","Core Surge"],"picked":"Echo Form","floor":33},{"not_picked":["Cold Snap+1","Beam Cell+1"],"picked":"Consume+1","floor":35},{"not_picked":["Steam+1","Gash","Stack"],"picked":"SKIP","floor":38},{"not_picked":["Hello World","Conserve Battery","Cold Snap+1"],"picked":"SKIP","floor":39},{"not_picked":["Stack+1","Turbo+1"],"picked":"Redo","floor":40},{"not_picked":["Sweeping Beam+1","Doom and Gloom","Coolheaded"],"picked":"SKIP","floor":42},{"not_picked":["Compile Driver","Ball Lightning"],"picked":"Doom and Gloom+1","floor":45}],"player_experience":693720,"relics_obtained":[{"floor":6.0,"key":"Vajra"},{"floor":9.0,"key":"Bottled Flame"},{"floor":13.0,"key":"Thread and Needle"},{"floor":26,"key":"Gremlin Horn"},{"floor":26,"key":"Eternal Feather"},{"floor":43,"key":"Bag of Preparation"},{"floor":43,"key":"Toy Ornithopter"},{"floor":45,"key":"Darkstone Periapt"}],"event_choices":[{"damage_healed":0.0,"max_hp_gain":0.0,"max_hp_loss":0.0,"gold_gain":75.0,"event_name":"World of Goop","player_choice":"Gather Gold","floor":2.0,"gold_loss":0.0,"damage_taken":11.0},{"damage_healed":0.0,"max_hp_gain":0.0,"max_hp_loss":0.0,"gold_gain":30.0,"event_name":"Dead Adventurer","player_choice":"Searched \u00272\u0027 times","floor":13.0,"gold_loss":0.0,"damage_taken":0.0},{"damage_healed":0.0,"max_hp_gain":0.0,"max_hp_loss":0.0,"gold_gain":0.0,"event_name":"Ghosts","player_choice":"Ignored","floor":21.0,"gold_loss":0.0,"damage_taken":0.0},{"cards_removed":["Turbo"],"damage_healed":0,"gold_gain":0,"player_choice":"Gave Card","damage_taken":0,"relics_obtained":["Centennial Puzzle"],"max_hp_gain":0,"max_hp_loss":0,"event_name":"WeMeetAgain","floor":24,"gold_loss":0},{"damage_healed":0,"gold_gain":0,"player_choice":"Opened","damage_taken":0,"relics_obtained":["Ice Cream"],"max_hp_gain":0,"max_hp_loss":0,"event_name":"The Mausoleum","floor":31,"gold_loss":0},{"damage_healed":0,"gold_gain":0,"cards_transformed":["Leap"],"player_choice":"Transformed","damage_taken":0,"max_hp_gain":0,"max_hp_loss":0,"event_name":"Transmorgrifier","floor":36,"gold_loss":0,"cards_obtained":["Genetic Algorithm"]},{"damage_healed":0,"gold_gain":0,"player_choice":"Upgrade","damage_taken":0,"relics_obtained":["Mark of the Bloom"],"max_hp_gain":0,"max_hp_loss":0,"event_name":"MindBloom","floor":47,"gold_loss":0,"cards_upgraded":["Zap","Dualcast","Biased Cognition","Conserve Battery","Leap","Doom and Gloom","White Noise","Genetic Algorithm","Compile Driver","Buffer","Reinforced Body","Compile Driver","Stack","Turbo","Hello World","Chaos","FTL","Scrape","Gash","Hologram","Sunder","Echo Form","Genetic Algorithm","Redo"]},{"damage_healed":0,"gold_gain":0,"player_choice":"2 cards matched","damage_taken":0,"max_hp_gain":0,"max_hp_loss":0,"event_name":"Match and Keep!","floor":48,"gold_loss":0,"cards_obtained":["Lockon","Zap"]}],"is_beta":false,"boss_relics":[{"not_picked":["FrozenCore","Tiny House"],"picked":"Pandora\u0027s Box"},{"not_picked":["Busted Crown","Velvet Choker"],"picked":"Cursed Key"}],"items_purged_floors":[11],"is_endless":false,"potions_floor_spawned":[4,5,6,13,14,16,29,33,38,40,42],"ascension_level":0}}