{"host":"iovigr651ajk16h5","time":1613701055,"event":{"mods":["2.2 Compatiblity","AchievementEnabler","Aspiration","BaseMod","Better Altar","Better Match","Better Note","Better Sensory Stone","Better Skull","Better Third Choice","Block Reminder","CapriCore","Colored Map","Ekko","Energized Spire","GifTheSpireLib","GungeonMod","Halation","Hermit","Highlight Path","Hubris","Infinite Spire","Koishi","Luminous","Marisa????????","Minty Spire (QoL Compilation)","Nova Terra(??·??)","Onozuka Komachi Mod","Permanent Neow","Prisma Mod","Quick Restart","Railgun Mod","Remilia??????","Replay The Spire","StSLib","Stuff the Spire","Td1madao Mod","The Administrix","The Bladedancer","The Bug Knight","The Construct","The Exalted","The Immortal","The Marked","The Problem Sleuth","The Servant 0.9.4","TheFirefly","TheSwordswoman","Trackpad","Waifu the Spire","WarShipGirlsR/????R mod","everything is the same but u backflip on backflip"],"gold_per_floor":[109,109,122,297,30,47,47,77,77,96,96,114,114,167,167,271,271,282,364,364,364,384,384,501,501,501,178,178,191,191,191,191,191],"floor_reached":31,"language":"ENG","playtime":1314,"items_purged":["Doubt","MokouMod:Strike"],"score":237,"play_id":"038c42f6-2ccf-4d6e-a8af-509b4bc9d5f5","local_time":"20210218211735","is_ascension_mode":false,"campfire_choices":[{"floor":7,"key":"REST"},{"floor":11,"key":"REST"},{"floor":13,"key":"REST"},{"floor":15,"key":"REST"},{"floor":23,"key":"REST"},{"floor":28,"key":"REST"}],"circlet_count":0,"master_deck":["MokouMod:Strike","MokouMod:Strike","MokouMod:Strike","MokouMod:Defend","MokouMod:Defend","MokouMod:Defend","MokouMod:Defend","MokouMod:HeatSpark","MokouMod:RadiantBlade","MokouMod:TemporalFireSeal","MokouMod:Stoke","MokouMod:IndiscriminateIgnition","MokouMod:IndiscriminateIgnition","MokouMod:ShiftIgnition","MokouMod:Afterburner","MokouMod:FujiyamaVolcano","MokouMod:ScorchedEarth","MokouMod:BurningHiddenBullet","MokouMod:FlareStarter","MokouMod:FlamingFireTalons+1","MokouMod:ScorchingColumn","MokouMod:BurningDraft+1","MokouMod:Extinguish","MokouMod:Combust","MokouMod:FusionFlare+1"],"relics":["MokouMod:PhoenixFeather","StuffTheSpire:BottledEssence","trackpad:HandOfMidas","hubris:SlimyHat","halation:OrihimeAndHikoboshiSamaAndTears","DemoMod:GlassGuonStoneRelic"],"acts_visited":["Exordium","TheCity"],"potions_floor_usage":[16,19],"damage_taken":[{"damage":8,"enemies":"Jaw Worm","floor":1,"turns":3},{"damage":0,"enemies":"Cultist","floor":3,"turns":2},{"damage":10,"enemies":"Small Slimes","floor":6,"turns":3},{"damage":43,"enemies":"3 Sentries","floor":8,"turns":8},{"damage":21,"enemies":"Exordium Thugs","floor":10,"turns":3},{"damage":12,"enemies":"Red Slaver","floor":12,"turns":3},{"damage":0,"enemies":"Large Slime","floor":14,"turns":2},{"damage":60,"enemies":"Hexaghost","floor":16,"turns":9},{"damage":0,"enemies":"Spheric Guardian","floor":18,"turns":2},{"damage":18,"enemies":"Shell Parasite","floor":19,"turns":4},{"damage":39,"enemies":"Snake Plant","floor":22,"turns":5},{"damage":1,"enemies":"Snecko","floor":24,"turns":3},{"damage":53,"enemies":"Shelled Parasite and Fungi","floor":29,"turns":6},{"damage":0,"enemies":"3 Cultists","floor":31,"turns":1}],"seed_played":"-523438853129592886","potions_obtained":[{"floor":1,"key":"ColorlessPotion"},{"floor":3,"key":"Elixir"},{"floor":12,"key":"Fire Potion"},{"floor":22,"key":"Block Potion"},{"floor":24,"key":"EssenceOfSteel"}],"is_trial":false,"path_per_floor":["M","?","M","?","$","M","R","E","T","M","R","M","R","M","R","B",null,"M","M","?","?","M","R","M","AVR","T","$","R","M","T","M"],"character_chosen":"MKU","items_purchased":["MokouMod:IndiscriminateIgnition","StuffTheSpire:BottledEssence","MokouMod:Extinguish","MokouMod:Combust"],"campfire_rested":6,"item_purchase_floors":[5,5,27,27],"current_hp_per_floor":[67,67,67,67,67,57,75,32,32,11,33,21,43,43,65,5,75,75,57,57,57,18,40,39,39,39,39,61,8,8,8,8,8],"gold":191,"neow_bonus":"ONE_RANDOM_RARE_CARD","is_daily":false,"chose_seed":false,"campfire_upgraded":0,"win_rate":0.0,"timestamp":1613701055,"path_taken":["M","?","?","?","$","M","R","E","T","M","R","M","R","M","R","BOSS","M","M","?","?","M","R","M","AVR","T","$","R","M","?","M"],"items_purchased_type":["Card","Relic","Card","Card"],"build_version":"2020-12-22","purchased_purges":2,"victory":false,"max_hp_per_floor":[75,75,75,75,75,75,75,75,75,75,75,75,75,75,75,75,75,75,75,75,75,75,75,75,75,75,75,75,75,75,75,75,75],"card_choices":[{"not_picked":["MokouMod:IcarusDive","MokouMod:PhoenixFeathers"],"picked":"MokouMod:TemporalFireSeal","floor":1},{"not_picked":["MokouMod:ScorchingColumn","MokouMod:CrimsonArmoury"],"picked":"MokouMod:Stoke","floor":3},{"not_picked":["MokouMod:RoaringFlare","MokouMod:EternalBurstReactor"],"picked":"MokouMod:IndiscriminateIgnition","floor":6},{"not_picked":["MokouMod:BurningDraft","MokouMod:ExplosiveFlame"],"picked":"MokouMod:ShiftIgnition","floor":8},{"not_picked":["MokouMod:AdaptivePyromancy","MokouMod:EternalBurstReactor"],"picked":"MokouMod:Afterburner","floor":10},{"not_picked":["MokouMod:SearingShot","MokouMod:TemporalFireSeal"],"picked":"MokouMod:FujiyamaVolcano","floor":12},{"not_picked":["MokouMod:Overheat","MokouMod:Combust"],"picked":"MokouMod:ScorchedEarth","floor":14},{"not_picked":["MokouMod:Rekindle","MokouMod:ExplosiveFlame"],"picked":"MokouMod:BurningHiddenBullet","floor":16},{"not_picked":["MokouMod:IcarusDive","MokouMod:InfernalWave+1"],"picked":"MokouMod:FlareStarter","floor":18},{"not_picked":["MokouMod:Firecracker","MokouMod:IllusoryBattlefield"],"picked":"MokouMod:FlamingFireTalons+1","floor":19},{"not_picked":["MokouMod:RoaringFlare","MokouMod:Stoke"],"picked":"MokouMod:ScorchingColumn","floor":22},{"not_picked":["MokouMod:FusionFlare+1","MokouMod:HouraiForge"],"picked":"MokouMod:BurningDraft+1","floor":24},{"not_picked":["MokouMod:AdaptivePyromancy","MokouMod:ScorchingColumn"],"picked":"MokouMod:FusionFlare+1","floor":29}],"player_experience":387152,"relics_obtained":[{"floor":8,"key":"trackpad:HandOfMidas"},{"floor":9,"key":"hubris:SlimyHat"},{"floor":26,"key":"halation:OrihimeAndHikoboshiSamaAndTears"}],"event_choices":[{"cards_removed":["MokouMod:Strike"],"damage_healed":0,"gold_gain":0,"player_choice":"Offered Basic","damage_taken":0,"max_hp_gain":0,"max_hp_loss":0,"event_name":"Bonfire Elementals","floor":2,"gold_loss":0},{"damage_healed":0,"gold_gain":175,"player_choice":"AGREE","damage_taken":122,"max_hp_gain":0,"max_hp_loss":0,"event_name":"betterThird:BetterSerpent","floor":4,"gold_loss":0},{"damage_healed":0,"gold_gain":0,"player_choice":"Ignored","damage_taken":0,"max_hp_gain":0,"max_hp_loss":0,"event_name":"betterNote:BetterNote","floor":20,"gold_loss":0,"cards_obtained":["MaximisePower"]}],"is_beta":false,"boss_relics":[{"not_picked":["hubris:BlackHole","aspiration:FutureDiary","halation:Yufonium"]}],"items_purged_floors":[5,27],"is_endless":false,"potions_floor_spawned":[1,3,12,22,24,29],"killed_by":"3 Cultists","ascension_level":0}}