{"host":"yhhyog5h1q67ienp","time":1613697354,"event":{"mods":["AchievementEnabler","BaseMod","Block Reminder","Colored Map","Colored Powertips","Minty Spire (QoL Compilation)","Quick Restart","Relic Stats","StSLib","ojb\u0027s Better Paths Mod","ojb\u0027s Info Mod"],"gold_per_floor":[117,129,145,145,157,190,190,221,266,266,1,35,47,76,76,154,154,165,179,29,29,29,29,62,62,62,90,106,131,131,165,165,165,165],"floor_reached":33,"language":"ENG","playtime":2520,"items_purged":["Strike_R"],"score":777,"play_id":"179fc389-44bb-4632-8bad-8221884379d8","local_time":"20210218221554","is_ascension_mode":true,"campfire_choices":[{"data":"Bash","floor":7,"key":"SMITH"},{"data":"Cleave","floor":10,"key":"SMITH"},{"data":"Evolve","floor":15,"key":"SMITH"},{"data":"Whirlwind","floor":23,"key":"SMITH"},{"data":"Disarm","floor":25,"key":"SMITH"},{"data":"Corruption","floor":30,"key":"SMITH"},{"data":"Feed","floor":32,"key":"SMITH"}],"circlet_count":0,"master_deck":["AscendersBane","Strike_R+1","Strike_R","Strike_R","Defend_R","Defend_R","Defend_R","Defend_R","Bash+1","Anger+1","Cleave+1","Battle Trance","Shrug It Off","Offering","Feed+1","Shrug It Off","Evolve+1","Anger","Corruption+1","Offering","Armaments+1","Disarm+1","Whirlwind+1","Decay","Offering+1","Sentinel+1"],"relics":["Burning Blood","Anchor","Ornamental Fan","Centennial Puzzle","Strawberry","Vajra","Coffee Dripper","StrikeDummy","Lantern","Pantograph","Toxic Egg 2","Whetstone"],"acts_visited":["Exordium","TheCity"],"potions_floor_usage":[5,6,16,19,24,29],"damage_taken":[{"damage":1,"enemies":"Cultist","floor":1,"turns":3},{"damage":3,"enemies":"2 Louse","floor":2,"turns":4},{"damage":4,"enemies":"Small Slimes","floor":3,"turns":4},{"damage":0,"enemies":"Gremlin Gang","floor":5,"turns":3},{"damage":8,"enemies":"Gremlin Nob","floor":6,"turns":3},{"damage":24,"enemies":"3 Sentries","floor":8,"turns":10},{"damage":10,"enemies":"Gremlin Nob","floor":12,"turns":3},{"damage":17,"enemies":"2 Fungi Beasts","floor":13,"turns":4},{"damage":14,"enemies":"Lagavulin","floor":14,"turns":5},{"damage":30,"enemies":"Hexaghost","floor":16,"turns":8},{"damage":12,"enemies":"3 Byrds","floor":18,"turns":5},{"damage":6,"enemies":"Chosen","floor":19,"turns":2},{"damage":44,"enemies":"Gremlin Leader","floor":24,"turns":5},{"damage":30,"enemies":"Book of Stabbing","floor":27,"turns":4},{"damage":6,"enemies":"3 Cultists","floor":28,"turns":3},{"damage":8,"enemies":"Slavers","floor":29,"turns":2},{"damage":6,"enemies":"Gremlin Leader","floor":31,"turns":4},{"damage":69,"enemies":"Automaton","floor":33,"turns":6}],"seed_played":"8257038371818040190","potions_obtained":[{"floor":1,"key":"Explosive Potion"},{"floor":5,"key":"DistilledChaos"},{"floor":6,"key":"AttackPotion"},{"floor":13,"key":"Block Potion"},{"floor":16,"key":"SkillPotion"},{"floor":18,"key":"DuplicationPotion"},{"floor":28,"key":"SkillPotion"},{"floor":31,"key":"Dexterity Potion"}],"is_trial":false,"path_per_floor":["M","M","M","?","M","E","R","E","T","R","$","E","M","E","R","B",null,"M","M","$","?","?","R","E","R","T","E","M","E","R","E","R","B"],"character_chosen":"IRONCLAD","items_purchased":["Feed","Strength Potion","Shrug It Off","Disarm"],"campfire_rested":0,"item_purchase_floors":[11,11,11,20],"current_hp_per_floor":[80,82,82,82,82,80,80,62,62,62,62,68,60,52,52,31,81,78,82,82,82,82,82,44,44,44,20,20,18,18,18,18,0,0],"gold":165,"neow_bonus":"TEN_PERCENT_HP_BONUS","is_daily":false,"chose_seed":false,"campfire_upgraded":7,"win_rate":0.0,"timestamp":1613697354,"path_taken":["M","M","M","?","?","E","R","E","T","R","$","E","M","E","R","BOSS","M","M","$","?","?","R","E","R","T","E","M","E","R","E","R","BOSS"],"items_purchased_type":["Card","Potion","Card","Card"],"build_version":"2020-12-22","purchased_purges":1,"victory":false,"max_hp_per_floor":[82,82,82,82,82,82,82,82,82,82,82,92,95,95,95,98,98,101,105,105,105,105,105,105,105,105,105,105,105,105,105,105,105,105],"relic_stats":{"Centennial Puzzle":[36],"counters":[18,78],"Ornamental Fan":[132],"Pantograph":25,"Whetstone":["Strike_R","Anger"],"obtain_stats":[{"Anchor":6,"Centennial Puzzle":9,"Lantern":26,"Ornamental Fan":8,"Strawberry":12,"Pantograph":27,"Vajra":14,"Coffee Dripper":17,"Whetstone":31,"Toxic Egg 2":29,"StrikeDummy":24,"Burning Blood":0},{"Anchor":5,"Centennial Puzzle":6,"Lantern":13,"Ornamental Fan":6,"Strawberry":7,"Pantograph":14,"Vajra":9,"Coffee Dripper":10,"Whetstone":17,"Toxic Egg 2":16,"StrikeDummy":13,"Burning Blood":0},{"Anchor":17,"Centennial Puzzle":27,"Lantern":59,"Ornamental Fan":27,"Strawberry":30,"Pantograph":63,"Vajra":39,"Coffee Dripper":47,"Whetstone":72,"Toxic Egg 2":68,"StrikeDummy":59,"Burning Blood":0}],"Burning Blood":93},"card_choices":[{"not_picked":["Rage","Body Slam","Flex"],"picked":"SKIP","floor":1},{"not_picked":["Flex","Seeing Red"],"picked":"Anger","floor":2},{"not_picked":["Fire Breathing","Shrug It Off"],"picked":"Cleave","floor":3},{"not_picked":["Sever Soul","Clash"],"picked":"Battle Trance","floor":5},{"not_picked":["Brutality","Fire Breathing"],"picked":"Shrug It Off","floor":6},{"not_picked":["Wild Strike","Reckless Charge"],"picked":"Offering","floor":8},{"not_picked":["Headbutt","Reckless Charge"],"picked":"Evolve","floor":12},{"not_picked":["Clash","Pommel Strike"],"picked":"Anger","floor":13},{"not_picked":["Pommel Strike","Rage"],"picked":"Corruption","floor":14},{"not_picked":["Corruption","Feed"],"picked":"Offering","floor":16},{"not_picked":["Seeing Red+1","Dual Wield"],"picked":"Armaments+1","floor":18},{"not_picked":["Flex","Pummel","Uppercut"],"picked":"SKIP","floor":19},{"not_picked":["Headbutt","Dropkick","Body Slam"],"picked":"SKIP","floor":24},{"not_picked":["Cleave","Searing Blow","Anger"],"picked":"SKIP","floor":27},{"not_picked":["Warcry","Armaments","Carnage"],"picked":"SKIP","floor":28},{"not_picked":["Metallicize","Evolve"],"picked":"Offering+1","floor":29},{"not_picked":["Sever Soul+1","Infernal Blade+1"],"picked":"Sentinel+1","floor":31}],"player_experience":1489255,"relics_obtained":[{"floor":6,"key":"Anchor"},{"floor":8,"key":"Ornamental Fan"},{"floor":9,"key":"Centennial Puzzle"},{"floor":12,"key":"Strawberry"},{"floor":14,"key":"Vajra"},{"floor":24,"key":"StrikeDummy"},{"floor":26,"key":"Lantern"},{"floor":27,"key":"Pantograph"},{"floor":29,"key":"Toxic Egg 2"},{"floor":31,"key":"Whetstone"}],"event_choices":[{"cards_removed":["Strike_R"],"damage_healed":0,"gold_gain":0,"player_choice":"Purged","damage_taken":0,"max_hp_gain":0,"max_hp_loss":0,"event_name":"Purifier","floor":4,"gold_loss":0},{"damage_healed":0,"gold_gain":0,"player_choice":"Read","damage_taken":0,"max_hp_gain":0,"max_hp_loss":0,"event_name":"The Library","floor":21,"gold_loss":0,"cards_obtained":["Whirlwind"]},{"damage_healed":0,"gold_gain":0,"player_choice":"Cursed","damage_taken":0,"max_hp_gain":0,"max_hp_loss":0,"event_name":"Wheel of Change","floor":22,"gold_loss":0,"cards_obtained":["Decay"]}],"is_beta":false,"boss_relics":[{"not_picked":["Busted Crown","Sozu"],"picked":"Coffee Dripper"}],"items_purged_floors":[20],"is_endless":false,"potions_floor_spawned":[1,5,6,13,14,16,18,28,31],"killed_by":"Automaton","ascension_level":20}}