{"host":"6ggzka4dag2kvku2","time":1613747324,"event":{"mods":["AchievementEnabler","BaseMod","DeckTracker","Minty Spire (QoL Compilation)","Permanent Neow","Quick Restart","SuperFastMode"],"gold_per_floor":[365,52,71,84,84,84,119,130,201,201,201,201,214,241,241,343,343,357,357,368,118,136,136,163,179,204,218,251,267,281,315,315,417,417,428,302,302,322,339,371,391,426,450,483,493,493,493,503,503,503],"floor_reached":51,"language":"KOR","playtime":11027,"items_purged":["Regret","Strike_B"],"score":928,"play_id":"e7ae9787-66db-4b0c-8a68-028048d9f9cc","local_time":"20210220000844","is_ascension_mode":true,"campfire_choices":[{"data":"Sunder","floor":6.0,"key":"SMITH"},{"data":"Dualcast","floor":10.0,"key":"SMITH"},{"data":"Defragment","floor":12.0,"key":"SMITH"},{"data":"Zap","floor":15.0,"key":"SMITH"},{"data":"Mayhem","floor":23.0,"key":"SMITH"},{"data":"Echo Form","floor":32.0,"key":"SMITH"},{"floor":47,"key":"REST"},{"data":"Hologram","floor":49,"key":"SMITH"}],"circlet_count":0,"master_deck":["Strike_B","Defend_B","Defend_B+1","Defend_B","Defend_B+1","Zap+1","Dualcast+1","Defragment+1","Chill+1","Sunder+1","Coolheaded","Rebound","White Noise","Ball Lightning","Beam Cell","Electrodynamics","Go for the Eyes+1","Reinforced Body+1","Mayhem+1","Self Repair","Sunder+1","White Noise+1","Recycle+1","Conserve Battery","Redo+1","Echo Form+1","Creative AI+1","Stack+1","Defragment+1","Parasite","Skim+1","Double Energy+1","Coolheaded+1","Hologram+1","Static Discharge+1","Defragment"],"relics":["Cracked Core","ClockworkSouvenir","Ice Cream","Mummified Hand","Boot","Happy Flower","SacredBark","InkBottle","Nunchaku","Anchor","FossilizedHelix","Empty Cage","War Paint","Bag of Marbles","White Beast Statue"],"acts_visited":["Exordium","TheCity","TheBeyond"],"potions_floor_usage":[42,44,44,50],"damage_taken":[{"damage":0.0,"enemies":"Small Slimes","floor":1.0,"turns":3.0},{"damage":0.0,"enemies":"2 Louse","floor":3.0,"turns":3.0},{"damage":4.0,"enemies":"Jaw Worm","floor":4.0,"turns":3.0},{"damage":9.0,"enemies":"Lagavulin","floor":7.0,"turns":8.0},{"damage":0.0,"enemies":"Lots of Slimes","floor":8.0,"turns":4.0},{"damage":0.0,"enemies":"Blue Slaver","floor":13.0,"turns":3.0},{"damage":2.0,"enemies":"3 Sentries","floor":14.0,"turns":5.0},{"damage":22.0,"enemies":"Hexaghost","floor":16.0,"turns":6.0},{"damage":11.0,"enemies":"Chosen","floor":18.0,"turns":3.0},{"damage":0.0,"enemies":"Spheric Guardian","floor":20.0,"turns":3.0},{"damage":15.0,"enemies":"Snake Plant","floor":22.0,"turns":3.0},{"damage":13.0,"enemies":"Book of Stabbing","floor":24.0,"turns":5.0},{"damage":5.0,"enemies":"Snecko","floor":25.0,"turns":3.0},{"damage":5.0,"enemies":"Shelled Parasite and Fungi","floor":27.0,"turns":4.0},{"damage":10.0,"enemies":"Gremlin Leader","floor":28.0,"turns":4.0},{"damage":0.0,"enemies":"Centurion and Healer","floor":29.0,"turns":4.0},{"damage":0.0,"enemies":"3 Cultists","floor":30.0,"turns":4.0},{"damage":8.0,"enemies":"Slavers","floor":31.0,"turns":4.0},{"damage":0.0,"enemies":"Champ","floor":33.0,"turns":8.0},{"damage":0.0,"enemies":"Orb Walker","floor":35.0,"turns":3.0},{"damage":0.0,"enemies":"3 Shapes","floor":38.0,"turns":3.0},{"damage":0.0,"enemies":"Writhing Mass","floor":39.0,"turns":5.0},{"damage":0.0,"enemies":"Nemesis","floor":40.0,"turns":6.0},{"damage":0,"enemies":"Maw","floor":41,"turns":7},{"damage":34,"enemies":"Reptomancer","floor":42,"turns":6},{"damage":48,"enemies":"Nemesis","floor":44,"turns":5},{"damage":0,"enemies":"4 Shapes","floor":45,"turns":4},{"damage":0,"enemies":"3 Darklings","floor":48,"turns":3},{"damage":17,"enemies":"Awakened One","floor":50,"turns":8}],"seed_played":"3094085078078794446","potions_obtained":[{"floor":3.0,"key":"LiquidBronze"},{"floor":7.0,"key":"Swift Potion"},{"floor":8.0,"key":"LiquidBronze"},{"floor":14.0,"key":"FocusPotion"},{"floor":20.0,"key":"Regen Potion"},{"floor":29.0,"key":"Block Potion"},{"floor":33.0,"key":"Explosive Potion"},{"floor":39.0,"key":"GamblersBrew"},{"floor":42,"key":"SpeedPotion"},{"floor":44,"key":"Energy Potion"},{"floor":45,"key":"LiquidMemories"}],"is_trial":false,"path_per_floor":["M","$","M","M","?","R","E","M","T","R","?","R","M","E","R","B",null,"M","?","M","$","M","R","E","M","T","M","E","M","M","E","R","B",null,"M","$","?","M","M","E","M","E","T","E","M","?","R","M","R","B",null],"character_chosen":"DEFECT","items_purchased":["Chill","Sunder","Coolheaded","ClockworkSouvenir","Mayhem","Stack"],"campfire_rested":1,"item_purchase_floors":[2,2,2,2,21,36],"current_hp_per_floor":[68,68,68,64,50,50,41,41,41,41,41,41,41,39,39,17,68,57,57,57,57,42,42,36,31,31,33,30,37,44,43,43,50,68,68,68,68,68,68,68,68,41,41,30,37,37,57,57,57,47],"gold":503,"neow_bonus":"TWO_FIFTY_GOLD","is_daily":false,"chose_seed":false,"campfire_upgraded":7,"win_rate":0.0,"timestamp":1613747324,"path_taken":["M","$","M","M","?","R","E","M","T","R","?","R","M","E","R","BOSS","M","?","M","$","?","R","E","M","T","M","E","M","M","E","R","BOSS","M","$","?","M","M","E","M","E","T","E","?","?","R","M","R","BOSS"],"items_purchased_type":["Card","Card","Card","Relic","Card","Card"],"build_version":"2020-12-22","purchased_purges":2,"victory":true,"max_hp_per_floor":[68,68,68,68,68,68,68,68,68,68,68,68,68,68,68,68,68,68,68,68,68,68,68,68,68,68,68,68,68,68,68,68,68,68,68,68,68,68,68,68,68,68,68,68,68,68,68,68,68,68],"card_choices":[{"not_picked":["Conserve Battery","Compile Driver"],"picked":"Defragment","floor":1.0},{"not_picked":["Turbo","Doom and Gloom"],"picked":"Rebound","floor":3.0},{"not_picked":["Redo","Melter"],"picked":"White Noise","floor":4.0},{"not_picked":["Capacitor","Turbo","Reprogram"],"picked":"SKIP","floor":7.0},{"not_picked":["Multi-Cast","Rebound","Darkness"],"picked":"SKIP","floor":8.0},{"not_picked":["Melter","Beam Cell"],"picked":"Ball Lightning","floor":13.0},{"not_picked":["Redo","Hologram"],"picked":"Beam Cell","floor":14.0},{"not_picked":["Biased Cognition","Rainbow"],"picked":"Electrodynamics","floor":16.0},{"not_picked":["Chill","Turbo"],"picked":"Go for the Eyes+1","floor":18.0},{"not_picked":["Go for the Eyes","Consume"],"picked":"Reinforced Body+1","floor":20.0},{"not_picked":["Gash+1","Go for the Eyes"],"picked":"Self Repair","floor":22.0},{"not_picked":["Darkness","Rainbow"],"picked":"Sunder+1","floor":24.0},{"not_picked":["Beam Cell+1","Sweeping Beam"],"picked":"White Noise+1","floor":25.0},{"not_picked":["Stack","Barrage"],"picked":"Recycle+1","floor":27.0},{"not_picked":["Chill","Steam","Multi-Cast"],"picked":"SKIP","floor":28.0},{"not_picked":["Gash+1","Sweeping Beam"],"picked":"Conserve Battery","floor":29.0},{"not_picked":["Cold Snap","Recycle+1"],"picked":"Redo+1","floor":30.0},{"not_picked":["Go for the Eyes+1","Hologram"],"picked":"Echo Form","floor":31.0},{"not_picked":["Thunder Strike","Rainbow"],"picked":"Creative AI","floor":33.0},{"not_picked":["Turbo","Streamline+1","Redo+1"],"picked":"SKIP","floor":35.0},{"not_picked":["Rip and Tear+1","Glacier"],"picked":"Defragment+1","floor":38.0},{"not_picked":["Streamline+1","Sweeping Beam+1"],"picked":"Skim","floor":39.0},{"not_picked":["Ball Lightning","Chaos","Sweeping Beam"],"picked":"SKIP","floor":40.0},{"not_picked":["Tempest+1","Hologram"],"picked":"Double Energy+1","floor":41},{"not_picked":["Beam Cell+1","Turbo"],"picked":"Coolheaded+1","floor":42},{"not_picked":["Redo+1","Ball Lightning+1"],"picked":"Hologram","floor":44},{"not_picked":["Beam Cell","Redo"],"picked":"Static Discharge+1","floor":45},{"not_picked":["Cold Snap+1","BootSequence"],"picked":"Defragment","floor":48}],"player_experience":86008,"relics_obtained":[{"floor":7.0,"key":"Ice Cream"},{"floor":9.0,"key":"Mummified Hand"},{"floor":14.0,"key":"Happy Flower"},{"floor":24.0,"key":"InkBottle"},{"floor":26.0,"key":"Nunchaku"},{"floor":28.0,"key":"Anchor"},{"floor":31.0,"key":"FossilizedHelix"},{"floor":40.0,"key":"War Paint"},{"floor":42,"key":"Bag of Marbles"},{"floor":44,"key":"White Beast Statue"}],"event_choices":[{"damage_healed":0.0,"max_hp_gain":0.0,"max_hp_loss":0.0,"gold_gain":0.0,"event_name":"Shining Light","player_choice":"Entered Light","floor":5.0,"gold_loss":0.0,"damage_taken":14.0,"cards_upgraded":["Defend_B","Defend_B"]},{"damage_healed":0.0,"max_hp_gain":0.0,"max_hp_loss":0.0,"gold_gain":0.0,"event_name":"Big Fish","player_choice":"Box","floor":11.0,"gold_loss":0.0,"damage_taken":0.0,"relics_obtained":["Boot"],"cards_obtained":["Regret"]},{"damage_healed":0.0,"max_hp_gain":0.0,"max_hp_loss":0.0,"gold_gain":0.0,"event_name":"N\u0027loth","player_choice":"Ignored","floor":19.0,"gold_loss":0.0,"damage_taken":0.0},{"damage_healed":0.0,"max_hp_gain":0.0,"max_hp_loss":0.0,"gold_gain":0.0,"event_name":"Upgrade Shrine","player_choice":"Upgraded","floor":37.0,"gold_loss":0.0,"damage_taken":0.0,"cards_upgraded":["Creative AI"]},{"damage_healed":0,"gold_gain":0,"player_choice":"Upgraded","damage_taken":0,"max_hp_gain":0,"max_hp_loss":0,"event_name":"Upgrade Shrine","floor":46,"gold_loss":0,"cards_upgraded":["Skim"]}],"is_beta":false,"boss_relics":[{"not_picked":["FrozenCore","Coffee Dripper"],"picked":"SacredBark"},{"not_picked":["Pandora\u0027s Box","Sozu"],"picked":"Empty Cage"}],"items_purged_floors":[21,36],"is_endless":false,"potions_floor_spawned":[3,7,8,14,20,27,29,31,33,39,41,42,44,45,48],"ascension_level":1}}