{"host":"agl6880ykeaxaurv","time":1613755233,"event":{"mods":["AchievementEnabler","BaseMod","Colored Map","Colored Powertips","Downfall","Hermit","Highlight Path","Infinite Spire","Minty Spire (QoL Compilation)","Robot Space Explorer","Shop Mod","StSLib","The Cursed","The Disciple","The Runesmith","The Servant 0.9.4"],"gold_per_floor":[11,11,11,11,31,31,59,75,75,75,16,36,111,4,4,102,102,117,127,127,141,141,174,186,186,186,186,101,101,23,42,42,139,139,159,159,170,220,220,245,262,291,315,355,367,395,407,407],"floor_reached":47,"language":"ENG","playtime":4487,"items_purged":["Writhe"],"score":581,"play_id":"043936d2-2591-49d7-97ce-9d04ccc059e3","local_time":"20210219172033","is_ascension_mode":false,"campfire_choices":[{"floor":6,"key":"RECALL"},{"data":"Runesmith:HammerThrow","floor":15,"key":"SMITH"},{"data":"Runesmith:CraftPrismatica","floor":25,"key":"SMITH"},{"data":"Runesmith:Fortify","floor":27,"key":"SMITH"},{"data":"Runesmith:Empowerment","floor":32,"key":"SMITH"},{"data":"1","floor":45,"key":"LIFT"}],"circlet_count":0,"master_deck":["Runesmith:Strike_RS","Runesmith:Strike_RS","Runesmith:Strike_RS","Runesmith:Strike_RS","Runesmith:Defend_RS","Runesmith:Defend_RS+1","Runesmith:Defend_RS","Runesmith:Defend_RS","Runesmith:CraftFirestone+1","Runesmith:Fortify+1","Runesmith:EnergizedChisel","Runesmith:GoWithTheFlow","Runesmith:Prism","Runesmith:HammerThrow+1","Runesmith:Repurpose","Runesmith:EarthShield","Runesmith:StaticCage","Runesmith:Firestorm","Runesmith:UnstableHammer","Runesmith:CraftPrismatica+1","Runesmith:CraftIncendium","Runesmith:BackupBattery+1","Runesmith:HeatedChisel","Runesmith:Electrocute","Runesmith:CraftSpiculum","Runesmith:EarthShield","Runesmith:PerfectChisel","Runesmith:Empowerment+1","Runesmith:CraftMedicinae","Runesmith:PoweredAnvil","Runesmith:ShiftingStrike","Runesmith:CraftMagma+1","infinitespire:Punishment","Runesmith:HammerThrow+1","Runesmith:RuneHurl","Runesmith:LithiumIon+1","Runesmith:FieryHammer","Runesmith:Terraform"],"relics":["Runesmith:BrokenRuby","Runesmith:Locket","The Courier","Pear","Runic Pyramid","Sundial","ClockworkSouvenir","Coffee Dripper","White Beast Statue","Lantern","bronze:MakeshiftBattery","Girya","Mango","Orichalcum","MawBank","infinitespire:EmpoweringShard"],"acts_visited":["Exordium","TheCity","TheBeyond"],"potions_floor_usage":[16,16,16,23,33,33,37,38,38,42,44],"damage_taken":[{"damage":2,"enemies":"2 Louse","floor":1,"turns":3},{"damage":0,"enemies":"Cultist","floor":5,"turns":4},{"damage":13,"enemies":"Gremlin Nob","floor":7,"turns":5},{"damage":1,"enemies":"Jaw Worm","floor":8,"turns":4},{"damage":0,"enemies":"2 Fungi Beasts","floor":12,"turns":4},{"damage":22,"enemies":"Slime Boss","floor":16,"turns":16},{"damage":9,"enemies":"3 Byrds","floor":18,"turns":6},{"damage":2,"enemies":"Shell Parasite","floor":19,"turns":6},{"damage":24,"enemies":"Centurion and Healer","floor":21,"turns":7},{"damage":30,"enemies":"Gremlin Leader","floor":23,"turns":9},{"damage":10,"enemies":"Shelled Parasite and Fungi","floor":24,"turns":4},{"damage":2,"enemies":"Snake Plant","floor":31,"turns":6},{"damage":5,"enemies":"Champ","floor":33,"turns":9},{"damage":4,"enemies":"3 Darklings","floor":35,"turns":6},{"damage":10,"enemies":"3 Shapes","floor":37,"turns":4},{"damage":55,"enemies":"2 Orb Walkers","floor":38,"turns":6},{"damage":10,"enemies":"Nightmare","floor":40,"turns":12},{"damage":49,"enemies":"Jaw Worm Horde","floor":41,"turns":5},{"damage":22,"enemies":"Giant Head","floor":42,"turns":7},{"damage":1,"enemies":"Nemesis","floor":44,"turns":3},{"damage":12,"enemies":"Sphere and 2 Shapes","floor":46,"turns":3},{"damage":8,"enemies":"Maw","floor":47,"turns":5}],"seed_played":"-8385773702402327787","potions_obtained":[{"floor":1,"key":"SkillPotion"},{"floor":7,"key":"Energy Potion"},{"floor":8,"key":"Explosive Potion"},{"floor":12,"key":"ColorlessPotion"},{"floor":21,"key":"DuplicationPotion"},{"floor":23,"key":"Weak Potion"},{"floor":24,"key":"Energy Potion"},{"floor":31,"key":"DuplicationPotion"},{"floor":33,"key":"BlessingOfTheForge"},{"floor":35,"key":"GamblersBrew"},{"floor":37,"key":"PowerPotion"},{"floor":38,"key":"SpeedPotion"},{"floor":40,"key":"Ancient Potion"},{"floor":42,"key":"DistilledChaos"},{"floor":44,"key":"LiquidBronze"}],"is_trial":false,"path_per_floor":["M","?","$","?","M","R","E","M","T","?","$","M","?","$","R","B",null,"M","M","?","M","AVR","E","M","R","T","R","?","?","$","M","R","B",null,"M","AVR","M","?","?","NM","M","E","T","E","R","M","M"],"character_chosen":"RUNESMITH_CLASS","items_purchased":["Runesmith:Repurpose","Runesmith:EarthShield","Runesmith:Firestorm","Runesmith:UnstableHammer","Runesmith:EarthShield","Runesmith:PerfectChisel"],"campfire_rested":0,"item_purchase_floors":[11,11,14,14,30,30],"current_hp_per_floor":[68,61,61,47,47,47,34,33,43,43,43,43,32,32,32,10,80,71,69,69,45,45,15,5,5,5,5,5,31,31,29,29,24,80,79,79,70,34,70,84,35,15,15,14,14,2,0,0],"gold":407,"neow_bonus":"ONE_RARE_RELIC","is_daily":false,"chose_seed":false,"campfire_upgraded":4,"win_rate":0.0,"timestamp":1613755233,"path_taken":["M","?","?","?","M","R","E","M","T","?","$","?","?","$","R","BOSS","M","M","?","M","AVR","E","M","R","T","R","?","?","?","M","R","BOSS","M","AVR","M","?","?","NM","M","E","T","E","R","M","M"],"items_purchased_type":["Card","Card","Card","Card","Card","Card"],"build_version":"2020-12-22","purchased_purges":1,"victory":false,"max_hp_per_floor":[70,70,70,70,70,70,70,70,80,80,80,80,80,80,80,80,80,80,80,80,80,80,80,80,80,80,80,80,80,80,80,80,80,80,80,80,80,80,70,84,84,84,84,84,84,84,84,84],"card_choices":[{"not_picked":["Runesmith:GoWithTheFlow","Runesmith:HeatExchange"],"picked":"Runesmith:EnergizedChisel","floor":1},{"not_picked":["Runesmith:ChiselStab","Runesmith:Refine"],"picked":"Runesmith:GoWithTheFlow","floor":5},{"not_picked":["Runesmith:CraftObretio","Runesmith:HeatExchange"],"picked":"Runesmith:Prism","floor":7},{"not_picked":["Runesmith:Malloc","Runesmith:HeatedChisel"],"picked":"Runesmith:HammerThrow","floor":8},{"not_picked":["Runesmith:Reinforce","Runesmith:HeatedChisel"],"picked":"Runesmith:StaticCage","floor":12},{"not_picked":["Runesmith:CraftIndustria","Runesmith:FissionHammer"],"picked":"Runesmith:CraftPrismatica","floor":16},{"not_picked":["Runesmith:EarthShield","Runesmith:HeatExchange"],"picked":"Runesmith:CraftIncendium","floor":18},{"not_picked":["Runesmith:Grindstone","Runesmith:PerfectChisel"],"picked":"Runesmith:BackupBattery+1","floor":19},{"not_picked":["Runesmith:Accelerate+1","Runesmith:StaticCage"],"picked":"Runesmith:HeatedChisel","floor":21},{"not_picked":["Runesmith:Augment+1","Runesmith:CraftSpiculum"],"picked":"Runesmith:Electrocute","floor":23},{"not_picked":["Runesmith:Retool+1","Runesmith:MakeshiftArmor"],"picked":"Runesmith:CraftSpiculum","floor":24},{"not_picked":["Runesmith:NanitesCloud+1","Runesmith:StaticCage"],"picked":"Runesmith:Empowerment","floor":31},{"not_picked":["Runesmith:CraftPrismatica","Runesmith:CraftIndustria"],"picked":"Runesmith:CraftMedicinae","floor":33},{"not_picked":["Runesmith:MakeshiftArmor","Runesmith:StaticCage+1"],"picked":"Runesmith:PoweredAnvil","floor":35},{"not_picked":["Runesmith:HeatExchange+1","Runesmith:Discharge"],"picked":"Runesmith:ShiftingStrike","floor":37},{"not_picked":["Runesmith:ChiselStab","Runesmith:ChargedHammer"],"picked":"Runesmith:CraftMagma+1","floor":38},{"not_picked":["infinitespire:SevenWalls","infinitespire:DeathsTouch"],"picked":"infinitespire:Punishment","floor":40},{"not_picked":["Runesmith:Grindstone+1","Runesmith:HeatExchange+1"],"picked":"Runesmith:HammerThrow+1","floor":40},{"not_picked":["Runesmith:WhiteBalance","Runesmith:UnstableHammer"],"picked":"Runesmith:RuneHurl","floor":41},{"not_picked":["Runesmith:BackupBattery+1","Runesmith:HeatExchange"],"picked":"Runesmith:LithiumIon+1","floor":42},{"not_picked":["Runesmith:MakeshiftArmor+1","Runesmith:HeatExchange"],"picked":"Runesmith:FieryHammer","floor":44},{"not_picked":["Runesmith:GoWithTheFlow","Runesmith:HeatedChisel"],"picked":"Runesmith:Terraform","floor":46}],"player_experience":298452,"relics_obtained":[{"floor":7,"key":"The Courier"},{"floor":9,"key":"Pear"},{"floor":23,"key":"White Beast Statue"},{"floor":38,"key":"Girya"},{"floor":40,"key":"Mango"},{"floor":42,"key":"Orichalcum"},{"floor":43,"key":"MawBank"},{"floor":44,"key":"infinitespire:EmpoweringShard"}],"event_choices":[{"damage_healed":0,"gold_gain":0,"player_choice":"Damaged","damage_taken":7,"max_hp_gain":0,"max_hp_loss":0,"event_name":"Wheel of Change","floor":2,"gold_loss":0},{"damage_healed":0,"gold_gain":0,"player_choice":"Entered Light","damage_taken":14,"max_hp_gain":0,"max_hp_loss":0,"event_name":"Shining Light","floor":4,"gold_loss":0,"cards_upgraded":["Runesmith:Defend_RS","Runesmith:CraftFirestone"]},{"damage_healed":0,"gold_gain":0,"player_choice":"Leave","damage_taken":0,"max_hp_gain":0,"max_hp_loss":0,"event_name":"The Cleric","floor":10,"gold_loss":0},{"damage_healed":0,"gold_gain":75,"player_choice":"Gather Gold","damage_taken":11,"max_hp_gain":0,"max_hp_loss":0,"event_name":"World of Goop","floor":13,"gold_loss":0},{"damage_healed":0,"gold_gain":0,"player_choice":"Opened","damage_taken":0,"relics_obtained":["Sundial"],"max_hp_gain":0,"max_hp_loss":0,"event_name":"The Mausoleum","floor":20,"gold_loss":0,"cards_obtained":["Writhe"]},{"damage_healed":0,"gold_gain":0,"player_choice":"Obtained Relic","damage_taken":0,"relics_obtained":["Lantern"],"max_hp_gain":0,"max_hp_loss":0,"event_name":"Addict","floor":28,"gold_loss":85},{"damage_healed":26,"gold_gain":0,"player_choice":"Heal","damage_taken":0,"max_hp_gain":0,"max_hp_loss":0,"event_name":"The Library","floor":29,"gold_loss":0},{"damage_healed":0,"gold_gain":0,"player_choice":"Fight","damage_taken":0,"max_hp_gain":0,"max_hp_loss":0,"event_name":"Mysterious Sphere","floor":38,"gold_loss":0},{"damage_healed":70,"gold_gain":0,"player_choice":"Heal","damage_taken":0,"max_hp_gain":0,"max_hp_loss":10,"event_name":"The Moai Head","floor":39,"gold_loss":0}],"is_beta":false,"boss_relics":[{"not_picked":["Runesmith:CoreCrystal","Sozu"],"picked":"Runic Pyramid"},{"not_picked":["Pandora\u0027s Box","Runesmith:PocketReactor"],"picked":"bronze:MakeshiftBattery"}],"items_purged_floors":[36],"is_endless":true,"potions_floor_spawned":[1,7,8,12,21,23,24,31,33,35,37,38,40,41,42,44,46],"killed_by":"Maw","ascension_level":0}}