{"host":"szp1d6dso4pv7ddl","time":1613700288,"event":{"mods":["AchievementEnabler","Alarm Clock","BaseMod","Bestiary","Block Reminder","Colored Map","Colored Powertips","Curses Come First","Dark Map","Displayed Cursed Tome","Highlight Path","Minty Spire (QoL Compilation)","Permanent Neow","Quick Restart","Relic Sorter","Relic Stats","StSLib","Synergy Search"],"gold_per_floor":[114,19,34,34,34,62,62,75,100,114,114,126,154,178,190,277,289,320,351,378,390,414,426,469,481,493,505,551,580,592,615,627,639,639],"floor_reached":33,"language":"ENG","playtime":1397,"items_purged":[],"score":673,"play_id":"002f0b27-e199-48dc-9539-ee64953456f4","local_time":"20210218180448","is_ascension_mode":true,"campfire_choices":[{"data":"Accuracy","floor":7.0,"key":"SMITH"},{"data":"Phantasmal Killer","floor":11.0,"key":"SMITH"},{"floor":15.0,"key":"REST"},{"floor":23.0,"key":"REST"},{"floor":27.0,"key":"REST"},{"floor":30.0,"key":"REST"},{"floor":32.0,"key":"REST"}],"circlet_count":0,"master_deck":["AscendersBane","Defend_G","Defend_G","Defend_G","Defend_G","Defend_G","Survivor","Neutralize","Blade Dance","Accuracy+1","Dagger Spray","Blade Dance","Phantasmal Killer+1","Dash","Blade Dance","Escape Plan","Crippling Poison+1","Envenom+1","Escape Plan","PiercingWail","Blade Dance","Reflex","Glass Knife","Cloak And Dagger+1","Blade Dance"],"relics":["Ring of the Snake","NeowsBlessing","Smiling Mask","Bronze Scales","MawBank","Astrolabe","Unceasing Top","Shovel"],"acts_visited":["Exordium","TheCity"],"potions_floor_usage":[33],"damage_taken":[{"damage":0.0,"enemies":"2 Louse","floor":1.0,"turns":1.0},{"damage":0.0,"enemies":"Jaw Worm","floor":3.0,"turns":1.0},{"damage":0.0,"enemies":"Lagavulin","floor":6.0,"turns":1.0},{"damage":11.0,"enemies":"Small Slimes","floor":8.0,"turns":3.0},{"damage":5.0,"enemies":"Looter","floor":10.0,"turns":3.0},{"damage":1.0,"enemies":"Large Slime","floor":12.0,"turns":3.0},{"damage":7.0,"enemies":"Gremlin Nob","floor":13.0,"turns":3.0},{"damage":3.0,"enemies":"Blue Slaver","floor":14.0,"turns":2.0},{"damage":15.0,"enemies":"Hexaghost","floor":16.0,"turns":7.0},{"damage":4.0,"enemies":"3 Byrds","floor":18.0,"turns":2.0},{"damage":15.0,"enemies":"Shell Parasite","floor":19.0,"turns":3.0},{"damage":6.0,"enemies":"Centurion and Healer","floor":20.0,"turns":3.0},{"damage":3.0,"enemies":"Shelled Parasite and Fungi","floor":22.0,"turns":2.0},{"damage":46.0,"enemies":"Slavers","floor":24.0,"turns":5.0},{"damage":4.0,"enemies":"Gremlin Leader","floor":28.0,"turns":6.0},{"damage":8.0,"enemies":"Snecko","floor":29.0,"turns":4.0},{"damage":17.0,"enemies":"Sentry and Sphere","floor":31.0,"turns":4.0},{"damage":55,"enemies":"Champ","floor":33,"turns":9}],"seed_played":"1850777263931049035","potions_obtained":[{"floor":1.0,"key":"EntropicBrew"},{"floor":6.0,"key":"Strength Potion"},{"floor":13.0,"key":"Explosive Potion"},{"floor":16.0,"key":"Poison Potion"},{"floor":19.0,"key":"SteroidPotion"},{"floor":22.0,"key":"Ancient Potion"},{"floor":29.0,"key":"DuplicationPotion"}],"is_trial":false,"path_per_floor":["M","$","M","?","$","E","R","M","T","M","R","M","E","M","R","B",null,"M","M","M","?","M","R","E","?","T","R","E","M","R","M","R","B"],"character_chosen":"THE_SILENT","items_purchased":["Accuracy","Dagger Spray"],"campfire_rested":5,"item_purchase_floors":[2,2],"current_hp_per_floor":[59,59,59,52,52,52,52,41,41,36,36,35,28,25,44,29,57,53,38,32,32,29,48,2,2,2,21,17,9,28,11,30,0,0],"gold":639,"neow_bonus":"THREE_ENEMY_KILL","is_daily":false,"chose_seed":false,"campfire_upgraded":2,"win_rate":0.0,"timestamp":1613700288,"path_taken":["M","$","M","?","$","E","R","M","T","M","R","M","E","M","R","BOSS","M","M","M","?","M","R","E","?","T","R","E","M","R","M","R","BOSS"],"items_purchased_type":["Card","Card"],"build_version":"2020-12-22","purchased_purges":0,"victory":false,"max_hp_per_floor":[66,66,66,66,66,66,66,66,66,66,66,66,66,66,66,66,66,66,66,66,66,66,66,66,66,66,66,66,66,66,66,66,66,66],"relic_stats":{"Shovel":0,"counters":[18,62],"Bronze Scales":[152],"Astrolabe":["Concentrate","Crippling Poison","Envenom"],"Smiling Mask":0,"MawBank":240,"obtain_stats":[{"Shovel":28,"NeowsBlessing":0,"Bronze Scales":9,"Astrolabe":17,"Smiling Mask":6,"MawBank":13,"Unceasing Top":24,"Ring of the Snake":0},{"Shovel":15,"NeowsBlessing":0,"Bronze Scales":4,"Astrolabe":9,"Smiling Mask":3,"MawBank":7,"Unceasing Top":14,"Ring of the Snake":0},{"Shovel":45,"NeowsBlessing":0,"Bronze Scales":6,"Astrolabe":24,"Smiling Mask":3,"MawBank":15,"Unceasing Top":39,"Ring of the Snake":0}],"Unceasing Top":[1],"Ring of the Snake":[36]},"card_choices":[{"not_picked":["Concentrate","Choke"],"picked":"Blade Dance","floor":1.0},{"not_picked":["Well Laid Plans","Heel Hook"],"picked":"Blade Dance","floor":3.0},{"not_picked":["Venomology","Quick Slash"],"picked":"Phantasmal Killer","floor":6.0},{"not_picked":["Flying Knee","Flechettes","Deadly Poison"],"picked":"SKIP","floor":8.0},{"not_picked":["Eviscerate","Sucker Punch"],"picked":"Dash","floor":10.0},{"not_picked":["Acrobatics","Outmaneuver","Tactician"],"picked":"SKIP","floor":12.0},{"not_picked":["Slice","Poisoned Stab"],"picked":"Blade Dance","floor":13.0},{"not_picked":["Poisoned Stab","Reflex"],"picked":"Escape Plan","floor":14.0},{"not_picked":["Night Terror","Venomology"],"picked":"Envenom","floor":16.0},{"not_picked":["Acrobatics","Prepared"],"picked":"Escape Plan","floor":18.0},{"not_picked":["Flying Knee","Slice"],"picked":"PiercingWail","floor":19.0},{"not_picked":["Bane","Deflect+1"],"picked":"Blade Dance","floor":20.0},{"not_picked":["Expertise","All Out Attack","Acrobatics"],"picked":"SKIP","floor":22.0},{"not_picked":["Burst","Blade Dance","Slice"],"picked":"SKIP","floor":24.0},{"not_picked":["Predator","Reflex","PiercingWail"],"picked":"SKIP","floor":28.0},{"not_picked":["Setup","Bane"],"picked":"Cloak And Dagger+1","floor":29.0},{"not_picked":["Bane","Skewer"],"picked":"Blade Dance","floor":31.0}],"player_experience":1595525,"relics_obtained":[{"floor":6.0,"key":"Smiling Mask"},{"floor":9.0,"key":"Bronze Scales"},{"floor":13.0,"key":"MawBank"},{"floor":24.0,"key":"Unceasing Top"},{"floor":28.0,"key":"Shovel"}],"event_choices":[{"cards_removed":["Strike_G"],"damage_healed":0.0,"max_hp_gain":0.0,"max_hp_loss":0.0,"gold_gain":0.0,"event_name":"Golden Wing","player_choice":"Card Removal","floor":4.0,"gold_loss":0.0,"damage_taken":7.0},{"damage_healed":0.0,"max_hp_gain":0.0,"max_hp_loss":0.0,"gold_gain":0.0,"cards_transformed":["Concentrate","Strike_G"],"event_name":"Drug Dealer","player_choice":"Became Test Subject","floor":21.0,"gold_loss":0.0,"damage_taken":0.0,"cards_obtained":["Reflex","Glass Knife"]},{"cards_removed":["Envenom"],"damage_healed":0.0,"max_hp_gain":0.0,"max_hp_loss":0.0,"gold_gain":0.0,"event_name":"Back to Basics","player_choice":"Elegance","floor":25.0,"gold_loss":0.0,"damage_taken":0.0}],"is_beta":false,"boss_relics":[{"not_picked":["Tiny House","SlaversCollar"],"picked":"Astrolabe"}],"items_purged_floors":[],"is_endless":false,"potions_floor_spawned":[1,6,8,13,16,19,22,29],"killed_by":"Champ","ascension_level":20}}