{"host":"ssceekdvsvld625r","time":1613762309,"event":{"mods":["AchievementEnabler","BaseMod","Better Third Choice","Block Reminder","Colored Map","Colored Powertips","Highlight Path","Minty Spire (QoL Compilation)","Permanent Neow","Quick Restart","Rare Cards Sparkle","Relic Stats","Shop Mod","StSLib"],"gold_per_floor":[117,117,43,43,60,60,86,86,86,10,30,55,69,69,69,164,214,231,250,210,18,35,35,65,83,83,83,115,115,129,8,8,109,109,128,128,0,0,0,32,48,48,126,126,156,156,182,533,533,533,533,533,27,57,57],"floor_reached":56,"language":"ENG","playtime":4370,"items_purged":[],"score":1375,"play_id":"ca0df428-da3e-4026-9069-4d18f539292f","local_time":"20210219121829","is_ascension_mode":true,"campfire_choices":[{"data":"Storm","floor":6,"key":"SMITH"},{"floor":8,"key":"REST"},{"floor":15,"key":"REST"},{"floor":23,"key":"REST"},{"floor":27,"key":"REST"},{"floor":32,"key":"REST"},{"data":"Hello World","floor":42,"key":"SMITH"},{"floor":44,"key":"RECALL"},{"data":"Aggregate","floor":49,"key":"SMITH"},{"data":"Hologram","floor":52,"key":"SMITH"}],"circlet_count":0,"master_deck":["Strike_B","Strike_B","Strike_B","Strike_B","Defend_B+1","Defend_B","Zap","Dualcast","Hologram+1","Storm+1","Defragment","Redo","Defragment","White Noise+1","Reinforced Body","Hologram","Electrodynamics","Cold Snap+1","Coolheaded+1","Beam Cell+1","Self Repair","Hello World+1","Aggregate+1","White Noise+1","Skim","Melter+1","Meteor Strike+1","Reboot","Redo+1","Blizzard+1","Sunder+1","Biased Cognition","Thunder Strike+1","Capacitor","Double Energy","Glacier+1"],"relics":["Nuclear Battery","Centennial Puzzle","Ice Cream","InkBottle","Mummified Hand","MerchantsRug","Toy Ornithopter","Gremlin Horn","SlaversCollar","Bottled Flame","Red Mask","Oddly Smooth Stone","Pantograph","Strange Spoon","Shuriken","Bottled Lightning"],"acts_visited":["Exordium","TheCity","TheBeyond","TheEnding"],"potions_floor_usage":[7,7,12,12,12,12,53,55,55,55],"damage_taken":[{"damage":4,"enemies":"Jaw Worm","floor":1,"turns":4},{"damage":0,"enemies":"Small Slimes","floor":5,"turns":3},{"damage":28,"enemies":"Lagavulin","floor":7,"turns":4},{"damage":1,"enemies":"Cultist","floor":11,"turns":3},{"damage":15,"enemies":"3 Sentries","floor":12,"turns":4},{"damage":1,"enemies":"Exordium Thugs","floor":13,"turns":2},{"damage":33,"enemies":"Hexaghost","floor":16,"turns":6},{"damage":14,"enemies":"2 Thieves","floor":18,"turns":2},{"damage":0,"enemies":"Spheric Guardian","floor":19,"turns":3},{"damage":25,"enemies":"Shelled Parasite and Fungi","floor":22,"turns":4},{"damage":26,"enemies":"Book of Stabbing","floor":24,"turns":4},{"damage":21,"enemies":"Snake Plant","floor":25,"turns":2},{"damage":17,"enemies":"Slavers","floor":28,"turns":4},{"damage":10,"enemies":"Snecko","floor":30,"turns":3},{"damage":12,"enemies":"Automaton","floor":33,"turns":4},{"damage":6,"enemies":"Orb Walker","floor":35,"turns":2},{"damage":3,"enemies":"Giant Head","floor":40,"turns":8},{"damage":19,"enemies":"3 Darklings","floor":41,"turns":3},{"damage":6,"enemies":"Reptomancer","floor":45,"turns":3},{"damage":12,"enemies":"Nemesis","floor":47,"turns":4},{"damage":16,"enemies":"2 Orb Walkers","floor":48,"turns":3},{"damage":49,"enemies":"Awakened One","floor":50,"turns":8},{"damage":19,"enemies":"Shield and Spear","floor":54,"turns":3},{"damage":79,"enemies":"The Heart","floor":55,"turns":6}],"seed_played":"-8637613804455439068","potions_obtained":[{"floor":4,"key":"FearPotion"},{"floor":4,"key":"EntropicBrew"},{"floor":4,"key":"Fire Potion"},{"floor":5,"key":"Fire Potion"},{"floor":13,"key":"Block Potion"},{"floor":17,"key":"PowerPotion"},{"floor":19,"key":"Explosive Potion"},{"floor":28,"key":"Strength Potion"},{"floor":30,"key":"LiquidMemories"},{"floor":40,"key":"SpeedPotion"},{"floor":41,"key":"PowerPotion"},{"floor":54,"key":"AttackPotion"}],"is_trial":false,"path_per_floor":["M","?","$","?","M","R","E","R","T","$","M","E","M","T","R","B",null,"M","M","?","$","M","R","E","M","T","R","E","?","M","$","R","B",null,"M","T","?","$","?","E","M","R","T","R","E","?","E","?","R","B",null,"R","$","E","B",null],"character_chosen":"DEFECT","items_purchased":["Storm","Defragment","Self Repair","MerchantsRug","Meteor Strike+1","Strange Spoon","Shuriken","Thunder Strike+1","Capacitor","Double Energy","Fruit Juice"],"campfire_rested":5,"item_purchase_floors":[3,10,21,21,31,53,53,53,53,53,53],"current_hp_per_floor":[71,64,64,64,64,64,36,58,58,58,57,42,41,41,63,30,80,66,66,66,66,48,72,53,39,39,63,46,46,43,43,67,62,80,74,74,74,74,74,78,66,66,66,66,60,60,55,58,58,50,80,80,85,73,28],"gold":57,"neow_bonus":"BOSS_RELIC","is_daily":false,"chose_seed":false,"campfire_upgraded":4,"win_rate":0.0,"timestamp":1613762309,"path_taken":["M","?","$","?","M","R","E","R","T","$","M","E","?","?","R","BOSS","M","M","?","?","M","R","E","M","T","R","E","?","M","$","R","BOSS","M","?","?","?","?","E","?","R","T","R","E","?","E","?","R","BOSS","R","$","E","BOSS"],"items_purchased_type":["Card","Card","Card","Relic","Card","Relic","Relic","Card","Card","Card","Potion"],"build_version":"2020-12-22","purchased_purges":0,"victory":true,"max_hp_per_floor":[75,75,75,75,75,75,75,75,75,75,75,75,75,75,75,75,80,80,80,80,80,80,80,80,80,80,80,80,80,80,80,80,80,80,80,80,80,80,80,80,80,80,80,80,80,80,80,80,80,80,80,80,85,85,85],"relic_stats":{"Strange Spoon":[6],"Centennial Puzzle":[63],"Gremlin Horn":[13,13],"counters":[24,92],"Mummified Hand":[142],"Shuriken":[7],"Pantograph":34,"obtain_stats":[{"Ice Cream":9,"MerchantsRug":21,"Tiny House":17,"Gremlin Horn":28,"Oddly Smooth Stone":45,"PreservedInsect":40,"Omamori":43,"Nuclear Battery":0,"Old Coin":48,"SlaversCollar":34,"Strange Spoon":53,"Centennial Puzzle":2,"Bottled Flame":36,"Matryoshka":26,"Mummified Hand":14,"Shuriken":53,"Pantograph":47,"Molten Egg 2":7,"Red Mask":37,"Bottled Lightning":54,"Cracked Core":0,"InkBottle":12,"Toy Ornithopter":24,"Meat on the Bone":36},{"Ice Cream":3,"MerchantsRug":9,"Tiny House":7,"Gremlin Horn":13,"Oddly Smooth Stone":19,"PreservedInsect":17,"Omamori":18,"Nuclear Battery":0,"Old Coin":21,"SlaversCollar":15,"Strange Spoon":22,"Centennial Puzzle":1,"Bottled Flame":16,"Matryoshka":12,"Mummified Hand":6,"Shuriken":22,"Pantograph":20,"Molten Egg 2":3,"Red Mask":16,"Bottled Lightning":23,"Cracked Core":0,"InkBottle":5,"Toy Ornithopter":11,"Meat on the Bone":16},{"Ice Cream":11,"MerchantsRug":31,"Tiny House":26,"Gremlin Horn":45,"Oddly Smooth Stone":68,"PreservedInsect":62,"Omamori":65,"Nuclear Battery":0,"Old Coin":75,"SlaversCollar":52,"Strange Spoon":83,"Centennial Puzzle":4,"Bottled Flame":54,"Matryoshka":41,"Mummified Hand":20,"Shuriken":83,"Pantograph":72,"Molten Egg 2":11,"Red Mask":54,"Bottled Lightning":86,"Cracked Core":0,"InkBottle":18,"Toy Ornithopter":39,"Meat on the Bone":54}],"InkBottle":[55],"Toy Ornithopter":15},"card_choices":[{"not_picked":["Stack","Conserve Battery"],"picked":"Hologram","floor":1},{"not_picked":["Leap","Lockon"],"picked":"Defragment","floor":5},{"not_picked":["Hologram","Stack"],"picked":"Redo","floor":7},{"not_picked":["Machine Learning","Melter+1"],"picked":"White Noise","floor":11},{"not_picked":["Melter+1","Barrage+1"],"picked":"Reinforced Body","floor":12},{"not_picked":["Scrape+1","Beam Cell+1"],"picked":"Hologram","floor":13},{"not_picked":["All For One+1","Meteor Strike+1"],"picked":"Electrodynamics","floor":16},{"not_picked":["Steam","Gash+1"],"picked":"Cold Snap+1","floor":17},{"not_picked":["Undo","Barrage+1"],"picked":"Coolheaded+1","floor":18},{"not_picked":["Gash+1","Streamline+1"],"picked":"Beam Cell+1","floor":19},{"not_picked":["Sweeping Beam+1","Coolheaded"],"picked":"Hello World","floor":22},{"not_picked":["Conserve Battery","Go for the Eyes+1"],"picked":"Aggregate","floor":24},{"not_picked":["Seek","Darkness+1"],"picked":"White Noise+1","floor":25},{"not_picked":["Barrage+1","Reinforced Body"],"picked":"Skim","floor":28},{"not_picked":["Compile Driver+1","BootSequence"],"picked":"Melter+1","floor":30},{"not_picked":["Multi-Cast","Biased Cognition"],"picked":"Reboot","floor":33},{"not_picked":["Conserve Battery+1","Gash+1"],"picked":"Redo+1","floor":35},{"not_picked":["Gash+1","Glacier+1"],"picked":"Blizzard+1","floor":40},{"not_picked":["Redo","Fusion+1"],"picked":"Sunder+1","floor":41},{"not_picked":["Sunder+1","Redo"],"picked":"Biased Cognition","floor":45},{"not_picked":["Redo","Barrage+1","Coolheaded"],"picked":"SKIP","floor":47},{"not_picked":["Redo","Genetic Algorithm"],"picked":"Glacier+1","floor":54}],"player_experience":55281,"relics_obtained":[{"floor":7,"key":"Molten Egg 2"},{"floor":9,"key":"Ice Cream"},{"floor":12,"key":"InkBottle"},{"floor":14,"key":"Mummified Hand"},{"floor":24,"key":"Toy Ornithopter"},{"floor":26,"key":"Matryoshka"},{"floor":28,"key":"Gremlin Horn"},{"floor":36,"key":"Meat on the Bone"},{"floor":36,"key":"Bottled Flame"},{"floor":40,"key":"PreservedInsect"},{"floor":43,"key":"Omamori"},{"floor":45,"key":"Oddly Smooth Stone"},{"floor":47,"key":"Pantograph"},{"floor":48,"key":"Old Coin"},{"floor":54,"key":"Bottled Lightning"}],"event_choices":[{"damage_healed":0,"gold_gain":0,"player_choice":"Relic ","damage_taken":7,"max_hp_gain":0,"max_hp_loss":0,"event_name":"betterThird:BetterScrap","floor":2,"gold_loss":0,"cards_obtained":["Escape Plan"]},{"damage_healed":0,"gold_gain":0,"player_choice":"Got Potions","damage_taken":0,"max_hp_gain":0,"max_hp_loss":0,"event_name":"Lab","floor":4,"gold_loss":0},{"damage_healed":0,"gold_gain":0,"player_choice":"Upgrade","damage_taken":0,"max_hp_gain":0,"max_hp_loss":0,"event_name":"Designer","floor":20,"gold_loss":40,"cards_upgraded":["White Noise"]},{"damage_healed":0,"gold_gain":0,"player_choice":"Bought 0 Potions","damage_taken":0,"max_hp_gain":0,"max_hp_loss":0,"event_name":"The Woman in Blue","floor":29,"gold_loss":0},{"damage_healed":0,"gold_gain":0,"player_choice":"Paid","damage_taken":0,"relics_obtained":["Red Mask"],"max_hp_gain":0,"max_hp_loss":0,"event_name":"Tomb of Lord Red Mask","floor":37,"gold_loss":128},{"cards_removed":["Defend_B"],"damage_healed":0,"gold_gain":0,"player_choice":"Offered Basic","damage_taken":0,"max_hp_gain":0,"max_hp_loss":0,"event_name":"Bonfire Elementals","floor":39,"gold_loss":0},{"cards_removed":["Defend_B"],"damage_healed":0,"gold_gain":0,"player_choice":"Removed Skill","damage_taken":0,"max_hp_gain":0,"max_hp_loss":0,"event_name":"Falling","floor":46,"gold_loss":0},{"damage_healed":0,"gold_gain":0,"player_choice":"Fight","damage_taken":0,"max_hp_gain":0,"max_hp_loss":0,"event_name":"Mysterious Sphere","floor":48,"gold_loss":0}],"is_beta":false,"boss_relics":[{"not_picked":["Ectoplasm","Coffee Dripper"],"picked":"Tiny House"},{"not_picked":["Fusion Hammer","SacredBark"],"picked":"SlaversCollar"}],"items_purged_floors":[],"is_endless":false,"potions_floor_spawned":[5,13,19,22,28,30,40,41,48,54],"ascension_level":2}}