{"host":"zq15pup7vna0uxo1","time":1613773797,"event":{"mods":["BaseMod","Bestiary","Colored Map","Downfall","Infinite Spire","Minty Spire (QoL Compilation)","Replay The Spire","Robot Space Explorer","StSLib"],"gold_per_floor":[12,27,45,60,119,151,162,162,187,35,35,70,90,100,100,195,195,212,230,230,82,100,131,131,165,165,165,264,264,284,300,300,417,417,460,335,335,374,374,374],"floor_reached":39,"language":"ENG","playtime":2122,"items_purged":["Strike_G","Strike_G","Strike_G"],"score":814,"play_id":"fb338ac7-ed89-48fc-92ca-b93a72f40227","local_time":"20210219232957","is_ascension_mode":true,"campfire_choices":[{"data":"Noxious Fumes","floor":8,"key":"SMITH"},{"floor":15,"key":"REST"},{"floor":24,"key":"REST"},{"floor":27,"key":"REST"},{"data":"Catalyst","floor":32,"key":"SMITH"}],"circlet_count":0,"master_deck":["Strike_G","Strike_G","Defend_G","Defend_G","Defend_G","Defend_G","Defend_G","Survivor","Neutralize","Replay:Bag of Tricks","Poisoned Stab","Noxious Fumes+1","Crippling Poison","Dodge and Roll","Replay:Poison Smokescreen","Bouncing Flask","Catalyst+1","Deadly Poison","Adrenaline","Prepared","Deadly Poison","Deflect","Acrobatics+1","Outmaneuver","Poisoned Stab","CurseOfTheBell","Bane"],"relics":["Ring of the Snake","infinitespire:CheckeredPen","Juzu Bracelet","Strawberry","Orichalcum","SacredBark","Replay:WaspNest","Du-Vu Doll","Divine Protection","infinitespire:EvilPickle","Calling Bell","Replay:Rubber Ducky","Kunai","Tough Bandages"],"acts_visited":["Exordium","TheCity","TheBeyond"],"potions_floor_usage":[6,6,12,16,18,23,31,33],"damage_taken":[{"damage":2,"enemies":"Jaw Worm","floor":1,"turns":2},{"damage":0,"enemies":"Small Slimes","floor":2,"turns":3},{"damage":11,"enemies":"2 Louse","floor":3,"turns":3},{"damage":11,"enemies":"Looter","floor":4,"turns":4},{"damage":10,"enemies":"Gremlin Nob","floor":6,"turns":4},{"damage":8,"enemies":"Red Slaver","floor":7,"turns":4},{"damage":19,"enemies":"3 Sentries","floor":12,"turns":5},{"damage":3,"enemies":"Blue Slaver","floor":13,"turns":3},{"damage":0,"enemies":"Exordium Thugs","floor":14,"turns":4},{"damage":2,"enemies":"Hexaghost","floor":16,"turns":7},{"damage":12,"enemies":"2 Thieves","floor":18,"turns":3},{"damage":2,"enemies":"Chosen","floor":19,"turns":3},{"damage":17,"enemies":"Shelled Parasite and Fungi","floor":22,"turns":4},{"damage":18,"enemies":"Slavers","floor":23,"turns":7},{"damage":36,"enemies":"Replay:Snechameleon","floor":25,"turns":5},{"damage":4,"enemies":"Snecko","floor":30,"turns":5},{"damage":15,"enemies":"Sentry and Sphere","floor":31,"turns":4},{"damage":25,"enemies":"Pondfish","floor":33,"turns":9},{"damage":27,"enemies":"3 Darklings","floor":35,"turns":5},{"damage":7,"enemies":"3 Shapes","floor":38,"turns":6},{"damage":45,"enemies":"Spire Growth","floor":39,"turns":5}],"seed_played":"-6965895175064826048","potions_obtained":[{"floor":2,"key":"AttackPotion"},{"floor":3,"key":"PowerPotion"},{"floor":5,"key":"Poison Potion"},{"floor":7,"key":"Elixir"},{"floor":12,"key":"Doom Potion"},{"floor":16,"key":"Explosive Potion"},{"floor":22,"key":"Block Potion"},{"floor":25,"key":"Dexterity Potion"},{"floor":30,"key":"PowerPotion"},{"floor":33,"key":"sneckomod:MuddlingPotion"},{"floor":38,"key":"EssenceOfSteel"}],"is_trial":false,"path_per_floor":["M","M","M","M","?","E","M","R","T","$","?","E","M","M","R","B",null,"M","M","?","$","M","E","R","E","T","R","?","?","M","M","R","B",null,"M","$","?","M","M"],"character_chosen":"THE_SILENT","items_purchased":["Bouncing Flask","Deadly Poison"],"campfire_rested":3,"item_purchase_floors":[10,21],"current_hp_per_floor":[68,68,57,46,46,36,28,28,28,28,28,9,6,6,29,27,77,65,63,63,63,46,28,51,15,15,38,38,63,59,44,44,19,77,50,50,50,43,0,0],"gold":374,"neow_bonus":"THREE_RARE_CARDS","is_daily":false,"chose_seed":false,"campfire_upgraded":2,"win_rate":0.0,"timestamp":1613773797,"path_taken":["M","M","M","M","?","E","M","R","T","$","?","E","M","M","R","BOSS","M","M","?","$","M","E","R","E","T","R","?","?","M","M","R","BOSS","M","$","?","M","M"],"items_purchased_type":["Card","Card"],"build_version":"2020-12-22","purchased_purges":3,"victory":false,"max_hp_per_floor":[70,70,70,70,70,70,70,70,70,70,77,77,77,77,77,77,77,77,77,77,77,77,77,77,77,77,77,77,77,77,77,77,77,77,77,77,77,77,77,77],"card_choices":[{"not_picked":["Phantasmal Killer","Atom Bomb"],"picked":"Replay:Bag of Tricks","floor":0},{"not_picked":["PiercingWail","Dagger Throw"],"picked":"Poisoned Stab","floor":1},{"not_picked":["Caltrops","Bullet Time"],"picked":"Noxious Fumes","floor":2},{"not_picked":["PiercingWail","Choke","ReplayTheSpireMod:Tripwire"],"picked":"SKIP","floor":3},{"not_picked":["ReplayTheSpireMod:Tripwire","Skewer"],"picked":"Crippling Poison","floor":4},{"not_picked":["Deflect","Footwork"],"picked":"Dodge and Roll","floor":5},{"not_picked":["Flying Knee","Dagger Spray"],"picked":"Replay:Poison Smokescreen","floor":6},{"not_picked":["Dagger Spray","Backflip","Deflect"],"picked":"SKIP","floor":7},{"not_picked":["Dodge and Roll","Envenom"],"picked":"Catalyst","floor":12},{"not_picked":["Masterful Stab","Reflex"],"picked":"Deadly Poison","floor":13},{"not_picked":["Calculated Gamble","Blade Dance","Dagger Spray"],"picked":"SKIP","floor":14},{"not_picked":["Glass Knife","Die Die Die"],"picked":"Adrenaline","floor":16},{"not_picked":["Infinite Blades+1","Hidden Blade"],"picked":"Prepared","floor":18},{"not_picked":["Noxious Fumes","Slice","Endless Agony"],"picked":"SKIP","floor":19},{"not_picked":["Backflip","Cloak And Dagger"],"picked":"Deflect","floor":22},{"not_picked":["Dagger Throw","ReplayTheSpireMod:Scrap Shanks","Dodge and Roll"],"picked":"SKIP","floor":23},{"not_picked":["Poison Darts","Hidden Blade"],"picked":"Acrobatics+1","floor":25},{"not_picked":["Cloak And Dagger","Crippling Poison"],"picked":"Outmaneuver","floor":30},{"not_picked":["Blade Dance","Quick Slash"],"picked":"Poisoned Stab","floor":31},{"not_picked":["Prepared+1","Footwork+1"],"picked":"Bane","floor":35},{"not_picked":["Backflip","Dagger Spray","Endless Agony"],"picked":"SKIP","floor":38}],"player_experience":1215639,"relics_obtained":[{"floor":6,"key":"infinitespire:CheckeredPen"},{"floor":9,"key":"Juzu Bracelet"},{"floor":12,"key":"Orichalcum"},{"floor":23,"key":"Replay:WaspNest"},{"floor":25,"key":"Du-Vu Doll"},{"floor":26,"key":"Divine Protection"},{"floor":34,"key":"Replay:Rubber Ducky"},{"floor":34,"key":"Kunai"},{"floor":34,"key":"Tough Bandages"}],"event_choices":[{"damage_healed":0,"gold_gain":0,"player_choice":"Success","damage_taken":7,"relics_obtained":["Strawberry"],"max_hp_gain":0,"max_hp_loss":0,"event_name":"Scrap Ooze","floor":11,"gold_loss":0},{"damage_healed":0,"gold_gain":0,"player_choice":"Ignored","damage_taken":0,"max_hp_gain":0,"max_hp_loss":0,"event_name":"Ghosts","floor":20,"gold_loss":0},{"damage_healed":0,"gold_gain":99,"player_choice":"Stole From Cult","damage_taken":0,"max_hp_gain":0,"max_hp_loss":0,"event_name":"Nest","floor":28,"gold_loss":0},{"damage_healed":25,"gold_gain":0,"player_choice":"Heal","damage_taken":0,"max_hp_gain":0,"max_hp_loss":0,"event_name":"The Library","floor":29,"gold_loss":0},{"damage_healed":0,"gold_gain":0,"player_choice":"0 cards matched","damage_taken":0,"max_hp_gain":0,"max_hp_loss":0,"event_name":"Match and Keep!","floor":37,"gold_loss":0,"cards_obtained":[]}],"is_beta":false,"boss_relics":[{"not_picked":["Replay:Wanted Poster","Busted Crown"],"picked":"SacredBark"},{"not_picked":["ReplayTheSpireMod:SealedPack","Coffee Dripper"],"picked":"Calling Bell"}],"items_purged_floors":[10,21,36],"is_endless":false,"potions_floor_spawned":[2,3,7,12,16,22,25,30,33,38],"killed_by":"Spire Growth","ascension_level":3}}