{"host":"ojme7g6xlqwffsso","time":1613697575,"event":{"mods":["BaseMod","Downfall","Minty Spire (QoL Compilation)","Relic Stats","StSLib"],"gold_per_floor":[119,119,119,144,144,177,177,102,125,150,166,210,13,31,31,124,124,147,163,143,143,143],"floor_reached":21,"language":"ENG","playtime":555,"items_purged":["Defend_G"],"score":428,"play_id":"b56e38c0-ce31-4503-a045-5b7935ab3e84","local_time":"20210219101935","is_ascension_mode":true,"campfire_choices":[{"data":"Neutralize","floor":7,"key":"SMITH"},{"data":"Bouncing Flask","floor":15,"key":"SMITH"}],"circlet_count":0,"master_deck":["AscendersBane","Strike_G","Strike_G","Strike_G","Strike_G","Defend_G","Defend_G","Defend_G","Survivor","Neutralize+1","Backflip","Acrobatics","Poisoned Stab","Expertise","Backstab","Bouncing Flask+1","Leg Sweep","Flying Knee","Dagger Throw","Grand Finale","Deflect","PiercingWail"],"relics":["Ring of the Snake","NeowsBlessing","Golden Idol","Omamori","Smiling Mask","Anchor","HoveringKite"],"acts_visited":["Exordium","TheCity"],"potions_floor_usage":[12,14,16,20],"damage_taken":[{"damage":0,"enemies":"2 Louse","floor":1,"turns":1},{"damage":0,"enemies":"Small Slimes","floor":4,"turns":1},{"damage":0,"enemies":"Gremlin Nob","floor":6,"turns":1},{"damage":0,"enemies":"Cultist","floor":10,"turns":4},{"damage":12,"enemies":"3 Louse","floor":11,"turns":4},{"damage":24,"enemies":"Lagavulin","floor":12,"turns":7},{"damage":0,"enemies":"Gremlin Gang","floor":14,"turns":4},{"damage":15,"enemies":"Hexaghost","floor":16,"turns":11},{"damage":3,"enemies":"Shell Parasite","floor":18,"turns":3},{"damage":33,"enemies":"Spheric Guardian","floor":19,"turns":8},{"damage":0,"enemies":"Shelled Parasite and Fungi","floor":21,"turns":1}],"seed_played":"482391115799376986","potions_obtained":[{"floor":4,"key":"Strength Potion"},{"floor":6,"key":"LiquidBronze"},{"floor":12,"key":"AttackPotion"},{"floor":16,"key":"CultistPotion"},{"floor":18,"key":"Dexterity Potion"},{"floor":20,"key":"Fruit Juice"}],"is_trial":false,"path_per_floor":["M","?","?","M","?","E","R","?","T","M","M","E","$","M","R","B",null,"M","M","?","M"],"character_chosen":"THE_SILENT","items_purchased":["Leg Sweep","Flying Knee"],"campfire_rested":0,"item_purchase_floors":[13,13],"current_hp_per_floor":[59,59,52,52,57,57,57,57,57,57,45,21,21,21,21,6,50,47,14,19,19,19],"gold":143,"neow_bonus":"THREE_ENEMY_KILL","is_daily":false,"chose_seed":false,"campfire_upgraded":2,"win_rate":0.0,"timestamp":1613697575,"path_taken":["M","?","?","M","?","E","R","?","T","M","M","E","?","M","R","BOSS","M","?","?","M"],"items_purchased_type":["Card","Card"],"build_version":"2020-12-22","purchased_purges":1,"victory":false,"max_hp_per_floor":[66,60,60,60,65,65,65,65,65,65,65,65,65,65,65,65,65,65,65,70,70,70],"relic_stats":{"counters":[11,44],"Golden Idol":60,"HoveringKite":[6],"Smiling Mask":25,"obtain_stats":[{"Anchor":12,"NeowsBlessing":0,"Golden Idol":2,"HoveringKite":17,"Omamori":6,"Smiling Mask":9,"Ring of the Snake":0},{"Anchor":6,"NeowsBlessing":0,"Golden Idol":1,"HoveringKite":8,"Omamori":3,"Smiling Mask":3,"Ring of the Snake":0},{"Anchor":18,"NeowsBlessing":0,"Golden Idol":1,"HoveringKite":33,"Omamori":3,"Smiling Mask":3,"Ring of the Snake":0}],"Ring of the Snake":[20]},"card_choices":[{"not_picked":["Dagger Throw","Masterful Stab"],"picked":"Backflip","floor":1},{"not_picked":["Dodge and Roll","Skewer"],"picked":"Acrobatics","floor":4},{"not_picked":["Malaise","Sucker Punch"],"picked":"Poisoned Stab","floor":6},{"not_picked":["Bane","Flying Knee"],"picked":"Expertise","floor":10},{"not_picked":["All Out Attack","Setup"],"picked":"Backstab","floor":11},{"not_picked":["Deflect","Catalyst"],"picked":"Bouncing Flask","floor":12},{"not_picked":["Quick Slash","Deflect"],"picked":"Dagger Throw","floor":14},{"not_picked":["Envenom","Bullet Time"],"picked":"Grand Finale","floor":16},{"not_picked":["Poisoned Stab","Expertise"],"picked":"Deflect","floor":18},{"not_picked":["Backflip","Outmaneuver"],"picked":"PiercingWail","floor":19}],"player_experience":1096303,"relics_obtained":[{"floor":6,"key":"Omamori"},{"floor":9,"key":"Smiling Mask"},{"floor":12,"key":"Anchor"}],"event_choices":[{"damage_healed":0,"gold_gain":0,"player_choice":"Lose Max HP","damage_taken":0,"relics_obtained":["Golden Idol"],"max_hp_gain":0,"max_hp_loss":6,"event_name":"Golden Idol","floor":2,"gold_loss":0},{"cards_removed":["Defend_G"],"damage_healed":0,"gold_gain":0,"player_choice":"Card Removal","damage_taken":7,"max_hp_gain":0,"max_hp_loss":0,"event_name":"Golden Wing","floor":3,"gold_loss":0},{"damage_healed":0,"gold_gain":0,"player_choice":"Donut","damage_taken":0,"max_hp_gain":5,"max_hp_loss":0,"event_name":"Big Fish","floor":5,"gold_loss":0},{"cards_removed":["Strike_G"],"damage_healed":0,"gold_gain":0,"player_choice":"Card Removal","damage_taken":0,"max_hp_gain":0,"max_hp_loss":0,"event_name":"The Cleric","floor":8,"gold_loss":75},{"damage_healed":0,"gold_gain":0,"player_choice":"Bought 1 Potion","damage_taken":0,"max_hp_gain":0,"max_hp_loss":0,"event_name":"The Woman in Blue","floor":20,"gold_loss":0}],"is_beta":false,"boss_relics":[{"not_picked":["Busted Crown","WristBlade"],"picked":"HoveringKite"}],"items_purged_floors":[13],"is_endless":false,"potions_floor_spawned":[4,6,12,16,18],"killed_by":"Shelled Parasite and Fungi","ascension_level":20}}