{"host":"y6s8mw1hb3jg98nz","time":1613758507,"event":{"mods":["Aspiration","BaseMod","Better Match","Better Note","Better Third Choice","BetterRewards","Colored Map","Colored Powertips","Googly Eyes","Halation","Minty Spire (QoL Compilation)","Quick Restart","Rare Cards Sparkle","Relic Stats","Replay The Spire","Shop Mod","Spicy Shops","StSLib"],"gold_per_floor":[116,116,116,132,143,176,176,186,186,186,197,197,47,47,47,148,148,158,158,158,8,8,26,26,45,70,88,102,102,121,139,139,139,139],"floor_reached":33,"language":"ENG","playtime":2711,"items_purged":[],"score":274,"play_id":"052adb4f-87cc-47b8-b859-d7b06a5a3473","local_time":"20210220044507","is_ascension_mode":false,"campfire_choices":[{"floor":7,"key":"REST"},{"floor":15,"key":"REST"},{"data":"Perfected Strike","floor":24,"key":"SMITH"},{"floor":29,"key":"REST"},{"floor":32,"key":"REST"}],"circlet_count":0,"master_deck":["Strike_R","Strike_R","Strike_R","Strike_R","Strike_R","Defend_R","Defend_R","Defend_R","Defend_R","Bash","Perfected Strike+1","Feed","Flex+1","Immolate+1","Reaper","Inflame+1","Thunderclap+1","Cleave+1","Twin Strike","RitualDagger","Twin Strike","Perfected Strike+1","Warcry","Armaments","Iron Wave","Clash"],"relics":["Burning Blood","NeowsBlessing","Frozen Egg 2","Lantern","InkBottle","Replay:Bottled Flurry","War Paint","Astrolabe","aspiration:HatOfInfinitePower","Bag of Preparation","Nunchaku"],"acts_visited":["Exordium","TheCity"],"potions_floor_usage":[8,23,25,33],"damage_taken":[{"damage":0,"enemies":"2 Louse","floor":1,"turns":1},{"damage":0,"enemies":"Small Slimes","floor":4,"turns":1},{"damage":0,"enemies":"Cultist","floor":5,"turns":1},{"damage":53,"enemies":"3 Sentries","floor":6,"turns":9},{"damage":20,"enemies":"Exordium Thugs","floor":8,"turns":6},{"damage":2,"enemies":"Blue Slaver","floor":11,"turns":2},{"damage":109,"enemies":"Fading Forest","floor":16,"turns":11},{"damage":52,"enemies":"Shell Parasite","floor":18,"turns":6},{"damage":10,"enemies":"2 Thieves","floor":23,"turns":2},{"damage":32,"enemies":"Centurion and Healer","floor":25,"turns":4},{"damage":0,"enemies":"Sentry and Sphere","floor":27,"turns":1},{"damage":24,"enemies":"Chosen and Byrds","floor":28,"turns":5},{"damage":12,"enemies":"Snecko","floor":30,"turns":4},{"damage":21,"enemies":"Snake Plant","floor":31,"turns":2},{"damage":93,"enemies":"Automaton","floor":33,"turns":8}],"seed_played":"7199243914979038545","potions_obtained":[{"floor":1,"key":"FairyPotion"},{"floor":6,"key":"DuplicationPotion"},{"floor":16,"key":"ElixirPotion"},{"floor":18,"key":"LiquidMemories"},{"floor":23,"key":"Reflective Coating"},{"floor":31,"key":"Explosive Potion"}],"is_trial":false,"path_per_floor":["M","?","?","M","M","E","R","M","T","?","M","T","$","?","R","B",null,"M","?","T","$","?","M","R","M","T","M","M","R","M","M","R","B"],"character_chosen":"IRONCLAD","items_purchased":["War Paint","Bag of Preparation"],"campfire_rested":4,"item_purchase_floors":[13,21],"current_hp_per_floor":[80,80,80,80,80,33,57,46,46,39,46,46,46,46,71,11,86,40,34,34,34,62,69,69,46,46,52,44,72,73,58,87,0,0],"gold":139,"neow_bonus":"THREE_ENEMY_KILL","is_daily":false,"chose_seed":false,"campfire_upgraded":1,"win_rate":0.0,"timestamp":1613758507,"path_taken":["M","?","?","M","M","E","R","M","T","?","M","?","$","?","R","BOSS","M","?","?","$","?","?","R","M","T","M","M","R","?","M","R","BOSS"],"items_purchased_type":["Relic","Relic"],"build_version":"2020-12-22","purchased_purges":0,"victory":false,"max_hp_per_floor":[80,80,80,80,80,80,80,83,83,83,86,86,86,86,86,86,86,86,86,86,86,86,89,89,92,92,92,95,95,98,98,98,98,98],"relic_stats":{"Nunchaku":[4],"counters":[15,63],"Astrolabe":["Inflame","Thunderclap","Cleave"],"Bag of Preparation":[14],"War Paint":["Seeing Red","Flex"],"obtain_stats":[{"Lantern":6,"Nunchaku":26,"NeowsBlessing":0,"Astrolabe":17,"Replay:Bottled Flurry":12,"Bag of Preparation":21,"Frozen Egg 2":3,"War Paint":13,"aspiration:HatOfInfinitePower":20,"Burning Blood":0,"InkBottle":9},{"Lantern":4,"Nunchaku":10,"NeowsBlessing":0,"Astrolabe":7,"Replay:Bottled Flurry":6,"Bag of Preparation":8,"Frozen Egg 2":1,"War Paint":6,"aspiration:HatOfInfinitePower":8,"Burning Blood":0,"InkBottle":5},{"Lantern":12,"Nunchaku":43,"NeowsBlessing":0,"Astrolabe":31,"Replay:Bottled Flurry":20,"Bag of Preparation":37,"Frozen Egg 2":1,"War Paint":20,"aspiration:HatOfInfinitePower":37,"Burning Blood":0,"InkBottle":18}],"Burning Blood":66,"InkBottle":[13]},"card_choices":[{"not_picked":["True Grit","Run Through"],"picked":"Searing Blow","floor":1},{"not_picked":["Pommel Strike","True Grit"],"picked":"Perfected Strike","floor":4},{"not_picked":["Second Wind","Hemokinesis"],"picked":"Seeing Red","floor":5},{"not_picked":["Sentinel","ReplayTheSpireMod:Limb From Limb"],"picked":"Feed","floor":6},{"not_picked":["Flex","Replay:Undeath\u0027s Touch"],"picked":"Anger","floor":8},{"not_picked":["Clash","Pummel"],"picked":"Flex","floor":11},{"not_picked":["Impervious","Demonic Infusion"],"picked":"Reaper","floor":16},{"not_picked":["ReplayTheSpireMod:LeadingStrike","Iron Wave"],"picked":"Twin Strike","floor":18},{"not_picked":["Shrug It Off","Life Link+1"],"picked":"Twin Strike","floor":23},{"not_picked":["Warcry","Wild Strike"],"picked":"Perfected Strike+1","floor":25},{"not_picked":["Demonic Infusion","Sentinel"],"picked":"Warcry","floor":27},{"not_picked":["Replay:Undeath\u0027s Touch+1","Run Through"],"picked":"Armaments","floor":28},{"not_picked":["ReplayTheSpireMod:Limb From Limb","Cleave"],"picked":"Iron Wave","floor":30},{"not_picked":["Massacre","Armaments"],"picked":"Clash","floor":31}],"player_experience":158551,"relics_obtained":[{"floor":6,"key":"Lantern"},{"floor":9,"key":"InkBottle"},{"floor":12,"key":"Replay:Bottled Flurry"},{"floor":20,"key":"aspiration:HatOfInfinitePower"},{"floor":26,"key":"Nunchaku"}],"event_choices":[{"damage_healed":80,"gold_gain":0,"player_choice":"Leave","damage_taken":0,"max_hp_gain":0,"max_hp_loss":80,"event_name":"betterThird:BetterShining","floor":2,"gold_loss":0},{"cards_removed":["Injury"],"damage_healed":0,"gold_gain":0,"player_choice":"Card Removal","damage_taken":7,"max_hp_gain":0,"max_hp_loss":0,"event_name":"Golden Wing","floor":10,"gold_loss":0},{"cards_removed":["Perfected Strike"],"damage_healed":0,"gold_gain":0,"player_choice":"Take \u0026 Give","damage_taken":0,"max_hp_gain":0,"max_hp_loss":0,"event_name":"betterNote:BetterNote","floor":14,"gold_loss":0,"cards_obtained":["Immolate"]},{"damage_healed":0,"gold_gain":0,"player_choice":"Dagger","damage_taken":6,"max_hp_gain":0,"max_hp_loss":0,"event_name":"betterThird:BetterNest","floor":19,"gold_loss":0,"cards_obtained":["RitualDagger"]},{"damage_healed":28,"gold_gain":0,"player_choice":"Heal","damage_taken":0,"max_hp_gain":0,"max_hp_loss":0,"event_name":"The Library","floor":22,"gold_loss":0}],"is_beta":false,"boss_relics":[{"not_picked":["Replay:Drink Me","Electric Blood"],"picked":"Astrolabe"}],"items_purged_floors":[],"is_endless":false,"potions_floor_spawned":[1,6,16,18,23,31],"killed_by":"Automaton","ascension_level":0}}