{"host":"d73an99q9oevilk5","time":1613717878,"event":{"mods":["2.2 Compatiblity","AchievementEnabler","Act Like it!","Aspiration","BaseMod","Beaked The Cultist","Better Third Choice","BetterRewards","Colored Map","Colored Powertips","Conspire","Downfall","GifTheSpireLib","Halation","Hubris","Infinite Spire","Marisa????????","Mimic Mod","Minty Spire (QoL Compilation)","MostiFishMod","Quick Restart","Relic Sorter","Reliquary","Replay The Spire","Shop Mod","Spikes Relics","StSLib","Stuff the Spire","The Cursed","The Jungle","The Necromancer","The Saiyan","Waifu the Spire","egg","slay the spire mod where everything is the same but ironclad has a cowboy hat"],"gold_per_floor":[118,118,118,118,145,172,19,34,34,34,34,34,49,77,77,176,176,192,192,203,213,213,213,230,230,270,285,63,98,111,136,136,231,231,251,270,118,130,130,163,176,176,176,195,250,266,298,298,298,298],"floor_reached":51,"language":"ENG","playtime":2365,"items_purged":[],"score":837,"play_id":"49bfe7e3-bb65-4468-9a32-eca0f5ae6c26","local_time":"20210218235758","is_ascension_mode":false,"campfire_choices":[{"data":"beaked:Ceremony","floor":12.0,"key":"SMITH"},{"data":"beaked:Foresight","floor":15.0,"key":"SMITH"},{"data":"beaked:StickSmack","floor":23.0,"key":"SMITH"},{"data":"beaked:Evade","floor":25.0,"key":"SMITH"},{"floor":32.0,"key":"DIG"},{"floor":42,"key":"REST"},{"floor":49,"key":"DIG"}],"circlet_count":0,"master_deck":["beaked:Strike_Y","beaked:Strike_Y","beaked:Strike_Y","beaked:Strike_Y","beaked:Strike_Y","beaked:Strike_Y","beaked:Defend_Y","beaked:Defend_Y+1","beaked:Defend_Y","beaked:Ceremony+1","beaked:Ceremony+1","beaked:Ceremony+1","beaked:WarriorSpirit","beaked:Foresight+1","beaked:HuntressEssence+1","beaked:Evade+1","beaked:MachineEssence","beaked:StickSmack+1","beaked:Brace","beaked:Daydream+1","beaked:Evade","beaked:CursingBlood","beaked:CrazyRituals","beaked:HuntressSpirit","beaked:KnowThyFoe","beaked:HuntressSpirit","beaked:Foresight+1","beaked:CrazyRituals","beaked:Foresight+1","beaked:CursingBlood","beaked:Insight+1","beaked:CursingBlood","ReplayTheSpireMod:Wings of Steel","beaked:MimicHuntress+1","beaked:WarriorEssence+1","beaked:Foresight+1","beaked:Windmill","beaked:CrazyRituals+1"],"relics":["beaked:MendingPlumage","DaveBox","StuffTheSpire:GrapeVine","White Beast Statue","SynthV:TestCard","Toy Ornithopter","aspiration:HiddenCompartment","ChiLing","Chi","Ling","InkBottle","Replay:Fungal Core","halation:PromiseList","Shovel","Membership Card","Omamori","DaCapo","MiniBlackHole","StuffTheSpire:Experiment12","Black Star","Happy Flower","Orrery","infinitespire:Joker Card","StuffTheSpire:ForceGauntlet","Replay:Multitool","War Paint","reliquary:GummyVitamins"],"acts_visited":["Exordium","TheCity","TheBeyond"],"potions_floor_usage":[39,40,41,44,44,44,44,46,47,47,47,50,50],"damage_taken":[{"damage":4.0,"enemies":"Small Slimes","floor":1.0,"turns":4.0},{"damage":16.0,"enemies":"conspire:MimicChest","floor":5.0,"turns":5.0},{"damage":24.0,"enemies":"Gremlin Nob","floor":6.0,"turns":5.0},{"damage":8.0,"enemies":"Jaw Worm","floor":8.0,"turns":3.0},{"damage":2.0,"enemies":"2 Louse","floor":13.0,"turns":2.0},{"damage":11.0,"enemies":"Replay:BlueRogue","floor":14.0,"turns":4.0},{"damage":33.0,"enemies":"The Guardian","floor":16.0,"turns":9.0},{"damage":15.0,"enemies":"2 Thieves","floor":18.0,"turns":3.0},{"damage":4.0,"enemies":"Spheric Guardian","floor":20.0,"turns":3.0},{"damage":20.0,"enemies":"Centurion and Healer","floor":21.0,"turns":5.0},{"damage":17.0,"enemies":"Shelled Parasite and Fungi","floor":24.0,"turns":2.0},{"damage":21.0,"enemies":"conspire:HollyBat","floor":26.0,"turns":8.0},{"damage":34.0,"enemies":"conspire:HollyBat","floor":27.0,"turns":6.0},{"damage":15.0,"enemies":"Gremlin Leader","floor":29.0,"turns":3.0},{"damage":20.0,"enemies":"Chosen and Byrds","floor":30.0,"turns":4.0},{"damage":63.0,"enemies":"hubris:MusketHawk","floor":33.0,"turns":9.0},{"damage":2.0,"enemies":"3 Shapes","floor":35.0,"turns":3.0},{"damage":3.0,"enemies":"3 Darklings","floor":36.0,"turns":3.0},{"damage":0.0,"enemies":"Maw","floor":38.0,"turns":6.0},{"damage":0,"enemies":"4 Shapes","floor":39,"turns":1},{"damage":32,"enemies":"Nemesis","floor":40,"turns":9},{"damage":57,"enemies":"Jaw Worm Horde","floor":41,"turns":4},{"damage":13,"enemies":"Transient","floor":44,"turns":5},{"damage":60,"enemies":"Spire Growth","floor":46,"turns":6},{"damage":14,"enemies":"beaked:SuperParasite","floor":47,"turns":8},{"damage":14,"enemies":"Replay:Hell Engine","floor":50,"turns":7}],"seed_played":"-4267178298989933048","potions_obtained":[{"floor":1.0,"key":"EssenceOfSteel"},{"floor":5.0,"key":"infinitespire:BlackPotion"},{"floor":6.0,"key":"Milkshake"},{"floor":8.0,"key":"infinitespire:BlackPotion"},{"floor":13.0,"key":"Explosive Potion"},{"floor":14.0,"key":"DistilledChaos"},{"floor":20.0,"key":"DuplicationPotion"},{"floor":24.0,"key":"Reflective Coating"},{"floor":26.0,"key":"sneckomod:MuddlingPotion"},{"floor":27.0,"key":"bronze:BurnAndBuffPotion"},{"floor":29.0,"key":"DuplicationPotion"},{"floor":30.0,"key":"Weak Potion"},{"floor":33.0,"key":"Cursed Concoction"},{"floor":35.0,"key":"SmokeBomb"},{"floor":36.0,"key":"BlessingOfTheForge"},{"floor":40,"key":"Explosive Potion"},{"floor":41,"key":"Explosive Potion"},{"floor":44,"key":"SkillPotion"},{"floor":46,"key":"Weak Potion"},{"floor":47,"key":"Explosive Potion"}],"is_trial":false,"path_per_floor":["M","$","?","?","?","E","$","M","T","?","?","R","M","E","R","B",null,"M","$","M","M","?","R","M","R","MIM","M","$","E","M","T","R_BF","B",null,"M","M","$","M","M","E","M","R","T","M","?","M","E","?","R","B",null],"character_chosen":"BEAKED_THE_CULTIST","items_purchased":["StuffTheSpire:GrapeVine","ChiLing","Membership Card","Omamori","Happy Flower","Orrery"],"campfire_rested":1,"item_purchase_floors":[0,7,28,28,37,37],"current_hp_per_floor":[50,50,50,50,44,30,30,28,28,28,28,28,28,29,29,24,50,41,41,50,46,46,46,40,40,42,40,40,41,50,50,50,47,50,49,50,50,50,50,50,2,17,17,50,50,16,50,50,50,50],"gold":298,"neow_bonus":"","is_daily":false,"chose_seed":false,"campfire_upgraded":4,"win_rate":0.0,"timestamp":1613717878,"path_taken":["M","$","?","?","?","E","$","?","T","?","?","R","?","E","R","BOSS","M","?","M","M","?","R","?","R","MIM","M","$","E","M","?","R_BF","BOSS","M","M","$","M","M","E","M","R","T","M","?","M","E","?","R","BOSS"],"items_purchased_type":["Relic","Relic","Relic","Relic","Relic","Relic"],"build_version":"2020-12-22","purchased_purges":0,"victory":true,"max_hp_per_floor":[50,50,50,50,50,50,50,50,50,50,50,50,50,50,50,50,50,50,50,50,50,50,50,50,50,50,50,50,50,50,50,50,50,50,50,50,50,50,50,50,50,50,50,50,50,50,50,50,50,50],"card_choices":[{"not_picked":["beaked:WarriorEssence","beaked:FeelMyPain"],"picked":"beaked:WarriorSpirit","floor":1.0},{"not_picked":["beaked:Insight","beaked:BarbedWire","beaked:Windmill","beaked:Tradeoff"],"picked":"beaked:Foresight","floor":6.0},{"not_picked":["beaked:VigorBurst","beaked:WindBringer","beaked:StickSmack","beaked:TuckingFeathers","beaked:Resilience"],"picked":"SKIP","floor":8.0},{"not_picked":["beaked:MimicWarrior","beaked:StunningBlow","beaked:Flinch","beaked:WarriorSpirit"],"picked":"beaked:Tweet","floor":13.0},{"not_picked":["beaked:FakeOut","beaked:CursingBlood","beaked:WindBringer","beaked:BraceForImpact"],"picked":"beaked:Evade","floor":14.0},{"not_picked":["beaked:ShadowFade","beaked:DarkPact","beaked:Caw","beaked:ScreechingChant"],"picked":"beaked:MachineEssence","floor":16.0},{"not_picked":["beaked:Struggle","beaked:Flinch+1","beaked:BraceForImpact","beaked:Evade+1"],"picked":"beaked:StickSmack","floor":18.0},{"not_picked":["beaked:HuntressEssence","beaked:DigDeeper+1","ReplayTheSpireMod:Prepare the Ceremony+1","beaked:Brace","ReplayTheSpireMod:RavenHex"],"picked":"SKIP","floor":20.0},{"not_picked":["beaked:HuntressEssence","beaked:DigDeeper+1","ReplayTheSpireMod:Prepare the Ceremony+1","ReplayTheSpireMod:RavenHex"],"picked":"beaked:Brace","floor":20.0},{"not_picked":["beaked:BraceForImpact","beaked:RuinSticks","beaked:Replenish+1","beaked:Caw"],"picked":"beaked:Daydream+1","floor":21.0},{"not_picked":["beaked:Flinch","beaked:Roost+1","beaked:MimicMachine+1","beaked:SurvivalInstinct+1","beaked:Replenish"],"picked":"SKIP","floor":24.0},{"not_picked":["beaked:TuckingFeathers","beaked:StickSmack","beaked:SacrificialDive","beaked:Overexert"],"picked":"beaked:Evade","floor":26.0},{"not_picked":["beaked:Cower+1","beaked:SurvivalInstinct","beaked:Poke+1","beaked:Resilience"],"picked":"beaked:CursingBlood","floor":27.0},{"not_picked":["beaked:SacrificialScars","beaked:FeelMyPain","beaked:CursingBlood","beaked:StickSmack"],"picked":"beaked:CrazyRituals","floor":29.0},{"not_picked":["beaked:Daydream+1","beaked:WarriorSpirit","beaked:Redirect+1","beaked:Foresight"],"picked":"beaked:HuntressSpirit","floor":30.0},{"not_picked":["beaked:WildInstinct","beaked:ScreechingChant","beaked:Brainwash","beaked:CheekyTricks"],"picked":"beaked:KnowThyFoe","floor":33.0},{"not_picked":["beaked:FeelMyPain+1","beaked:StunningBlow+1","beaked:RitualOfBody","beaked:Poke"],"picked":"beaked:HuntressSpirit","floor":35.0},{"not_picked":["beaked:StickSmack","beaked:Mantra+1","beaked:Hexing","beaked:Flinch+1"],"picked":"beaked:Foresight","floor":36.0},{"not_picked":["beaked:SurvivalInstinct","beaked:CursingBlood","beaked:Foresight+1","beaked:Daydream+1"],"picked":"beaked:CrazyRituals","floor":37.0},{"not_picked":["beaked:CheekyTricks","beaked:SacrificialAttack+1","beaked:Redirect+1","beaked:BraceForImpact"],"picked":"beaked:Foresight+1","floor":37.0},{"not_picked":["beaked:Flinch","beaked:Poke","beaked:Brace","beaked:Tweet"],"picked":"beaked:CursingBlood","floor":37.0},{"not_picked":["beaked:CursingBlood+1","beaked:Evade+1","beaked:Redirect+1","beaked:BarbedWire+1"],"picked":"beaked:Insight+1","floor":37.0},{"not_picked":["beaked:Resilience","beaked:Insight","beaked:TuckingFeathers","beaked:BounceBack+1"],"picked":"beaked:CursingBlood","floor":37.0},{"not_picked":["beaked:Resilience","beaked:CheekyTricks","beaked:CursingBlood","beaked:Daydream+1"],"picked":"ReplayTheSpireMod:Wings of Steel","floor":38.0},{"not_picked":["beaked:CheekyTricks","beaked:Windmill+1","beaked:CursingBlood+1","beaked:Brace","ReplayTheSpireMod:Wings of Steel+1"],"picked":"SKIP","floor":40},{"not_picked":["beaked:TuckingFeathers+1","beaked:BarbedWire+1","beaked:Redirect","beaked:Poke+1"],"picked":"beaked:MimicHuntress+1","floor":41},{"not_picked":["beaked:Poke","beaked:Recite","beaked:Flinch","beaked:CursingBlood+1"],"picked":"beaked:WarriorEssence+1","floor":44},{"not_picked":["beaked:Tradeoff+1","beaked:Windmill+1","beaked:WildInstinct","beaked:Tweet"],"picked":"beaked:Foresight+1","floor":45},{"not_picked":["beaked:RitualOfBody","beaked:Brace","beaked:HuntressEssence+1","beaked:Insight+1"],"picked":"beaked:Windmill","floor":45},{"not_picked":["beaked:Cower+1","beaked:Insight+1","beaked:FakeOut","beaked:Roost","beaked:HuntressEssence+1"],"picked":"SKIP","floor":46},{"not_picked":["beaked:Overpower","beaked:Recite","beaked:MimicMachine+1","beaked:Tradeoff+1"],"picked":"beaked:CrazyRituals+1","floor":47}],"player_experience":1938981,"relics_obtained":[{"floor":1.0,"key":"SynthV:TestCard"},{"floor":5.0,"key":"Toy Ornithopter"},{"floor":6.0,"key":"aspiration:HiddenCompartment"},{"floor":14.0,"key":"InkBottle"},{"floor":26.0,"key":"Shovel"},{"floor":29.0,"key":"DaCapo"},{"floor":31.0,"key":"MiniBlackHole"},{"floor":32.0,"key":"StuffTheSpire:Experiment12"},{"floor":40,"key":"infinitespire:Joker Card"},{"floor":45,"key":"StuffTheSpire:ForceGauntlet"},{"floor":47,"key":"Replay:Multitool"},{"floor":47,"key":"War Paint"},{"floor":49,"key":"reliquary:GummyVitamins"}],"event_choices":[{"damage_healed":0.0,"max_hp_gain":0.0,"max_hp_loss":0.0,"gold_gain":0.0,"event_name":"Upgrade Shrine","player_choice":"Upgraded","floor":11.0,"gold_loss":0.0,"damage_taken":0.0,"cards_upgraded":["beaked:Ceremony"]},{"cards_removed":["beaked:Tweet"],"damage_healed":0.0,"max_hp_gain":0.0,"max_hp_loss":0.0,"gold_gain":0.0,"event_name":"WeMeetAgain","player_choice":"Gave Card","floor":22.0,"gold_loss":0.0,"damage_taken":0.0,"relics_obtained":["halation:PromiseList"]},{"damage_healed":0,"gold_gain":0,"player_choice":"Ignored","damage_taken":0,"max_hp_gain":0,"max_hp_loss":0,"event_name":"OrinTheCat","floor":48,"gold_loss":0}],"is_beta":false,"boss_relics":[{"not_picked":["reliquary:Ember","halation:MonkeysPaw"],"picked":"Replay:Fungal Core"},{"not_picked":["RhineCircuit","EE1DDrone"],"picked":"Black Star"}],"items_purged_floors":[],"is_endless":false,"potions_floor_spawned":[1,5,6,8,13,14,16,18,20,21,24,26,27,29,30,33,35,36,38,39,40,41,44,46,47],"ascension_level":0}}