{"host":"me7pax5d7uwssv6n","time":1613718804,"event":{"mods":["BaseMod","Jorbs\u0027s Wanderer Trilogy","Minty Spire (QoL Compilation)","StSLib"],"gold_per_floor":[109,109,124,124,137,171,171,229,229,229,229,85,85,99,99,204,204,217,193,193,193,193,219,219,253,280,280,297,312,312,326,326,426,426,442,467,310,322,336,369,369,398,398],"floor_reached":42,"language":"ENG","playtime":6413,"items_purged":[],"score":544,"play_id":"09480a6e-e56b-47a6-b10c-ef5c4b10b9f1","local_time":"20210219151324","is_ascension_mode":false,"campfire_choices":[{"data":"stsjorbsmod:TinyHut","floor":7,"key":"SMITH"},{"data":"stsjorbsmod:Prestidigitation","floor":13,"key":"SMITH"},{"data":"stsjorbsmod:EyeOfTheStorm","floor":15,"key":"SMITH"},{"floor":27,"key":"REST"},{"floor":32,"key":"RECALL"},{"floor":41,"key":"REST"}],"circlet_count":0,"master_deck":["stsjorbsmod:ForbiddenGrimoire+1","stsjorbsmod:Strike_Wanderer+1","stsjorbsmod:Strike_Wanderer+1","stsjorbsmod:Strike_Wanderer+1","stsjorbsmod:Strike_Wanderer+1","stsjorbsmod:Defend_Wanderer+1","stsjorbsmod:Defend_Wanderer+1","stsjorbsmod:Defend_Wanderer+1","stsjorbsmod:Defend_Wanderer+1","stsjorbsmod:FreshAdventure","stsjorbsmod:EyeOfTheStorm+1","stsjorbsmod:Trauma","stsjorbsmod:TinyHut+1","stsjorbsmod:Channel+1","stsjorbsmod:Message+1","stsjorbsmod:Prestidigitation+1","stsjorbsmod:Rediscovery","stsjorbsmod:WanderingMind","stsjorbsmod:HedgeWizard+1","stsjorbsmod:Patron","stsjorbsmod:Index","stsjorbsmod:Feast","stsjorbsmod:LocateObject+1","stsjorbsmod:Index+1","stsjorbsmod:FranticSearch+1","stsjorbsmod:Withdraw","stsjorbsmod:HedgeWizard"],"relics":["stsjorbsmod:GrimoireRelic","Pantograph","Happy Flower","Bronze Scales","Fusion Hammer","Centennial Puzzle","Mummified Hand","Omamori","War Paint","SlaversCollar","Nunchaku","Potion Belt","Boot"],"acts_visited":["Exordium","TheCity","TheBeyond"],"potions_floor_usage":[8],"damage_taken":[{"damage":0,"enemies":"2 Louse","floor":1,"turns":1},{"damage":10,"enemies":"Cultist","floor":3,"turns":4},{"damage":3,"enemies":"Jaw Worm","floor":5,"turns":3},{"damage":11,"enemies":"3 Sentries","floor":6,"turns":2},{"damage":23,"enemies":"Lagavulin Event","floor":8,"turns":7},{"damage":0,"enemies":"Exordium Wildlife","floor":14,"turns":1},{"damage":16,"enemies":"Slime Boss","floor":16,"turns":6},{"damage":3,"enemies":"Shell Parasite","floor":18,"turns":4},{"damage":30,"enemies":"Gremlin Leader","floor":23,"turns":8},{"damage":0,"enemies":"Book of Stabbing","floor":25,"turns":5},{"damage":6,"enemies":"Spheric Guardian","floor":28,"turns":3},{"damage":0,"enemies":"3 Cultists","floor":29,"turns":4},{"damage":1,"enemies":"Snake Plant","floor":31,"turns":3},{"damage":33,"enemies":"Automaton","floor":33,"turns":9},{"damage":6,"enemies":"3 Shapes","floor":35,"turns":3},{"damage":0,"enemies":"Orb Walker","floor":36,"turns":4},{"damage":17,"enemies":"Jaw Worm Horde","floor":38,"turns":3},{"damage":4,"enemies":"Sphere and 2 Shapes","floor":39,"turns":4},{"damage":22,"enemies":"Nemesis","floor":40,"turns":7},{"damage":15,"enemies":"Reptomancer","floor":42,"turns":8}],"seed_played":"1002762633891109353","potions_obtained":[{"floor":1,"key":"ColorlessPotion"},{"floor":3,"key":"SpeedPotion"},{"floor":4,"key":"Swift Potion"},{"floor":16,"key":"LiquidBronze"},{"floor":42,"key":"LiquidMemories"}],"is_trial":false,"path_per_floor":["M","?","M","?","M","E","R","?","T","$","?","$","R","M","R","B",null,"M","$","?","?","?","E","?","E","T","R","M","M","?","M","R","B",null,"M","M","$","M","M","E","R","E"],"character_chosen":"WANDERER","items_purchased":["Bronze Scales","stsjorbsmod:WanderingMind","Nunchaku"],"campfire_rested":2,"item_purchase_floors":[12,19,37],"current_hp_per_floor":[68,68,58,58,55,44,44,21,21,21,43,43,43,43,43,52,68,68,68,68,68,68,38,38,42,42,62,56,59,59,61,61,35,68,62,65,65,48,51,29,50,35,35],"gold":398,"neow_bonus":"ONE_RANDOM_RARE_CARD","is_daily":false,"chose_seed":false,"campfire_upgraded":3,"win_rate":0.0,"timestamp":1613718804,"path_taken":["M","?","M","?","?","E","R","?","T","$","?","?","R","M","R","BOSS","M","$","?","?","?","E","?","E","T","R","M","M","?","M","R","BOSS","M","M","$","M","M","E","R","E"],"items_purchased_type":["Relic","Card","Relic"],"build_version":"2020-12-22","purchased_purges":0,"victory":false,"max_hp_per_floor":[68,68,68,68,68,68,68,68,68,68,68,68,68,68,68,68,68,68,68,68,68,68,68,68,68,68,68,68,68,68,68,68,68,68,68,68,68,68,72,72,72,72,72],"card_choices":[{"not_picked":["stsjorbsmod:RayOfFrost","stsjorbsmod:ChatteringStrike"],"picked":"stsjorbsmod:TinyHut","floor":1},{"not_picked":["stsjorbsmod:TrueStrike","stsjorbsmod:Patron"],"picked":"stsjorbsmod:Channel","floor":3},{"not_picked":["stsjorbsmod:ScorchingRay","stsjorbsmod:ParryingBlow"],"picked":"stsjorbsmod:Message","floor":5},{"not_picked":["stsjorbsmod:BurningFlask","stsjorbsmod:DisguiseSelf","stsjorbsmod:Trauma"],"picked":"SKIP","floor":6},{"not_picked":["stsjorbsmod:DoubleCheck","stsjorbsmod:Will"],"picked":"stsjorbsmod:Prestidigitation","floor":8},{"not_picked":["stsjorbsmod:ScorchingRay","stsjorbsmod:BlackTentacles","stsjorbsmod:ParryingBlow"],"picked":"SKIP","floor":14},{"not_picked":["stsjorbsmod:Withdraw","stsjorbsmod:Pyromancy"],"picked":"stsjorbsmod:Rediscovery","floor":16},{"not_picked":["stsjorbsmod:BurningFlask","stsjorbsmod:ChainLightning","stsjorbsmod:MageArmor"],"picked":"SKIP","floor":18},{"not_picked":["stsjorbsmod:SmithingStrike","stsjorbsmod:MagicMirror","stsjorbsmod:WeightOfMemory"],"picked":"SKIP","floor":23},{"not_picked":["stsjorbsmod:Inferno","stsjorbsmod:UnseenServant"],"picked":"stsjorbsmod:Patron","floor":25},{"not_picked":["stsjorbsmod:ChainLightning","stsjorbsmod:Aid"],"picked":"stsjorbsmod:Index","floor":28},{"not_picked":["stsjorbsmod:Hibernate+1","stsjorbsmod:Channel","stsjorbsmod:MagicMirror"],"picked":"SKIP","floor":29},{"not_picked":["stsjorbsmod:Rest","stsjorbsmod:BookOfTongues","stsjorbsmod:RayOfFrost+1"],"picked":"SKIP","floor":31},{"not_picked":["stsjorbsmod:MirrorImage","stsjorbsmod:Banish"],"picked":"stsjorbsmod:Feast","floor":33},{"not_picked":["stsjorbsmod:Prestidigitation","stsjorbsmod:Will+1"],"picked":"stsjorbsmod:LocateObject+1","floor":35},{"not_picked":["stsjorbsmod:Mending+1","stsjorbsmod:BlackTentacles"],"picked":"stsjorbsmod:Index+1","floor":36},{"not_picked":["stsjorbsmod:DoubleCheck+1","stsjorbsmod:SmithingStrike+1"],"picked":"stsjorbsmod:FranticSearch+1","floor":38},{"not_picked":["stsjorbsmod:ArcaneWeapon+1","stsjorbsmod:ChainLightning+1"],"picked":"stsjorbsmod:Withdraw","floor":39},{"not_picked":["stsjorbsmod:WanderingMind","stsjorbsmod:Counterspell+1"],"picked":"stsjorbsmod:HedgeWizard","floor":40}],"player_experience":46335,"relics_obtained":[{"floor":6,"key":"Pantograph"},{"floor":8,"key":"Happy Flower"},{"floor":23,"key":"Mummified Hand"},{"floor":25,"key":"Omamori"},{"floor":26,"key":"War Paint"},{"floor":40,"key":"Potion Belt"},{"floor":42,"key":"Boot"}],"event_choices":[{"damage_healed":0,"gold_gain":0,"player_choice":"Ignored","damage_taken":0,"max_hp_gain":0,"max_hp_loss":0,"event_name":"Liars Game","floor":2,"gold_loss":0},{"damage_healed":0,"gold_gain":0,"player_choice":"Got Potions","damage_taken":0,"max_hp_gain":0,"max_hp_loss":0,"event_name":"Lab","floor":4,"gold_loss":0},{"damage_healed":0,"gold_gain":0,"player_choice":"Searched \u00271\u0027 times","damage_taken":0,"max_hp_gain":0,"max_hp_loss":0,"event_name":"Dead Adventurer","floor":8,"gold_loss":0},{"damage_healed":22,"gold_gain":0,"player_choice":"Banana","damage_taken":0,"max_hp_gain":0,"max_hp_loss":0,"event_name":"Big Fish","floor":11,"gold_loss":0},{"damage_healed":0,"gold_gain":0,"player_choice":"Ignored","damage_taken":0,"max_hp_gain":0,"max_hp_loss":0,"event_name":"Ghosts","floor":20,"gold_loss":0},{"damage_healed":0,"gold_gain":0,"player_choice":"Opened","damage_taken":0,"relics_obtained":["Centennial Puzzle"],"max_hp_gain":0,"max_hp_loss":0,"event_name":"The Mausoleum","floor":21,"gold_loss":0,"cards_obtained":["Writhe"]},{"damage_healed":0,"gold_gain":0,"player_choice":"Read","damage_taken":0,"max_hp_gain":0,"max_hp_loss":0,"event_name":"The Library","floor":22,"gold_loss":0,"cards_obtained":["stsjorbsmod:HedgeWizard"]},{"damage_healed":0,"gold_gain":0,"player_choice":"Simplicity","damage_taken":0,"max_hp_gain":0,"max_hp_loss":0,"event_name":"Back to Basics","floor":24,"gold_loss":0,"cards_upgraded":["stsjorbsmod:Strike_Wanderer","stsjorbsmod:Strike_Wanderer","stsjorbsmod:Strike_Wanderer","stsjorbsmod:Strike_Wanderer","stsjorbsmod:Defend_Wanderer","stsjorbsmod:Defend_Wanderer","stsjorbsmod:Defend_Wanderer","stsjorbsmod:Defend_Wanderer"]},{"damage_healed":0,"gold_gain":0,"cards_transformed":["Writhe"],"player_choice":"Transformed","damage_taken":0,"max_hp_gain":0,"max_hp_loss":0,"event_name":"Transmorgrifier","floor":30,"gold_loss":0,"cards_obtained":["Decay"]}],"is_beta":false,"boss_relics":[{"not_picked":["Runic Dome","Ectoplasm"],"picked":"Fusion Hammer"},{"not_picked":["Snecko Eye","Astrolabe"],"picked":"SlaversCollar"}],"items_purged_floors":[],"is_endless":false,"potions_floor_spawned":[1,3,16,28,29,38,39,42],"killed_by":"Reptomancer","ascension_level":0}}