{"host":"a1eatafr7pisesky","time":1613743115,"event":{"mods":["AchievementEnabler","BaseMod","Colored Map","Keyboard Shortcuts","Minty Spire (QoL Compilation)","Say the Spire","StSLib","SuperFastMode","everything is the same but u backflip on backflip"],"gold_per_floor":[111,111,37,54,54,54,81,81,81,81,95,111,36,48,48,124,124,137,137,150,20,34,34,34,64,89,89,115,40,40,40],"floor_reached":30,"language":"KOR","playtime":554,"items_purged":["Strike_P"],"score":631,"play_id":"60abcabc-04e6-44c5-8427-9ade88b901ac","local_time":"20210219225835","is_ascension_mode":true,"campfire_choices":[{"data":"EmptyFist","floor":6.0,"key":"SMITH"},{"data":"Tantrum","floor":8.0,"key":"SMITH"},{"floor":10.0,"key":"REST"},{"data":"FlurryOfBlows","floor":15.0,"key":"SMITH"},{"floor":23,"key":"REST"},{"data":"Adaptation","floor":24,"key":"SMITH"}],"circlet_count":0,"master_deck":["AscendersBane","Strike_P+1","Strike_P+1","Defend_P","Defend_P+1","Defend_P","Eruption+1","Vigilance","EmptyFist+1","MentalFortress","Tantrum+1","FlurryOfBlows+1","MentalFortress","Worship","FlurryOfBlows+1","LessonLearned","Adaptation+1","InnerPeace","Pray"],"relics":["PureWater","Bottled Flame","Yang","WingedGreaves","Black Star","CaptainsWheel","Centennial Puzzle","Whetstone","Toxic Egg 2","MealTicket","Incense Burner"],"acts_visited":["Exordium","TheCity"],"potions_floor_usage":[28,28,30],"damage_taken":[{"damage":1.0,"enemies":"Cultist","floor":1.0,"turns":4.0},{"damage":9.0,"enemies":"Small Slimes","floor":4.0,"turns":4.0},{"damage":21.0,"enemies":"3 Sentries","floor":7.0,"turns":4.0},{"damage":0.0,"enemies":"2 Louse","floor":11.0,"turns":2.0},{"damage":4.0,"enemies":"Exordium Wildlife","floor":12.0,"turns":2.0},{"damage":1.0,"enemies":"3 Louse","floor":14.0,"turns":2.0},{"damage":0.0,"enemies":"Slime Boss","floor":16.0,"turns":2.0},{"damage":17.0,"enemies":"3 Byrds","floor":18.0,"turns":6.0},{"damage":18.0,"enemies":"Chosen","floor":20.0,"turns":3.0},{"damage":16,"enemies":"Sentry and Sphere","floor":22,"turns":4},{"damage":0,"enemies":"Gremlin Leader","floor":25,"turns":7},{"damage":22,"enemies":"Slavers","floor":28,"turns":4},{"damage":10,"enemies":"Book of Stabbing","floor":30,"turns":1}],"seed_played":"-2934554052750421417","potions_obtained":[{"floor":11.0,"key":"Dexterity Potion"},{"floor":12.0,"key":"FearPotion"},{"floor":16.0,"key":"Swift Potion"},{"floor":20.0,"key":"StancePotion"},{"floor":28,"key":"Weak Potion"}],"is_trial":false,"path_per_floor":["M","T","$","M","?","R","E","R","T","R","M","M","$","M","R","B",null,"M","?","M","$","M","R","R","E","T","T","E","?","E"],"character_chosen":"WATCHER","items_purchased":["MentalFortress","InnerPeace","Pray"],"campfire_rested":2,"item_purchase_floors":[3,21,21],"current_hp_per_floor":[60,60,60,51,51,51,30,30,30,50,50,46,46,45,45,45,62,45,45,27,27,11,31,31,31,31,31,9,9,0,0],"gold":40,"neow_bonus":"REMOVE_CARD","is_daily":false,"chose_seed":false,"campfire_upgraded":4,"win_rate":0.0,"timestamp":1613743115,"path_taken":["M","?","$","?","?","R","E","R","T","R","?","M","$","?","R","BOSS","M","?","M","$","M","R","R","E","T","?","E","?","E"],"items_purchased_type":["Card","Card","Card"],"build_version":"2020-12-22","purchased_purges":1,"victory":false,"max_hp_per_floor":[68,68,68,68,68,68,68,68,68,68,68,68,68,68,68,68,68,68,68,68,68,68,68,68,68,68,68,68,68,68,68],"card_choices":[{"not_picked":["ClearTheMind","ThirdEye"],"picked":"EmptyFist","floor":1.0},{"not_picked":["Fasting2","ClearTheMind"],"picked":"Tantrum","floor":4.0},{"not_picked":["EmptyBody","SignatureMove"],"picked":"FlurryOfBlows","floor":7.0},{"not_picked":["Nirvana","Protect"],"picked":"MentalFortress","floor":11.0},{"not_picked":["PathToVictory","JustLucky"],"picked":"Worship","floor":12.0},{"not_picked":["Vengeance","CutThroughFate"],"picked":"FlurryOfBlows","floor":14.0},{"not_picked":["Omniscience","Alpha"],"picked":"LessonLearned","floor":16.0},{"not_picked":["PathToVictory","EmptyBody+1","WaveOfTheHand"],"picked":"SKIP","floor":18.0},{"not_picked":["Crescendo","Consecrate","EmptyBody"],"picked":"SKIP","floor":20.0},{"not_picked":["LikeWater","EmptyFist","BattleHymn"],"picked":"SKIP","floor":22},{"not_picked":["EmptyBody","JustLucky","SignatureMove"],"picked":"SKIP","floor":25},{"not_picked":["DeceiveReality+1","Crescendo+1","EmptyFist"],"picked":"SKIP","floor":28}],"player_experience":474336,"relics_obtained":[{"floor":2.0,"key":"Bottled Flame"},{"floor":7.0,"key":"Yang"},{"floor":9.0,"key":"WingedGreaves"},{"floor":25,"key":"CaptainsWheel"},{"floor":25,"key":"Centennial Puzzle"},{"floor":26,"key":"Whetstone"},{"floor":27,"key":"Toxic Egg 2"},{"floor":28,"key":"MealTicket"},{"floor":28,"key":"Incense Burner"}],"event_choices":[{"damage_healed":0.0,"max_hp_gain":0.0,"max_hp_loss":0.0,"gold_gain":0.0,"event_name":"Accursed Blacksmith","player_choice":"Forge","floor":5.0,"gold_loss":0.0,"damage_taken":0.0,"cards_upgraded":["Eruption"]},{"damage_healed":0.0,"max_hp_gain":0.0,"max_hp_loss":0.0,"gold_gain":0.0,"event_name":"The Library","player_choice":"Read","floor":19.0,"gold_loss":0.0,"damage_taken":0.0,"cards_obtained":["Adaptation"]},{"cards_removed":["Strike_P"],"damage_healed":0,"gold_gain":0,"player_choice":"Gave Gold","damage_taken":0,"max_hp_gain":0,"max_hp_loss":0,"event_name":"Beggar","floor":29,"gold_loss":75}],"is_beta":false,"boss_relics":[{"not_picked":["Coffee Dripper","Philosopher\u0027s Stone"],"picked":"Black Star"}],"items_purged_floors":[13],"is_endless":false,"potions_floor_spawned":[11,12,16,20,28],"killed_by":"Book of Stabbing","ascension_level":17}}