{"host":"sr8h12zimc8zi8zs","time":1613747607,"event":{"mods":["100% Spire Juice","2.2 Compatiblity","AchievementEnabler","BaseMod","CapriCore","GifTheSpireLib","Minty Spire (QoL Compilation)","Permanent Neow","StSLib"],"gold_per_floor":[109,34,51,51,126,126,126,144,144,165,196,47,61,95,95,225,225,238,238,254,35,48,83,83,114,114,135,135,160,178,132,132,258,258,271,604,293,309,323,323,323,323,374,386,403,423,81,4,4,4,4,4,4,38,38],"floor_reached":56,"language":"KOR","playtime":4465,"items_purged":["A Thousand Cuts"],"score":1299,"play_id":"0d44fe6e-cd9c-43d7-8d4f-a1a75e7e1b30","local_time":"20210220001327","is_ascension_mode":false,"campfire_choices":[{"floor":6,"key":"REST"},{"data":"Burst","floor":15,"key":"SMITH"},{"floor":28,"key":"RECALL"},{"floor":32,"key":"REST"},{"floor":40,"key":"REST"},{"floor":49,"key":"REST"},{"floor":52,"key":"REST"}],"circlet_count":0,"master_deck":["Survivor","Neutralize","Burst+1","Infinite Blades","Blur","Bouncing Flask","Venomology","Backflip","Crippling Poison","Escape Plan","Poisoned Stab","Cloak And Dagger+1","Deflect+1","Corpse Explosion+1","Acrobatics+1","Cloak And Dagger+1","Storm of Steel+1","Accuracy","Dodge and Roll+1","Quick Slash+1","Prepared+1","Prepared+1","Accuracy+1","Blade Dance+1","After Image","Calculated Gamble+1","Escape Plan+1","Calculated Gamble+1","Terror+1","Cloak And Dagger+1","Master of Strategy+1","Flash of Steel+1","Jack Of All Trades+1","Endless Agony+1","Outmaneuver+1","Concentrate+1","Tactician+1"],"relics":["Pandora\u0027s Box","Toxic Egg 2","Snake Skull","Incense Burner","Fusion Hammer","CultistMask","Molten Egg 2","Dead Branch","TungstenRod","Astrolabe","Torii","Bag of Preparation","Membership Card","Mango","TwistedFunnel","Bird Faced Urn"],"acts_visited":["Exordium","TheCity","TheBeyond","TheEnding"],"potions_floor_usage":[3,11,11,14,16,16,18,20,23,23,25,27,30,33,39,46,50,55,55,55],"damage_taken":[{"damage":10,"enemies":"Small Slimes","floor":1,"turns":4},{"damage":0,"enemies":"Jaw Worm","floor":3,"turns":3},{"damage":0,"enemies":"Cultist","floor":8,"turns":4},{"damage":13,"enemies":"Blue Slaver","floor":10,"turns":4},{"damage":0,"enemies":"Lagavulin","floor":11,"turns":5},{"damage":18,"enemies":"Red Slaver","floor":13,"turns":4},{"damage":0,"enemies":"Gremlin Nob","floor":14,"turns":3},{"damage":4,"enemies":"Slime Boss","floor":16,"turns":7},{"damage":7,"enemies":"2 Thieves","floor":18,"turns":3},{"damage":2,"enemies":"Shell Parasite","floor":20,"turns":4},{"damage":0,"enemies":"Centurion and Healer","floor":22,"turns":2},{"damage":12,"enemies":"Gremlin Leader","floor":23,"turns":6},{"damage":15,"enemies":"Book of Stabbing","floor":25,"turns":5},{"damage":10,"enemies":"Chosen and Byrds","floor":27,"turns":5},{"damage":3,"enemies":"Snecko","floor":29,"turns":5},{"damage":13,"enemies":"Centurion and Healer","floor":30,"turns":3},{"damage":10,"enemies":"Champ","floor":33,"turns":6},{"damage":0,"enemies":"Orb Walker","floor":35,"turns":3},{"damage":6,"enemies":"3 Darklings","floor":38,"turns":2},{"damage":0,"enemies":"Sphere and 2 Shapes","floor":39,"turns":3},{"damage":0,"enemies":"Maw","floor":44,"turns":6},{"damage":57,"enemies":"Writhing Mass","floor":45,"turns":4},{"damage":0,"enemies":"Sphere and 2 Shapes","floor":46,"turns":2},{"damage":18,"enemies":"Donu and Deca","floor":50,"turns":4},{"damage":0,"enemies":"Shield and Spear","floor":54,"turns":3},{"damage":23,"enemies":"The Heart","floor":55,"turns":8}],"seed_played":"-9057417136291613323","potions_obtained":[{"floor":8,"key":"LiquidMemories"},{"floor":11,"key":"LiquidBronze"},{"floor":14,"key":"PowerPotion"},{"floor":22,"key":"Poison Potion"},{"floor":25,"key":"CunningPotion"},{"floor":27,"key":"Dexterity Potion"},{"floor":33,"key":"Dexterity Potion"},{"floor":38,"key":"Dexterity Potion"},{"floor":54,"key":"Swift Potion"}],"is_trial":false,"path_per_floor":["M","$","M","?","?","R","$","M","T","M","E","$","M","E","R","B",null,"M","?","M","$","M","E","?","E","T","M","R","M","M","$","R","B",null,"M","?","$","M","M","R","?","?","T","M","M","M","$","$","R","B",null,"R","$","E","B",null],"character_chosen":"THE_SILENT","items_purchased":["Snake Skull","Storm of Steel+1","Accuracy","Blade Dance+1","Torii","Membership Card","Mango","Concentrate+1","Tactician+1","TwistedFunnel"],"campfire_rested":5,"item_purchase_floors":[12,21,21,31,37,47,47,47,47,48],"current_hp_per_floor":[60,60,60,43,32,53,53,53,53,40,54,54,36,36,36,32,70,63,63,61,61,61,64,64,49,49,39,39,36,23,23,44,34,70,70,70,70,64,64,70,70,61,61,61,4,4,18,18,43,25,84,84,84,84,65],"gold":38,"neow_bonus":"BOSS_RELIC","is_daily":false,"chose_seed":false,"campfire_upgraded":1,"win_rate":0.0,"timestamp":1613747607,"path_taken":["M","$","M","?","?","R","?","?","T","M","E","$","M","E","R","BOSS","M","?","?","?","M","E","?","E","T","M","R","M","?","$","R","BOSS","M","?","$","M","M","R","?","?","T","M","M","M","?","$","R","BOSS","R","$","E","BOSS"],"items_purchased_type":["Relic","Card","Card","Card","Relic","Relic","Relic","Card","Card","Relic"],"build_version":"2020-12-22","purchased_purges":1,"victory":true,"max_hp_per_floor":[70,70,70,70,70,70,70,70,70,70,70,70,70,70,70,70,70,70,70,70,70,70,70,70,70,70,70,70,70,70,70,70,70,70,70,70,70,70,70,70,70,70,70,70,70,70,84,84,84,84,84,84,84,84,84],"card_choices":[{"not_picked":["Dagger Spray","Acrobatics"],"picked":"Backflip","floor":1},{"not_picked":["Prepared","Reflex"],"picked":"Crippling Poison","floor":3},{"not_picked":["Bane","Poisoned Stab"],"picked":"Escape Plan","floor":8},{"not_picked":["Outmaneuver","Acrobatics"],"picked":"Poisoned Stab","floor":10},{"not_picked":["Glass Knife","Poisoned Stab"],"picked":"Cloak And Dagger+1","floor":11},{"not_picked":["Poisoned Stab","Underhanded Strike","Flying Knee"],"picked":"SKIP","floor":13},{"not_picked":["Dagger Spray","Dagger Throw"],"picked":"Deflect+1","floor":14},{"not_picked":["Die Die Die","Wraith Form v2"],"picked":"Corpse Explosion+1","floor":16},{"not_picked":["Quick Slash","Distraction+1"],"picked":"Acrobatics+1","floor":18},{"not_picked":["Dodge and Roll+1","Escape Plan+1"],"picked":"Cloak And Dagger+1","floor":20},{"not_picked":["Underhanded Strike","Poisoned Stab"],"picked":"Dodge and Roll+1","floor":22},{"not_picked":["Riddle With Holes+1","Footwork"],"picked":"Quick Slash+1","floor":23},{"not_picked":["Sucker Punch+1","Leg Sweep+1"],"picked":"Prepared+1","floor":25},{"not_picked":["Acrobatics+1","Poisoned Stab+1","Deadly Poison+1"],"picked":"SKIP","floor":27},{"not_picked":["Skewer+1","Dagger Throw+1"],"picked":"Prepared+1","floor":29},{"not_picked":["Dash+1","Flying Knee+1"],"picked":"Accuracy+1","floor":30},{"not_picked":["A Thousand Cuts","Corpse Explosion+1"],"picked":"After Image","floor":33},{"not_picked":["Quick Slash+1","Distraction+1"],"picked":"Terror+1","floor":35},{"not_picked":["Backflip+1","Deadly Poison+1","Well Laid Plans"],"picked":"SKIP","floor":38},{"not_picked":["Quick Slash+1","Dagger Throw+1"],"picked":"Cloak And Dagger+1","floor":39},{"not_picked":["Good Instincts+1","Dramatic Entrance+1"],"picked":"Master of Strategy+1","floor":42},{"not_picked":["Enlightenment+1","Secret Weapon+1"],"picked":"Flash of Steel+1","floor":42},{"not_picked":["Metamorphosis+1","Master of Strategy+1"],"picked":"Jack Of All Trades+1","floor":42},{"not_picked":["Bane+1","Blur+1"],"picked":"Endless Agony+1","floor":44},{"not_picked":["Bane+1","Prepared+1"],"picked":"Outmaneuver+1","floor":45},{"not_picked":["Predator+1","Acrobatics+1","Footwork+1"],"picked":"SKIP","floor":46},{"not_picked":["Sucker Punch+1","Grand Finale+1","Slice+1"],"picked":"SKIP","floor":54}],"player_experience":150874,"relics_obtained":[{"floor":11,"key":"Toxic Egg 2"},{"floor":14,"key":"Incense Burner"},{"floor":23,"key":"Molten Egg 2"},{"floor":25,"key":"Dead Branch"},{"floor":26,"key":"TungstenRod"},{"floor":43,"key":"Bag of Preparation"},{"floor":54,"key":"Bird Faced Urn"}],"event_choices":[{"damage_healed":0,"gold_gain":0,"player_choice":"Take Damage","damage_taken":17,"relics_obtained":["Golden Idol"],"max_hp_gain":0,"max_hp_loss":0,"event_name":"Golden Idol","floor":4,"gold_loss":0},{"damage_healed":0,"gold_gain":75,"player_choice":"Gather Gold","damage_taken":11,"max_hp_gain":0,"max_hp_loss":0,"event_name":"World of Goop","floor":5,"gold_loss":0},{"damage_healed":0,"gold_gain":0,"player_choice":"Trade","damage_taken":0,"relics_obtained":["CultistMask"],"max_hp_gain":0,"max_hp_loss":0,"event_name":"FaceTrader","floor":19,"gold_loss":0},{"damage_healed":0,"gold_gain":0,"player_choice":"Ignored","damage_taken":0,"max_hp_gain":0,"max_hp_loss":0,"event_name":"Vampires","floor":24,"gold_loss":0},{"damage_healed":0,"gold_gain":333,"player_choice":"Gave Idol","damage_taken":0,"max_hp_gain":0,"max_hp_loss":0,"event_name":"The Moai Head","floor":36,"relics_lost":["Golden Idol"],"gold_loss":0},{"cards_removed":["Poisoned Stab"],"damage_healed":0,"gold_gain":0,"player_choice":"Removed Attack","damage_taken":0,"max_hp_gain":0,"max_hp_loss":0,"event_name":"Falling","floor":41,"gold_loss":0},{"damage_healed":0,"gold_gain":0,"player_choice":"Memory 3","damage_taken":10,"max_hp_gain":0,"max_hp_loss":0,"event_name":"SensoryStone","floor":42,"gold_loss":0}],"is_beta":false,"boss_relics":[{"not_picked":["Runic Dome","Snecko Eye"],"picked":"Fusion Hammer"},{"not_picked":["Runic Pyramid","Philosopher\u0027s Stone"],"picked":"Astrolabe"}],"items_purged_floors":[2],"is_endless":false,"potions_floor_spawned":[8,11,14,22,25,27,33,38,54],"ascension_level":0}}