{"host":"k919bq8mkuzdqhzi","time":1613778204,"event":{"mods":["AchievementEnabler","BaseMod","Colored Map","Colored Powertips","DeckTracker","Minty Spire (QoL Compilation)","Relic Sorter","SuperFastMode"],"gold_per_floor":[118,118,130,149,149,149,161,161,161,161,161],"floor_reached":10,"language":"ENG","playtime":412,"items_purged":[],"score":58,"play_id":"2573f6e1-b5dc-42e1-a171-561a6a6a9ee7","local_time":"20210219184324","is_ascension_mode":false,"campfire_choices":[{"data":"WaveOfTheHand","floor":6,"key":"SMITH"}],"circlet_count":0,"master_deck":["Strike_P","Strike_P","Strike_P","Strike_P","Defend_P+1","Defend_P","Defend_P+1","Defend_P","Eruption+1","Vigilance+1","BattleHymn","Perseverance","WaveOfTheHand+1","CutThroughFate"],"relics":["PureWater","HornCleat","Toxic Egg 2"],"acts_visited":["Exordium"],"potions_floor_usage":[7],"damage_taken":[{"damage":2,"enemies":"2 Louse","floor":1,"turns":2},{"damage":10,"enemies":"Jaw Worm","floor":3,"turns":3},{"damage":0,"enemies":"Cultist","floor":4,"turns":3},{"damage":20,"enemies":"3 Louse","floor":7,"turns":3},{"damage":33,"enemies":"Lagavulin","floor":10,"turns":3}],"seed_played":"-8325703083791885618","potions_obtained":[{"floor":1,"key":"Ancient Potion"},{"floor":3,"key":"Fire Potion"},{"floor":4,"key":"GamblersBrew"}],"is_trial":false,"path_per_floor":["M","?","M","M","?","R","M","T","T","E"],"character_chosen":"WATCHER","items_purchased":[],"campfire_rested":0,"item_purchase_floors":[],"current_hp_per_floor":[70,56,46,46,46,46,26,26,26,0,0],"gold":161,"neow_bonus":"UPGRADE_CARD","is_daily":false,"chose_seed":false,"campfire_upgraded":1,"win_rate":0.0,"timestamp":1613778204,"path_taken":["M","?","M","M","?","R","M","?","T","E"],"items_purchased_type":[],"build_version":"2020-12-22","purchased_purges":0,"victory":false,"max_hp_per_floor":[72,72,72,72,72,72,72,72,72,72,72],"card_choices":[{"not_picked":["Evaluate","JustLucky"],"picked":"BattleHymn","floor":1},{"not_picked":["Halt","Evaluate"],"picked":"Perseverance","floor":3},{"not_picked":["WheelKick","ForeignInfluence"],"picked":"WaveOfTheHand","floor":4},{"not_picked":["BowlingBash","SashWhip"],"picked":"CutThroughFate","floor":7}],"player_experience":170033,"relics_obtained":[{"floor":8,"key":"HornCleat"},{"floor":9,"key":"Toxic Egg 2"}],"event_choices":[{"damage_healed":0,"gold_gain":0,"player_choice":"Entered Light","damage_taken":14,"max_hp_gain":0,"max_hp_loss":0,"event_name":"Shining Light","floor":2,"gold_loss":0,"cards_upgraded":["Defend_P","Defend_P"]},{"damage_healed":0,"gold_gain":0,"player_choice":"Grow","damage_taken":0,"max_hp_gain":0,"max_hp_loss":0,"event_name":"Living Wall","floor":5,"gold_loss":0,"cards_upgraded":["Vigilance"]}],"is_beta":false,"boss_relics":[],"items_purged_floors":[],"is_endless":false,"potions_floor_spawned":[1,3,4],"killed_by":"Lagavulin","ascension_level":0}}