{"host":"ju66gn9zov5ov15o","time":1613757635,"event":{"mods":["100% Spire Juice","2.2 Compatiblity","Act Like it!","Aspiration","BaseMod","Conspire","Downfall","GifTheSpireLib","Hubris","Lobotomy","LobotomyExtend","Marisa????????","Minty Spire (QoL Compilation)","Pale of the Ancients","Rare Cards Sparkle","Relic Stats","Ruina","Shapeshifter Mod","StSLib","The Alterego","The Animator"],"gold_per_floor":[119,119,129,144,94,120,137,167,194,206,231,243,283,311,323,440,452,477,404,431,455,478,490,502,544,628,672,684,696,696],"floor_reached":29,"language":"ENG","playtime":1252,"items_purged":[],"score":585,"play_id":"caee672f-e041-493e-9df8-3b2cb4be5e0e","local_time":"20210219190035","is_ascension_mode":true,"campfire_choices":[{"floor":12,"key":"REST"},{"data":"Inflame","floor":15,"key":"SMITH"},{"data":"True Grit","floor":23,"key":"SMITH"},{"data":"Feed","floor":28,"key":"SMITH"}],"circlet_count":0,"master_deck":["Strike_R","Strike_R","Strike_R","Strike_R","Strike_R","Defend_R","Bash","Bloodbath","Anger","Alriune","Infernal Blade","OldLady","Armaments+1","FairyFestival","Inflame","WhitesApple","Twin Strike","Parasite","CENSORED","Parasite","Woodsman","Inflame+1","Parasite","GreedKing","Feed+1","BlackSwan","True Grit+1","Parasite","Scarecrow","True Grit+1","Fire Breathing+1","NakedNest","Wild Strike","Parasite","BlueStar","Parasite","Havoc+1","Parasite"],"relics":["Burning Blood","CogitoBucket","LetterFromLob","CaptainsWheel","MawBank","TreeSap","aspiration:ChemicalBlood","Coffee Dripper","Pen Nib","LuminousBracelet","Centennial Puzzle","Toxic Egg 2","Shuriken"],"acts_visited":["Exordium","TheCity"],"potions_floor_usage":[6,16,16,16,20,20,20,22,25,25,27,27,29,29,29,29,29],"damage_taken":[{"damage":0,"enemies":"Small Slimes","floor":1,"turns":5},{"damage":7,"enemies":"2 Louse","floor":3,"turns":5},{"damage":5,"enemies":"Cultist","floor":4,"turns":4},{"damage":30,"enemies":"3 Sentries","floor":6,"turns":6},{"damage":23,"enemies":"Exordium Thugs","floor":7,"turns":4},{"damage":24,"enemies":"Lots of Slimes","floor":11,"turns":3},{"damage":31,"enemies":"Gremlin Nob","floor":13,"turns":4},{"damage":15,"enemies":"2 Fungi Beasts","floor":14,"turns":3},{"damage":31,"enemies":"Slime Boss","floor":16,"turns":8},{"damage":12,"enemies":"Spheric Guardian","floor":18,"turns":4},{"damage":47,"enemies":"Chosen","floor":20,"turns":4},{"damage":62,"enemies":"Snecko","floor":21,"turns":6},{"damage":34,"enemies":"Shelled Parasite and Fungi","floor":22,"turns":3},{"damage":51,"enemies":"Book of Stabbing","floor":25,"turns":5},{"damage":44,"enemies":"Slavers","floor":27,"turns":5},{"damage":173,"enemies":"Cultist and Chosen","floor":29,"turns":6}],"seed_played":"8514840864338742011","potions_obtained":[{"floor":4,"key":"Fire Potion"},{"floor":11,"key":"CultistPotion"},{"floor":13,"key":"SteroidPotion"},{"floor":14,"key":"Guardian:BlockOnCardUsePotion"},{"floor":18,"key":"Swift Potion"},{"floor":22,"key":"Fruit Juice"}],"is_trial":false,"path_per_floor":["M","?","M","M","?","E","M","?","T","?","M","R","E","M","R","B",null,"M","?","M","M","M","R","$","E","T","E","R","M"],"character_chosen":"IRONCLAD","items_purchased":[],"campfire_rested":1,"item_purchase_floors":[],"current_hp_per_floor":[78,78,78,80,80,56,40,40,40,40,24,48,34,30,30,59,75,79,79,81,64,79,79,79,80,80,96,96,0,0],"gold":696,"neow_bonus":"","is_daily":false,"chose_seed":false,"campfire_upgraded":3,"win_rate":0.0,"timestamp":1613757635,"path_taken":["M","?","M","M","?","E","M","?","T","?","?","R","E","?","R","BOSS","M","?","M","M","M","R","$","E","T","E","R","M"],"items_purchased_type":[],"build_version":"2020-12-22","purchased_purges":0,"victory":false,"max_hp_per_floor":[80,80,80,80,80,80,80,80,80,80,80,80,80,80,80,80,80,80,80,95,95,103,103,103,108,108,111,111,115,115],"relic_stats":{"Centennial Puzzle":[6],"counters":[19,78],"Shuriken":[2],"Pen Nib":[4],"MawBank":240,"obtain_stats":[{"LuminousBracelet":20,"Pen Nib":19,"MawBank":9,"Burning Blood":0,"CogitoBucket":0,"CaptainsWheel":6,"Centennial Puzzle":25,"Shuriken":27,"TreeSap":11,"LetterFromLob":1,"Coffee Dripper":17,"Toxic Egg 2":26,"aspiration:ChemicalBlood":13},{"LuminousBracelet":13,"Pen Nib":11,"MawBank":5,"Burning Blood":0,"CogitoBucket":0,"CaptainsWheel":4,"Centennial Puzzle":16,"Shuriken":17,"TreeSap":7,"LetterFromLob":1,"Coffee Dripper":10,"Toxic Egg 2":16,"aspiration:ChemicalBlood":8},{"LuminousBracelet":52,"Pen Nib":47,"MawBank":24,"Burning Blood":0,"CogitoBucket":0,"CaptainsWheel":20,"Centennial Puzzle":66,"Shuriken":71,"TreeSap":28,"LetterFromLob":5,"Coffee Dripper":43,"Toxic Egg 2":66,"aspiration:ChemicalBlood":32}],"Burning Blood":89},"card_choices":[{"not_picked":["VoidDream","CherryBlossoms"],"picked":"Bloodbath","floor":1},{"not_picked":["Warcry","hubris:SharpeningStone"],"picked":"Anger","floor":1},{"not_picked":["SpiderBud","Wellcheers"],"picked":"Alriune","floor":3},{"not_picked":["Headbutt","Heavy Blade"],"picked":"Infernal Blade","floor":3},{"not_picked":["Scorched","HeroicMonk"],"picked":"OldLady","floor":4},{"not_picked":["Twin Strike","Havoc"],"picked":"Armaments","floor":4},{"not_picked":["FieryBird","WallGazer"],"picked":"FairyFestival","floor":6},{"not_picked":["conspire:ExplosiveBarrier","Headbutt"],"picked":"Inflame","floor":6},{"not_picked":["MHz","QueenBee"],"picked":"WhitesApple","floor":7},{"not_picked":["Flex","Sever Soul"],"picked":"Twin Strike","floor":7},{"not_picked":["SpiderBud","WallGazer"],"picked":"CENSORED","floor":11},{"not_picked":["Thunderclap","conspire:HitWhereItHurts","Wild Strike"],"picked":"SKIP","floor":11},{"not_picked":["hubris:CleavingFinish","Wild Strike","Blood for Blood"],"picked":"SKIP","floor":13},{"not_picked":["MeatLantern","HappyTeddy","OSAHOGD"],"picked":"Singing Bowl","floor":14},{"not_picked":["Murderer","MeatLantern"],"picked":"Woodsman","floor":14},{"not_picked":["Clothesline","Clash"],"picked":"Inflame","floor":14},{"not_picked":["SpiderBud","Scorched","MHz"],"picked":"Singing Bowl","floor":16},{"not_picked":["HeroicMonk","WallGazer"],"picked":"GreedKing","floor":16},{"not_picked":["Fiend Fire","Immolate"],"picked":"Feed","floor":16},{"not_picked":["SpiderBud","MeatLantern"],"picked":"BlackSwan","floor":18},{"not_picked":["Flex","Sword Boomerang"],"picked":"True Grit+1","floor":18},{"not_picked":["HeroicMonk","MeatLantern"],"picked":"Scarecrow","floor":20},{"not_picked":["Iron Wave","Whirlwind+1"],"picked":"True Grit","floor":20},{"not_picked":["Clothesline","Twin Strike"],"picked":"Fire Breathing+1","floor":21},{"not_picked":["Variant","WallGazer"],"picked":"NakedNest","floor":22},{"not_picked":["Armaments","Anger+1"],"picked":"Wild Strike","floor":22},{"not_picked":["MHz","WallGazer"],"picked":"BlueStar","floor":25},{"not_picked":["hubris:ReadiedAction","Thunderclap","Anger+1"],"picked":"SKIP","floor":25},{"not_picked":["HappyTeddy","ShyLook","HeroicMonk"],"picked":"Singing Bowl","floor":27},{"not_picked":["Body Slam","Metallicize"],"picked":"Havoc+1","floor":27}],"player_experience":506592,"relics_obtained":[{"floor":1,"key":"LetterFromLob"},{"floor":6,"key":"CaptainsWheel"},{"floor":9,"key":"MawBank"},{"floor":13,"key":"aspiration:ChemicalBlood"},{"floor":25,"key":"Centennial Puzzle"},{"floor":26,"key":"Toxic Egg 2"},{"floor":27,"key":"Shuriken"}],"event_choices":[{"damage_healed":0,"gold_gain":0,"player_choice":"Leave","damage_taken":0,"max_hp_gain":0,"max_hp_loss":0,"event_name":"conspire:Investor","floor":2,"gold_loss":0},{"cards_removed":["Defend_R"],"damage_healed":0,"gold_gain":0,"player_choice":"Card Removal","damage_taken":0,"max_hp_gain":0,"max_hp_loss":0,"event_name":"The Cleric","floor":5,"gold_loss":50},{"damage_healed":0,"gold_gain":30,"player_choice":"Searched \u00271\u0027 times","damage_taken":0,"max_hp_gain":0,"max_hp_loss":0,"event_name":"Dead Adventurer","floor":8,"gold_loss":0},{"damage_healed":0,"gold_gain":0,"player_choice":"Forge","damage_taken":0,"max_hp_gain":0,"max_hp_loss":0,"event_name":"Accursed Blacksmith","floor":10,"gold_loss":0,"cards_upgraded":["Armaments"]},{"damage_healed":0,"gold_gain":0,"player_choice":"Obtained Relic","damage_taken":0,"relics_obtained":["Pen Nib"],"max_hp_gain":0,"max_hp_loss":0,"event_name":"Addict","floor":19,"gold_loss":85}],"is_beta":false,"boss_relics":[{"not_picked":["Busted Crown","Runic Cube"],"picked":"Coffee Dripper"}],"items_purged_floors":[],"is_endless":false,"potions_floor_spawned":[4,11,13,14,18,21,27],"killed_by":"Cultist and Chosen","ascension_level":8}}