{"host":"Vegetablebread","time":1613759247,"event":{"mods":["BaseMod","Bestiary","Minty Spire (QoL Compilation)","Relic Stats"],"gold_per_floor":[114,114,125,138,138,138,164,182,209,243,208,224,256,2,2,75,75,54,3,3,3,14,14,33,33,59,93,112,137,170,181,181,181,181],"floor_reached":33,"language":"ENG","playtime":8493,"items_purged":[],"score":610,"play_id":"bbf2a6fa-e309-48f5-97a0-d1c395fc978f","local_time":"20210219102727","is_ascension_mode":true,"campfire_choices":[{"data":"Twin Strike","floor":6,"key":"SMITH"},{"data":"Evolve","floor":15,"key":"SMITH"},{"data":"Uppercut","floor":23,"key":"SMITH"},{"data":"Demon Form","floor":25,"key":"SMITH"},{"data":"Burning Pact","floor":32,"key":"SMITH"}],"circlet_count":0,"master_deck":["AscendersBane","Strike_R","Strike_R","Strike_R","Strike_R","Strike_R","Defend_R","Defend_R","Defend_R","Defend_R","Bash","Demon Form+1","Twin Strike+1","Twin Strike","Disarm","Uppercut+1","Evolve+1","Hemokinesis","Feel No Pain","True Grit","Reaper","Burning Pact+1","Double Tap","Reckless Charge","Battle Trance","Barricade","Intimidate"],"relics":["Burning Blood","Bottled Flame","Bird Faced Urn","Ancient Tea Set","Happy Flower","Philosopher\u0027s Stone","Centennial Puzzle","Nloth\u0027s Gift","Akabeko","Bag of Preparation","Red Mask","Letter Opener"],"acts_visited":["Exordium","TheCity"],"potions_floor_usage":[8,12,13,16,27,28,29,31,33],"damage_taken":[{"damage":4,"enemies":"Small Slimes","floor":1,"turns":4},{"damage":9,"enemies":"Jaw Worm","floor":3,"turns":4},{"damage":1,"enemies":"Cultist","floor":4,"turns":3},{"damage":35,"enemies":"3 Sentries","floor":7,"turns":6},{"damage":7,"enemies":"Large Slime","floor":8,"turns":5},{"damage":27,"enemies":"Gremlin Nob","floor":10,"turns":4},{"damage":5,"enemies":"Red Slaver","floor":12,"turns":3},{"damage":20,"enemies":"Lagavulin","floor":13,"turns":6},{"damage":18,"enemies":"Hexaghost","floor":16,"turns":9},{"damage":45,"enemies":"2 Thieves","floor":18,"turns":5},{"damage":28,"enemies":"3 Byrds","floor":22,"turns":8},{"damage":31,"enemies":"Centurion and Healer","floor":24,"turns":10},{"damage":29,"enemies":"Slavers","floor":27,"turns":8},{"damage":10,"enemies":"Snake Plant","floor":28,"turns":5},{"damage":22,"enemies":"Masked Bandits","floor":29,"turns":4},{"damage":64,"enemies":"Book of Stabbing","floor":30,"turns":5},{"damage":35,"enemies":"3 Cultists","floor":31,"turns":5},{"damage":102,"enemies":"Automaton","floor":33,"turns":6}],"seed_played":"-8797073258165259382","potions_obtained":[{"floor":3,"key":"ElixirPotion"},{"floor":7,"key":"Swift Potion"},{"floor":8,"key":"Swift Potion"},{"floor":10,"key":"AttackPotion"},{"floor":16,"key":"SpeedPotion"},{"floor":22,"key":"AttackPotion"},{"floor":27,"key":"AttackPotion"},{"floor":29,"key":"LiquidMemories"},{"floor":31,"key":"DistilledChaos"}],"is_trial":false,"path_per_floor":["M","?","M","M","T","R","E","M","T","E","?","M","E","$","R","B",null,"M","?","$","?","M","R","M","R","T","E","M","?","E","M","R","B"],"character_chosen":"IRONCLAD","items_purchased":["Happy Flower","True Grit","Block Potion"],"campfire_rested":0,"item_purchase_floors":[14,14,14],"current_hp_per_floor":[70,75,72,77,77,77,48,47,47,26,46,49,41,41,41,35,69,44,44,44,44,33,33,41,41,41,46,56,52,12,69,69,0,0],"gold":181,"neow_bonus":"ONE_RANDOM_RARE_CARD","is_daily":false,"chose_seed":false,"campfire_upgraded":5,"win_rate":0.0,"timestamp":1613759247,"path_taken":["M","?","M","M","?","R","E","M","T","E","?","M","E","$","R","BOSS","M","?","?","?","M","R","?","R","T","E","M","?","E","M","R","BOSS"],"items_purchased_type":["Relic","Card","Potion"],"build_version":"2020-12-18","purchased_purges":0,"victory":false,"max_hp_per_floor":[75,80,80,80,80,80,80,80,80,80,80,80,80,80,80,80,80,80,80,80,80,80,80,80,80,80,80,80,80,80,80,80,80,80],"relic_stats":{"Centennial Puzzle":[24],"Happy Flower":[21],"counters":[18,100],"Bird Faced Urn":[62],"Nloth\u0027s Gift":2,"Bag of Preparation":[10],"Letter Opener":[25],"obtain_stats":[{"Happy Flower":14,"Bag of Preparation":27,"Letter Opener":30,"Ancient Tea Set":13,"Burning Blood":0,"Akabeko":26,"Bottled Flame":7,"Centennial Puzzle":19,"Bird Faced Urn":10,"Philosopher\u0027s Stone":17,"Nloth\u0027s Gift":21,"Red Mask":29,"Champion Belt":5},{"Happy Flower":8,"Bag of Preparation":13,"Letter Opener":16,"Ancient Tea Set":8,"Burning Blood":0,"Akabeko":12,"Bottled Flame":4,"Centennial Puzzle":10,"Bird Faced Urn":6,"Philosopher\u0027s Stone":9,"Nloth\u0027s Gift":10,"Red Mask":15,"Champion Belt":3},{"Happy Flower":35,"Bag of Preparation":75,"Letter Opener":89,"Ancient Tea Set":35,"Burning Blood":0,"Akabeko":67,"Bottled Flame":17,"Centennial Puzzle":49,"Bird Faced Urn":26,"Philosopher\u0027s Stone":44,"Nloth\u0027s Gift":49,"Red Mask":84,"Champion Belt":11}],"Burning Blood":102},"card_choices":[{"not_picked":["Shrug It Off","Anger"],"picked":"Twin Strike","floor":1},{"not_picked":["Shrug It Off","Armaments"],"picked":"Twin Strike","floor":3},{"not_picked":["Twin Strike","Combust"],"picked":"Disarm","floor":4},{"not_picked":["Barricade","Metallicize"],"picked":"Uppercut","floor":7},{"not_picked":["Fire Breathing","Havoc"],"picked":"Evolve","floor":8},{"not_picked":["Dark Embrace","Warcry"],"picked":"Hemokinesis","floor":10},{"not_picked":["Body Slam","Perfected Strike"],"picked":"Feel No Pain","floor":12},{"not_picked":["Warcry","Intimidate","Fire Breathing"],"picked":"SKIP","floor":13},{"not_picked":["Brutality","Juggernaut"],"picked":"Reaper","floor":16},{"not_picked":["Perfected Strike","True Grit"],"picked":"Burning Pact","floor":18},{"not_picked":["Pommel Strike","Intimidate"],"picked":"Double Tap","floor":22},{"not_picked":["Flex","Clothesline+1","Anger"],"picked":"SKIP","floor":24},{"not_picked":["Flex","Clothesline+1","Anger"],"picked":"SKIP","floor":24},{"not_picked":["Rage+1","Sword Boomerang"],"picked":"Reckless Charge","floor":27},{"not_picked":["Clash","Headbutt","Pommel Strike"],"picked":"SKIP","floor":28},{"not_picked":["Fire Breathing","Reckless Charge"],"picked":"Battle Trance","floor":29},{"not_picked":["Juggernaut","Ghostly Armor+1"],"picked":"Barricade","floor":30},{"not_picked":["Flex+1","Hemokinesis"],"picked":"Intimidate","floor":31}],"player_experience":10571763,"relics_obtained":[{"floor":5,"key":"Champion Belt"},{"floor":7,"key":"Bottled Flame"},{"floor":10,"key":"Bird Faced Urn"},{"floor":13,"key":"Ancient Tea Set"},{"floor":26,"key":"Akabeko"},{"floor":27,"key":"Bag of Preparation"},{"floor":29,"key":"Red Mask"},{"floor":30,"key":"Letter Opener"}],"event_choices":[{"damage_healed":0,"gold_gain":0,"player_choice":"Donut","damage_taken":0,"max_hp_gain":5,"max_hp_loss":0,"event_name":"Big Fish","floor":2,"gold_loss":0},{"damage_healed":20,"gold_gain":0,"player_choice":"Healed","damage_taken":0,"max_hp_gain":0,"max_hp_loss":0,"event_name":"The Cleric","floor":11,"gold_loss":35},{"damage_healed":0,"gold_gain":0,"player_choice":"Paid Gold","damage_taken":0,"relics_obtained":["Centennial Puzzle"],"max_hp_gain":0,"max_hp_loss":0,"event_name":"WeMeetAgain","floor":19,"gold_loss":51},{"damage_healed":0,"gold_gain":0,"player_choice":"Traded Relic","damage_taken":0,"relics_obtained":["Nloth\u0027s Gift"],"max_hp_gain":0,"max_hp_loss":0,"event_name":"N\u0027loth","floor":21,"relics_lost":["Champion Belt"],"gold_loss":0},{"damage_healed":0,"gold_gain":0,"player_choice":"Fought Bandits","damage_taken":0,"max_hp_gain":0,"max_hp_loss":0,"event_name":"Masked Bandits","floor":29,"gold_loss":0}],"is_beta":true,"boss_relics":[{"not_picked":["Empty Cage","Ectoplasm"],"picked":"Philosopher\u0027s Stone"}],"items_purged_floors":[],"is_endless":false,"potions_floor_spawned":[3,7,8,10,16,22,27,29,31],"killed_by":"Automaton","ascension_level":20}}