{"host":"oigynbtg272c19pw","time":1613756046,"event":{"mods":["BaseMod","Colored Map","Minty Spire (QoL Compilation)","Relic Stats","Slay the Relics Exporter","StSLib"],"gold_per_floor":[119,44,44,56,13,44,44,76,76,76,89,89,13,29,29,100,100,113,131,12,24,24,24,24,24],"floor_reached":24,"playtime":1130,"items_purged":["Strike_P"],"score":558,"play_id":"0883f9a2-896e-4293-9ece-47e53cd8b1c1","local_time":"20210219183406","is_ascension_mode":true,"campfire_choices":[{"data":"1","floor":7.0,"key":"LIFT"},{"data":"2","floor":10.0,"key":"LIFT"},{"data":"3","floor":12.0,"key":"LIFT"},{"data":"SignatureMove","floor":15.0,"key":"SMITH"},{"floor":23,"key":"REST"}],"circlet_count":0,"master_deck":["AscendersBane","Strike_P","Strike_P","Defend_P","Defend_P","Defend_P","Eruption","Vigilance","Protect","ThirdEye","SignatureMove+1","Adaptation","Collect","Wallop","Establishment","DeusExMachina","WaveOfTheHand","Wireheading","Ghostly","Ghostly","Ghostly"],"relics":["Snecko Eye","Girya","TungstenRod","Lizard Tail","Black Star"],"acts_visited":["Exordium","TheCity"],"potions_floor_usage":[16],"damage_taken":[{"damage":6.0,"enemies":"2 Louse","floor":1.0,"turns":3.0},{"damage":0.0,"enemies":"Jaw Worm","floor":4.0,"turns":1.0},{"damage":5.0,"enemies":"3 Sentries","floor":6.0,"turns":6.0},{"damage":0.0,"enemies":"Lagavulin","floor":8.0,"turns":3.0},{"damage":0.0,"enemies":"Cultist","floor":11.0,"turns":2.0},{"damage":0.0,"enemies":"Looter","floor":14.0,"turns":3.0},{"damage":0,"enemies":"The Guardian","floor":16,"turns":8},{"damage":56,"enemies":"3 Byrds","floor":18,"turns":8},{"damage":0,"enemies":"Chosen","floor":19,"turns":3},{"damage":0,"enemies":"Centurion and Healer","floor":21,"turns":5},{"damage":44,"enemies":"Book of Stabbing","floor":24,"turns":6}],"seed_played":"-4924597708953809771","potions_obtained":[{"floor":1.0,"key":"SteroidPotion"},{"floor":6.0,"key":"FearPotion"},{"floor":11.0,"key":"PowerPotion"},{"floor":14.0,"key":"FairyPotion"},{"floor":19,"key":"SteroidPotion"}],"is_trial":false,"path_per_floor":["M","?","?","M","$","E","R","E","T","R","M","R","$","M","R","B",null,"M","M","$","M","?","R","E"],"character_chosen":"WATCHER","items_purchased":["SignatureMove","Wallop","Wireheading"],"campfire_rested":1,"item_purchase_floors":[5,13,20],"current_hp_per_floor":[55,55,55,55,55,50,50,50,50,50,50,50,50,50,50,50,64,8,8,8,8,8,18,17,17],"gold":24,"neow_bonus":"BOSS_RELIC","is_daily":false,"chose_seed":false,"campfire_upgraded":1,"win_rate":0.0,"timestamp":1613756046,"path_taken":["M","?","?","M","$","E","R","E","T","R","M","R","$","M","R","BOSS","M","?","$","M","?","R","E"],"items_purchased_type":["Card","Card","Card"],"build_version":"2020-12-13","purchased_purges":1,"victory":false,"max_hp_per_floor":[68,68,68,68,68,68,68,68,68,68,68,68,68,68,68,68,68,68,68,68,68,34,34,34,34],"relic_stats":{"Lizard Tail":17,"counters":[11,47],"Snecko Eye":[59,79,64,91],"Black Star":0,"obtain_stats":[{"Girya":6,"Lizard Tail":9,"Snecko Eye":0,"Black Star":17,"PureWater":0,"TungstenRod":8},{"Girya":3,"Lizard Tail":4,"Snecko Eye":0,"Black Star":7,"PureWater":0,"TungstenRod":4},{"Girya":10,"Lizard Tail":13,"Snecko Eye":0,"Black Star":26,"PureWater":0,"TungstenRod":13}],"TungstenRod":31},"card_choices":[{"not_picked":["BattleHymn","BowlingBash"],"picked":"Protect","floor":1.0},{"not_picked":["Evaluate","ForeignInfluence"],"picked":"ThirdEye","floor":4.0},{"not_picked":["ThirdEye","JustLucky"],"picked":"Adaptation","floor":6.0},{"not_picked":["Halt","EmptyBody"],"picked":"Collect","floor":8.0},{"not_picked":["ClearTheMind","FlyingSleeves","Pray"],"picked":"SKIP","floor":11.0},{"not_picked":["SignatureMove","Protect"],"picked":"Establishment","floor":14.0},{"not_picked":["ConjureBlade","Blasphemy"],"picked":"DeusExMachina","floor":16},{"not_picked":["FollowUp+1","BattleHymn","Evaluate"],"picked":"SKIP","floor":18},{"not_picked":["InnerPeace","JustLucky"],"picked":"WaveOfTheHand","floor":19},{"not_picked":["SashWhip","FlurryOfBlows","Prostrate"],"picked":"SKIP","floor":21}],"player_experience":1629011,"relics_obtained":[{"floor":6.0,"key":"Girya"},{"floor":8.0,"key":"TungstenRod"},{"floor":9.0,"key":"Lizard Tail"}],"event_choices":[{"cards_removed":["Strike_P"],"damage_healed":0.0,"max_hp_gain":0.0,"max_hp_loss":0.0,"gold_gain":0.0,"event_name":"The Cleric","player_choice":"Card Removal","floor":2.0,"gold_loss":75.0,"damage_taken":0.0},{"cards_removed":["Defend_P"],"damage_healed":0.0,"max_hp_gain":0.0,"max_hp_loss":0.0,"gold_gain":0.0,"event_name":"Bonfire Elementals","player_choice":"Offered Basic","floor":3.0,"gold_loss":0.0,"damage_taken":0.0},{"damage_healed":0,"gold_gain":0,"player_choice":"Became a Ghost","damage_taken":0,"max_hp_gain":0,"max_hp_loss":34,"event_name":"Ghosts","floor":22,"gold_loss":0,"cards_obtained":["Ghostly","Ghostly","Ghostly"]}],"is_beta":false,"boss_relics":[{"not_picked":["Empty Cage","SacredBark"],"picked":"Black Star"}],"items_purged_floors":[20],"is_endless":false,"potions_floor_spawned":[1,6,11,14,19],"killed_by":"Book of Stabbing","ascension_level":20}}