{"host":"y4fuci1jk2rsxnep","time":1613754691,"event":{"mods":["AchievementEnabler","BaseMod","Colored Powertips","Custom Start","Defuse TimeMaze Blight","Dio Mod","Downfall","Hermit","Hero for Fun","Hubris","Hunter ??","Infinite Spire","Minty Spire (QoL Compilation)","Quick Restart","Reliquary","Remove Card Discount Mod","Replay The Spire","StSLib","The Blackbeard","The Bug Knight","The Mystic","The Runesmith"],"gold_per_floor":[118,118,132,48,59,84,101,81,104,174,186,198,289,316,328,340,340],"floor_reached":16,"language":"ENG","playtime":872,"items_purged":["hermit:Strike_Hermit","hermit:Strike_Hermit","hermit:Strike_Hermit","hermit:Strike_Hermit"],"score":115,"play_id":"90885e91-4755-49ed-8699-fba3c86afdcb","local_time":"20210219181131","is_ascension_mode":true,"campfire_choices":[{"data":"hermit:WideOpen","floor":11,"key":"SMITH"},{"floor":15,"key":"DIG"}],"circlet_count":0,"master_deck":["hermit:Defend_Hermit","hermit:Defend_Hermit","hermit:Defend_Hermit","hermit:Defend_Hermit","hermit:Snapshot","hermit:Covet","hermit:PistolWhip","hermit:Enervate","hermit:WideOpen+1","hermit:Deadeye","hermit:WideOpen","hermit:Determination","ReplayTheSpireMod:IOU","ReplayTheSpireMod:IOU","hermit:Vantage","Injury","hermit:Desperado"],"relics":["hermit:Momento","NeowsBlessing","Replay:Wax Seal","hubris:OldNail","Sling","MawBank","Pet Ghost","Golden Idol","Runesmith:AutoHammer"],"acts_visited":["Exordium"],"potions_floor_usage":[7,16,16],"damage_taken":[{"damage":0,"enemies":"Jaw Worm","floor":1,"turns":1},{"damage":0,"enemies":"Cultist","floor":3,"turns":1},{"damage":0,"enemies":"Small Slimes","floor":5,"turns":1},{"damage":32,"enemies":"Gremlin Nob","floor":6,"turns":4},{"damage":0,"enemies":"Blue Slaver","floor":7,"turns":2},{"damage":10,"enemies":"3 Sentries","floor":10,"turns":6},{"damage":5,"enemies":"2 Fungi Beasts","floor":14,"turns":4},{"damage":30,"enemies":"The Guardian","floor":16,"turns":9}],"seed_played":"5354386600281331355","potions_obtained":[{"floor":1,"key":"Guardian:BlockOnCardUsePotion"},{"floor":3,"key":"Energy Potion"},{"floor":6,"key":"Toxic Potion"},{"floor":10,"key":"LiquidMemories"}],"is_trial":false,"path_per_floor":["M","?","M","$","M","E","M","$","T","?","R","?","?","M","R","B"],"character_chosen":"HERMIT","items_purchased":["Replay:Wax Seal","hermit:Determination","Sling"],"campfire_rested":0,"item_purchase_floors":[4,8,8],"current_hp_per_floor":[75,75,75,75,75,43,43,43,43,33,33,33,33,28,28,0,0],"gold":340,"neow_bonus":"THREE_ENEMY_KILL","is_daily":false,"chose_seed":false,"campfire_upgraded":1,"win_rate":0.0,"timestamp":1613754691,"path_taken":["M","?","M","$","?","E","M","$","T","?","R","?","?","?","R","BOSS"],"items_purchased_type":["Relic","Card","Relic"],"build_version":"2020-12-22","purchased_purges":4,"victory":false,"max_hp_per_floor":[75,75,75,75,75,75,75,75,75,75,75,75,75,75,75,75,75],"card_choices":[{"not_picked":["hermit:LoneWolf","hermit:Feint"],"picked":"hermit:PistolWhip","floor":1},{"not_picked":["hermit:Desperado","hermit:SprayPray"],"picked":"hermit:Enervate","floor":3},{"not_picked":["hermit:Feint","hermit:CalledShot"],"picked":"hermit:WideOpen","floor":5},{"not_picked":["hermit:CalledShot","hermit:SprayPray"],"picked":"hermit:Deadeye","floor":6},{"not_picked":["hermit:BigShot","hermit:HighNoon"],"picked":"hermit:WideOpen","floor":7},{"not_picked":["hermit:Manifest","hermit:Coalescence"],"picked":"hermit:Vantage","floor":10},{"not_picked":["hermit:Gambit","hermit:Glare"],"picked":"hermit:Desperado","floor":14}],"player_experience":661904,"relics_obtained":[{"floor":6,"key":"hubris:OldNail"},{"floor":9,"key":"MawBank"},{"floor":15,"key":"Runesmith:AutoHammer"}],"event_choices":[{"damage_healed":0,"gold_gain":0,"player_choice":"0 cards matched","damage_taken":0,"max_hp_gain":0,"max_hp_loss":0,"event_name":"Match and Keep!","floor":2,"gold_loss":0,"cards_obtained":[]},{"damage_healed":0,"gold_gain":0,"player_choice":"Searched \u00272\u0027 times","damage_taken":0,"relics_obtained":["Pet Ghost"],"max_hp_gain":0,"max_hp_loss":0,"event_name":"Dead Adventurer","floor":10,"gold_loss":0},{"damage_healed":0,"gold_gain":0,"player_choice":"Take Wound","damage_taken":0,"relics_obtained":["Golden Idol"],"max_hp_gain":0,"max_hp_loss":0,"event_name":"Golden Idol","floor":12,"gold_loss":0,"cards_obtained":["Injury"]},{"damage_healed":0,"gold_gain":79,"player_choice":"Gained Gold","damage_taken":0,"max_hp_gain":0,"max_hp_loss":0,"event_name":"Golden Wing","floor":13,"gold_loss":0}],"is_beta":false,"boss_relics":[],"items_purged_floors":[4,4,8,8],"is_endless":false,"potions_floor_spawned":[1,3,6,10],"killed_by":"The Guardian","ascension_level":3}}