{"host":"wrdw6zkxuilnr6rg","time":1613453501,"event":{"mods":["BaseMod","Colored Powertips","Minty Spire (QoL Compilation)","Relic Stats","StSLib"],"gold_per_floor":[111,111,123,134,114,129,129,149,149,160,160,170,187,35,35,133,133,151,76,89,104,117,117,117,137,188,38,53,70,70,81,81,81,81],"floor_reached":33,"language":"ENG","playtime":1036,"items_purged":["Strike_P","Defend_P"],"score":297,"play_id":"ac69ceb8-4874-4594-9722-ab4e06f4962f","local_time":"20210216083141","is_ascension_mode":false,"campfire_choices":[{"data":"Eruption","floor":7.0,"key":"SMITH"},{"data":"Wallop","floor":11.0,"key":"SMITH"},{"data":"TalkToTheHand","floor":15.0,"key":"SMITH"},{"floor":23,"key":"REST"},{"floor":32,"key":"REST"}],"circlet_count":0,"master_deck":["Strike_P","Strike_P","Strike_P","Defend_P","Defend_P","Eruption+1","Vigilance","Wallop+1","Consecrate","Consecrate","Consecrate","InnerPeace","Indignation","TalkToTheHand+1","Ragnarok+1","SashWhip","ThirdEye","Protect+1","WreathOfFlame","Evaluate+1","EmptyMind"],"relics":["PureWater","Gremlin Horn","Fusion Hammer","Happy Flower"],"acts_visited":["TheCity"],"potions_floor_usage":[21,29,33,33,33],"damage_taken":[{"damage":0.0,"enemies":"2 Louse","floor":1.0,"turns":1.0},{"damage":0.0,"enemies":"Small Slimes","floor":3.0,"turns":2.0},{"damage":0.0,"enemies":"Cultist","floor":4.0,"turns":4.0},{"damage":0.0,"enemies":"Exordium Wildlife","floor":6.0,"turns":3.0},{"damage":0.0,"enemies":"Lots of Slimes","floor":8.0,"turns":3.0},{"damage":0.0,"enemies":"Blue Slaver","floor":10.0,"turns":2.0},{"damage":0.0,"enemies":"Exordium Thugs","floor":12.0,"turns":4.0},{"damage":0.0,"enemies":"Exordium Wildlife","floor":13.0,"turns":3.0},{"damage":0.0,"enemies":"Hexaghost","floor":16.0,"turns":6.0},{"damage":0,"enemies":"3 Byrds","floor":18,"turns":3},{"damage":0,"enemies":"Shell Parasite","floor":20,"turns":5},{"damage":0,"enemies":"3 Cultists","floor":21,"turns":4},{"damage":0,"enemies":"Snecko","floor":22,"turns":4},{"damage":0,"enemies":"Shelled Parasite and Fungi","floor":25,"turns":2},{"damage":0,"enemies":"Snake Plant","floor":28,"turns":2},{"damage":0,"enemies":"Sentry and Sphere","floor":29,"turns":3},{"damage":0,"enemies":"Cultist and Chosen","floor":31,"turns":6},{"damage":8,"enemies":"Champ","floor":33,"turns":9}],"seed_played":"-8764536704570965463","potions_obtained":[{"floor":3.0,"key":"Ancient Potion"},{"floor":4.0,"key":"Fire Potion"},{"floor":5.0,"key":"EssenceOfSteel"},{"floor":6.0,"key":"SkillPotion"},{"floor":12.0,"key":"LiquidBronze"},{"floor":18,"key":"Block Potion"},{"floor":22,"key":"PowerPotion"},{"floor":28,"key":"Dexterity Potion"},{"floor":31,"key":"SpeedPotion"}],"is_trial":true,"path_per_floor":["M","?","M","M","?","M","R","M","T","M","R","M","M","$","R","B",null,"M","?","M","M","M","R","?","M","T","$","M","M","$","M","R","B"],"character_chosen":"WATCHER","items_purchased":["TalkToTheHand","Swift Potion"],"campfire_rested":2,"item_purchase_floors":[14,27],"current_hp_per_floor":[1,1,1,1,1,1,1,1,1,1,1,1,1,1,1,1,1,1,1,1,1,1,1,1,1,1,1,1,1,1,1,1,0,0],"gold":81,"neow_bonus":"","is_daily":false,"chose_seed":false,"campfire_upgraded":3,"win_rate":0.0,"timestamp":1613453501,"path_taken":["M","?","M","M","?","M","R","M","T","?","R","M","M","$","R","BOSS","M","?","M","M","M","R","?","M","T","$","M","M","$","?","R","BOSS"],"items_purchased_type":["Card","Potion"],"build_version":"2020-12-22","purchased_purges":2,"victory":false,"max_hp_per_floor":[1,1,1,1,1,1,1,1,1,1,1,1,1,1,1,1,1,1,1,1,1,1,1,1,1,1,1,1,1,1,1,1,1,1],"relic_stats":{"Gremlin Horn":[7,7],"Happy Flower":[6],"counters":[9,38],"obtain_stats":[{"Gremlin Horn":0,"Happy Flower":26,"Fusion Hammer":17,"PureWater":0},{"Gremlin Horn":0,"Happy Flower":5,"Fusion Hammer":0,"PureWater":0},{"Gremlin Horn":0,"Happy Flower":18,"Fusion Hammer":0,"PureWater":0}]},"card_choices":[{"not_picked":["Protect","Crescendo","Study"],"picked":"SKIP","floor":1.0},{"not_picked":["WheelKick","Indignation"],"picked":"Wallop","floor":3.0},{"not_picked":["Conclude","Meditate"],"picked":"Consecrate","floor":4.0},{"not_picked":["JustLucky","FlyingSleeves"],"picked":"Consecrate","floor":6.0},{"not_picked":["EmptyFist","Halt"],"picked":"Consecrate","floor":8.0},{"not_picked":["Weave","Wireheading"],"picked":"InnerPeace","floor":10.0},{"not_picked":["Evaluate","ClearTheMind"],"picked":"Indignation","floor":12.0},{"not_picked":["WheelKick","FlurryOfBlows","InnerPeace"],"picked":"SKIP","floor":13.0},{"not_picked":["Scrawl","Devotion"],"picked":"Ragnarok","floor":16.0},{"not_picked":["JustLucky","ThirdEye"],"picked":"SashWhip","floor":18},{"not_picked":["MasterReality","CarveReality"],"picked":"ThirdEye","floor":20},{"not_picked":["Crescendo","PathToVictory+1"],"picked":"Protect+1","floor":21},{"not_picked":["PathToVictory","CrushJoints"],"picked":"WreathOfFlame","floor":22},{"not_picked":["SandsOfTime","Halt+1"],"picked":"Evaluate+1","floor":25},{"not_picked":["CrushJoints","ThirdEye+1"],"picked":"EmptyMind","floor":31}],"player_experience":1461865,"relics_obtained":[{"floor":9.0,"key":"Gremlin Horn"},{"floor":26,"key":"Happy Flower"}],"event_choices":[{"damage_healed":0.0,"max_hp_gain":0.0,"max_hp_loss":0.0,"gold_gain":0.0,"event_name":"Big Fish","player_choice":"Banana","floor":2.0,"gold_loss":0.0,"damage_taken":0.0},{"damage_healed":0.0,"max_hp_gain":0.0,"max_hp_loss":0.0,"gold_gain":0.0,"event_name":"The Woman in Blue","player_choice":"Bought 1 Potion","floor":5.0,"gold_loss":0.0,"damage_taken":0.0},{"cards_removed":["Defend_P"],"damage_healed":0,"gold_gain":0,"player_choice":"Gave Gold","damage_taken":0,"max_hp_gain":0,"max_hp_loss":0,"event_name":"Beggar","floor":19,"gold_loss":75},{"damage_healed":0,"gold_gain":0,"player_choice":"Forge","damage_taken":0,"max_hp_gain":0,"max_hp_loss":0,"event_name":"Accursed Blacksmith","floor":24,"gold_loss":0,"cards_upgraded":["Ragnarok"]}],"is_beta":false,"boss_relics":[{"not_picked":["Black Star","Tiny House"],"picked":"Fusion Hammer"}],"items_purged_floors":[14,27],"is_endless":false,"potions_floor_spawned":[3,4,6,12,18,22,28,31],"killed_by":"Champ","ascension_level":0}}