{"host":"a3wpq7kyokchzawk","time":1613722881,"event":{"mods":["BaseMod","Colored Map","Highlight Path","Minty Spire (QoL Compilation)","Permanent Neow","Potion Indicator Mod","Relic Stats","Weighted Paths"],"gold_per_floor":[117,130,205,205,219,219,254,268,295,373,373,391,391,421,421,421,421],"floor_reached":16,"language":"ENG","playtime":1235,"items_purged":[],"score":220,"play_id":"b26c4271-cba0-4365-b1c7-792e4e83b4de","local_time":"20210219062121","is_ascension_mode":true,"campfire_choices":[{"data":"Cloak And Dagger","floor":6.0,"key":"SMITH"},{"floor":11,"key":"REST"},{"floor":13,"key":"REST"},{"data":"Neutralize","floor":15,"key":"SMITH"}],"circlet_count":0,"master_deck":["AscendersBane","Strike_G","Strike_G","Strike_G","Strike_G","Defend_G","Defend_G","Defend_G","Defend_G","Defend_G","Survivor","Neutralize+1","Envenom","Underhanded Strike","Blade Dance","Tactician","Cloak And Dagger+1","Cloak And Dagger","PiercingWail","Blur"],"relics":["Ring of the Snake","Smiling Mask","MealTicket","Lantern"],"acts_visited":["Exordium"],"potions_floor_usage":[14,16],"damage_taken":[{"damage":1.0,"enemies":"Small Slimes","floor":1.0,"turns":5.0},{"damage":4.0,"enemies":"Jaw Worm","floor":2.0,"turns":6.0},{"damage":4.0,"enemies":"2 Louse","floor":5.0,"turns":4.0},{"damage":20.0,"enemies":"Lagavulin","floor":7.0,"turns":7.0},{"damage":10,"enemies":"Exordium Thugs","floor":8,"turns":7},{"damage":0,"enemies":"Blue Slaver","floor":12,"turns":4},{"damage":36,"enemies":"Gremlin Nob","floor":14,"turns":4},{"damage":26,"enemies":"The Guardian","floor":16,"turns":2}],"seed_played":"-1217037720421277261","potions_obtained":[{"floor":2.0,"key":"Weak Potion"},{"floor":7.0,"key":"Strength Potion"},{"floor":14,"key":"Regen Potion"}],"is_trial":false,"path_per_floor":["M","M","?","?","M","R","E","M","T","?","R","M","R","E","R","B"],"character_chosen":"THE_SILENT","items_purchased":[],"campfire_rested":2,"item_purchase_floors":[],"current_hp_per_floor":[58,54,43,43,39,39,19,9,9,9,28,28,47,11,11,0,0],"gold":421,"neow_bonus":"ONE_RANDOM_RARE_CARD","is_daily":false,"chose_seed":false,"campfire_upgraded":2,"win_rate":0.0,"timestamp":1613722881,"path_taken":["M","M","?","?","M","R","E","M","T","?","R","?","R","E","R","BOSS"],"items_purchased_type":[],"build_version":"2020-12-22","purchased_purges":0,"victory":false,"max_hp_per_floor":[66,66,66,66,66,66,66,66,66,66,66,66,66,66,66,66,66],"relic_stats":{"counters":[8,39],"MealTicket":0,"Smiling Mask":0,"obtain_stats":[{"Lantern":14,"MealTicket":9,"Smiling Mask":7,"Ring of the Snake":0},{"Lantern":7,"MealTicket":5,"Smiling Mask":4,"Ring of the Snake":0},{"Lantern":37,"MealTicket":29,"Smiling Mask":22,"Ring of the Snake":0}],"Ring of the Snake":[16]},"card_choices":[{"not_picked":["Outmaneuver","Backflip"],"picked":"Underhanded Strike","floor":1.0},{"not_picked":["Acrobatics","Infinite Blades"],"picked":"Blade Dance","floor":2.0},{"not_picked":["Infinite Blades","Bane"],"picked":"Cloak And Dagger","floor":5.0},{"not_picked":["Prepared","Dagger Throw"],"picked":"Cloak And Dagger","floor":7.0},{"not_picked":["Setup","Storm of Steel"],"picked":"PiercingWail","floor":8},{"not_picked":["Dodge and Roll","Poisoned Stab","All Out Attack"],"picked":"SKIP","floor":12},{"not_picked":["A Thousand Cuts","Outmaneuver"],"picked":"Blur","floor":14}],"player_experience":2761574,"relics_obtained":[{"floor":7.0,"key":"Smiling Mask"},{"floor":9,"key":"MealTicket"},{"floor":14,"key":"Lantern"}],"event_choices":[{"damage_healed":0.0,"max_hp_gain":0.0,"max_hp_loss":0.0,"gold_gain":75.0,"event_name":"World of Goop","player_choice":"Gather Gold","floor":3.0,"gold_loss":0.0,"damage_taken":11.0},{"damage_healed":0.0,"max_hp_gain":0.0,"max_hp_loss":0.0,"gold_gain":0.0,"cards_transformed":["Strike_G"],"event_name":"Living Wall","player_choice":"Change","floor":4.0,"gold_loss":0.0,"damage_taken":0.0,"cards_obtained":["Tactician"]},{"damage_healed":0,"gold_gain":78,"player_choice":"Gained Gold","damage_taken":0,"max_hp_gain":0,"max_hp_loss":0,"event_name":"Golden Wing","floor":10,"gold_loss":0}],"is_beta":false,"boss_relics":[],"items_purged_floors":[],"is_endless":false,"potions_floor_spawned":[2,7,14],"killed_by":"The Guardian","ascension_level":20}}