{"host":"j46h1ep9toft11pa","time":1613714332,"event":{"mods":["AchievementEnabler","BaseMod","Colored Powertips","HololiveMod","Minty Spire (QoL Compilation)","Replay The Spire","StSLib"],"gold_per_floor":[82,93,93,112,127,159,159,193,193,225,225,235,235,247,247,351,351,371,385,64,78,78,112,129,156,156,170,170,170,183,202,202,302,302,318,333,352,352,352,384,384,425,425,450,473,515,527,552,564,576,588,600,358,386,386],"floor_reached":56,"language":"ENG","playtime":2887,"items_purged":["Hololive_Strike","Hololive_CallAiraniIofifteen"],"score":2120,"play_id":"3377ca33-2534-45d1-9570-02491f1c1aee","local_time":"20210219005852","is_ascension_mode":true,"campfire_choices":[{"data":"Hololive_CallAmaneKanata","floor":7,"key":"SMITH"},{"data":"Hololive_CallHimemoriLuna","floor":13,"key":"SMITH"},{"data":"Hololive_IdolExercise","floor":15,"key":"SMITH"},{"data":"Hololive_CallUsadaPekora","floor":29,"key":"SMITH"},{"data":"Hololive_FlyingPonyTail","floor":32,"key":"SMITH"},{"data":"Hololive_MaximGun","floor":47,"key":"SMITH"},{"floor":49,"key":"RECALL"},{"data":"Hololive_StrengthChampion","floor":52,"key":"SMITH"}],"circlet_count":0,"master_deck":["Hololive_Defend","Hololive_SoulCatcher","Hololive_CallShiranuiFlare","Hololive_CallAmaneKanata+1","Hololive_CallUsadaPekora+1","Hololive_CallTokinoSora","Hololive_CallHimemoriLuna+1","Hololive_CocoNews","Hololive_FlyingPonyTail+1","Hololive_StrengthChampion+1","Hololive_CocoNews","Hololive_IdolExercise+1","Hololive_CallYukihanaLamy","Hololive_CallShiroganeNoel","Hololive_MaximGun+1","Hololive_CallUruhaRushia","Hololive_CallKiryuuCoco+1","Hololive_FlyingPonyTail+1","Hololive_FlyingPonyTail+1","Hololive_CallTokoyamiTowa+1","Hololive_CallMinatoAqua+1","Hololive_SummonFox+1","Hololive_FlyingPonyTail+1","Hololive_Thief+1","Hololive_DDD+1","Hololive_CallMurasakiShion","Hololive_CallTsunomakiWatame+1","CommonCold","Hololive_CallNatsuiroMatsuri+1","Hololive_FlyingPonyTail+1","Hololive_CallHoushouMarine","Hololive_IdolExercise+1","Hololive_CallAiraniIofifteen","Hololive_CallMinatoAqua"],"relics":["Hololive_TheStar","NeowsBlessing","Incense Burner","Bag of Marbles","TungstenRod","Chameleon Ring","Simple Rune","Painkiller Herb","Toxic Egg 2","Iron Hammer","Bronze Scales","ReplayTheSpireMod:Ninjato","ChewingGum","Ring of Searing","ReplayTheSpireMod:Ring of Exchange","Mango","Replay:PocketPolymizer","Smiling Mask","MawBank","ReplayTheSpireMod:TigerMarble","ReplayFunnel","ReplayTheSpireMod:Lightbulb"],"acts_visited":["Exordium","TheCity","TheBeyond","TheEnding"],"potions_floor_usage":[23,33,50,55,55,55],"damage_taken":[{"damage":0,"enemies":"Small Slimes","floor":1,"turns":1},{"damage":0,"enemies":"2 Louse","floor":2,"turns":1},{"damage":0,"enemies":"Jaw Worm","floor":4,"turns":1},{"damage":0,"enemies":"Red Slaver","floor":5,"turns":3},{"damage":0,"enemies":"Gremlin Nob","floor":6,"turns":4},{"damage":0,"enemies":"3 Sentries","floor":8,"turns":6},{"damage":0,"enemies":"Lagavulin","floor":10,"turns":6},{"damage":0,"enemies":"Blue Slaver","floor":12,"turns":2},{"damage":0,"enemies":"2 Fungi Beasts","floor":14,"turns":3},{"damage":0,"enemies":"Hexaghost","floor":16,"turns":6},{"damage":0,"enemies":"Spheric Guardian","floor":18,"turns":3},{"damage":0,"enemies":"Shell Parasite","floor":19,"turns":4},{"damage":0,"enemies":"Centurion and Healer","floor":21,"turns":5},{"damage":0,"enemies":"Slavers","floor":23,"turns":5},{"damage":0,"enemies":"Snecko","floor":24,"turns":3},{"damage":0,"enemies":"Gremlin Leader","floor":25,"turns":5},{"damage":0,"enemies":"Snake Plant","floor":27,"turns":2},{"damage":0,"enemies":"Cultist and Chosen","floor":30,"turns":5},{"damage":0,"enemies":"Chosen and Byrds","floor":31,"turns":4},{"damage":0,"enemies":"Collector","floor":33,"turns":4},{"damage":0,"enemies":"Orb Walker","floor":35,"turns":2},{"damage":0,"enemies":"3 Shapes","floor":36,"turns":2},{"damage":0,"enemies":"Maw","floor":37,"turns":5},{"damage":0,"enemies":"Giant Head","floor":40,"turns":4},{"damage":0,"enemies":"R_Hoarder","floor":42,"turns":4},{"damage":0,"enemies":"Nemesis","floor":44,"turns":3},{"damage":0,"enemies":"Sphere and 2 Shapes","floor":45,"turns":3},{"damage":0,"enemies":"R_Hoarder","floor":46,"turns":4},{"damage":0,"enemies":"4 Shapes","floor":48,"turns":2},{"damage":0,"enemies":"Donu and Deca","floor":50,"turns":4},{"damage":0,"enemies":"Shield and Spear","floor":54,"turns":3},{"damage":29,"enemies":"The Heart","floor":55,"turns":6}],"seed_played":"-76155307666591308","potions_obtained":[{"floor":1,"key":"Languid Potion"},{"floor":4,"key":"LifebloodPotion"},{"floor":5,"key":"FearPotion"},{"floor":23,"key":"BlessingOfTheForge"},{"floor":27,"key":"Adrenaline Potion"},{"floor":40,"key":"Adrenaline Potion"},{"floor":44,"key":"Swift Potion"}],"is_trial":false,"path_per_floor":["M","M","?","M","M","E","R","E","T","E","?","M","R","M","R","B",null,"?","?","T","?","?","E","?","E","T","?","?","T","?","?","T","B",null,"?","?","?","?","?","E","?","E","T","E","?","E","T","?","T","B",null,"T","T","E","B",null],"character_chosen":"Hololive_HololiveCharacter","items_purchased":["Toxic Egg 2","ReplayFunnel","Energy Potion"],"campfire_rested":0,"item_purchase_floors":[20,53,53],"current_hp_per_floor":[35,35,10,10,10,10,10,10,10,10,4,4,4,4,4,4,27,27,27,27,27,27,27,27,27,27,27,27,27,27,27,27,27,33,33,33,33,33,33,47,47,47,47,47,47,47,47,47,47,47,49,49,49,49,20],"gold":386,"neow_bonus":"THREE_ENEMY_KILL","is_daily":false,"chose_seed":false,"campfire_upgraded":7,"win_rate":0.0,"timestamp":1613714332,"path_taken":["M","M","?","M","M","E","R","E","T","E","?","M","R","M","R","BOSS","?","?","T","?","?","E","?","E","T","?","?","T","?","?","T","BOSS","?","?","?","?","?","E","?","E","T","E","?","E","T","?","T","BOSS","T","T","E","BOSS"],"items_purchased_type":["Relic","Relic","Potion"],"build_version":"2020-12-22","purchased_purges":2,"victory":true,"max_hp_per_floor":[35,35,35,35,35,35,35,35,35,35,35,35,35,35,35,35,35,35,35,35,35,35,35,35,35,35,35,35,35,35,35,35,35,35,35,35,35,35,35,49,49,49,49,49,49,49,49,49,49,49,49,49,49,49,49],"card_choices":[{"not_picked":["Hololive_CallShishiroBotan","Hololive_OvertimeWork","Hololive_CallYozoraMel"],"picked":"Hololive_CallHimemoriLuna","floor":1},{"not_picked":["Hololive_CallHimemoriLuna","Hololive_Drill","Hololive_CallInugamiKorone"],"picked":"Hololive_CocoNews","floor":2},{"not_picked":["Hololive_RevenueBasedLive","Hololive_CallRosalyn","Hololive_CocoNews"],"picked":"Hololive_FlyingPonyTail","floor":4},{"not_picked":["Hololive_RevenueBasedLive","Hololive_CallUsadaPekora","Hololive_Sequa"],"picked":"Hololive_OvertimeWork","floor":5},{"not_picked":["Hololive_CallYukihanaLamy","Hololive_Trident","Hololive_Breathe"],"picked":"Hololive_StrengthChampion","floor":6},{"not_picked":["Hololive_Sequa","Hololive_Spy","Hololive_Drill"],"picked":"Hololive_CocoNews","floor":8},{"not_picked":["Hololive_Drill","Hololive_Watashimo","Hololive_Sequa"],"picked":"Hololive_IdolExercise","floor":10},{"not_picked":["Hololive_HuntDinosaur","Hololive_CocoNews","Hololive_Breathe"],"picked":"Hololive_CallYukihanaLamy","floor":12},{"not_picked":["Hololive_LuckPotion","Hololive_CallSpadeEcho","Hololive_Psychosis"],"picked":"Hololive_CallShiroganeNoel","floor":14},{"not_picked":["Hololive_AWSL","Hololive_StarCraft","Hololive_HighAtkLowDef"],"picked":"Hololive_MaximGun","floor":16},{"not_picked":["Hololive_RevenueBasedLive","Hololive_CallKiryuuCoco","Hololive_Sequa"],"picked":"Hololive_CallUruhaRushia","floor":18},{"not_picked":["Hololive_HuntDinosaur","Hololive_Sequa","Hololive_CallAkiRosenthal+1"],"picked":"Hololive_CallKiryuuCoco+1","floor":19},{"not_picked":["Hololive_StrengthChampion","Hololive_CocoNews","Hololive_CallManoAloe","Hololive_CallUsadaPekora"],"picked":"SKIP","floor":21},{"not_picked":["Hololive_CallYogiri","Hololive_CallAkiRosenthal","Hololive_Trident"],"picked":"Hololive_FlyingPonyTail+1","floor":23},{"not_picked":["Hololive_Yoholoon","Hololive_CallAiraniIofifteen","Hololive_FlyingPonyTail+1"],"picked":"Hololive_CallTokoyamiTowa+1","floor":24},{"not_picked":["Hololive_SummonFox+1","Hololive_HuntDinosaur+1","Hololive_CallMoonaHoshinova"],"picked":"Hololive_CallMinatoAqua","floor":25},{"not_picked":["Hololive_CallYuzukiChoco","Hololive_ManjiGathering+1","Hololive_OvertimeWork"],"picked":"Hololive_SummonFox+1","floor":27},{"not_picked":["Hololive_OpenUp","Hololive_RevenueBasedLive+1","Hololive_CallYogiri"],"picked":"Hololive_FlyingPonyTail+1","floor":30},{"not_picked":["Hololive_StrengthChampion+1","Hololive_CallAZKi","Hololive_Sequa"],"picked":"Hololive_Thief+1","floor":31},{"not_picked":["Hololive_ScarfAndHalo","Hololive_Recruit+1","Hololive_HighAtkLowDef+1"],"picked":"Hololive_DDD+1","floor":33},{"not_picked":["Hololive_OvertimeWork","Hololive_Trident","Hololive_Sequa"],"picked":"Hololive_CallMurasakiShion","floor":35},{"not_picked":["Hololive_CallMoonaHoshinova+1","Hololive_StrengthChampion","Hololive_CallMurasakiShion"],"picked":"Hololive_CallTsunomakiWatame+1","floor":36},{"not_picked":["Hololive_Drill","Hololive_Yoholoon","Hololive_RevenueBasedLive+1","Hololive_CocoNews"],"picked":"SKIP","floor":37},{"not_picked":["Hololive_Psychosis","Hololive_DevilCharm+1","Hololive_RevenueBasedLive+1"],"picked":"Hololive_CallNatsuiroMatsuri+1","floor":40},{"not_picked":["Hololive_CallKiryuuCoco+1","Hololive_WolfAndLamb+1","Hololive_CallShiroganeNoel"],"picked":"Hololive_FlyingPonyTail+1","floor":42},{"not_picked":["Hololive_Trident+1","Hololive_Rebound+1","Hololive_BeCareful+1","Hololive_StrengthChampion"],"picked":"SKIP","floor":44},{"not_picked":["Hololive_CallSpadeEcho","Hololive_Breathe+1","Hololive_Rebound+1","Hololive_Psychosis"],"picked":"SKIP","floor":45},{"not_picked":["Hololive_CallMinatoAqua+1","Hololive_Yoholoon","Hololive_RevenueBasedLive+1"],"picked":"Hololive_CallHoushouMarine","floor":46},{"not_picked":["Hololive_CallNakiriAyame+1","Hololive_Rebound+1","Hololive_CallMoonaHoshinova+1"],"picked":"Hololive_CallAiraniIofifteen","floor":48},{"not_picked":["Hololive_CocoNews+1","Hololive_Rebound+1","Hololive_ManjiGathering+1","Hololive_Watashimo+1"],"picked":"SKIP","floor":54}],"player_experience":185239,"relics_obtained":[{"floor":6,"key":"Bag of Marbles"},{"floor":8,"key":"TungstenRod"},{"floor":9,"key":"Chameleon Ring"},{"floor":10,"key":"Simple Rune"},{"floor":23,"key":"Iron Hammer"},{"floor":25,"key":"Bronze Scales"},{"floor":26,"key":"ReplayTheSpireMod:Ninjato"},{"floor":39,"key":"Ring of Searing"},{"floor":39,"key":"ReplayTheSpireMod:Ring of Exchange"},{"floor":40,"key":"Mango"},{"floor":42,"key":"Smiling Mask"},{"floor":44,"key":"MawBank"},{"floor":46,"key":"ReplayTheSpireMod:TigerMarble"},{"floor":54,"key":"ReplayTheSpireMod:Lightbulb"}],"event_choices":[{"damage_healed":0,"gold_gain":0,"player_choice":"Success","damage_taken":25,"relics_obtained":["Incense Burner"],"max_hp_gain":0,"max_hp_loss":0,"event_name":"Scrap Ooze","floor":3,"gold_loss":0},{"cards_removed":["Hololive_CallAmaneKanata"],"damage_healed":0,"gold_gain":0,"player_choice":"Card Removal","damage_taken":7,"max_hp_gain":0,"max_hp_loss":0,"event_name":"Golden Wing","floor":11,"gold_loss":0},{"damage_healed":0,"gold_gain":0,"player_choice":"Read","damage_taken":0,"max_hp_gain":0,"max_hp_loss":0,"event_name":"The Library","floor":22,"gold_loss":0,"cards_obtained":["Hololive_FlyingPonyTail"]},{"damage_healed":0,"gold_gain":0,"player_choice":"Forge","damage_taken":0,"max_hp_gain":0,"max_hp_loss":0,"event_name":"Accursed Blacksmith","floor":28,"gold_loss":0,"cards_upgraded":["Hololive_CallMinatoAqua"]},{"damage_healed":0,"gold_gain":0,"player_choice":"Ignored","damage_taken":0,"max_hp_gain":0,"max_hp_loss":0,"event_name":"Tomb of Lord Red Mask","floor":38,"gold_loss":0},{"damage_healed":0,"gold_gain":0,"player_choice":"Gave Potion","damage_taken":0,"relics_obtained":["Replay:PocketPolymizer"],"max_hp_gain":0,"max_hp_loss":0,"event_name":"WeMeetAgain","floor":41,"gold_loss":0}],"is_beta":false,"boss_relics":[{"not_picked":["Ectoplasm","Cursed Key"],"picked":"Painkiller Herb"},{"not_picked":["Ring of Chaos","Empty Cage"],"picked":"ChewingGum"}],"items_purged_floors":[20,53],"is_endless":false,"potions_floor_spawned":[1,4,5,10,14,18,23,25,27,30,33,40,44,45,46,48],"ascension_level":5}}