{"host":"7s0ipaqx8m4pdduf","time":1613731685,"event":{"mods":["BaseMod","BetterRewards","Colored Map","Infinite Spire","Minty Spire (QoL Compilation)","StSLib","SuperFastMode","The Animator"],"gold_per_floor":[115,126,143,159,171,203,214,214,214],"floor_reached":8,"language":"ENG","playtime":349,"items_purged":[],"score":115,"play_id":"ff055d61-c27c-495b-a99e-bfab15ec6e60","local_time":"20210219114805","is_ascension_mode":true,"campfire_choices":[],"circlet_count":0,"master_deck":["AscendersBane","Strike_G","Strike_G","Strike_G","Strike_G","Strike_G","Defend_G","Defend_G","Defend_G","Defend_G","Defend_G","Survivor","Neutralize","Accuracy","Blade Dance","Poisoned Stab","Caltrops","Dagger Spray","All Out Attack","PiercingWail","Infinite Blades","Envenom"],"relics":["Ring of the Snake","infinitespire:Lychee Nut","Membership Card","Regal Pillow"],"acts_visited":["Exordium"],"potions_floor_usage":[4,6,8],"damage_taken":[{"damage":1,"enemies":"Cultist","floor":1,"turns":3},{"damage":0,"enemies":"Small Slimes","floor":2,"turns":2},{"damage":4,"enemies":"Jaw Worm","floor":3,"turns":3},{"damage":0,"enemies":"Large Slime","floor":4,"turns":2},{"damage":0,"enemies":"2 Fungi Beasts","floor":5,"turns":2},{"damage":24,"enemies":"3 Sentries","floor":6,"turns":8},{"damage":11,"enemies":"Gremlin Gang","floor":7,"turns":5},{"damage":38,"enemies":"Gremlin Nob","floor":8,"turns":4}],"seed_played":"-737543337125584148","potions_obtained":[{"floor":1,"key":"SteroidPotion"},{"floor":3,"key":"Fire Potion"},{"floor":7,"key":"Dexterity Potion"}],"is_trial":false,"path_per_floor":["M","M","M","M","M","E","M","E"],"character_chosen":"THE_SILENT","items_purchased":["Accuracy","Blade Dance","Membership Card","Poisoned Stab","Caltrops","PowerPotion"],"campfire_rested":0,"item_purchase_floors":[0,0,0,0,0,0],"current_hp_per_floor":[38,41,43,48,49,28,23,0,0],"gold":214,"neow_bonus":"","is_daily":false,"chose_seed":false,"campfire_upgraded":0,"win_rate":0.0,"timestamp":1613731685,"path_taken":["M","M","M","M","M","E","?","E"],"items_purchased_type":["Card","Card","Relic","Card","Card","Potion"],"build_version":"2020-12-22","purchased_purges":0,"victory":false,"max_hp_per_floor":[49,49,49,49,49,49,49,49,49],"card_choices":[{"not_picked":["Escape Plan","Dodge and Roll"],"picked":"Dagger Spray","floor":1},{"not_picked":["Distraction","Acrobatics","Heel Hook"],"picked":"SKIP","floor":2},{"not_picked":["Slice","Dagger Spray","PiercingWail"],"picked":"SKIP","floor":3},{"not_picked":["Cloak And Dagger","Deflect"],"picked":"All Out Attack","floor":4},{"not_picked":["Slice","Acrobatics"],"picked":"PiercingWail","floor":5},{"not_picked":["Quick Slash","Blade Dance"],"picked":"Infinite Blades","floor":6},{"not_picked":["Sucker Punch","Dagger Spray"],"picked":"Envenom","floor":7}],"player_experience":2423129,"relics_obtained":[{"floor":6,"key":"Regal Pillow"}],"event_choices":[],"is_beta":false,"boss_relics":[],"items_purged_floors":[],"is_endless":false,"potions_floor_spawned":[1,3,7],"killed_by":"Gremlin Nob","ascension_level":17}}