{"host":"wshey5htrz8rni6u","time":1613733529,"event":{"mods":["2.2 Compatiblity","BaseMod","Block Reminder","Colored Map","Colored Powertips","Current Relic Mod","Curses Come First","Dark Map","Key Reminder","Keyboard Shortcuts","Minty Spire (QoL Compilation)","Potion Indicator Mod","Quick Restart","Random Character Button","Relic Sorter","Relic Stats","StSLib","SuperFastMode","Unceasing Turn Reminder","UnlockEverythingMod","Weighted Paths"],"gold_per_floor":[116,41,41,6,16,16,47,47,47,59,59,75,109,109,109,240,240,253,253,253,278,297,297,29,72,95,126,149,180,193,213,213,333,333,347,75,75,138,138,173,186,220,220,234,234,25,25,61,61,61,61,61,21,62,62],"floor_reached":56,"language":"ENG","playtime":5131,"items_purged":["Strike_P"],"score":1480,"play_id":"7c85c3cd-6c56-4084-af4d-bbf710947870","local_time":"20210219031849","is_ascension_mode":true,"campfire_choices":[{"data":"Judgement","floor":6,"key":"SMITH"},{"floor":11,"key":"REST"},{"data":"Meditate","floor":15,"key":"SMITH"},{"data":"WaveOfTheHand","floor":23,"key":"SMITH"},{"data":"Alpha","floor":32,"key":"SMITH"},{"floor":45,"key":"REST"},{"floor":49,"key":"RECALL"},{"floor":52,"key":"REST"}],"circlet_count":0,"master_deck":["Defend_P","Defend_P","Defend_P+1","Defend_P+1","Eruption+1","Consecrate","Judgement+1","Sanctity+1","Meditate+1","WindmillStrike","Perseverance","FearNoEvil","SashWhip","Ragnarok","Devotion+1","WaveOfTheHand+1","Conclude","LessonLearned","LikeWater+1","Alpha+1","Prostrate+1","TalkToTheHand","LikeWater+1","FearNoEvil","Collect+1","DevaForm","CrushJoints","LikeWater","Meditate","Violence","Chrysalis","Impatience","CutThroughFate+1","ConjureBlade","ThirdEye","LikeWater+1","Scrawl","ThirdEye","LikeWater","Writhe","Pray","Wallop","Wish"],"relics":["PureWater","PreservedInsect","Orichalcum","Bronze Scales","Golden Idol","Sozu","CloakClasp","Pen Nib","Membership Card","Bag of Marbles","Boot","Lantern","Fusion Hammer","TeardropLocket","OrangePellets","StoneCalendar","Bottled Flame","Torii","Pear","Dead Branch","Meat on the Bone","Toy Ornithopter"],"acts_visited":["Exordium","TheCity","TheBeyond","TheEnding"],"potions_floor_usage":[18,27,42],"damage_taken":[{"damage":2,"enemies":"Small Slimes","floor":1,"turns":2},{"damage":0,"enemies":"Cultist","floor":5,"turns":3},{"damage":47,"enemies":"Gremlin Nob","floor":7,"turns":6},{"damage":1,"enemies":"Jaw Worm","floor":10,"turns":2},{"damage":1,"enemies":"Blue Slaver","floor":12,"turns":2},{"damage":0,"enemies":"3 Sentries","floor":13,"turns":3},{"damage":0,"enemies":"Slime Boss","floor":16,"turns":6},{"damage":4,"enemies":"2 Thieves","floor":18,"turns":3},{"damage":0,"enemies":"Spheric Guardian","floor":22,"turns":1},{"damage":0,"enemies":"Book of Stabbing","floor":25,"turns":5},{"damage":13,"enemies":"Slavers","floor":27,"turns":3},{"damage":0,"enemies":"Centurion and Healer","floor":28,"turns":7},{"damage":5,"enemies":"Book of Stabbing","floor":29,"turns":5},{"damage":0,"enemies":"Snake Plant","floor":30,"turns":2},{"damage":0,"enemies":"Chosen and Byrds","floor":31,"turns":5},{"damage":12,"enemies":"Collector","floor":33,"turns":8},{"damage":14,"enemies":"3 Shapes","floor":35,"turns":3},{"damage":14,"enemies":"Mind Bloom Boss Battle","floor":38,"turns":12},{"damage":0,"enemies":"Giant Head","floor":40,"turns":8},{"damage":2,"enemies":"3 Darklings","floor":41,"turns":7},{"damage":22,"enemies":"Nemesis","floor":42,"turns":3},{"damage":7,"enemies":"Transient","floor":44,"turns":5},{"damage":0,"enemies":"Reptomancer","floor":48,"turns":1},{"damage":38,"enemies":"Awakened One","floor":50,"turns":10},{"damage":33,"enemies":"Shield and Spear","floor":54,"turns":7},{"damage":28,"enemies":"The Heart","floor":55,"turns":11}],"seed_played":"372169974106630680","potions_obtained":[{"floor":7,"key":"AttackPotion"},{"floor":10,"key":"EssenceOfSteel"},{"floor":13,"key":"Dexterity Potion"}],"is_trial":false,"path_per_floor":["M","$","?","$","M","R","E","?","T","M","R","M","E","?","R","B",null,"M","?","?","T","M","R","$","E","T","E","M","E","M","M","R","B",null,"M","$","?","?","?","E","M","E","T","M","R","$","?","E","R","B",null,"R","$","E","B",null],"character_chosen":"WATCHER","items_purchased":["Sanctity","Membership Card","LessonLearned","LikeWater","LikeWater","TeardropLocket","OrangePellets","Meditate","Dead Branch","ThirdEye","LikeWater","Wallop"],"campfire_rested":3,"item_purchase_floors":[4,24,24,24,36,36,36,36,46,46,46,53],"current_hp_per_floor":[70,70,70,70,70,70,23,23,23,22,43,42,42,42,42,42,67,63,63,63,63,63,63,63,63,63,50,50,45,45,45,45,33,67,53,53,43,29,29,29,27,5,15,8,31,31,50,50,50,24,77,77,77,44,28],"gold":62,"neow_bonus":"UPGRADE_CARD","is_daily":false,"chose_seed":false,"campfire_upgraded":4,"win_rate":0.0,"timestamp":1613733529,"path_taken":["M","$","?","$","?","R","E","?","T","M","R","M","E","?","R","BOSS","M","?","?","?","M","R","$","E","T","E","M","E","M","M","R","BOSS","M","$","?","?","?","E","M","E","T","M","R","$","?","E","R","BOSS","R","$","E","BOSS"],"items_purchased_type":["Card","Relic","Card","Card","Card","Relic","Relic","Card","Relic","Card","Card","Card"],"build_version":"2020-12-13","purchased_purges":1,"victory":true,"max_hp_per_floor":[72,72,72,72,72,72,72,72,72,72,72,72,72,67,67,67,67,67,67,67,67,67,67,67,67,67,67,67,67,67,67,67,67,67,67,67,67,67,67,67,67,67,77,77,77,77,77,77,77,77,77,77,77,77,77],"relic_stats":{"Torii":21,"counters":[26,130],"Golden Idol":191,"Dead Branch":[45],"StoneCalendar":[156],"PreservedInsect":452,"Pen Nib":[18],"CloakClasp":[348],"Orichalcum":[186],"Boot":[46],"Sozu":7,"OrangePellets":[7],"Bronze Scales":[418],"obtain_stats":[{"Lantern":29,"Pear":43,"Torii":42,"Golden Idol":14,"Dead Branch":46,"StoneCalendar":38,"PreservedInsect":7,"Pen Nib":21,"CloakClasp":20,"TeardropLocket":36,"Orichalcum":9,"Boot":27,"Sozu":17,"keyreminder:keyreminder":26,"OrangePellets":36,"Bottled Flame":40,"Bronze Scales":13,"Fusion Hammer":34,"Bag of Marbles":25,"Membership Card":24,"PureWater":0,"Toy Ornithopter":54,"Meat on the Bone":48},{"Lantern":13,"Pear":21,"Torii":21,"Golden Idol":6,"Dead Branch":22,"StoneCalendar":18,"PreservedInsect":3,"Pen Nib":8,"CloakClasp":8,"TeardropLocket":17,"Orichalcum":3,"Boot":11,"Sozu":7,"keyreminder:keyreminder":10,"OrangePellets":17,"Bottled Flame":19,"Bronze Scales":6,"Fusion Hammer":16,"Bag of Marbles":10,"Membership Card":9,"PureWater":0,"Toy Ornithopter":25,"Meat on the Bone":23},{"Lantern":48,"Pear":96,"Torii":96,"Golden Idol":18,"Dead Branch":101,"StoneCalendar":78,"PreservedInsect":11,"Pen Nib":27,"CloakClasp":27,"TeardropLocket":66,"Orichalcum":11,"Boot":36,"Sozu":24,"keyreminder:keyreminder":33,"OrangePellets":66,"Bottled Flame":86,"Bronze Scales":18,"Fusion Hammer":63,"Bag of Marbles":33,"Membership Card":28,"PureWater":0,"Toy Ornithopter":119,"Meat on the Bone":102}],"Toy Ornithopter":0,"Meat on the Bone":24},"card_choices":[{"not_picked":["JustLucky","CutThroughFate"],"picked":"Consecrate","floor":1},{"not_picked":["EmptyFist","WreathOfFlame"],"picked":"Meditate","floor":5},{"not_picked":["ForeignInfluence","WaveOfTheHand"],"picked":"WindmillStrike","floor":7},{"not_picked":["SashWhip","Wireheading"],"picked":"FearNoEvil","floor":10},{"not_picked":["CrushJoints","Wireheading"],"picked":"SashWhip","floor":12},{"not_picked":["CutThroughFate","ClearTheMind"],"picked":"Ragnarok","floor":13},{"not_picked":["Scrawl","SpiritShield"],"picked":"Devotion","floor":16},{"not_picked":["Protect","EmptyBody"],"picked":"WaveOfTheHand","floor":18},{"not_picked":["MentalFortress","EmptyBody"],"picked":"Conclude","floor":22},{"not_picked":["Adaptation","Swivel"],"picked":"Alpha","floor":25},{"not_picked":["Crescendo+1","Evaluate"],"picked":"Prostrate","floor":27},{"not_picked":["CutThroughFate","Prostrate+1"],"picked":"TalkToTheHand","floor":28},{"not_picked":["SashWhip","Consecrate"],"picked":"LikeWater+1","floor":29},{"not_picked":["SashWhip+1","Conclude+1"],"picked":"FearNoEvil","floor":30},{"not_picked":["EmptyFist","Consecrate"],"picked":"Collect","floor":31},{"not_picked":["SpiritShield","DeusExMachina"],"picked":"DevaForm","floor":33},{"not_picked":["PathToVictory","WreathOfFlame+1"],"picked":"CrushJoints","floor":35},{"not_picked":["Dramatic Entrance","PanicButton"],"picked":"Violence","floor":37},{"not_picked":["Jack Of All Trades","Purity"],"picked":"Chrysalis","floor":37},{"not_picked":["Swift Strike","Mind Blast"],"picked":"Impatience","floor":37},{"not_picked":["EmptyBody","PathToVictory"],"picked":"CutThroughFate+1","floor":38},{"not_picked":["CutThroughFate","WheelKick"],"picked":"ConjureBlade","floor":40},{"not_picked":["MentalFortress","FollowUp"],"picked":"ThirdEye","floor":41},{"not_picked":["CrushJoints","Worship"],"picked":"LikeWater+1","floor":42},{"not_picked":["ThirdEye","EmptyFist+1"],"picked":"Scrawl","floor":44},{"not_picked":["EmptyFist+1","ClearTheMind+1"],"picked":"Pray","floor":48},{"not_picked":["PathToVictory","FollowUp"],"picked":"Wish","floor":54}],"player_experience":125654,"relics_obtained":[{"floor":7,"key":"PreservedInsect"},{"floor":9,"key":"Orichalcum"},{"floor":13,"key":"Bronze Scales"},{"floor":21,"key":"Pen Nib"},{"floor":25,"key":"Bag of Marbles"},{"floor":27,"key":"Boot"},{"floor":29,"key":"Lantern"},{"floor":38,"key":"StoneCalendar"},{"floor":40,"key":"Bottled Flame"},{"floor":42,"key":"Torii"},{"floor":43,"key":"Pear"},{"floor":48,"key":"Meat on the Bone"},{"floor":54,"key":"Toy Ornithopter"}],"event_choices":[{"damage_healed":0,"gold_gain":0,"cards_transformed":["Strike_P"],"player_choice":"Transformed","damage_taken":0,"max_hp_gain":0,"max_hp_loss":0,"event_name":"Transmorgrifier","floor":3,"gold_loss":0,"cards_obtained":["Judgement"]},{"damage_healed":0,"gold_gain":0,"cards_transformed":["Strike_P"],"player_choice":"Change","damage_taken":0,"max_hp_gain":0,"max_hp_loss":0,"event_name":"Living Wall","floor":8,"gold_loss":0,"cards_obtained":["Perseverance"]},{"damage_healed":0,"gold_gain":0,"player_choice":"Lose Max HP","damage_taken":0,"relics_obtained":["Golden Idol"],"max_hp_gain":0,"max_hp_loss":5,"event_name":"Golden Idol","floor":14,"gold_loss":0},{"cards_removed":["Strike_P"],"damage_healed":0,"gold_gain":0,"player_choice":"Elegance","damage_taken":0,"max_hp_gain":0,"max_hp_loss":0,"event_name":"Back to Basics","floor":19,"gold_loss":0},{"damage_healed":0,"gold_gain":0,"player_choice":"Opened","damage_taken":0,"relics_obtained":["CloakClasp"],"max_hp_gain":0,"max_hp_loss":0,"event_name":"The Mausoleum","floor":20,"gold_loss":0},{"damage_healed":0,"gold_gain":0,"player_choice":"Memory 3","damage_taken":10,"max_hp_gain":0,"max_hp_loss":0,"event_name":"SensoryStone","floor":37,"gold_loss":0},{"damage_healed":0,"gold_gain":0,"player_choice":"Fight","damage_taken":0,"max_hp_gain":0,"max_hp_loss":0,"event_name":"MindBloom","floor":38,"gold_loss":0},{"cards_removed":["Vigilance"],"damage_healed":0,"gold_gain":0,"player_choice":"Removed Skill","damage_taken":0,"max_hp_gain":0,"max_hp_loss":0,"event_name":"Falling","floor":39,"gold_loss":0},{"damage_healed":19,"gold_gain":0,"player_choice":"Writhe","damage_taken":0,"max_hp_gain":0,"max_hp_loss":0,"event_name":"Winding Halls","floor":47,"gold_loss":0,"cards_obtained":["Writhe"]}],"is_beta":false,"boss_relics":[{"not_picked":["SlaversCollar","Calling Bell"],"picked":"Sozu"},{"not_picked":["Coffee Dripper","VioletLotus"],"picked":"Fusion Hammer"}],"items_purged_floors":[2],"is_endless":false,"potions_floor_spawned":[7,10,13,18,27,30,31,35,42,54],"ascension_level":1}}