{"host":"dx8mnueonnkh60qu","time":1613699577,"event":{"mods":["AchievementEnabler","Act Like it!","Aspiration","BaseMod","Better Silent Start","Better Third Choice","Bossed Relics","CCEM2","Conspire","Defuse TimeMaze Blight","Dota2Spire","Downfall","Hubris","Infinite Spire","Marked Mod","Minty Spire (QoL Compilation)","Quarter Circle Forward PUNCH!","Rare Cards Sparkle","Relic Stats","Reliquary","Robot Space Explorer","Spicy Shops","Spikes Relics","StSLib","SuperFastMode","The Blue Laboratory","The Caster"],"gold_per_floor":[113,126,141,156,171,200,200,235,235,235,267,282,344,344,344,448,448,465,475,475,475,574,589,601,601,677,677,677,695,695,620,620,715,715,735,611,611,611,611,625,657,674,697,697,717,717,735,753,753,753,753,753,138,166,166],"floor_reached":56,"language":"ENG","playtime":1311,"items_purged":["Strike_B","Strike_B+1"],"score":1734,"play_id":"34e43b5b-e4e6-4e78-90ab-36c1403b68d2","local_time":"20210218205257","is_ascension_mode":true,"campfire_choices":[{"data":"conspire:SharedLibrary","floor":7,"key":"SMITH"},{"floor":15,"key":"REST"},{"data":"Biased Cognition","floor":25,"key":"SMITH"},{"data":"infinitespire:Collect","floor":27,"key":"SMITH"},{"data":"BootSequence","floor":32,"key":"SMITH"},{"floor":46,"key":"RECALL"},{"data":"Darkness","floor":49,"key":"SMITH"},{"data":"Biased Cognition","floor":52,"key":"SMITH"}],"circlet_count":0,"master_deck":["Strike_B+1","Defend_B+1","Defend_B+1","Defend_B+1","Defend_B+1","Zap+1","Dualcast+1","Conserve Battery+1","Defragment+1","conspire:SharedLibrary+1","Ball Lightning+1","Beam Cell+1","Ball Lightning+1","Auto Shields+1","infinitespire:Collect+1","Darkness+1","Capacitor+1","Cold Snap+1","Biased Cognition+1","Compile Driver+1","hubris:InfiniteBlow+86","BootSequence+1","Rebound+1","Seek+1","Barrage+1","Darkness+1","Impatience","Chill+1","Coolheaded+1","Darkness+1","Biased Cognition+1"],"relics":["Cracked Core","NeowsBlessing","CCEMRelics:LagavulinClaw","aspiration:StickyExplosives_weak","CCEMRelics:GrapeVine","LugNut","ZombieTooth","CosmicIsotope","Snecko Eye","Pandora\u0027s Box","Mark of the Bloom","CCEMRelics:DissonantTune","infinitespire:PuzzleCube","Blue Candle","Dota2Spire:PowerTreads","HornCleat","Shuriken","reliquary:GummyVitamins"],"acts_visited":["Exordium","TheCity","TheBeyond","TheEnding"],"potions_floor_usage":[6,6,13,16,40,55],"damage_taken":[{"damage":0,"enemies":"Cultist","floor":1,"turns":1},{"damage":0,"enemies":"2 Louse","floor":2,"turns":1},{"damage":0,"enemies":"Jaw Worm","floor":3,"turns":1},{"damage":13,"enemies":"Large Slime","floor":4,"turns":5},{"damage":4,"enemies":"Blue Slaver","floor":5,"turns":3},{"damage":5,"enemies":"Gremlin Nob","floor":6,"turns":3},{"damage":12,"enemies":"3 Sentries","floor":8,"turns":7},{"damage":0,"enemies":"Lagavulin","floor":11,"turns":5},{"damage":0,"enemies":"Exordium Wildlife","floor":12,"turns":3},{"damage":0,"enemies":"Lagavulin Event","floor":13,"turns":4},{"damage":0,"enemies":"Slime Boss","floor":16,"turns":5},{"damage":0,"enemies":"Spheric Guardian","floor":18,"turns":3},{"damage":9,"enemies":"Shell Parasite","floor":19,"turns":4},{"damage":0,"enemies":"Sentry and Sphere","floor":23,"turns":3},{"damage":0,"enemies":"Centurion and Healer","floor":24,"turns":2},{"damage":0,"enemies":"Cultist and Chosen","floor":29,"turns":3},{"damage":0,"enemies":"Champ","floor":33,"turns":1},{"damage":0,"enemies":"3 Shapes","floor":35,"turns":3},{"damage":0,"enemies":"Orb Walker","floor":40,"turns":2},{"damage":0,"enemies":"Reptomancer","floor":41,"turns":1},{"damage":0,"enemies":"Sphere and 2 Shapes","floor":42,"turns":2},{"damage":0,"enemies":"Maw","floor":45,"turns":1},{"damage":0,"enemies":"3 Darklings","floor":47,"turns":3},{"damage":0,"enemies":"Spire Growth","floor":48,"turns":1},{"damage":0,"enemies":"Time Eater","floor":50,"turns":1},{"damage":0,"enemies":"Shield and Spear","floor":54,"turns":3},{"damage":43,"enemies":"The Heart","floor":55,"turns":4}],"seed_played":"1422769242965326456","potions_obtained":[{"floor":3,"key":"Dexterity Potion"},{"floor":4,"key":"champ:CounterPotion"},{"floor":12,"key":"Block Potion"},{"floor":13,"key":"Energy Potion"},{"floor":24,"key":"blueLaboratory:CoolantVial"},{"floor":29,"key":"blueLaboratory:PhilterOfMotion"},{"floor":40,"key":"sneckomod:MuddlingPotion"},{"floor":42,"key":"Guardian:BlockOnCardUsePotion"}],"is_trial":false,"path_per_floor":["M","M","M","M","M","E","R","E","T","?","E","M","?","?","R","B",null,"M","M","?","AVR","?","M","M","R","T","R","?","M","?","?","R","B",null,"M","$","?","?","?","M","E","M","T","?","M","R","M","M","R","B",null,"R","$","E","B",null],"character_chosen":"DEFECT","items_purchased":["Darkness","Dota2Spire:PowerTreads","HornCleat","Shuriken"],"campfire_rested":1,"item_purchase_floors":[36,53,53,53],"current_hp_per_floor":[75,75,75,62,58,53,53,41,41,24,24,24,24,24,46,46,75,75,66,66,66,66,66,66,66,66,66,66,66,66,66,66,66,75,75,75,75,75,75,75,75,75,75,70,70,70,70,70,70,70,70,70,70,70,27],"gold":166,"neow_bonus":"THREE_ENEMY_KILL","is_daily":false,"chose_seed":false,"campfire_upgraded":6,"win_rate":0.0,"timestamp":1613699577,"path_taken":["M","M","?","M","M","E","R","E","T","?","E","M","?","?","R","BOSS","M","M","?","AVR","?","M","M","R","T","R","?","?","?","?","R","BOSS","M","$","?","?","?","?","E","M","T","?","M","R","M","M","R","BOSS","R","$","E","BOSS"],"items_purchased_type":["Card","Relic","Relic","Relic"],"build_version":"2020-12-22","purchased_purges":2,"victory":true,"max_hp_per_floor":[75,75,75,75,75,75,75,75,75,75,75,75,75,75,75,75,75,75,75,75,75,75,75,75,75,75,75,75,75,75,75,75,75,75,75,75,75,75,75,75,75,75,75,75,75,75,75,75,75,75,75,75,75,75,75],"relic_stats":{"Mark of the Bloom":75,"counters":[27,75],"Shuriken":[2],"Blue Candle":[0],"Snecko Eye":[71,57,50,48],"Pandora\u0027s Box":[],"obtain_stats":[{"Mark of the Bloom":37,"Dota2Spire:PowerTreads":53,"NeowsBlessing":0,"Blue Candle":44,"aspiration:StickyExplosives_weak":8,"ZombieTooth":13,"HornCleat":53,"Shuriken":53,"Snecko Eye":21,"CCEMRelics:DissonantTune":41,"CCEMRelics:GrapeVine":9,"Pandora\u0027s Box":34,"reliquary:GummyVitamins":54,"CosmicIsotope":17,"Cracked Core":0,"CCEMRelics:LagavulinClaw":6,"LugNut":11,"infinitespire:PuzzleCube":43},{"Mark of the Bloom":18,"Dota2Spire:PowerTreads":25,"NeowsBlessing":0,"Blue Candle":21,"aspiration:StickyExplosives_weak":7,"ZombieTooth":10,"HornCleat":25,"Shuriken":25,"Snecko Eye":13,"CCEMRelics:DissonantTune":20,"CCEMRelics:GrapeVine":7,"Pandora\u0027s Box":17,"reliquary:GummyVitamins":26,"CosmicIsotope":11,"Cracked Core":0,"CCEMRelics:LagavulinClaw":6,"LugNut":8,"infinitespire:PuzzleCube":21},{"Mark of the Bloom":57,"Dota2Spire:PowerTreads":68,"NeowsBlessing":0,"Blue Candle":62,"aspiration:StickyExplosives_weak":21,"ZombieTooth":33,"HornCleat":68,"Shuriken":68,"Snecko Eye":45,"CCEMRelics:DissonantTune":60,"CCEMRelics:GrapeVine":21,"Pandora\u0027s Box":54,"reliquary:GummyVitamins":71,"CosmicIsotope":38,"Cracked Core":0,"CCEMRelics:LagavulinClaw":14,"LugNut":26,"infinitespire:PuzzleCube":62}]},"card_choices":[{"not_picked":["Hologram","Cold Snap"],"picked":"Conserve Battery","floor":1},{"not_picked":["Stack","aspiration:Polymerization"],"picked":"Defragment","floor":2},{"not_picked":["Coolheaded","aspiration:Polymerization"],"picked":"conspire:SharedLibrary","floor":3},{"not_picked":["Reboot","Compile Driver"],"picked":"Ball Lightning","floor":4},{"not_picked":["Turbo","Multi-Cast"],"picked":"Beam Cell","floor":5},{"not_picked":["Hologram","Conserve Battery"],"picked":"Ball Lightning","floor":6},{"not_picked":["Steam Power","Cold Snap"],"picked":"Auto Shields","floor":8},{"not_picked":["infinitespire:FutureSight","infinitespire:SealOfDarkness+"],"picked":"infinitespire:Collect","floor":10},{"not_picked":["RefreshScreen","Ball Lightning"],"picked":"Darkness","floor":11},{"not_picked":["Barrage","Ball Lightning"],"picked":"Capacitor","floor":12},{"not_picked":["Leap","Chill"],"picked":"Cold Snap","floor":13},{"not_picked":["hubris:DoWhile","Meteor Strike"],"picked":"Biased Cognition","floor":16},{"not_picked":["Cold Snap","Ball Lightning"],"picked":"Compile Driver+1","floor":18},{"not_picked":["Cold Snap","Compile Driver","Double Energy"],"picked":"SKIP","floor":19},{"not_picked":["Cold Snap+1","Auto Shields"],"picked":"BootSequence","floor":23},{"not_picked":["DiskWipe","Beam Cell"],"picked":"Rebound+1","floor":24},{"not_picked":["Compile Driver+1","Consume","Rebound"],"picked":"SKIP","floor":29},{"not_picked":["Multi-Cast","hubris:SpecializedCircuitry"],"picked":"Seek","floor":33},{"not_picked":["Go for the Eyes+1","RefreshScreen"],"picked":"Barrage","floor":35},{"not_picked":["Madness","hubris:EnhanceAbility"],"picked":"Impatience","floor":38},{"not_picked":["Stack+1","Lockon+1"],"picked":"Chill+1","floor":40},{"not_picked":["Double Energy","Cold Snap"],"picked":"Coolheaded+1","floor":41},{"not_picked":["Cold Snap+1","Chaos+1","Steam"],"picked":"SKIP","floor":42},{"not_picked":["Streamline+1","Sunder","Turbo"],"picked":"SKIP","floor":45},{"not_picked":["Barrage+1","Aggregate"],"picked":"Darkness","floor":47},{"not_picked":["Auto Shields","Turbo"],"picked":"Biased Cognition","floor":48},{"not_picked":["Redo","Coolheaded","Streamline"],"picked":"SKIP","floor":54}],"player_experience":643238,"relics_obtained":[{"floor":6,"key":"CCEMRelics:LagavulinClaw"},{"floor":8,"key":"aspiration:StickyExplosives_weak"},{"floor":9,"key":"CCEMRelics:GrapeVine"},{"floor":11,"key":"LugNut"},{"floor":13,"key":"ZombieTooth"},{"floor":41,"key":"CCEMRelics:DissonantTune"},{"floor":43,"key":"infinitespire:PuzzleCube"},{"floor":54,"key":"reliquary:GummyVitamins"}],"event_choices":[{"damage_healed":0,"gold_gain":0,"player_choice":"Searched \u00271\u0027 times","damage_taken":0,"max_hp_gain":0,"max_hp_loss":0,"event_name":"Dead Adventurer","floor":13,"gold_loss":0},{"damage_healed":0,"gold_gain":0,"player_choice":"Grow","damage_taken":0,"max_hp_gain":0,"max_hp_loss":0,"event_name":"Living Wall","floor":14,"gold_loss":0,"cards_upgraded":["Defragment"]},{"damage_healed":0,"gold_gain":0,"player_choice":"Ignored","damage_taken":0,"max_hp_gain":0,"max_hp_loss":0,"event_name":"The Mausoleum","floor":20,"gold_loss":0},{"damage_healed":0,"gold_gain":99,"player_choice":"Steal","damage_taken":0,"max_hp_gain":0,"max_hp_loss":0,"event_name":"betterThird:BetterNest","floor":22,"gold_loss":0},{"damage_healed":0,"gold_gain":0,"player_choice":"Ignored","damage_taken":0,"max_hp_gain":0,"max_hp_loss":0,"event_name":"Ghosts","floor":28,"gold_loss":0},{"cards_removed":["Strike_B"],"damage_healed":0,"gold_gain":0,"player_choice":"Gave Gold","damage_taken":0,"max_hp_gain":0,"max_hp_loss":0,"event_name":"Beggar","floor":31,"gold_loss":75},{"damage_healed":0,"gold_gain":0,"player_choice":"Upgrade","damage_taken":0,"relics_obtained":["Mark of the Bloom"],"max_hp_gain":0,"max_hp_loss":0,"event_name":"MindBloom","floor":37,"gold_loss":0,"cards_upgraded":["Strike_B","Strike_B","Defend_B","Defend_B","Defend_B","Defend_B","Zap","Dualcast","Conserve Battery","Ball Lightning","Beam Cell","Ball Lightning","Auto Shields","Darkness","Capacitor","Cold Snap","hubris:InfiniteBlow","Seek","Barrage","Darkness"]},{"damage_healed":0,"gold_gain":0,"player_choice":"Memory 1","damage_taken":0,"max_hp_gain":0,"max_hp_loss":0,"event_name":"SensoryStone","floor":38,"gold_loss":0},{"damage_healed":0,"gold_gain":0,"player_choice":"Leave","damage_taken":0,"max_hp_gain":0,"max_hp_loss":0,"event_name":"conspire:Investor","floor":39,"gold_loss":0}],"is_beta":false,"boss_relics":[{"not_picked":["Fusion Hammer","bronze:MakeshiftBattery"],"picked":"CosmicIsotope"},{"not_picked":["qcfpunch:Dark_Gi","Runic Dome"],"picked":"Pandora\u0027s Box"}],"items_purged_floors":[36,53],"is_endless":false,"potions_floor_spawned":[3,4,12,13,24,29,40,42,47,48,54],"ascension_level":4}}