{"host":"4qp30tywltrhkmjj","time":1613743170,"event":{"mods":["2.2 Compatiblity","AchievementEnabler","Act Like it!","Ascension Unlocker","Aspiration","BaseMod","Beaked The Cultist","Bestiary","Better Altar","Better Match","Better Note","Better Skull","Better Third Choice","BetterRewards","CCEM2","CapriCore","Challenge The Spire","Colored Map","Colored Powertips","Conjunction","Conspire","Defuse TimeMaze Blight","Displayed Cursed Tome","Downfall","EXCEPTION","Emptier Cage","Energized Spire","Exacting","Gold Saver","Halation","Highlight Path","Hubris","Infinite Spire","Jedi Mod","Lobotomy","LobotomyExtend","Minty Spire (QoL Compilation)","Poor People Problems","Replay The Spire","Reworked Bosses","Ruina","SacredBarkPlus","Shop Mod","Spicy Shops","Spire Arcade","StSLib","The Animator","The Blue Laboratory","Transform Curses","Uncapped","Unceasing Turn Reminder","Wandering Minibosses","Yuri Mod"],"gold_per_floor":[941,654,654,654,674,674,476,501,526,526,526],"floor_reached":10,"language":"ENG","playtime":506,"items_purged":[],"score":92,"play_id":"c75981c5-57b9-454f-bb6f-523910260b5a","local_time":"20210219145930","is_ascension_mode":true,"campfire_choices":[{"data":"animator:AcuraAkari","floor":6,"key":"SMITH"}],"circlet_count":0,"master_deck":["animator:Strike_HitsugiNoChaika","animator:Defend_HitsugiNoChaika","animator:Strike","animator:Strike","animator:Strike","animator:Defend","animator:Defend","animator:Defend","animator:AcuraAkari+1","animator:Gillette","OSAHOGD","animator:ChaikaTrabant","animator:ChaikaTrabant","animator:HououinKyouma","animator:HououinKyouma","animator:Zero","animator:Urushihara"],"relics":["animator:LivingPicture","animator:TheMissingPiece","animator:PurgingStone","CogitoBucket","LetterFromLob","MerchantsRug","halation:NonexistentMirror","Lee\u0027s Waffle","ReplayTheSpireMod:ShopPack","aspiration:ChemicalBlood","Blood Vial"],"acts_visited":[],"potions_floor_usage":[10],"damage_taken":[{"damage":1,"enemies":"Small Slimes","floor":1,"turns":4},{"damage":4,"enemies":"conspire:RoseBush","floor":5,"turns":2},{"damage":13,"enemies":"Lagavulin","floor":8,"turns":4},{"damage":81,"enemies":"3 Sentries","floor":10,"turns":4}],"seed_played":"-4974475520428343982","potions_obtained":[{"floor":1,"key":"blueLaboratory:HorrorPotion"}],"is_trial":false,"path_per_floor":["M","$","?","?","M","R","$","E","T","E"],"character_chosen":"THE_ANIMATOR","items_purchased":["MerchantsRug","halation:NonexistentMirror","Lee\u0027s Waffle","ReplayTheSpireMod:ShopPack"],"campfire_rested":0,"item_purchase_floors":[2,2,7,7],"current_hp_per_floor":[59,59,59,59,55,55,85,72,72,0,0],"gold":526,"neow_bonus":"TWENTY_PERCENT_HP_BONUS","is_daily":false,"chose_seed":false,"campfire_upgraded":1,"win_rate":0.0,"timestamp":1613743170,"path_taken":["M","$","?","?","M","R","?","E","T","E"],"items_purchased_type":["Relic","Relic","Relic","Relic"],"build_version":"2020-12-22","purchased_purges":0,"victory":false,"max_hp_per_floor":[78,78,78,78,78,78,85,85,85,85,85],"card_choices":[{"not_picked":["FairyFestival","CherryBlossoms","Murderer"],"picked":"Singing Bowl","floor":1},{"not_picked":["PunishingBird","Scorched"],"picked":"OSAHOGD","floor":1},{"not_picked":["animator:Priestess","animator:Gillette","animator:Mitsurugi"],"picked":"SKIP","floor":1},{"not_picked":["BeautyBeast","Scorched","Wellcheers"],"picked":"Singing Bowl","floor":5},{"not_picked":["animator:Pride","animator:Yuuichirou","animator:SayakaMiki"],"picked":"SKIP","floor":5},{"not_picked":["animator:Patchouli","animator:Lelouch"],"picked":"animator:HououinKyouma","floor":7},{"not_picked":["animator:Canti","animator:Shimakaze"],"picked":"animator:Zero","floor":7},{"not_picked":["animator:Kagari","animator:Kira"],"picked":"animator:Urushihara","floor":7},{"not_picked":["SingingMachine","Bloodbath","OldLady"],"picked":"Singing Bowl","floor":8},{"not_picked":["OldLady","HappyTeddy"],"picked":"BigBird","floor":8},{"not_picked":["animator:LeleiLaLalena","animator:Vanir","animator:RinTohsaka"],"picked":"SKIP","floor":8}],"player_experience":567582,"relics_obtained":[{"floor":1,"key":"LetterFromLob"},{"floor":8,"key":"aspiration:ChemicalBlood"},{"floor":9,"key":"Blood Vial"}],"event_choices":[{"damage_healed":0,"gold_gain":0,"player_choice":"Disagree","damage_taken":0,"max_hp_gain":0,"max_hp_loss":0,"event_name":"conspire:LoneGhost","floor":3,"gold_loss":0}],"is_beta":false,"boss_relics":[],"items_purged_floors":[],"is_endless":false,"potions_floor_spawned":[1],"killed_by":"3 Sentries","ascension_level":1}}