{"host":"tlbbab9afexrkdtf","time":1613764264,"event":{"mods":["2.2 Compatiblity","AchievementEnabler","BaseMod","Colored Map","Colored Powertips","Minty Spire (QoL Compilation)","Rare Cards Sparkle","StSLib"],"gold_per_floor":[110,128,128,128,146,146,160,435,462,481,656,690,690,52,52,52,52],"floor_reached":16,"language":"ENG","playtime":471,"items_purged":[],"score":150,"play_id":"d5898519-1ceb-4165-9f21-a68fb9a9de14","local_time":"20210219145104","is_ascension_mode":true,"campfire_choices":[{"floor":6,"key":"REST"},{"floor":15,"key":"REST"}],"circlet_count":0,"master_deck":["Strike_R","Strike_R+1","Strike_R","Strike_R","Strike_R","Defend_R","Defend_R","Defend_R","Bash","Shockwave","Pommel Strike+1","Anger","Headbutt","Regret","Reaper","Doubt","Impervious","Parasite","Seeing Red","Armaments","Immolate","Power Through","Intimidate"],"relics":["Burning Blood","Ancient Tea Set","Centennial Puzzle","Frozen Egg 2","Bottled Flame","Orrery"],"acts_visited":["Exordium"],"potions_floor_usage":[12,12,16],"damage_taken":[{"damage":7,"enemies":"Jaw Worm","floor":1,"turns":3},{"damage":0,"enemies":"Small Slimes","floor":2,"turns":3},{"damage":4,"enemies":"Cultist","floor":5,"turns":3},{"damage":29,"enemies":"Gremlin Gang","floor":7,"turns":4},{"damage":29,"enemies":"Large Slime","floor":10,"turns":5},{"damage":29,"enemies":"Lagavulin","floor":12,"turns":5},{"damage":103,"enemies":"The Guardian","floor":16,"turns":10}],"seed_played":"-8487861770126927589","potions_obtained":[{"floor":5,"key":"Weak Potion"},{"floor":10,"key":"LiquidMemories"},{"floor":12,"key":"BloodPotion"}],"is_trial":false,"path_per_floor":["M","M","?","?","M","R","M","?","T","M","?","E","?","$","R","B"],"character_chosen":"IRONCLAD","items_purchased":["Frozen Egg 2","Bottled Flame","Orrery"],"campfire_rested":2,"item_purchase_floors":[14,14,14],"current_hp_per_floor":[71,77,58,58,60,88,65,65,65,42,42,38,62,62,90,0,0],"gold":52,"neow_bonus":"TWENTY_PERCENT_HP_BONUS","is_daily":false,"chose_seed":false,"campfire_upgraded":0,"win_rate":0.0,"timestamp":1613764264,"path_taken":["M","M","?","?","?","R","?","?","T","?","?","E","?","?","R","BOSS"],"items_purchased_type":["Relic","Relic","Relic"],"build_version":"2020-12-22","purchased_purges":0,"victory":false,"max_hp_per_floor":[96,96,96,96,96,96,96,96,96,96,96,96,96,96,96,96,96],"card_choices":[{"not_picked":["Anger","Second Wind"],"picked":"Shockwave","floor":1},{"not_picked":["Warcry","Power Through"],"picked":"Pommel Strike","floor":2},{"not_picked":["Heavy Blade","Headbutt"],"picked":"Anger","floor":5},{"not_picked":["Searing Blow","Sword Boomerang"],"picked":"Headbutt","floor":7},{"not_picked":["Fire Breathing","Bloodletting"],"picked":"Reaper","floor":10},{"not_picked":["Corruption","Armaments"],"picked":"Impervious","floor":12},{"not_picked":["Sentinel","Cleave"],"picked":"Seeing Red","floor":14},{"not_picked":["Heavy Blade","Twin Strike"],"picked":"Armaments","floor":14},{"not_picked":["Cleave","Body Slam"],"picked":"Immolate","floor":14},{"not_picked":["Wild Strike","Headbutt"],"picked":"Power Through","floor":14},{"not_picked":["True Grit","Wild Strike"],"picked":"Intimidate","floor":14}],"player_experience":330415,"relics_obtained":[{"floor":9,"key":"Ancient Tea Set"},{"floor":12,"key":"Centennial Puzzle"}],"event_choices":[{"damage_healed":0,"gold_gain":0,"player_choice":"Entered Light","damage_taken":19,"max_hp_gain":0,"max_hp_loss":0,"event_name":"Shining Light","floor":3,"gold_loss":0,"cards_upgraded":["Pommel Strike","Strike_R"]},{"cards_removed":["Defend_R"],"damage_healed":0,"gold_gain":0,"player_choice":"Purged","damage_taken":0,"max_hp_gain":0,"max_hp_loss":0,"event_name":"Purifier","floor":4,"gold_loss":0},{"damage_healed":0,"gold_gain":275,"player_choice":"Desecrate","damage_taken":0,"max_hp_gain":0,"max_hp_loss":0,"event_name":"Golden Shrine","floor":8,"gold_loss":0,"cards_obtained":["Regret"]},{"damage_healed":0,"gold_gain":175,"player_choice":"AGREE","damage_taken":0,"max_hp_gain":0,"max_hp_loss":0,"event_name":"Liars Game","floor":11,"gold_loss":0,"cards_obtained":["Doubt"]},{"damage_healed":24,"gold_gain":0,"player_choice":"Healed and dodged fight","damage_taken":0,"max_hp_gain":0,"max_hp_loss":0,"event_name":"Mushrooms","floor":13,"gold_loss":0,"cards_obtained":["Parasite"]}],"is_beta":false,"boss_relics":[],"items_purged_floors":[],"is_endless":false,"potions_floor_spawned":[5,10,12],"killed_by":"The Guardian","ascension_level":5}}