{"host":"tlbbab9afexrkdtf","time":1613765162,"event":{"mods":["2.2 Compatiblity","AchievementEnabler","BaseMod","Colored Map","Colored Powertips","Minty Spire (QoL Compilation)","Rare Cards Sparkle","StSLib"],"gold_per_floor":[211,59,59,59,76,104,104,135,160,160,171,19,19,34,34,130,130,147,161,161,161,178,178,33,47,47,62,62,80,92,92,92],"floor_reached":31,"language":"ENG","playtime":887,"items_purged":[],"score":334,"play_id":"c5e1b2d2-5321-4910-88db-93761d76843e","local_time":"20210219150602","is_ascension_mode":true,"campfire_choices":[{"floor":7,"key":"REST"},{"floor":13,"key":"REST"},{"floor":15,"key":"RECALL"},{"floor":23,"key":"REST"}],"circlet_count":0,"master_deck":["Strike_R+1","Strike_R+1","Strike_R+1","Defend_R+1","Defend_R+1","Defend_R+1","Bash","Clash","Clothesline","Cleave","Anger","Inflame","Ghostly Armor","Exhume","Wild Strike+1","Clash","Shockwave+1","Infernal Blade","Bludgeon","Fire Breathing","Cleave+1"],"relics":["Burning Blood","PreservedInsect","Toy Ornithopter","Ice Cream","Akabeko","Orichalcum","Pear","Regal Pillow","Empty Cage","Tiny Chest","Mummified Hand"],"acts_visited":["Exordium","TheCity"],"potions_floor_usage":[8,22,29],"damage_taken":[{"damage":7,"enemies":"Small Slimes","floor":1,"turns":4},{"damage":6,"enemies":"2 Louse","floor":5,"turns":2},{"damage":50,"enemies":"3 Sentries","floor":6,"turns":11},{"damage":16,"enemies":"Gremlin Nob","floor":8,"turns":3},{"damage":0,"enemies":"Cultist","floor":11,"turns":2},{"damage":12,"enemies":"Red Slaver","floor":14,"turns":4},{"damage":53,"enemies":"Slime Boss","floor":16,"turns":10},{"damage":38,"enemies":"Spheric Guardian","floor":18,"turns":6},{"damage":13,"enemies":"Chosen","floor":19,"turns":4},{"damage":26,"enemies":"Snake Plant","floor":22,"turns":3},{"damage":0,"enemies":"Chosen and Byrds","floor":25,"turns":4},{"damage":12,"enemies":"Snecko","floor":27,"turns":5},{"damage":17,"enemies":"Centurion and Healer","floor":29,"turns":7},{"damage":30,"enemies":"Shelled Parasite and Fungi","floor":30,"turns":5},{"damage":18,"enemies":"Sentry and Sphere","floor":31,"turns":3}],"seed_played":"402552252557943389","potions_obtained":[{"floor":1,"key":"ElixirPotion"},{"floor":5,"key":"SteroidPotion"},{"floor":16,"key":"Dexterity Potion"},{"floor":19,"key":"Energy Potion"},{"floor":30,"key":"CultistPotion"}],"is_trial":false,"path_per_floor":["M","$","?","?","M","E","R","E","T","?","M","$","R","M","R","B",null,"M","M","?","?","M","R","$","M","T","M","?","M","M","M"],"character_chosen":"IRONCLAD","items_purchased":["PreservedInsect","Regal Pillow","Tiny Chest"],"campfire_rested":3,"item_purchase_floors":[2,12,24],"current_hp_per_floor":[79,79,79,72,72,28,52,47,47,57,63,63,90,84,84,37,77,45,38,38,38,23,65,65,71,71,65,47,41,17,0,0],"gold":92,"neow_bonus":"HUNDRED_GOLD","is_daily":false,"chose_seed":false,"campfire_upgraded":0,"win_rate":0.0,"timestamp":1613765162,"path_taken":["M","$","?","?","M","E","R","E","T","?","?","?","R","M","R","BOSS","M","M","?","?","?","R","?","M","T","?","?","M","M","M"],"items_purchased_type":["Relic","Relic","Relic"],"build_version":"2020-12-22","purchased_purges":0,"victory":false,"max_hp_per_floor":[80,80,80,80,80,80,80,80,80,90,90,90,90,90,90,90,90,90,90,90,90,90,90,90,90,90,90,95,95,95,95,95],"card_choices":[{"not_picked":["Dual Wield","Havoc"],"picked":"Clash","floor":1},{"not_picked":["Reckless Charge","Dark Embrace"],"picked":"Clothesline","floor":5},{"not_picked":["Armaments","Searing Blow"],"picked":"Cleave","floor":6},{"not_picked":["Hemokinesis","Whirlwind"],"picked":"Anger","floor":8},{"not_picked":["Pommel Strike","Sword Boomerang"],"picked":"Inflame","floor":11},{"not_picked":["Intimidate","True Grit"],"picked":"Ghostly Armor","floor":14},{"not_picked":["Corruption","Barricade"],"picked":"Exhume","floor":16},{"not_picked":["Second Wind+1","Searing Blow"],"picked":"Wild Strike+1","floor":18},{"not_picked":["Anger","Iron Wave+1"],"picked":"Clash","floor":19},{"not_picked":["Dropkick","Thunderclap"],"picked":"Shockwave+1","floor":22},{"not_picked":["Whirlwind+1","Twin Strike"],"picked":"Infernal Blade","floor":25},{"not_picked":["Warcry","Body Slam+1"],"picked":"Bludgeon","floor":27},{"not_picked":["Power Through","Uppercut"],"picked":"Fire Breathing","floor":29},{"not_picked":["Wild Strike","Blood for Blood+1"],"picked":"Cleave+1","floor":30}],"player_experience":330886,"relics_obtained":[{"floor":6,"key":"Ice Cream"},{"floor":8,"key":"Akabeko"},{"floor":9,"key":"Orichalcum"},{"floor":26,"key":"Mummified Hand"}],"event_choices":[{"damage_healed":0,"gold_gain":0,"player_choice":"Box","damage_taken":0,"relics_obtained":["Toy Ornithopter"],"max_hp_gain":0,"max_hp_loss":0,"event_name":"Big Fish","floor":3,"gold_loss":0,"cards_obtained":["Regret"]},{"cards_removed":["Regret"],"damage_healed":0,"gold_gain":0,"player_choice":"Card Removal","damage_taken":7,"max_hp_gain":0,"max_hp_loss":0,"event_name":"Golden Wing","floor":4,"gold_loss":0},{"damage_healed":0,"gold_gain":0,"player_choice":"Gave Potion","damage_taken":0,"relics_obtained":["Pear"],"max_hp_gain":0,"max_hp_loss":0,"event_name":"WeMeetAgain","floor":10,"gold_loss":0},{"damage_healed":0,"gold_gain":0,"player_choice":"Simplicity","damage_taken":0,"max_hp_gain":0,"max_hp_loss":0,"event_name":"Back to Basics","floor":20,"gold_loss":0,"cards_upgraded":["Strike_R","Strike_R","Strike_R","Defend_R","Defend_R","Defend_R","Defend_R"]},{"cards_removed":["Defend_R"],"damage_healed":0,"gold_gain":0,"player_choice":"Purged","damage_taken":0,"max_hp_gain":0,"max_hp_loss":0,"event_name":"Purifier","floor":21,"gold_loss":0},{"damage_healed":0,"gold_gain":0,"player_choice":"Shed Blood","damage_taken":23,"max_hp_gain":5,"max_hp_loss":0,"event_name":"Forgotten Altar","floor":28,"gold_loss":0}],"is_beta":false,"boss_relics":[{"not_picked":["Coffee Dripper","SlaversCollar"],"picked":"Empty Cage"}],"items_purged_floors":[],"is_endless":false,"potions_floor_spawned":[1,5,16,19,30],"killed_by":"Sentry and Sphere","ascension_level":5}}