{"host":"vlqej45p0v31lhdi","time":1613753410,"event":{"mods":["AchievementEnabler","BaseMod","Bestiary","Colored Powertips","Minty Spire (QoL Compilation)","Relic Stats"],"gold_per_floor":[112,129,142,142,2,2,29,29,52,85,101,251,284,50,50,125,125,139,156,156,156,166,166,195,195,221,231,231,231,259,269,269,345,345,355,355,371,388,31,31,66,87,96,96,21,21,21,40,40,40,40],"floor_reached":50,"language":"ENG","playtime":2820,"items_purged":["Shame"],"score":1381,"play_id":"21ff9cc4-eb0d-4089-ad97-aca83f0c4dee","local_time":"20210219105010","is_ascension_mode":true,"campfire_choices":[{"data":"Inflame","floor":6,"key":"SMITH"},{"floor":8,"key":"REST"},{"data":"Armaments","floor":15,"key":"SMITH"},{"floor":23,"key":"REST"},{"floor":25,"key":"REST"},{"floor":32,"key":"REST"},{"data":"Second Wind","floor":40,"key":"SMITH"},{"data":"Rupture","floor":44,"key":"SMITH"},{"floor":46,"key":"RECALL"},{"floor":49,"key":"REST"}],"circlet_count":0,"master_deck":["AscendersBane","Strike_R","Strike_R","Defend_R","Defend_R","Defend_R","Defend_R","Bash","Evolve","Inflame+1","Pummel","Combust","Intimidate+1","Sword Boomerang","Clothesline","Offering+1","Offering","Armaments+1","Fiend Fire","Second Wind+1","Sentinel+1","Hemokinesis","Shockwave+1","Ghostly Armor","Searing Blow","Immolate","Thunderclap","Whirlwind+1","Exhume","Rupture+1","Blood for Blood","Bandage Up","Dark Embrace","Reaper","Shrug It Off+1"],"relics":["Burning Blood","Charon\u0027s Ashes","Ancient Tea Set","Omamori","Bag of Preparation","Mercury Hourglass","Calling Bell","War Paint","Gremlin Horn","Calipers","Self Forming Clay","Orichalcum","Nilry\u0027s Codex","Blue Candle","Cursed Key","Red Skull","CeramicFish"],"acts_visited":["Exordium","TheCity","TheBeyond"],"potions_floor_usage":[7,7,16,16,27,30,41],"damage_taken":[{"damage":1,"enemies":"Cultist","floor":1,"turns":3},{"damage":5,"enemies":"2 Louse","floor":2,"turns":4},{"damage":11,"enemies":"Small Slimes","floor":3,"turns":5},{"damage":31,"enemies":"Lagavulin","floor":7,"turns":6},{"damage":9,"enemies":"Gremlin Nob","floor":10,"turns":3},{"damage":1,"enemies":"2 Fungi Beasts","floor":11,"turns":3},{"damage":24,"enemies":"3 Sentries","floor":13,"turns":4},{"damage":22,"enemies":"Hexaghost","floor":16,"turns":5},{"damage":6,"enemies":"3 Byrds","floor":18,"turns":1},{"damage":28,"enemies":"Shell Parasite","floor":19,"turns":3},{"damage":10,"enemies":"Cultist and Chosen","floor":22,"turns":3},{"damage":15,"enemies":"Gremlin Leader","floor":24,"turns":3},{"damage":0,"enemies":"Snake Plant","floor":27,"turns":1},{"damage":31,"enemies":"Slavers","floor":30,"turns":2},{"damage":15,"enemies":"Centurion and Healer","floor":31,"turns":6},{"damage":24,"enemies":"Automaton","floor":33,"turns":6},{"damage":19,"enemies":"Orb Walker","floor":35,"turns":3},{"damage":11,"enemies":"3 Shapes","floor":37,"turns":3},{"damage":25,"enemies":"Transient","floor":38,"turns":6},{"damage":21,"enemies":"Reptomancer","floor":41,"turns":2},{"damage":12,"enemies":"4 Shapes","floor":42,"turns":3},{"damage":33,"enemies":"Jaw Worm Horde","floor":48,"turns":5},{"damage":80,"enemies":"Time Eater","floor":50,"turns":8}],"seed_played":"1437097766965423416","potions_obtained":[{"floor":1,"key":"SkillPotion"},{"floor":2,"key":"Strength Potion"},{"floor":11,"key":"SkillPotion"},{"floor":13,"key":"GamblersBrew"},{"floor":18,"key":"FairyPotion"},{"floor":24,"key":"AttackPotion"},{"floor":27,"key":"LiquidBronze"},{"floor":35,"key":"DuplicationPotion"},{"floor":48,"key":"GamblersBrew"}],"is_trial":false,"path_per_floor":["M","M","M","?","$","R","E","R","T","E","M","?","E","$","R","B",null,"M","M","?","?","M","R","E","R","T","M","?","?","E","M","R","B",null,"M","?","M","M","$","R","E","M","T","R","$","R","?","M","R","B"],"character_chosen":"IRONCLAD","items_purchased":["Combust","Block Potion","Rupture","Offering","Armaments","Bandage Up","Dark Embrace","Red Skull"],"campfire_rested":5,"item_purchase_floors":[5,5,14,14,14,39,39,39],"current_hp_per_floor":[55,56,51,51,51,51,26,48,48,45,50,50,32,32,32,16,60,60,38,38,27,23,45,36,58,58,64,64,43,18,9,31,13,60,47,47,42,23,23,23,12,31,31,31,31,31,31,28,50,0,0],"gold":40,"neow_bonus":"ONE_RARE_RELIC","is_daily":false,"chose_seed":false,"campfire_upgraded":4,"win_rate":0.0,"timestamp":1613753410,"path_taken":["M","?","M","?","$","R","E","R","T","E","?","?","E","$","R","BOSS","M","M","?","?","M","R","E","R","T","?","?","?","E","M","R","BOSS","M","?","M","M","$","R","E","M","T","R","$","R","?","M","R","BOSS"],"items_purchased_type":["Card","Potion","Card","Card","Card","Card","Card","Relic"],"build_version":"2020-12-22","purchased_purges":1,"victory":false,"max_hp_per_floor":[75,75,75,75,75,75,75,75,75,75,75,75,75,75,75,75,75,75,75,75,75,75,75,75,75,75,75,75,75,75,75,75,75,75,75,75,75,75,75,75,75,75,75,75,75,75,75,75,75,75,75],"relic_stats":{"Gremlin Horn":[18,19],"counters":[23,88],"Self Forming Clay":[117],"Blue Candle":[0],"CeramicFish":27,"Charon\u0027s Ashes":[801],"Bag of Preparation":[36],"War Paint":["Intimidate","Offering"],"Orichalcum":[24],"Cursed Key":1,"Burning Blood":132,"Mercury Hourglass":[240],"obtain_stats":[{"Calipers":17,"Gremlin Horn":17,"Self Forming Clay":24,"Nilry\u0027s Codex":29,"Blue Candle":30,"CeramicFish":41,"Charon\u0027s Ashes":0,"Omamori":9,"Bag of Preparation":10,"War Paint":17,"Orichalcum":26,"Ancient Tea Set":7,"Cursed Key":34,"Burning Blood":0,"Mercury Hourglass":13,"Calling Bell":17,"Red Skull":39},{"Calipers":8,"Gremlin Horn":8,"Self Forming Clay":12,"Nilry\u0027s Codex":13,"Blue Candle":14,"CeramicFish":20,"Charon\u0027s Ashes":0,"Omamori":4,"Bag of Preparation":5,"War Paint":8,"Orichalcum":12,"Ancient Tea Set":4,"Cursed Key":16,"Burning Blood":0,"Mercury Hourglass":7,"Calling Bell":8,"Red Skull":19},{"Calipers":33,"Gremlin Horn":33,"Self Forming Clay":43,"Nilry\u0027s Codex":44,"Blue Candle":46,"CeramicFish":72,"Charon\u0027s Ashes":0,"Omamori":18,"Bag of Preparation":21,"War Paint":33,"Orichalcum":43,"Ancient Tea Set":18,"Cursed Key":58,"Burning Blood":0,"Mercury Hourglass":28,"Calling Bell":33,"Red Skull":70}]},"card_choices":[{"not_picked":["Blood for Blood","Headbutt"],"picked":"Evolve","floor":1},{"not_picked":["Cleave","Heavy Blade"],"picked":"Inflame","floor":2},{"not_picked":["Body Slam","Sword Boomerang"],"picked":"Pummel","floor":3},{"not_picked":["Clash","Evolve"],"picked":"Intimidate","floor":7},{"not_picked":["Shrug It Off","Ghostly Armor"],"picked":"Sword Boomerang","floor":10},{"not_picked":["Clash","Fire Breathing"],"picked":"Clothesline","floor":11},{"not_picked":["Havoc","Rupture"],"picked":"Offering","floor":13},{"not_picked":["Feed","Double Tap"],"picked":"Fiend Fire","floor":16},{"not_picked":["Heavy Blade","Wild Strike"],"picked":"Second Wind","floor":18},{"not_picked":["Anger","Whirlwind"],"picked":"Sentinel+1","floor":19},{"not_picked":["Anger","Pommel Strike"],"picked":"Hemokinesis","floor":22},{"not_picked":["Rupture","Thunderclap"],"picked":"Shockwave+1","floor":24},{"not_picked":["Fire Breathing+1","Cleave"],"picked":"Ghostly Armor","floor":27},{"not_picked":["Headbutt","Sword Boomerang"],"picked":"Thunderclap","floor":30},{"not_picked":["Double Tap","Wild Strike+1"],"picked":"Whirlwind+1","floor":31},{"not_picked":["Demon Form","Immolate"],"picked":"Exhume","floor":33},{"not_picked":["Fire Breathing","Wild Strike+1"],"picked":"Rupture","floor":35},{"not_picked":["Uppercut","Combust"],"picked":"Blood for Blood","floor":37},{"not_picked":["Twin Strike","Anger","Iron Wave"],"picked":"SKIP","floor":38},{"not_picked":["Sword Boomerang","Burning Pact+1"],"picked":"Reaper","floor":41},{"not_picked":["Wild Strike+1","Disarm"],"picked":"Shrug It Off+1","floor":42},{"not_picked":["Clash","Seeing Red","Armaments"],"picked":"SKIP","floor":48}],"player_experience":3080458,"relics_obtained":[{"floor":7,"key":"Ancient Tea Set"},{"floor":9,"key":"Omamori"},{"floor":10,"key":"Bag of Preparation"},{"floor":13,"key":"Mercury Hourglass"},{"floor":17,"key":"War Paint"},{"floor":17,"key":"Gremlin Horn"},{"floor":17,"key":"Calipers"},{"floor":24,"key":"Self Forming Clay"},{"floor":26,"key":"Orichalcum"},{"floor":29,"key":"Nilry\u0027s Codex"},{"floor":30,"key":"Blue Candle"},{"floor":41,"key":"CeramicFish"}],"event_choices":[{"cards_removed":["Strike_R"],"damage_healed":0,"gold_gain":0,"player_choice":"Offered Basic","damage_taken":0,"max_hp_gain":0,"max_hp_loss":0,"event_name":"Bonfire Elementals","floor":4,"gold_loss":0},{"damage_healed":0,"gold_gain":150,"player_choice":"AGREE","damage_taken":0,"max_hp_gain":0,"max_hp_loss":0,"event_name":"Liars Game","floor":12,"gold_loss":0,"cards_obtained":["Doubt"]},{"damage_healed":0,"gold_gain":0,"player_choice":"Ignored","damage_taken":0,"max_hp_gain":0,"max_hp_loss":0,"event_name":"Vampires","floor":20,"gold_loss":0},{"damage_healed":0,"gold_gain":0,"player_choice":"Damaged","damage_taken":11,"max_hp_gain":0,"max_hp_loss":0,"event_name":"Wheel of Change","floor":21,"gold_loss":0},{"damage_healed":0,"gold_gain":0,"cards_transformed":["Strike_R","Strike_R"],"player_choice":"Became Test Subject","damage_taken":0,"max_hp_gain":0,"max_hp_loss":0,"event_name":"Drug Dealer","floor":28,"gold_loss":0,"cards_obtained":["Searing Blow","Immolate"]},{"damage_healed":0,"gold_gain":0,"player_choice":"Obtained Book","damage_taken":21,"max_hp_gain":0,"max_hp_loss":0,"event_name":"Cursed Tome","floor":29,"gold_loss":0},{"cards_removed":["Rupture"],"damage_healed":0,"gold_gain":0,"player_choice":"Removed Power","damage_taken":0,"max_hp_gain":0,"max_hp_loss":0,"event_name":"Falling","floor":36,"gold_loss":0},{"damage_healed":0,"gold_gain":0,"player_choice":"0 cards matched","damage_taken":0,"max_hp_gain":0,"max_hp_loss":0,"event_name":"Match and Keep!","floor":47,"gold_loss":0,"cards_obtained":[]}],"is_beta":false,"boss_relics":[{"not_picked":["Sozu","Coffee Dripper"],"picked":"Calling Bell"},{"not_picked":["Astrolabe","Tiny House"],"picked":"Cursed Key"}],"items_purged_floors":[45],"is_endless":false,"potions_floor_spawned":[1,2,11,13,18,24,27,35,37,38,48],"killed_by":"Time Eater","ascension_level":20}}