{"host":"9zznonz1olisd4fd","time":1613746309,"event":{"mods":["BaseMod","Keyboard Shortcuts","Minty Spire (QoL Compilation)","StSLib","SuperFastMode"],"gold_per_floor":[112,123,123,139,158,193,193,209,209,221,396,396,396,409,409,409,409],"floor_reached":16,"language":"KOR","playtime":571,"items_purged":[],"score":177,"play_id":"b849aa73-cc5f-4a71-b020-5cd24760c7bb","local_time":"20210219235149","is_ascension_mode":true,"campfire_choices":[{"data":"Dualcast","floor":7,"key":"SMITH"},{"data":"Streamline","floor":12,"key":"SMITH"},{"floor":15,"key":"REST"}],"circlet_count":0,"master_deck":["AscendersBane","Strike_B","Strike_B","Strike_B","Defend_B","Defend_B","Defend_B","Defend_B","Zap","Dualcast+1","Fusion+1","Streamline+1","Ball Lightning","Doubt","Chaos"],"relics":["Cracked Core","NeowsBlessing","Lantern"],"acts_visited":["Exordium"],"potions_floor_usage":[8,14],"damage_taken":[{"damage":0.0,"enemies":"Cultist","floor":1.0,"turns":1.0},{"damage":0.0,"enemies":"2 Louse","floor":2.0,"turns":1.0},{"damage":0,"enemies":"Jaw Worm","floor":4,"turns":1},{"damage":6,"enemies":"Blue Slaver","floor":5,"turns":3},{"damage":25,"enemies":"Lagavulin","floor":6,"turns":6},{"damage":0,"enemies":"Lots of Slimes","floor":8,"turns":1},{"damage":2,"enemies":"3 Louse","floor":10,"turns":3},{"damage":5,"enemies":"Exordium Wildlife","floor":14,"turns":3},{"damage":51,"enemies":"The Guardian","floor":16,"turns":9}],"seed_played":"-4146205609605040256","potions_obtained":[{"floor":1.0,"key":"Explosive Potion"},{"floor":2,"key":"Block Potion"},{"floor":8,"key":"Energy Potion"}],"is_trial":false,"path_per_floor":["M","M","?","M","M","E","R","M","T","M","?","R","?","M","R","B"],"character_chosen":"DEFECT","items_purchased":[],"campfire_rested":1,"item_purchase_floors":[],"current_hp_per_floor":[64,64,64,64,58,33,33,33,33,31,31,31,31,26,47,0,0],"gold":409,"neow_bonus":"THREE_ENEMY_KILL","is_daily":false,"chose_seed":false,"campfire_upgraded":2,"win_rate":0.0,"timestamp":1613746309,"path_taken":["M","?","?","M","?","E","R","M","T","M","?","R","?","M","R","BOSS"],"items_purchased_type":[],"build_version":"2020-12-22","purchased_purges":0,"victory":false,"max_hp_per_floor":[71,71,71,71,71,71,71,71,71,71,71,71,71,71,71,71,71],"card_choices":[{"not_picked":["Go for the Eyes","Ball Lightning"],"picked":"Fusion","floor":1.0},{"not_picked":["Compile Driver","Steam"],"picked":"Streamline","floor":2},{"not_picked":["Fission","Turbo"],"picked":"Ball Lightning","floor":4},{"not_picked":["Steam","Turbo","Ball Lightning"],"picked":"SKIP","floor":5},{"not_picked":["Go for the Eyes","Hologram","Hello World"],"picked":"SKIP","floor":6},{"not_picked":["Steam","Barrage","Gash"],"picked":"SKIP","floor":8},{"not_picked":["Aggregate","Streamline","Compile Driver"],"picked":"SKIP","floor":10},{"not_picked":["Barrage","Gash"],"picked":"Chaos","floor":14}],"player_experience":560855,"relics_obtained":[{"floor":6,"key":"Lantern"}],"event_choices":[{"damage_healed":0,"gold_gain":0,"player_choice":"Forge","damage_taken":0,"max_hp_gain":0,"max_hp_loss":0,"event_name":"Accursed Blacksmith","floor":3,"gold_loss":0,"cards_upgraded":["Fusion"]},{"damage_healed":0,"gold_gain":175,"player_choice":"AGREE","damage_taken":0,"max_hp_gain":0,"max_hp_loss":0,"event_name":"Liars Game","floor":11,"gold_loss":0,"cards_obtained":["Doubt"]},{"cards_removed":["Strike_B"],"damage_healed":0,"gold_gain":0,"player_choice":"Purged","damage_taken":0,"max_hp_gain":0,"max_hp_loss":0,"event_name":"Purifier","floor":13,"gold_loss":0}],"is_beta":false,"boss_relics":[],"items_purged_floors":[],"is_endless":false,"potions_floor_spawned":[1,2,8],"killed_by":"The Guardian","ascension_level":14}}