{"host":"ryfs09562e7ibkuk","time":1613775231,"event":{"mods":["BaseMod","Colored Powertips","Marisa£®ÏF”Í°°ƒß¿Ì…≥£©","Minty Spire (QoL Compilation)","Quick Restart","StSLib","The Bug Knight","Youmu£®ªÍ∆«—˝√Œ£©"],"gold_per_floor":[110,56,66,82,82,111,111,128,128,142,142,173,189,223,223,324,324,335,48,68,68,68,68,96,11,11,43,55,55,55,55],"floor_reached":30,"language":"ZHS","playtime":1685,"items_purged":["HollowMod:NailStrikeStart"],"score":288,"play_id":"44869a53-ba57-4d58-b99b-46fec6fb50c4","local_time":"20210220065351","is_ascension_mode":false,"campfire_choices":[{"data":"HollowMod:AwokenDreamNail","floor":7,"key":"SMITH"},{"data":"HollowMod:SiblingsSouls","floor":11,"key":"SMITH"},{"floor":15,"key":"REST"},{"data":"HollowMod:SlysStrikes","floor":23,"key":"SMITH"},{"data":"HollowMod:ChannelNail","floor":29,"key":"SMITH"}],"circlet_count":0,"master_deck":["HollowMod:NailStrikeStart","HollowMod:NailStrikeStart+1","HollowMod:NailStrikeStart+1","HollowMod:QuickDashStart","HollowMod:QuickDashStart","HollowMod:QuickDashStart","HollowMod:QuickDashStart","HollowMod:FocusHealStart","HollowMod:PogoStrike","HollowMod:SoulStrike+1","HollowMod:HowlingWraiths","HollowMod:CloakDash","HollowMod:AwokenDreamNail+1","HollowMod:SiblingsSouls+1","HollowMod:ChannelNail+1","HollowMod:MantisMark","HollowMod:SlysStrikes+1","HollowMod:CycloneSlash+1","HollowMod:SoulSplash","HollowMod:NewJinnsSoul","HollowMod:MantisMark"],"relics":["HollowMod:VesselMask","Du-Vu Doll","Nunchaku","The Courier","Turnip","Whetstone","Sozu","Membership Card","Letter Opener","HollowMod:MillibellesNoteRelic","Mummified Hand","Vajra","Torii"],"acts_visited":["Exordium","TheCity"],"potions_floor_usage":[6,12,16,28],"damage_taken":[{"damage":15,"enemies":"Cultist","floor":1,"turns":4},{"damage":7,"enemies":"Small Slimes","floor":3,"turns":5},{"damage":3,"enemies":"Jaw Worm","floor":4,"turns":4},{"damage":14,"enemies":"Gremlin Nob","floor":6,"turns":3},{"damage":0,"enemies":"3 Louse","floor":8,"turns":1},{"damage":0,"enemies":"2 Fungi Beasts","floor":10,"turns":2},{"damage":20,"enemies":"HollowMod:MossKnight","floor":12,"turns":3},{"damage":14,"enemies":"Blue Slaver","floor":13,"turns":4},{"damage":23,"enemies":"Gremlin Nob","floor":14,"turns":4},{"damage":33,"enemies":"Slime Boss","floor":16,"turns":6},{"damage":3,"enemies":"3 Byrds","floor":18,"turns":4},{"damage":19,"enemies":"Shell Parasite","floor":20,"turns":4},{"damage":37,"enemies":"Slavers","floor":24,"turns":5},{"damage":26,"enemies":"HollowMod:Nosk","floor":27,"turns":5},{"damage":8,"enemies":"Snecko","floor":28,"turns":3},{"damage":19,"enemies":"Shelled Parasite and Fungi","floor":30,"turns":3}],"seed_played":"-567766796219883152","potions_obtained":[{"floor":1,"key":"DuplicationPotion"},{"floor":4,"key":"DuplicationPotion"},{"floor":10,"key":"EssenceOfSteel"},{"floor":13,"key":"SteroidPotion"},{"floor":16,"key":"ColorlessPotion"}],"is_trial":false,"path_per_floor":["M","$","M","M","?","E","R","M","T","M","R","E","M","E","R","B",null,"M","$","M","?","?","R","E","?","T","E","M","R","M"],"character_chosen":"THE_BUGKNIGHT","items_purchased":["HollowMod:HowlingWraiths","Membership Card","Letter Opener"],"campfire_rested":1,"item_purchase_floors":[2,19,19],"current_hp_per_floor":[59,59,58,65,65,54,54,54,54,54,54,40,32,15,35,8,68,68,68,55,55,55,55,28,28,28,12,10,10,0,0],"gold":55,"neow_bonus":"ONE_RARE_RELIC","is_daily":false,"chose_seed":false,"campfire_upgraded":4,"win_rate":0.0,"timestamp":1613775231,"path_taken":["M","?","M","M","?","E","R","?","T","M","R","E","?","E","R","BOSS","M","$","M","?","?","R","E","?","T","E","M","R","M"],"items_purchased_type":["Card","Relic","Relic"],"build_version":"2020-12-22","purchased_purges":1,"victory":false,"max_hp_per_floor":[68,68,68,68,68,68,68,68,68,68,68,68,68,68,68,68,68,68,68,68,68,68,68,68,68,68,68,68,68,68,68],"card_choices":[{"not_picked":["HollowMod:FastStrike","HollowMod:BaldurShell"],"picked":"HollowMod:SoulStrike","floor":1},{"not_picked":["HollowMod:HowlingWraiths","HollowMod:WraithStrike","HollowMod:DescendingDark"],"picked":"SKIP","floor":3},{"not_picked":["HollowMod:NewJinnsSoul","HollowMod:VengefulVoid"],"picked":"HollowMod:CloakDash","floor":4},{"not_picked":["HollowMod:AbyssShriek","HollowMod:SharpenedNail"],"picked":"HollowMod:AwokenDreamNail","floor":6},{"not_picked":["HollowMod:VengefulVoid","HollowMod:NewLittleFool"],"picked":"HollowMod:SiblingsSouls","floor":8},{"not_picked":["HollowMod:GoodIntentions","HollowMod:ShadowDash"],"picked":"HollowMod:ChannelNail","floor":10},{"not_picked":["HollowMod:DescendingDark","HollowMod:SoulShaman","HollowMod:CloakDash"],"picked":"SKIP","floor":12},{"not_picked":["HollowMod:InfectedAttack","HollowMod:ShapeofUnn","HollowMod:ChannelNail"],"picked":"SKIP","floor":13},{"not_picked":["HollowMod:SharpenedNail","HollowMod:BlackTendrils"],"picked":"HollowMod:MantisMark","floor":14},{"not_picked":["HollowMod:Weaversong","HollowMod:VoidDash"],"picked":"HollowMod:SlysStrikes","floor":16},{"not_picked":["HollowMod:DashSlash","HollowMod:ShadowDash+1","HollowMod:SharpenedNail"],"picked":"SKIP","floor":18},{"not_picked":["HollowMod:DescendingDark","HollowMod:GoodIntentions"],"picked":"HollowMod:CycloneSlash+1","floor":20},{"not_picked":["HollowMod:DoubleDash","HollowMod:SiblingsShadow+1"],"picked":"HollowMod:SoulSplash","floor":24},{"not_picked":["HollowMod:DescendingDark","HollowMod:HowlingWraiths"],"picked":"HollowMod:NewJinnsSoul","floor":27},{"not_picked":["HollowMod:InfectedCysts","HollowMod:NewLittleFool+1"],"picked":"HollowMod:MantisMark","floor":28}],"player_experience":173193,"relics_obtained":[{"floor":6,"key":"Nunchaku"},{"floor":9,"key":"The Courier"},{"floor":12,"key":"Turnip"},{"floor":14,"key":"Whetstone"},{"floor":24,"key":"HollowMod:MillibellesNoteRelic"},{"floor":26,"key":"Vajra"},{"floor":27,"key":"Torii"}],"event_choices":[{"damage_healed":0,"gold_gain":0,"player_choice":"Upgraded","damage_taken":0,"max_hp_gain":0,"max_hp_loss":0,"event_name":"Upgrade Shrine","floor":5,"gold_loss":0,"cards_upgraded":["HollowMod:SoulStrike"]},{"damage_healed":0,"gold_gain":0,"player_choice":"Ignored","damage_taken":0,"max_hp_gain":0,"max_hp_loss":0,"event_name":"Ghosts","floor":22,"gold_loss":0},{"damage_healed":0,"gold_gain":0,"player_choice":"Obtained Relic","damage_taken":0,"relics_obtained":["Mummified Hand"],"max_hp_gain":0,"max_hp_loss":0,"event_name":"Addict","floor":25,"gold_loss":85}],"is_beta":false,"boss_relics":[{"not_picked":["Astrolabe","Velvet Choker"],"picked":"Sozu"}],"items_purged_floors":[19],"is_endless":false,"potions_floor_spawned":[1,4,10,13,16,24,27],"killed_by":"Shelled Parasite and Fungi","ascension_level":0}}