{"host":"krw8kyiy0um8ye49","time":1613776006,"event":{"mods":["BaseMod","Minty Spire (QoL Compilation)","StSLib"],"gold_per_floor":[119,97,97,97,97,97,140,140,140,140,178,201,242,260,260,379,379,404,404,319,319,343,374,395,435,435,451,494,510,510,531,531,661,661,685,704,301,301,321,359,359,692,692,22,50,50,62,62,62],"floor_reached":48,"language":"ENG","playtime":2561,"items_purged":[],"score":784,"play_id":"621cdaad-9340-434a-b3f6-ad9b6670f01f","local_time":"20210220000646","is_ascension_mode":true,"campfire_choices":[{"data":"Zap","floor":6.0,"key":"SMITH"},{"data":"Sunder","floor":8.0,"key":"SMITH"},{"data":"Madness","floor":10.0,"key":"SMITH"},{"data":"Dualcast","floor":15.0,"key":"SMITH"},{"data":"Defragment","floor":30.0,"key":"SMITH"},{"data":"Echo Form","floor":32.0,"key":"SMITH"},{"data":"Capacitor","floor":41.0,"key":"SMITH"},{"data":"Electrodynamics","floor":46,"key":"SMITH"}],"circlet_count":0,"master_deck":["Strike_B","Strike_B+1","Strike_B+1","Defend_B","Defend_B","Defend_B","Defend_B","Zap+1","Dualcast+1","Madness+1","Cold Snap","Steam","Cold Snap","Sunder+1","FTL","Gash","Rip and Tear","Echo Form+1","BootSequence","Madness+1","Beam Cell+1","Conserve Battery+1","Defragment+1","Redo+1","Turbo+1","Electrodynamics+1","Leap+1","Capacitor+1","Defragment+1","Self Repair+1","Parasite","Lockon+1"],"relics":["Cracked Core","Meat on the Bone","Kunai","Mummified Hand","Sundial","Black Star","Nunchaku","Happy Flower","Toxic Egg 2","Toy Ornithopter","Emotion Chip","The Courier","Pantograph","Incense Burner","Coffee Dripper","Frozen Egg 2","Ornamental Fan","Gremlin Horn","Bottled Flame","Membership Card","Art of War","Thread and Needle","Cables","Mercury Hourglass","StoneCalendar","Bag of Marbles","Potion Belt"],"acts_visited":["Exordium","TheCity","TheBeyond"],"potions_floor_usage":[45],"damage_taken":[{"damage":1.0,"enemies":"Cultist","floor":1.0,"turns":3.0},{"damage":21.0,"enemies":"Lagavulin","floor":7.0,"turns":8.0},{"damage":14.0,"enemies":"3 Sentries","floor":11.0,"turns":8.0},{"damage":0.0,"enemies":"2 Louse","floor":12.0,"turns":1.0},{"damage":15.0,"enemies":"Lagavulin","floor":13.0,"turns":6.0},{"damage":0.0,"enemies":"Small Slimes","floor":14.0,"turns":1.0},{"damage":5.0,"enemies":"Slime Boss","floor":16.0,"turns":8.0},{"damage":0.0,"enemies":"Chosen","floor":18.0,"turns":3.0},{"damage":9.0,"enemies":"3 Byrds","floor":22.0,"turns":4.0},{"damage":0.0,"enemies":"Gremlin Leader","floor":23.0,"turns":8.0},{"damage":13.0,"enemies":"Snake Plant","floor":24.0,"turns":3.0},{"damage":30.0,"enemies":"Book of Stabbing","floor":25.0,"turns":5.0},{"damage":11.0,"enemies":"Shelled Parasite and Fungi","floor":27.0,"turns":4.0},{"damage":13.0,"enemies":"Gremlin Leader","floor":28.0,"turns":6.0},{"damage":6.0,"enemies":"Sentry and Sphere","floor":29.0,"turns":5.0},{"damage":2.0,"enemies":"3 Cultists","floor":31.0,"turns":5.0},{"damage":19.0,"enemies":"Champ","floor":33.0,"turns":10.0},{"damage":3.0,"enemies":"3 Shapes","floor":35.0,"turns":3.0},{"damage":17.0,"enemies":"3 Darklings","floor":36.0,"turns":6.0},{"damage":27.0,"enemies":"Maw","floor":39.0,"turns":8.0},{"damage":40.0,"enemies":"Nemesis","floor":40.0,"turns":7.0},{"damage":28,"enemies":"Reptomancer","floor":45,"turns":5},{"damage":26,"enemies":"Writhing Mass","floor":47,"turns":5},{"damage":29,"enemies":"Transient","floor":48,"turns":5}],"seed_played":"6348107356748132205","potions_obtained":[{"floor":1.0,"key":"FairyPotion"},{"floor":11.0,"key":"Strength Potion"},{"floor":13.0,"key":"Block Potion"},{"floor":16.0,"key":"DistilledChaos"},{"floor":22.0,"key":"FearPotion"},{"floor":23.0,"key":"Weak Potion"},{"floor":25.0,"key":"LiquidBronze"},{"floor":28.0,"key":"EssenceOfDarkness"},{"floor":39.0,"key":"SpeedPotion"},{"floor":40.0,"key":"Dexterity Potion"}],"is_trial":false,"path_per_floor":["M","$","?","?","?","R","E","R","T","R","E","M","E","M","R","B",null,"M","$","?","?","M","E","M","E","T","M","E","M","R","M","R","B",null,"M","M","$","?","M","E","R","?","T","$","E","R","M","M"],"character_chosen":"DEFECT","items_purchased":["Steam","Frozen Egg 2","Ornamental Fan","Membership Card","Art of War","Thread and Needle","Cables","Defragment+1","Self Repair+1","Mercury Hourglass","StoneCalendar"],"campfire_rested":0,"item_purchase_floors":[2,37,37,44,44,44,44,44,44,44,44],"current_hp_per_floor":[74,74,69,55,55,55,34,34,34,34,32,44,41,41,41,36,69,69,69,69,69,60,60,47,29,29,30,34,40,40,38,38,50,69,66,49,49,49,34,31,31,31,31,31,30,30,26,0,0],"gold":62,"neow_bonus":"RANDOM_COLORLESS","is_daily":false,"chose_seed":false,"campfire_upgraded":8,"win_rate":0.0,"timestamp":1613776006,"path_taken":["M","$","?","?","?","R","E","R","T","R","E","M","E","?","R","BOSS","M","$","?","?","M","E","M","E","T","M","E","M","R","M","R","BOSS","M","M","$","?","M","E","R","?","T","$","E","R","M","M"],"items_purchased_type":["Card","Relic","Relic","Relic","Relic","Relic","Relic","Card","Card","Relic","Relic"],"build_version":"2020-12-22","purchased_purges":0,"victory":false,"max_hp_per_floor":[75,75,69,69,69,69,69,69,69,69,69,69,69,69,69,69,69,69,69,69,69,69,69,69,69,69,69,69,69,69,69,69,69,69,69,69,69,66,66,66,66,66,66,66,66,66,66,66,66],"card_choices":[{"not_picked":["Panacea","Impatience"],"picked":"Madness","floor":0.0},{"not_picked":["Compile Driver","Aggregate"],"picked":"Cold Snap","floor":1.0},{"not_picked":["Rebound","Static Discharge"],"picked":"Sunder","floor":7.0},{"not_picked":["Steam","Leap"],"picked":"FTL","floor":11.0},{"not_picked":["Tempest","Fusion"],"picked":"Gash","floor":12.0},{"not_picked":["Hologram","Leap"],"picked":"Rip and Tear","floor":13.0},{"not_picked":["Meteor Strike","Leap","Stack"],"picked":"SKIP","floor":14.0},{"not_picked":["Meteor Strike","All For One"],"picked":"Echo Form","floor":16.0},{"not_picked":["Conserve Battery","Lockon"],"picked":"BootSequence","floor":18.0},{"not_picked":["Turbo","Gash+1"],"picked":"Beam Cell+1","floor":22.0},{"not_picked":["Blizzard","Reprogram+1"],"picked":"Conserve Battery+1","floor":23.0},{"not_picked":["Go for the Eyes+1","Ball Lightning","Auto Shields+1"],"picked":"SKIP","floor":24.0},{"not_picked":["Undo+1","Coolheaded+1"],"picked":"Defragment","floor":25.0},{"not_picked":["Go for the Eyes","Sweeping Beam+1","Hologram+1"],"picked":"SKIP","floor":27.0},{"not_picked":["Conserve Battery+1","White Noise+1"],"picked":"Redo+1","floor":28.0},{"not_picked":["Compile Driver+1","FTL","Chill+1"],"picked":"SKIP","floor":29.0},{"not_picked":["Compile Driver","Streamline"],"picked":"Turbo+1","floor":31.0},{"not_picked":["Reboot+1","Echo Form"],"picked":"Electrodynamics","floor":33.0},{"not_picked":["Barrage","Hologram+1"],"picked":"Leap+1","floor":35.0},{"not_picked":["Static Discharge","Sunder+1"],"picked":"Capacitor","floor":36.0},{"not_picked":["Ball Lightning","Genetic Algorithm+1","Steam+1"],"picked":"SKIP","floor":39.0},{"not_picked":["Reprogram+1","Ball Lightning+1","Leap+1"],"picked":"SKIP","floor":40.0},{"not_picked":["Rebound+1","Ball Lightning","Barrage"],"picked":"SKIP","floor":45},{"not_picked":["Turbo+1","Ball Lightning+1"],"picked":"Lockon+1","floor":47}],"player_experience":183619,"relics_obtained":[{"floor":7.0,"key":"Meat on the Bone"},{"floor":9.0,"key":"Kunai"},{"floor":11.0,"key":"Mummified Hand"},{"floor":13.0,"key":"Sundial"},{"floor":23.0,"key":"Happy Flower"},{"floor":23.0,"key":"Toxic Egg 2"},{"floor":25.0,"key":"Toy Ornithopter"},{"floor":25.0,"key":"Emotion Chip"},{"floor":26.0,"key":"The Courier"},{"floor":28.0,"key":"Pantograph"},{"floor":28.0,"key":"Incense Burner"},{"floor":40.0,"key":"Gremlin Horn"},{"floor":40.0,"key":"Bottled Flame"},{"floor":45,"key":"Bag of Marbles"},{"floor":45,"key":"Potion Belt"}],"event_choices":[{"damage_healed":0.0,"max_hp_gain":0.0,"max_hp_loss":6.0,"gold_gain":0.0,"event_name":"Golden Idol","player_choice":"Lose Max HP","floor":3.0,"gold_loss":0.0,"damage_taken":0.0,"relics_obtained":["Golden Idol"]},{"damage_healed":0.0,"max_hp_gain":0.0,"max_hp_loss":0.0,"gold_gain":0.0,"event_name":"Shining Light","player_choice":"Entered Light","floor":4.0,"gold_loss":0.0,"damage_taken":14.0,"cards_upgraded":["Strike_B","Strike_B"]},{"damage_healed":0.0,"max_hp_gain":0.0,"max_hp_loss":0.0,"gold_gain":0.0,"cards_transformed":["Strike_B"],"event_name":"Transmorgrifier","player_choice":"Transformed","floor":5.0,"gold_loss":0.0,"damage_taken":0.0,"cards_obtained":["Cold Snap"]},{"damage_healed":0.0,"max_hp_gain":0.0,"max_hp_loss":0.0,"gold_gain":0.0,"event_name":"Addict","player_choice":"Obtained Relic","floor":20.0,"gold_loss":85.0,"damage_taken":0.0,"relics_obtained":["Nunchaku"]},{"damage_healed":0.0,"max_hp_gain":0.0,"max_hp_loss":0.0,"gold_gain":0.0,"event_name":"Duplicator","player_choice":"Copied","floor":21.0,"gold_loss":0.0,"damage_taken":0.0,"cards_obtained":["Madness"]},{"damage_healed":0.0,"max_hp_gain":0.0,"max_hp_loss":3.0,"gold_gain":0.0,"event_name":"Winding Halls","player_choice":"Max HP","floor":38.0,"gold_loss":0.0,"damage_taken":0.0},{"damage_healed":0.0,"max_hp_gain":0.0,"max_hp_loss":0.0,"gold_gain":333.0,"event_name":"The Moai Head","player_choice":"Gave Idol","floor":42.0,"relics_lost":["Golden Idol"],"gold_loss":0.0,"damage_taken":0.0}],"is_beta":false,"boss_relics":[{"not_picked":["Cursed Key","Inserter"],"picked":"Black Star"},{"not_picked":["Astrolabe","Philosopher\u0027s Stone"],"picked":"Coffee Dripper"}],"items_purged_floors":[],"is_endless":false,"potions_floor_spawned":[1,11,13,16,22,23,25,27,28,39,40],"killed_by":"Transient","ascension_level":4}}