{"host":"lwys0gbp6t40j7jh","time":1613776095,"event":{"mods":["Act Like it!","BaseMod","CapriCore","Downfall","Friendly Minions","GifTheSpireLib","Minty Spire (QoL Compilation)","StSLib","SuperFastMode"],"gold_per_floor":[99,116,134,44,55,72,119,4,4,4,4,19,19,37,54,158,158,158,175,175,187,205,205,205,205],"floor_reached":23,"language":"ENG","playtime":518,"items_purged":["hexamod:Strike","hexamod:Strike"],"score":185,"play_id":"da469218-f45e-4351-8f79-f448d628c48d","local_time":"20210220000815","is_ascension_mode":false,"campfire_choices":[{"data":"hexamod:Float","floor":1,"key":"SMITH"},{"floor":9,"key":"REST"},{"data":"hexamod:PhantomFireball","floor":13,"key":"SMITH"},{"data":"hexamod:Incineration","floor":18,"key":"SMITH"}],"circlet_count":0,"master_deck":["hexamod:Strike","hexamod:Defend","hexamod:Defend","hexamod:Defend","hexamod:Defend","hexamod:Sear","hexamod:Float+1","hexamod:Firestarter","hexamod:Firestarter","hexamod:PhantomFireball+1","hexamod:HeatMetal","hexamod:Firestarter","hexamod:Incineration+1","hexamod:InspiringFlames","hexamod:FourthSeal","hexamod:FlamesFromBeyond+1","hexamod:SecondSeal"],"relics":["hexamod:SpiritBrand","Blood Vial","Ancient Tea Set","Potion Belt","Black Star"],"acts_visited":["Exordium","TheCity"],"potions_floor_usage":[],"damage_taken":[{"damage":0,"enemies":"Cultist","floor":2,"turns":4},{"damage":0,"enemies":"Small Slimes","floor":3,"turns":4},{"damage":0,"enemies":"downfall:FleeingMerchant","floor":4,"turns":4},{"damage":1,"enemies":"Jaw Worm","floor":5,"turns":3},{"damage":13,"enemies":"Exordium Thugs","floor":6,"turns":3},{"damage":10,"enemies":"downfall:FleeingMerchant","floor":8,"turns":4},{"damage":0,"enemies":"Large Slime","floor":12,"turns":5},{"damage":0,"enemies":"Blue Slaver","floor":14,"turns":2},{"damage":19,"enemies":"Gremlin Gang","floor":15,"turns":5},{"damage":3,"enemies":"SI_SHIV_ARCHETYPE","floor":16,"turns":5},{"damage":6,"enemies":"Chosen","floor":19,"turns":5},{"damage":0,"enemies":"3 Byrds","floor":21,"turns":3},{"damage":51,"enemies":"3 Cultists","floor":22,"turns":6},{"damage":20,"enemies":"downfall:FleeingMerchant","floor":23,"turns":2}],"seed_played":"-4746865948528988036","potions_obtained":[{"floor":2,"key":"SmokeBomb"},{"floor":3,"key":"SkillPotion"},{"floor":12,"key":"champ:CounterPotion"},{"floor":15,"key":"hexamod:EctoCoolerPotion"},{"floor":16,"key":"FearPotion"},{"floor":16,"key":"Weak Potion"}],"is_trial":false,"path_per_floor":["R","M","M","$","M","M","T","$","R","?","?","M","R","M","M","B",null,"R","M","?","M","M","$"],"character_chosen":"THE_SPIRIT","items_purchased":[],"campfire_rested":1,"item_purchase_floors":[],"current_hp_per_floor":[70,70,70,70,69,57,57,49,70,63,63,65,65,67,50,49,70,70,64,64,66,17,0,0,0],"gold":205,"neow_bonus":"RANDOM_COMMON_RELIC","is_daily":false,"chose_seed":false,"campfire_upgraded":3,"win_rate":0.0,"timestamp":1613776095,"path_taken":["R","M","M","$","M","?","T","?","R","?","?","?","R","M","M","BOSS","R","M","?","M","M","?"],"items_purchased_type":[],"build_version":"2020-12-22","purchased_purges":2,"victory":false,"max_hp_per_floor":[70,70,70,70,70,70,70,70,70,70,70,70,70,70,70,70,70,70,70,70,70,70,70,70,70],"card_choices":[{"not_picked":["hexamod:NightmareGuise","hexamod:BurningTouch"],"picked":"hexamod:Firestarter","floor":2},{"not_picked":["hexamod:HeatCrush","hexamod:RetreatToShadows"],"picked":"hexamod:Firestarter","floor":3},{"not_picked":["hexamod:SecondSeal","hexamod:InspiringFlames"],"picked":"hexamod:PhantomFireball","floor":4},{"not_picked":["hexamod:GhostOfSpireFuture","hexamod:BacktrackSmack"],"picked":"hexamod:HeatMetal","floor":5},{"not_picked":["hexamod:HauntingEcho","hexamod:HeatShield"],"picked":"hexamod:Firestarter","floor":6},{"not_picked":["hexamod:Hexaguard","hexamod:FifthSeal"],"picked":"hexamod:Incineration","floor":8},{"not_picked":["hexamod:GhostflameBarrier","hexamod:GhostShield"],"picked":"hexamod:InspiringFlames","floor":12},{"not_picked":["hexamod:EtherealExpedition","hexamod:SwordOfDarkness"],"picked":"hexamod:FourthSeal","floor":14},{"not_picked":["hexamod:SpectersWail","hexamod:NightmareGuise"],"picked":"hexamod:FlamesFromBeyond","floor":15},{"not_picked":["hexamod:SpectersWail+1","hexamod:Hexaguard","hexamod:ShieldOfDarkness"],"picked":"SKIP","floor":19},{"not_picked":["hexamod:SwordOfDarkness","hexamod:Firestarter","hexamod:Haunt"],"picked":"SKIP","floor":21},{"not_picked":["hexamod:GhostShield","hexamod:StepThrough+1"],"picked":"hexamod:SecondSeal","floor":22}],"player_experience":1257513,"relics_obtained":[{"floor":7,"key":"Ancient Tea Set"}],"event_choices":[{"damage_healed":0,"gold_gain":0,"player_choice":"Success","damage_taken":7,"relics_obtained":["Potion Belt"],"max_hp_gain":0,"max_hp_loss":0,"event_name":"Scrap Ooze","floor":10,"gold_loss":0},{"cards_removed":["hexamod:Strike"],"damage_healed":0,"gold_gain":0,"player_choice":"Offered Basic","damage_taken":0,"max_hp_gain":0,"max_hp_loss":0,"event_name":"Bonfire Elementals","floor":11,"gold_loss":0},{"damage_healed":0,"gold_gain":0,"player_choice":"Forge","damage_taken":0,"max_hp_gain":0,"max_hp_loss":0,"event_name":"Accursed Blacksmith","floor":20,"gold_loss":0,"cards_upgraded":["hexamod:FlamesFromBeyond"]}],"is_beta":false,"boss_relics":[{"not_picked":["hexamod:UnbrokenSoul","Snecko Eye"],"picked":"Black Star"}],"items_purged_floors":[4,8],"is_endless":false,"potions_floor_spawned":[2,3,12,15,16,19],"killed_by":"downfall:FleeingMerchant","ascension_level":0}}