{"host":"rjmu5g8hpiele53d","time":1613772636,"event":{"mods":["2.2 Compatiblity","BaseMod","Downfall","GifTheSpireLib","Minty Spire (QoL Compilation)","StSLib"],"gold_per_floor":[99,116,132,307,359,359,359,359,370,440,490,540,607,59,76,173,173,173,188,238,288,302,302,302,302,327,344,364,377,377,396,408,511,511,511,530,542,259,97,4,4,54,154,171,171,187,187,26,45,45],"floor_reached":51,"language":"ENG","playtime":2688,"items_purged":["Doubt","bronze:Strike","bronze:Strike"],"score":786,"play_id":"e487532d-f523-4744-a604-cdfb738fb7c4","local_time":"20210219221036","is_ascension_mode":false,"campfire_choices":[{"data":"bronze:Goto","floor":1,"key":"SMITH"},{"data":"bronze:OilSpill","floor":8,"key":"SMITH"},{"data":"bronze:Format","floor":18,"key":"SMITH"},{"data":"bronze:BurnOut","floor":23,"key":"SMITH"},{"data":"bronze:MaxOutput","floor":25,"key":"SMITH"},{"floor":30,"key":"REST"},{"data":"bronze:Frontload","floor":35,"key":"SMITH"},{"floor":45,"key":"REST"},{"floor":47,"key":"DIG"}],"circlet_count":0,"master_deck":["bronze:Strike","bronze:Defend","bronze:Defend","bronze:Defend","bronze:Defend","bronze:Replicate+1","bronze:Goto+1","bronze:MaxOutput+1","bronze:OilSpill+1","bronze:Overheat","bronze:CloningBeam","bronze:MaxOutput","bronze:Frontload+1","bronze:WhirlingStrike","bronze:Format+1","bronze:ItsAFeature","Dramatic Entrance","bronze:Terminator","bronze:BurnOut+1","bronze:Optimize+1","bronze:ItsAFeature","bronze:Repulsor","bronze:BronzeOrb+1","bronze:Break","bronze:Repair","bronze:Flail","bronze:WhirlingStrike","bronze:ItsAFeature"],"relics":["bronze:PlatinumCore","Omamori","SsserpentHead","Matryoshka","Orichalcum","bronze:MakeshiftBattery","Blood Vial","Gremlin Horn","Ice Cream","Singing Bowl","Toxic Egg 2","Shovel","Slimebound:PreparedRelic","Bag of Preparation"],"acts_visited":["Exordium","TheCity","TheBeyond"],"potions_floor_usage":[9,10,16,26,27,33,33,39,43,50,50,50],"damage_taken":[{"damage":1,"enemies":"Jaw Worm","floor":2,"turns":3},{"damage":3,"enemies":"Small Slimes","floor":3,"turns":2},{"damage":6,"enemies":"Cultist","floor":9,"turns":3},{"damage":20,"enemies":"Large Slime","floor":10,"turns":5},{"damage":20,"enemies":"downfall:LooterAlt","floor":13,"turns":3},{"damage":0,"enemies":"downfall:FleeingMerchant","floor":14,"turns":4},{"damage":6,"enemies":"Exordium Thugs","floor":15,"turns":4},{"damage":0,"enemies":"SI_SHIV_ARCHETYPE","floor":16,"turns":8},{"damage":0,"enemies":"3 Byrds","floor":19,"turns":4},{"damage":0,"enemies":"Spheric Guardian","floor":22,"turns":3},{"damage":3,"enemies":"Gremlin Leader","floor":26,"turns":3},{"damage":18,"enemies":"Snecko","floor":27,"turns":4},{"damage":12,"enemies":"Shelled Parasite and Fungi","floor":28,"turns":4},{"damage":4,"enemies":"Chosen and Byrds","floor":29,"turns":4},{"damage":16,"enemies":"Snecko","floor":31,"turns":4},{"damage":16,"enemies":"Sentry and Sphere","floor":32,"turns":4},{"damage":51,"enemies":"DF_ARCHETYPE_CLAW","floor":33,"turns":8},{"damage":0,"enemies":"Orb Walker","floor":36,"turns":2},{"damage":22,"enemies":"3 Darklings","floor":37,"turns":4},{"damage":0,"enemies":"downfall:FleeingMerchant","floor":39,"turns":4},{"damage":1,"enemies":"downfall:FleeingMerchant","floor":40,"turns":4},{"damage":45,"enemies":"downfall:FleeingMerchant","floor":43,"turns":6},{"damage":6,"enemies":"4 Shapes","floor":44,"turns":4},{"damage":6,"enemies":"Writhing Mass","floor":46,"turns":5},{"damage":0,"enemies":"downfall:FleeingMerchant","floor":48,"turns":3},{"damage":37,"enemies":"Transient","floor":49,"turns":5},{"damage":66,"enemies":"WA_ARCHETYPE_DIVINITY","floor":50,"turns":7}],"seed_played":"-4980518180682545813","potions_obtained":[{"floor":2,"key":"GamblersBrew"},{"floor":3,"key":"Fruit Juice"},{"floor":12,"key":"downfall:CursedFountainPotion"},{"floor":13,"key":"hexamod:SoulburnPotion"},{"floor":16,"key":"FearPotion"},{"floor":19,"key":"DistilledChaos"},{"floor":26,"key":"GamblersBrew"},{"floor":31,"key":"FairyPotion"},{"floor":33,"key":"FearPotion"},{"floor":37,"key":"Weak Potion"},{"floor":49,"key":"CultistPotion"}],"is_trial":false,"path_per_floor":["R","M","M","?","T","?","T","R","M","M","?","?","M","$","M","B",null,"R","M","?","?","M","R","T","R","E","M","M","M","R","M","M","B",null,"R","M","M","?","?","$","T","?","?","M","R","M","R","$","M","B",null],"character_chosen":"THE_AUTOMATON","items_purchased":["bronze:Format","Orichalcum","bronze:ItsAFeature","Dramatic Entrance","Fruit Juice","bronze:Repair","Bag of Preparation","bronze:WhirlingStrike","bronze:ItsAFeature","FearPotion","bronze:CleanCodePotion"],"campfire_rested":2,"item_purchase_floors":[14,14,14,14,39,40,48,48,48,48,48],"current_hp_per_floor":[70,69,66,66,66,66,66,66,65,45,45,45,25,25,19,19,75,75,75,61,61,61,61,61,61,60,44,34,32,56,42,28,6,80,80,80,58,90,95,94,94,94,59,65,94,99,99,101,76,12],"gold":45,"neow_bonus":"UPGRADE_CARD","is_daily":false,"chose_seed":false,"campfire_upgraded":6,"win_rate":0.0,"timestamp":1613772636,"path_taken":["R","M","M","?","?","?","T","R","M","?","?","?","?","$","M","BOSS","R","M","?","?","M","R","T","R","E","M","M","M","R","M","M","BOSS","R","M","M","?","?","$","T","?","?","M","R","M","R","$","M","BOSS"],"items_purchased_type":["Card","Relic","Card","Card","Potion","Card","Relic","Card","Card","Potion","Potion"],"build_version":"2020-12-22","purchased_purges":3,"victory":true,"max_hp_per_floor":[70,70,70,70,70,70,70,70,75,75,75,75,75,75,75,75,75,75,75,80,80,80,80,80,80,80,80,80,80,80,80,80,80,80,80,80,80,90,95,95,95,95,97,97,97,99,99,101,103,103],"card_choices":[{"not_picked":["bronze:Overheat","bronze:Invalidate"],"picked":"bronze:MaxOutput","floor":2},{"not_picked":["bronze:BitShift","bronze:Invalidate"],"picked":"bronze:OilSpill","floor":3},{"not_picked":["bronze:Fortify","bronze:Frontload"],"picked":"bronze:Overheat","floor":9},{"not_picked":["bronze:Turbo","bronze:Separator"],"picked":"bronze:CloningBeam","floor":10},{"not_picked":["bronze:WildBeam","bronze:Constructor"],"picked":"bronze:Frontload","floor":13},{"not_picked":["bronze:Overheat","bronze:DarkDash"],"picked":"bronze:WhirlingStrike","floor":14},{"not_picked":["bronze:WhirlingStrike","bronze:CloningBeam"],"picked":"bronze:Terminator","floor":15},{"not_picked":["bronze:HyperBeam","bronze:ShipIt"],"picked":"bronze:BurnOut","floor":16},{"not_picked":["bronze:Separator+1","bronze:ItsAFeature"],"picked":"bronze:Optimize+1","floor":19},{"not_picked":["bronze:Allocate","bronze:Turbo","bronze:Safeguard+1"],"picked":"SKIP","floor":22},{"not_picked":["bronze:ItsAFeature","bronze:Overheat","bronze:BuggyMess"],"picked":"SKIP","floor":26},{"not_picked":["bronze:CutThrough","bronze:FineTuning","bronze:ForceShield+1"],"picked":"SKIP","floor":27},{"not_picked":["bronze:Invalidate+1","bronze:ForceShield"],"picked":"bronze:Repulsor","floor":28},{"not_picked":["bronze:Turbo","bronze:ForceShield","bronze:BitShift"],"picked":"SKIP","floor":29},{"not_picked":["bronze:Shield","bronze:Boost"],"picked":"bronze:BronzeOrb+1","floor":31},{"not_picked":["bronze:BronzeArmor","bronze:WildBeam+1","bronze:BugBarrage+1"],"picked":"SKIP","floor":32},{"not_picked":["bronze:FindAndReplace","bronze:CleanCode"],"picked":"bronze:Break","floor":33},{"not_picked":["bronze:CloningBeam","bronze:Overheat","bronze:ChosenStrike"],"picked":"SKIP","floor":36},{"not_picked":["bronze:DarkDash+1","bronze:BuggyMess+1","bronze:ItsAFeature"],"picked":"SKIP","floor":37},{"not_picked":["bronze:Deprecate","bronze:BugBarrage+1","bronze:Repulsor"],"picked":"SKIP","floor":39},{"not_picked":["bronze:FineTuning","bronze:DelayedSlice+1","bronze:Deprecate+1"],"picked":"SKIP","floor":40},{"not_picked":["bronze:ItsAFeature","bronze:DelayedGuard+1","bronze:CutThrough"],"picked":"Singing Bowl","floor":43},{"not_picked":["bronze:BugBarrage","bronze:Deprecate+1"],"picked":"bronze:Flail","floor":44},{"not_picked":["bronze:Branch+1","bronze:Invalidate+1","bronze:RecursiveStrike"],"picked":"Singing Bowl","floor":46},{"not_picked":["bronze:WildBeam+1","bronze:NullPointer","bronze:GetLatest+1"],"picked":"Singing Bowl","floor":48},{"not_picked":["bronze:FineTuning+1","bronze:CutThrough+1","bronze:Overload+1"],"picked":"Singing Bowl","floor":49}],"player_experience":1660263,"relics_obtained":[{"floor":5,"key":"Omamori"},{"floor":7,"key":"Matryoshka"},{"floor":24,"key":"Blood Vial"},{"floor":24,"key":"Gremlin Horn"},{"floor":26,"key":"Ice Cream"},{"floor":41,"key":"Singing Bowl"},{"floor":41,"key":"Toxic Egg 2"},{"floor":43,"key":"Shovel"},{"floor":47,"key":"Slimebound:PreparedRelic"}],"event_choices":[{"damage_healed":0,"gold_gain":0,"player_choice":"Trade","damage_taken":0,"relics_obtained":["SsserpentHead"],"max_hp_gain":0,"max_hp_loss":0,"event_name":"FaceTrader","floor":6,"gold_loss":0},{"damage_healed":0,"gold_gain":0,"cards_transformed":["bronze:Strike"],"player_choice":"Change","damage_taken":0,"max_hp_gain":0,"max_hp_loss":0,"event_name":"Living Wall","floor":11,"gold_loss":0,"cards_obtained":["bronze:MaxOutput"]},{"damage_healed":0,"gold_gain":0,"player_choice":"Ignored","damage_taken":0,"max_hp_gain":0,"max_hp_loss":0,"event_name":"Mysterious Sphere","floor":42,"gold_loss":0}],"is_beta":false,"boss_relics":[{"not_picked":["Runic Dome","Tiny House"],"picked":"bronze:MakeshiftBattery"},{"not_picked":["Black Star","Snecko Eye"],"picked":"bronze:PlatinumCore"}],"items_purged_floors":[14,39,48],"is_endless":false,"potions_floor_spawned":[2,3,13,16,19,26,31,33,37,49],"ascension_level":0}}