{"host":"ow66nzv2xecjoor3","time":1613700321,"event":{"mods":["BaseMod","Bestiary","Block Reminder","Colored Powertips","Curses Come First","Highlight Path","Keyboard Shortcuts","Minty Spire (QoL Compilation)","Permanent Neow","Relic Stats","StSLib","UnlockEverythingMod"],"gold_per_floor":[114,125,139,157,174,174,208,208,208,221,232,259,276,21,21,95,95,108,128,145,161,161,187,203,231,231,265,281,294,294,314,314,385,385,397,411,425,435,451,451,481,481,505,538,555,555,571,604,604,604,604,604,604,9,41,41],"floor_reached":57,"language":"ENG","playtime":3248,"items_purged":["Strike_R","Strike_R"],"score":2952,"play_id":"f0c39512-67d9-49a4-828c-290ace732b40","local_time":"20210218200521","is_ascension_mode":true,"campfire_choices":[{"data":"Bash","floor":6.0,"key":"SMITH"},{"floor":8.0,"key":"REST"},{"data":"Apotheosis","floor":15.0,"key":"SMITH"},{"data":"Disarm","floor":32.0,"key":"SMITH"},{"floor":40,"key":"RECALL"},{"data":"Limit Break","floor":42,"key":"SMITH"},{"data":"Evolve","floor":46,"key":"SMITH"},{"floor":49,"key":"REST"},{"floor":53,"key":"REST"}],"circlet_count":0,"master_deck":["AscendersBane","Defend_R","Defend_R+1","Defend_R","Bash+1","Twin Strike","Ghostly Armor+1","Whirlwind+1","Feel No Pain","Shrug It Off","Immolate+1","Feed","Disarm+1","Apotheosis+1","Corruption+1","Armaments","Headbutt+1","Juggernaut","Spot Weakness","Evolve+1","Limit Break+1","Body Slam+1","Heavy Blade+1","Pommel Strike+1","Spot Weakness","Shrug It Off","Reaper+1","Headbutt+1","Shrug It Off","Uppercut+1","Entrench+1","Battle Trance+1","True Grit","Feel No Pain+1","Power Through","Inflame+1","Dual Wield","Rupture","Double Tap"],"relics":["Empty Cage","Self Forming Clay","Meat on the Bone","Blue Candle","Philosopher\u0027s Stone","Molten Egg 2","War Paint","Vajra","Potion Belt","Snecko Eye","Ancient Tea Set","Bottled Lightning","Dream Catcher","Membership Card","Pen Nib","Shuriken","Whetstone"],"acts_visited":["Exordium","TheCity","TheBeyond","TheEnding"],"potions_floor_usage":[41,44,45,55],"damage_taken":[{"damage":11.0,"enemies":"Jaw Worm","floor":1.0,"turns":6.0},{"damage":1.0,"enemies":"Cultist","floor":2.0,"turns":3.0},{"damage":6.0,"enemies":"2 Louse","floor":3.0,"turns":3.0},{"damage":0.0,"enemies":"Large Slime","floor":4.0,"turns":4.0},{"damage":0.0,"enemies":"Exordium Wildlife","floor":5.0,"turns":4.0},{"damage":43.0,"enemies":"3 Sentries","floor":7.0,"turns":9.0},{"damage":16.0,"enemies":"Gremlin Gang","floor":10.0,"turns":2.0},{"damage":0.0,"enemies":"3 Louse","floor":11.0,"turns":2.0},{"damage":31.0,"enemies":"Gremlin Nob","floor":12.0,"turns":4.0},{"damage":7.0,"enemies":"Exordium Wildlife","floor":13.0,"turns":2.0},{"damage":55.0,"enemies":"The Guardian","floor":16.0,"turns":19.0},{"damage":17.0,"enemies":"Shell Parasite","floor":18.0,"turns":6.0},{"damage":33.0,"enemies":"2 Thieves","floor":19.0,"turns":4.0},{"damage":8.0,"enemies":"Snecko","floor":20.0,"turns":6.0},{"damage":30.0,"enemies":"Shelled Parasite and Fungi","floor":21.0,"turns":5.0},{"damage":18.0,"enemies":"Gremlin Leader","floor":23.0,"turns":6.0},{"damage":18.0,"enemies":"3 Cultists","floor":24.0,"turns":5.0},{"damage":22.0,"enemies":"Book of Stabbing","floor":25.0,"turns":4.0},{"damage":0.0,"enemies":"Gremlin Leader","floor":27.0,"turns":5.0},{"damage":28.0,"enemies":"Chosen and Byrds","floor":28.0,"turns":5.0},{"damage":23.0,"enemies":"Centurion and Healer","floor":29.0,"turns":6.0},{"damage":31.0,"enemies":"Cultist and Chosen","floor":31.0,"turns":6.0},{"damage":22,"enemies":"Champ","floor":33,"turns":8},{"damage":0,"enemies":"Orb Walker","floor":35,"turns":2},{"damage":21,"enemies":"3 Shapes","floor":36,"turns":8},{"damage":17,"enemies":"Spire Growth","floor":37,"turns":5},{"damage":6,"enemies":"3 Darklings","floor":38,"turns":4},{"damage":7,"enemies":"Jaw Worm Horde","floor":39,"turns":4},{"damage":10,"enemies":"Nemesis","floor":41,"turns":7},{"damage":34,"enemies":"Reptomancer","floor":44,"turns":7},{"damage":29,"enemies":"4 Shapes","floor":45,"turns":4},{"damage":19,"enemies":"Maw","floor":47,"turns":8},{"damage":8,"enemies":"Giant Head","floor":48,"turns":6},{"damage":104,"enemies":"Awakened One","floor":50,"turns":10},{"damage":8,"enemies":"Time Eater","floor":51,"turns":9},{"damage":47,"enemies":"Shield and Spear","floor":55,"turns":6},{"damage":140,"enemies":"The Heart","floor":56,"turns":8}],"seed_played":"-7965498859730014328","potions_obtained":[{"floor":2.0,"key":"Regen Potion"},{"floor":3.0,"key":"AttackPotion"},{"floor":7.0,"key":"SpeedPotion"},{"floor":10.0,"key":"Ancient Potion"},{"floor":11.0,"key":"ColorlessPotion"},{"floor":13.0,"key":"FairyPotion"},{"floor":19.0,"key":"LiquidBronze"},{"floor":20.0,"key":"Regen Potion"},{"floor":21.0,"key":"LiquidBronze"},{"floor":27.0,"key":"FairyPotion"},{"floor":29.0,"key":"BlessingOfTheForge"},{"floor":33,"key":"Explosive Potion"},{"floor":35,"key":"Energy Potion"},{"floor":36,"key":"DuplicationPotion"},{"floor":37,"key":"BloodPotion"},{"floor":41,"key":"FairyPotion"},{"floor":44,"key":"Explosive Potion"},{"floor":48,"key":"BloodPotion"}],"is_trial":false,"path_per_floor":["M","M","M","M","M","R","E","R","T","M","M","E","M","$","R","B",null,"M","M","M","M","?","E","M","E","T","E","M","M","?","M","R","B",null,"M","M","M","M","M","R","E","R","T","E","M","R","M","E","R","B","B",null,"R","$","E","B",null],"character_chosen":"IRONCLAD","items_purchased":["Apotheosis","Membership Card","Pen Nib","Shuriken","Dual Wield","Rupture","Double Tap","LiquidMemories"],"campfire_rested":3,"item_purchase_floors":[14,54,54,54,54,54,54,54],"current_hp_per_floor":[57,56,50,50,50,50,22,44,44,40,40,21,29,29,29,39,71,54,37,41,41,41,39,37,27,27,43,31,24,24,45,45,39,95,95,78,65,75,72,72,78,78,78,108,120,120,135,146,146,87,138,147,150,150,113,104],"gold":41,"neow_bonus":"BOSS_RELIC","is_daily":false,"chose_seed":false,"campfire_upgraded":5,"win_rate":0.0,"timestamp":1613700321,"path_taken":["M","M","M","M","M","R","E","R","T","M","M","E","M","$","R","BOSS","M","M","M","M","?","E","M","E","T","E","M","M","?","M","R","BOSS","M","M","M","M","M","R","E","R","T","E","M","R","?","E","R","BOSS","BOSS","R","$","E","BOSS"],"items_purchased_type":["Card","Relic","Relic","Relic","Card","Card","Card","Potion"],"build_version":"2020-12-22","purchased_purges":2,"victory":true,"max_hp_per_floor":[75,75,75,75,75,75,75,75,75,75,75,75,78,78,78,82,82,82,86,86,90,90,94,98,98,98,102,106,110,110,110,110,114,114,114,118,122,126,130,130,134,134,134,138,142,142,142,146,146,146,150,150,150,150,150,154],"relic_stats":{"Dream Catcher":2,"counters":[37,212],"Self Forming Clay":[306],"Shuriken":[3],"Blue Candle":[0],"Snecko Eye":[184,159,140,175],"Pen Nib":[2],"Whetstone":["Immolate","Whirlwind"],"War Paint":["Ghostly Armor","Defend_R"],"obtain_stats":[{"Potion Belt":27,"Self Forming Clay":7,"Blue Candle":12,"Vajra":26,"Pen Nib":54,"Whetstone":55,"War Paint":25,"Empty Cage":0,"Ancient Tea Set":41,"Burning Blood":0,"Dream Catcher":48,"Shuriken":54,"Snecko Eye":34,"Philosopher\u0027s Stone":17,"Molten Egg 2":23,"Bottled Lightning":44,"Membership Card":54,"Meat on the Bone":9},{"Potion Belt":19,"Self Forming Clay":6,"Blue Candle":9,"Vajra":18,"Pen Nib":35,"Whetstone":36,"War Paint":18,"Empty Cage":0,"Ancient Tea Set":29,"Burning Blood":0,"Dream Catcher":33,"Shuriken":35,"Snecko Eye":23,"Philosopher\u0027s Stone":11,"Molten Egg 2":16,"Bottled Lightning":30,"Membership Card":35,"Meat on the Bone":6},{"Potion Belt":99,"Self Forming Clay":29,"Blue Candle":37,"Vajra":94,"Pen Nib":198,"Whetstone":204,"War Paint":94,"Empty Cage":0,"Ancient Tea Set":154,"Burning Blood":0,"Dream Catcher":179,"Shuriken":198,"Snecko Eye":124,"Philosopher\u0027s Stone":58,"Molten Egg 2":85,"Bottled Lightning":161,"Membership Card":198,"Meat on the Bone":29}],"Meat on the Bone":204},"card_choices":[{"not_picked":["True Grit","Perfected Strike"],"picked":"Twin Strike","floor":1.0},{"not_picked":["Intimidate","Cleave"],"picked":"Ghostly Armor","floor":2.0},{"not_picked":["Shrug It Off","Clothesline"],"picked":"Whirlwind","floor":3.0},{"not_picked":["Rupture","Thunderclap"],"picked":"Feel No Pain","floor":4.0},{"not_picked":["Clothesline","Body Slam","Sword Boomerang"],"picked":"SKIP","floor":5.0},{"not_picked":["Clothesline","Body Slam","Sword Boomerang"],"picked":"SKIP","floor":5.0},{"not_picked":["Clash","Iron Wave"],"picked":"Shrug It Off","floor":7.0},{"not_picked":["Sword Boomerang","Body Slam"],"picked":"Immolate","floor":10.0},{"not_picked":["Cleave","Havoc","Clash"],"picked":"SKIP","floor":11.0},{"not_picked":["Searing Blow","Fire Breathing"],"picked":"Feed","floor":12.0},{"not_picked":["Feel No Pain","Heavy Blade"],"picked":"Disarm","floor":13.0},{"not_picked":["Barricade","Reaper"],"picked":"Corruption","floor":16.0},{"not_picked":["Searing Blow","Pommel Strike"],"picked":"Armaments","floor":18.0},{"not_picked":["Heavy Blade","Flex","Clash"],"picked":"SKIP","floor":19.0},{"not_picked":["Heavy Blade","Flex","Clash"],"picked":"SKIP","floor":19.0},{"not_picked":["Evolve","Bloodletting"],"picked":"Headbutt+1","floor":20.0},{"not_picked":["Thunderclap","Perfected Strike+1"],"picked":"Juggernaut","floor":21.0},{"not_picked":["Warcry","Flex"],"picked":"Limit Break","floor":23.0},{"not_picked":["Cleave+1","Sword Boomerang+1"],"picked":"Body Slam+1","floor":24.0},{"not_picked":["Warcry","Thunderclap+1"],"picked":"Heavy Blade+1","floor":25.0},{"not_picked":["Evolve","Combust"],"picked":"Pommel Strike+1","floor":27.0},{"not_picked":["Rampage+1","Hemokinesis+1"],"picked":"Spot Weakness","floor":28.0},{"not_picked":["Body Slam+1","Intimidate","Flex"],"picked":"SKIP","floor":29.0},{"not_picked":["Clash+1","Evolve"],"picked":"Shrug It Off","floor":31.0},{"not_picked":["Impervious","Immolate+1"],"picked":"Reaper+1","floor":33},{"not_picked":["Combust","Searing Blow+1"],"picked":"Headbutt+1","floor":35},{"not_picked":["Havoc+1","Body Slam+1"],"picked":"Shrug It Off","floor":36},{"not_picked":["Rage","Rupture"],"picked":"Uppercut+1","floor":37},{"not_picked":["Burning Pact","Rampage+1"],"picked":"Entrench+1","floor":38},{"not_picked":["Perfected Strike+1","Rampage+1","Clothesline+1"],"picked":"SKIP","floor":39},{"not_picked":["Dropkick+1","Spot Weakness"],"picked":"Battle Trance+1","floor":41},{"not_picked":["Iron Wave+1","Clothesline+1"],"picked":"True Grit","floor":44},{"not_picked":["Clothesline+1","Power Through"],"picked":"Feel No Pain+1","floor":45},{"not_picked":["Dropkick+1","Heavy Blade+1"],"picked":"Power Through","floor":47},{"not_picked":["Brutality","Blood for Blood+1","Clothesline+1"],"picked":"SKIP","floor":48},{"not_picked":["Whirlwind+1","Thunderclap+1"],"picked":"Inflame+1","floor":53},{"not_picked":["Clothesline+1","Havoc","Rampage+1"],"picked":"SKIP","floor":55}],"player_experience":2884015,"relics_obtained":[{"floor":7.0,"key":"Self Forming Clay"},{"floor":9.0,"key":"Meat on the Bone"},{"floor":12.0,"key":"Blue Candle"},{"floor":23.0,"key":"Molten Egg 2"},{"floor":25.0,"key":"War Paint"},{"floor":26.0,"key":"Vajra"},{"floor":27.0,"key":"Potion Belt"},{"floor":41,"key":"Ancient Tea Set"},{"floor":44,"key":"Bottled Lightning"},{"floor":48,"key":"Dream Catcher"},{"floor":55,"key":"Whetstone"}],"event_choices":[{"damage_healed":0.0,"max_hp_gain":0.0,"max_hp_loss":0.0,"gold_gain":0.0,"cards_transformed":["Strike_R","Strike_R"],"event_name":"Drug Dealer","player_choice":"Became Test Subject","floor":22.0,"gold_loss":0.0,"damage_taken":0.0,"cards_obtained":["Spot Weakness","Evolve"]},{"damage_healed":0.0,"max_hp_gain":0.0,"max_hp_loss":0.0,"gold_gain":0.0,"event_name":"Upgrade Shrine","player_choice":"Upgraded","floor":30.0,"gold_loss":0.0,"damage_taken":0.0,"cards_upgraded":["Corruption"]}],"is_beta":false,"boss_relics":[{"not_picked":["SlaversCollar","Busted Crown"],"picked":"Philosopher\u0027s Stone"},{"not_picked":["Fusion Hammer","Runic Dome"],"picked":"Snecko Eye"}],"items_purged_floors":[14,54],"is_endless":false,"potions_floor_spawned":[2,3,7,10,11,13,19,20,21,27,29,33,35,36,37,41,44,48],"ascension_level":20}}