{"host":"xgo7i0560n9mwvr8","time":1613771672,"event":{"mods":["BaseMod","Colored Map","Downfall","Minty Spire (QoL Compilation)","Permanent Neow","StSLib"],"gold_per_floor":[0,20,20,20,120,120,120,14,42,1,26,26,43,54,69,173,173,173,183,12,25,10,10,56,156,56,56,81,92,112,112,122,217,217,117,135,154,166,166,196,196,215,245,259,276,276,109,126,136,136],"floor_reached":51,"language":"ENG","playtime":6208,"items_purged":[],"score":850,"play_id":"f29efead-5cde-413d-b76a-d91a818a5d63","local_time":"20210219165432","is_ascension_mode":true,"campfire_choices":[{"data":"Apotheosis","floor":1.0,"key":"SMITH"},{"floor":12.0,"key":"REST"},{"floor":18,"key":"RECALL"},{"data":"Guardian:RefractedBeam","floor":23,"key":"SMITH"},{"data":"Guardian:RefractedBeam+1","floor":26,"key":"SMITH"},{"data":"Guardian:SphericShield","floor":35,"key":"SMITH"},{"floor":46,"key":"REST"}],"circlet_count":0,"master_deck":["Guardian:CurlUp","Guardian:TwinSlam","Apotheosis+1","Guardian:ChargeCore","Guardian:Recover","Guardian:RefractedBeam+3","Guardian:TemporalShield","Guardian:Incinerate","Guardian:SpikerProtocol","Guardian:Planning","Guardian:StasisStrike","Guardian:BodySlam","Guardian:TimeBomb","Guardian:TemporalStrike","Guardian:StasisField","Guardian:BodySlam","Guardian:Clone","Guardian:EvasiveProtocol","Guardian:MultiBeam","Guardian:TemporalStrike+1","Guardian:StasisStrike","J.A.X.","Guardian:EvasiveProtocol","Guardian:TimeCapacitor+1","Guardian:TemporalStrike+1","Guardian:SphericShield+1","Guardian:FierceBash","Guardian:BaubleBeam","Guardian:SpikerProtocol","Guardian:ChargeUp","Guardian:Incinerate","Guardian:Emergency+1","Guardian:Recover+1","Guardian:ShieldCharger+1","Guardian:Preprogram+1","Guardian:PiercingHide+1","Guardian:TemporalShield+1","Guardian:RevengeProtocol","Guardian:EvasiveProtocol","Guardian:SpikerProtocol"],"relics":["Guardian:ModeShifter","Turnip","PreservedInsect","Calipers","HornCleat","SacredBark","MutagenicStrength","downfall:HeartBlessingBlue","Guardian:StasisCodex","Pandora\u0027s Box","downfall:HeartBlessingRed","Sundial","Anchor","Bottled Tornado","Centennial Puzzle","Orichalcum"],"acts_visited":["Exordium","TheCity","TheBeyond"],"potions_floor_usage":[16,16,20,21,25,30,30,33,40,47,50,50],"damage_taken":[{"damage":11.0,"enemies":"Jaw Worm","floor":2.0,"turns":3.0},{"damage":2.0,"enemies":"downfall:FleeingMerchant","floor":8.0,"turns":4.0},{"damage":12.0,"enemies":"Gremlin Nob","floor":9.0,"turns":5.0},{"damage":0.0,"enemies":"downfall:FleeingMerchant","floor":10.0,"turns":4.0},{"damage":9.0,"enemies":"3 Sentries","floor":11.0,"turns":4.0},{"damage":2.0,"enemies":"Small Slimes","floor":13.0,"turns":3.0},{"damage":1.0,"enemies":"2 Louse","floor":14.0,"turns":3.0},{"damage":4.0,"enemies":"downfall:LooterAlt","floor":15.0,"turns":4.0},{"damage":10,"enemies":"IC_STATUS_ARCHETYPE","floor":16,"turns":6},{"damage":2,"enemies":"Spheric Guardian","floor":19,"turns":4},{"damage":0,"enemies":"downfall:FleeingMerchant","floor":20,"turns":4},{"damage":10,"enemies":"Chosen","floor":21,"turns":6},{"damage":0,"enemies":"downfall:FleeingMerchant","floor":22,"turns":4},{"damage":16,"enemies":"downfall:Augmenter","floor":25,"turns":7},{"damage":4,"enemies":"Book of Stabbing","floor":28,"turns":3},{"damage":3,"enemies":"Snecko","floor":29,"turns":3},{"damage":6,"enemies":"Shelled Parasite and Fungi","floor":30,"turns":4},{"damage":0,"enemies":"3 Cultists","floor":32,"turns":5},{"damage":10,"enemies":"SI_MIRROR_ARCHETYPE","floor":33,"turns":7},{"damage":0,"enemies":"3 Shapes","floor":36,"turns":3},{"damage":17,"enemies":"3 Darklings","floor":37,"turns":6},{"damage":19,"enemies":"Maw","floor":38,"turns":8},{"damage":27,"enemies":"Giant Head","floor":40,"turns":7},{"damage":11,"enemies":"Jaw Worm Horde","floor":42,"turns":4},{"damage":18,"enemies":"Nemesis","floor":43,"turns":7},{"damage":0,"enemies":"3 Darklings","floor":44,"turns":8},{"damage":3,"enemies":"4 Shapes","floor":45,"turns":5},{"damage":0,"enemies":"downfall:FleeingMerchant","floor":47,"turns":1},{"damage":1,"enemies":"Spire Growth","floor":48,"turns":4},{"damage":7,"enemies":"Jaw Worm Horde","floor":49,"turns":6},{"damage":83,"enemies":"DF_ARCHETYPE_ORBS","floor":50,"turns":10}],"seed_played":"1231507399065680835","potions_obtained":[{"floor":2.0,"key":"champ:CounterPotion"},{"floor":11.0,"key":"bronze:BurnAndBuffPotion"},{"floor":13.0,"key":"Swift Potion"},{"floor":15.0,"key":"Explosive Potion"},{"floor":16,"key":"Regen Potion"},{"floor":19,"key":"Energy Potion"},{"floor":25,"key":"Swift Potion"},{"floor":28,"key":"Energy Potion"},{"floor":29,"key":"Explosive Potion"},{"floor":30,"key":"Dexterity Potion"},{"floor":37,"key":"Regen Potion"},{"floor":44,"key":"PowerPotion"},{"floor":45,"key":"Explosive Potion"},{"floor":48,"key":"SneckoOil"},{"floor":49,"key":"Ancient Potion"}],"is_trial":false,"path_per_floor":["R","M","?","?","?","?","T","$","E","$","E","R","M","M","M","B",null,"R","M","$","M","$","R","T","?","R","?","E","M","M","?","M","B",null,"R","M","M","M","?","E","T","M","E","M","M","R","$","M","M","B",null],"character_chosen":"GUARDIAN","items_purchased":["Guardian:RefractedBeam","Guardian:TemporalShield","Guardian:Planning","Guardian:EvasiveProtocol","Guardian:MultiBeam","Fruit Juice","Guardian:SpikerProtocol","Centennial Puzzle","SneckoOil","Orichalcum"],"campfire_rested":2,"item_purchase_floors":[8,8,10,20,20,47,47,47,47,47],"current_hp_per_floor":[80,69,62,67,67,67,67,65,53,53,44,69,67,66,62,52,85,85,83,83,73,73,73,73,85,95,105,101,98,92,92,92,82,105,105,105,88,69,69,83,83,72,54,54,51,82,92,91,84,1],"gold":136,"neow_bonus":"RANDOM_COLORLESS_2","is_daily":false,"chose_seed":false,"campfire_upgraded":4,"win_rate":0.0,"timestamp":1613771672,"path_taken":["R","M","?","?","?","?","T","?","E","$","E","R","M","M","M","BOSS","R","M","$","M","$","R","T","?","R","?","E","?","M","?","M","BOSS","R","M","?","M","?","E","T","M","E","?","M","R","$","M","M","BOSS"],"items_purchased_type":["Card","Card","Card","Card","Card","Potion","Card","Relic","Potion","Relic"],"build_version":"2020-12-22","purchased_purges":0,"victory":true,"max_hp_per_floor":[80,80,80,85,85,85,85,85,85,85,85,85,85,85,85,85,85,85,85,85,85,85,85,85,85,95,105,105,105,105,105,105,105,105,105,105,105,105,105,105,105,105,105,105,105,105,115,115,115,115],"card_choices":[{"not_picked":["The Bomb","Violence"],"picked":"Apotheosis","floor":0.0},{"not_picked":["Guardian:Incinerate","Guardian:PrimingBeam"],"picked":"Guardian:ChargeCore","floor":2.0},{"not_picked":["Guardian:Gem_Yellow","Guardian:FloatingOrbs"],"picked":"Guardian:Recover","floor":8.0},{"not_picked":["Guardian:Suspension","Guardian:Gem_Synthetic"],"picked":"Guardian:Incinerate","floor":9.0},{"not_picked":["Guardian:Emergency","Guardian:ChargeCore"],"picked":"Guardian:SpikerProtocol","floor":10.0},{"not_picked":["Guardian:ChargeUp","Guardian:Gem_Lightblue"],"picked":"Guardian:StasisStrike","floor":11.0},{"not_picked":["Guardian:FloatingOrbs","Guardian:SentryBeam"],"picked":"Guardian:BodySlam","floor":13.0},{"not_picked":["Guardian:Gem_Cyan","Guardian:Gem_Red"],"picked":"Guardian:TimeBomb","floor":14.0},{"not_picked":["Guardian:Suspension","Guardian:Planning"],"picked":"Guardian:TemporalStrike","floor":15.0},{"not_picked":["Guardian:CompilePackage","Guardian:StasisStrike"],"picked":"Guardian:StasisField","floor":16},{"not_picked":["Guardian:Harden+1","Guardian:PolyBeam"],"picked":"Guardian:BodySlam","floor":19},{"not_picked":["Guardian:RollAttack+1","Guardian:CrystalBeam"],"picked":"Guardian:Clone","floor":20},{"not_picked":["Guardian:Gem_Green","Guardian:CrystalBeam+1"],"picked":"Guardian:Gem_Crimson","floor":21},{"not_picked":["Guardian:TemporalShield","Guardian:Gem_Purple"],"picked":"Guardian:TemporalStrike+1","floor":22},{"not_picked":[],"picked":"J.A.X.","floor":25},{"not_picked":["Guardian:Suspension+1","Guardian:Gem_Green"],"picked":"Guardian:Gem_Red","floor":25},{"not_picked":["Guardian:Gem_Lightblue","Guardian:WalkerClaw"],"picked":"Guardian:EvasiveProtocol","floor":28},{"not_picked":["Guardian:VentSteam","Guardian:GatlingBeam"],"picked":"Guardian:TimeCapacitor+1","floor":29},{"not_picked":["Guardian:Gem_Green","Guardian:Gem_Red"],"picked":"Guardian:Gem_Cyan","floor":30},{"not_picked":["Guardian:Gem_Red","Guardian:SentryBeam+1"],"picked":"Guardian:TemporalStrike+1","floor":32},{"not_picked":["Guardian:StasisEngine","Guardian:FierceBash"],"picked":"Guardian:SphericShield","floor":33},{"not_picked":["Guardian:ChargeUp","Guardian:ChargeCore"],"picked":"Guardian:Emergency+1","floor":36},{"not_picked":["Guardian:PrismaticBarrier+1","Guardian:ChargeCore"],"picked":"Guardian:Recover+1","floor":37},{"not_picked":["Guardian:CrystalBeam+1","Guardian:Gem_Green"],"picked":"Guardian:ShieldCharger+1","floor":38},{"not_picked":["Guardian:MultiBeam+1","Guardian:PrismaticBeam+1"],"picked":"Guardian:Preprogram+1","floor":40},{"not_picked":["Guardian:AncientConstruct","Guardian:ChargeUp"],"picked":"Guardian:PiercingHide+1","floor":42},{"not_picked":["Guardian:Incinerate","Guardian:Suspension+1"],"picked":"Guardian:TemporalShield+1","floor":43},{"not_picked":["Guardian:Suspension+1","Guardian:ChargeCore"],"picked":"Guardian:RevengeProtocol","floor":44},{"not_picked":["Guardian:ChargeCore","Guardian:Gem_Lightblue","Guardian:WalkerClaw"],"picked":"SKIP","floor":45},{"not_picked":["Guardian:ChargeCore","Guardian:TemporalStrike+1"],"picked":"Guardian:EvasiveProtocol","floor":47},{"not_picked":["Guardian:RollAttack+1","Guardian:CrystalBeam","Guardian:ChargeCore+1"],"picked":"SKIP","floor":48},{"not_picked":["Guardian:Incinerate","Guardian:Reroute","Guardian:StasisEngine"],"picked":"SKIP","floor":49}],"player_experience":1053371,"relics_obtained":[{"floor":7.0,"key":"PreservedInsect"},{"floor":9.0,"key":"Calipers"},{"floor":11.0,"key":"HornCleat"},{"floor":25,"key":"MutagenicStrength"},{"floor":28,"key":"Guardian:StasisCodex"},{"floor":40,"key":"Sundial"},{"floor":41,"key":"Anchor"},{"floor":43,"key":"Bottled Tornado"}],"event_choices":[{"damage_healed":0.0,"max_hp_gain":0.0,"max_hp_loss":0.0,"gold_gain":0.0,"event_name":"Scrap Ooze","player_choice":"Success","floor":3.0,"gold_loss":0.0,"damage_taken":7.0,"relics_obtained":["Turnip"]},{"damage_healed":0.0,"max_hp_gain":5.0,"max_hp_loss":0.0,"gold_gain":0.0,"event_name":"Big Fish","player_choice":"Donut","floor":4.0,"gold_loss":0.0,"damage_taken":0.0},{"cards_removed":["Guardian:GatlingBeam"],"damage_healed":0,"gold_gain":0,"player_choice":"Offered Rare","damage_taken":0,"max_hp_gain":10,"max_hp_loss":0,"event_name":"Bonfire Elementals","floor":27,"gold_loss":0},{"cards_removed":["Guardian:Strike_Guardian"],"damage_healed":0,"gold_gain":0,"player_choice":"Took Card","damage_taken":0,"max_hp_gain":0,"max_hp_loss":0,"event_name":"NoteForYourself","floor":31,"gold_loss":0,"cards_obtained":["Strike_B"]}],"is_beta":false,"boss_relics":[{"not_picked":["Sozu","Tiny House"],"picked":"SacredBark"},{"not_picked":["Astrolabe","SlaversCollar"],"picked":"Pandora\u0027s Box"}],"items_purged_floors":[],"is_endless":false,"potions_floor_spawned":[2,11,13,15,16,19,25,28,29,30,37,44,45,48,49],"ascension_level":1}}