{"host":"at5b10nm0iti0w4x","time":1613696989,"event":{"mods":["2.2 Compatiblity","AchievementEnabler","BaseMod","Bestiary","Block Reminder","Colored Map","Colored Powertips","Highlight Path","Keyboard Shortcuts","Minty Spire (QoL Compilation)","Quick Restart","Relic Stats","Slay the Relics Exporter","StSLib","SuperFastMode","Unknown Chances"],"gold_per_floor":[118,129,28,102,72,72,85,100,100,111,170,191,191,202,202,298,298,315,265,56,56,69,69,80,90,144,160,160,160],"floor_reached":28,"language":"ENG","playtime":709,"items_purged":[],"score":212,"play_id":"76867777-6372-4c6d-93d3-46aef306f393","local_time":"20210218200949","is_ascension_mode":false,"campfire_choices":[{"data":"Metallicize","floor":6,"key":"SMITH"},{"floor":13,"key":"REST"},{"floor":15,"key":"REST"},{"data":"Juggernaut","floor":23,"key":"SMITH"}],"circlet_count":0,"master_deck":["Strike_R","Strike_R","Strike_R","Strike_R","Strike_R","Defend_R","Defend_R","Defend_R","Defend_R","Bash","Uppercut","Disarm","Shrug It Off","Metallicize+1","Twin Strike","Thunderclap","Pummel","Hemokinesis","Pommel Strike","Juggernaut+1","Shrug It Off","Apotheosis","Shrug It Off","True Grit","Rampage","Inflame+1"],"relics":["Burning Blood","Matryoshka","Pear","Odd Mushroom","SlaversCollar","MutagenicStrength","Orichalcum","Regal Pillow"],"acts_visited":["Exordium","TheCity"],"potions_floor_usage":[25,27,28],"damage_taken":[{"damage":4,"enemies":"Cultist","floor":1,"turns":3},{"damage":8,"enemies":"Jaw Worm","floor":2,"turns":3},{"damage":4,"enemies":"Small Slimes","floor":7,"turns":3},{"damage":0,"enemies":"2 Fungi Beasts","floor":8,"turns":4},{"damage":21,"enemies":"Exordium Thugs","floor":10,"turns":5},{"damage":41,"enemies":"3 Sentries","floor":11,"turns":7},{"damage":27,"enemies":"The Mushroom Lair","floor":12,"turns":4},{"damage":8,"enemies":"Looter","floor":14,"turns":4},{"damage":54,"enemies":"Hexaghost","floor":16,"turns":11},{"damage":14,"enemies":"Chosen","floor":18,"turns":7},{"damage":12,"enemies":"3 Byrds","floor":22,"turns":6},{"damage":6,"enemies":"Snecko","floor":24,"turns":5},{"damage":79,"enemies":"3 Cultists","floor":25,"turns":8},{"damage":14,"enemies":"Centurion and Healer","floor":27,"turns":10},{"damage":31,"enemies":"Snake Plant","floor":28,"turns":4}],"seed_played":"8627705358163200661","potions_obtained":[{"floor":1,"key":"PowerPotion"},{"floor":5,"key":"AttackPotion"},{"floor":5,"key":"GamblersBrew"},{"floor":11,"key":"Regen Potion"},{"floor":24,"key":"BloodPotion"}],"is_trial":false,"path_per_floor":["M","M","$","?","?","R","M","M","T","M","?","?","R","M","R","B",null,"M","?","$","?","M","R","M","M","T","M","M"],"character_chosen":"IRONCLAD","items_purchased":["Metallicize","Twin Strike","Shrug It Off","Apotheosis"],"campfire_rested":2,"item_purchase_floors":[3,3,20,20],"current_hp_per_floor":[80,78,78,78,78,78,80,80,80,65,40,19,46,44,71,23,90,82,82,82,82,76,76,76,18,18,28,0,0],"gold":160,"neow_bonus":"THREE_CARDS","is_daily":false,"chose_seed":false,"campfire_upgraded":2,"win_rate":0.0,"timestamp":1613696989,"path_taken":["M","M","$","?","?","R","?","M","T","M","?","?","R","M","R","BOSS","M","?","?","?","M","R","M","M","T","M","M"],"items_purchased_type":["Card","Card","Card","Card"],"build_version":"2020-12-22","purchased_purges":0,"victory":false,"max_hp_per_floor":[80,80,80,80,80,80,80,80,80,80,90,90,90,90,90,90,90,90,90,90,90,90,90,90,90,90,90,90,90],"relic_stats":{"Regal Pillow":0,"counters":[15,84],"Orichalcum":[12],"obtain_stats":[{"SlaversCollar":17,"Regal Pillow":26,"Matryoshka":9,"Pear":11,"MutagenicStrength":21,"Odd Mushroom":12,"Orichalcum":26,"Burning Blood":0},{"SlaversCollar":9,"Regal Pillow":13,"Matryoshka":4,"Pear":6,"MutagenicStrength":10,"Odd Mushroom":7,"Orichalcum":13,"Burning Blood":0},{"SlaversCollar":44,"Regal Pillow":70,"Matryoshka":13,"Pear":25,"MutagenicStrength":51,"Odd Mushroom":29,"Orichalcum":70,"Burning Blood":0}],"Burning Blood":76},"card_choices":[{"not_picked":["Clash","Wild Strike"],"picked":"Uppercut","floor":0},{"not_picked":["Rage","Sentinel"],"picked":"Disarm","floor":1},{"not_picked":["Uppercut","Dual Wield"],"picked":"Shrug It Off","floor":2},{"not_picked":["Iron Wave","Anger"],"picked":"Thunderclap","floor":7},{"not_picked":["Evolve","Warcry"],"picked":"Pummel","floor":8},{"not_picked":["Blood for Blood","Body Slam"],"picked":"Hemokinesis","floor":10},{"not_picked":["Blood for Blood","Shockwave"],"picked":"Pommel Strike","floor":11},{"not_picked":["Havoc","Body Slam","Anger"],"picked":"SKIP","floor":14},{"not_picked":["Fiend Fire","Corruption"],"picked":"Juggernaut","floor":16},{"not_picked":["Thunderclap","Wild Strike","Bloodletting"],"picked":"SKIP","floor":18},{"not_picked":["Clash","Cleave"],"picked":"Shrug It Off","floor":22},{"not_picked":["Anger","Sword Boomerang"],"picked":"True Grit","floor":24},{"not_picked":["Sentinel","Armaments"],"picked":"Rampage","floor":25},{"not_picked":["Power Through+1","Cleave+1"],"picked":"Inflame+1","floor":27}],"player_experience":109082,"relics_obtained":[{"floor":9,"key":"Matryoshka"},{"floor":11,"key":"Pear"},{"floor":12,"key":"Odd Mushroom"},{"floor":26,"key":"Orichalcum"},{"floor":26,"key":"Regal Pillow"}],"event_choices":[{"damage_healed":0,"gold_gain":74,"player_choice":"Gained Gold","damage_taken":0,"max_hp_gain":0,"max_hp_loss":0,"event_name":"Golden Wing","floor":4,"gold_loss":0},{"damage_healed":0,"gold_gain":0,"player_choice":"Bought 2 Potions","damage_taken":0,"max_hp_gain":0,"max_hp_loss":0,"event_name":"The Woman in Blue","floor":5,"gold_loss":0},{"damage_healed":0,"gold_gain":0,"player_choice":"Searched \u00271\u0027 times","damage_taken":0,"max_hp_gain":0,"max_hp_loss":0,"event_name":"Dead Adventurer","floor":11,"gold_loss":0},{"damage_healed":0,"gold_gain":0,"player_choice":"Fought Mushrooms","damage_taken":0,"max_hp_gain":0,"max_hp_loss":0,"event_name":"Mushrooms","floor":12,"gold_loss":0},{"damage_healed":0,"gold_gain":0,"player_choice":"Bet on Murderer","damage_taken":0,"max_hp_gain":0,"max_hp_loss":0,"event_name":"The Joust","floor":19,"gold_loss":50},{"damage_healed":0,"gold_gain":0,"player_choice":"Inject Mutagens","damage_taken":0,"relics_obtained":["MutagenicStrength"],"max_hp_gain":0,"max_hp_loss":0,"event_name":"Drug Dealer","floor":21,"gold_loss":0}],"is_beta":false,"boss_relics":[{"not_picked":["Runic Pyramid","Tiny House"],"picked":"SlaversCollar"}],"items_purged_floors":[],"is_endless":false,"potions_floor_spawned":[1,8,10,11,18,24],"killed_by":"Snake Plant","ascension_level":0}}