{"host":"dwyzfvnzfcqffr30","time":1613727581,"event":{"mods":["2.2 Compatiblity","Act Like it!","Aspiration","BaseMod","Beaked The Cultist","Better Altar","Better Match","Better Note","Better Sensory Stone","Better Skull","Better Third Choice","Clockwork Mod","Colored Map","Colored Powertips","Conspire","Downfall","Elementarium","GifTheSpireLib","Halation","Hermit","Hubris","Infinite Spire","Ironclad Rager","Jedi Mod","Menagerie","Mimic Mod","Minty Spire (QoL Compilation)","Permanent Neow","Random Character Button","Relic Filter Mod","Reliquary","Replay The Spire","Shapeshifter Mod","Spicy Shops","Spikes Relics","StSLib","Stuff the Spire","The Construct","The Disciple","The Druid","The Marked","TheFirefly","Trackpad","Wandering Minibosses"],"gold_per_floor":[119,98,123,48,65,97,97,131,179,226,254,254,254,294,294,421,421,470,505,8,8,23,23,65,65,88,88,139,183,231,302,314,445,457,512,524,592,667,743,843,924,1027,1077,1089,1192,13,73,109,109,134,134,134,0,38,95],"floor_reached":56,"language":"ENG","playtime":6473,"items_purged":["StSShapeShifter:ShapeShifter_Strike+1","StSShapeShifter:ShapeShifter_Strike+1","StSShapeShifter:ShapeShifter_Strike+1"],"score":1653,"play_id":"e31666fe-6dbb-485a-a07a-63006e21c3e3","local_time":"20210219013941","is_ascension_mode":true,"campfire_choices":[{"floor":7.0,"key":"RECALL"},{"floor":12.0,"key":"REST"},{"data":"StSShapeShifter:Rabid+1","floor":15.0,"key":"SMITH"},{"data":"BlessedFruit+1","floor":23.0,"key":"SMITH"},{"floor":25,"key":"REST"},{"data":"BlessedFruit+1","floor":32,"key":"SMITH"},{"data":"StSShapeShifter:DeepWound+1","floor":44,"key":"SMITH"},{"data":"StSShapeShifter:DeepWound+1","floor":49,"key":"SMITH"},{"data":"StSShapeShifter:EntForm+1","floor":52,"key":"SMITH"}],"circlet_count":0,"master_deck":["HandsUpB+1","StSShapeShifter:ShapeShifter_Strike+1","StSShapeShifter:ShapeShifter_Strike+1","StSShapeShifter:ShapeShifter_Defend+1","StSShapeShifter:ShapeShifter_Defend+1","StSShapeShifter:ShapeShifter_Defend+1","StSShapeShifter:ShapeShifter_Defend+1","StSShapeShifter:ShapeShifter_Defend+1","StSShapeShifter:Tortoise_Form+1","StSShapeShifter:Lynx_Form+1","StSShapeShifter:CosmicShifter+1","Apotheosis+1","MasterReality+1","StSShapeShifter:Rest+1","StSShapeShifter:ShiftingStrike+1","StSShapeShifter:EagleForm+1","StSShapeShifter:DiverseSpirit+1","StSShapeShifter:RatForm+1","StSShapeShifter:Rabid+2","StSShapeShifter:ReplenishingNectar+1","StSShapeShifter:Pounce+1","BlessedFruit+2","BlessedFruit+2","StSShapeShifter:RestoreBalance+1","StSShapeShifter:BearForm+1","StSShapeShifter:MonkeyForm+1","StSShapeShifter:DeepWound+2","StSShapeShifter:FoxForm+1","StSShapeShifter:DeepWound+2","StSShapeShifter:WolfForm+1","StSShapeShifter:EntForm+2","StSShapeShifter:Sap_Burst+1"],"relics":["StSShapeShifter:AnimalHeart","StSShapeShifter:TheShapeShiftersMagnolia","Bottled Tornado","halation:Prosthetics","hubris:TinFlute","SacredBark","conspire:InfiniteJournal","infinitespire:EvilPickle","Quantum Egg","Molten Egg 2","Toxic Egg 2","Frozen Egg 2","Membership Card","reliquary:PartyBalloon","ReplayTheSpireMod:Lightbulb","halation:IllGainedPizza","Red Mask","hubris:TenFootPole","Shuriken","HeavenlyBonsai","reliquary:FingerTrap","infinitespire:CheckeredPen","trackpad:Mousetrap","reliquary:Sod","MawBank","The Courier","StSShapeShifter:LemurHeaddress","jedi:heavyjacket","Orichalcum","Boot","TungstenRod","Torii","trackpad:Compendium","trackpad:BiPhaseBiplane","infinitespire:EmpoweringShard","halation:LettersToHer","CaptainsWheel","ReplayTheSpireMod:TigerMarble","reliquary:WeakTea","infinitespire:Broken Mirror","Durian","Replay:Baseball","hubris:MedicalManual","Smiling Mask","aspiration:Lifesprig","RollingBoulder","reliquary:PorcupineQuills"],"acts_visited":[],"potions_floor_usage":[29,29,38,40,41,42,50,55,55],"damage_taken":[{"damage":0.0,"enemies":"Menagerie:WhisperingWraith","floor":1.0,"turns":3.0},{"damage":2.0,"enemies":"Menagerie:MonstrousExperiment","floor":3.0,"turns":5.0},{"damage":0.0,"enemies":"Menagerie:2_RABBITS","floor":5.0,"turns":2.0},{"damage":0.0,"enemies":"Menagerie:MaskedSummoner","floor":6.0,"turns":7.0},{"damage":3.0,"enemies":"Menagerie:VoidReaper","floor":8.0,"turns":5.0},{"damage":0.0,"enemies":"Menagerie:MaskedSummoner","floor":10.0,"turns":4.0},{"damage":1.0,"enemies":"Menagerie:DREAD_MOTH_AND_GRAFTED_WORMS","floor":11.0,"turns":1.0},{"damage":0.0,"enemies":"Menagerie:3_RABBITS","floor":14.0,"turns":4.0},{"damage":0.0,"enemies":"Menagerie:Suneater","floor":16.0,"turns":5.0},{"damage":12.0,"enemies":"Shell Parasite","floor":18.0,"turns":5.0},{"damage":10.0,"enemies":"Masked Bandits","floor":19.0,"turns":4.0},{"damage":0.0,"enemies":"Spheric Guardian","floor":22.0,"turns":4.0},{"damage":33.0,"enemies":"Slavers","floor":24.0,"turns":6.0},{"damage":2,"enemies":"Book of Stabbing","floor":28,"turns":5},{"damage":1,"enemies":"3 Cultists","floor":29,"turns":6},{"damage":11,"enemies":"Sentry and Sphere","floor":30,"turns":7},{"damage":9,"enemies":"Replay:Snechameleon","floor":31,"turns":5},{"damage":0,"enemies":"Champ","floor":33,"turns":8},{"damage":0,"enemies":"3 Shapes","floor":35,"turns":4},{"damage":0,"enemies":"Orb Walker","floor":37,"turns":4},{"damage":0,"enemies":"Maw","floor":38,"turns":6},{"damage":0,"enemies":"Sphere and 2 Shapes","floor":39,"turns":5},{"damage":0,"enemies":"R_Hoarder","floor":40,"turns":6},{"damage":0,"enemies":"3 Darklings","floor":41,"turns":4},{"damage":4,"enemies":"Reptomancer","floor":42,"turns":4},{"damage":0,"enemies":"4 Shapes","floor":43,"turns":4},{"damage":0,"enemies":"4 Shapes","floor":45,"turns":5},{"damage":0,"enemies":"R_Hoarder","floor":47,"turns":6},{"damage":0,"enemies":"Transient","floor":48,"turns":5},{"damage":0,"enemies":"Replay:Hell Engine","floor":50,"turns":7},{"damage":0,"enemies":"Shield and Spear","floor":54,"turns":6},{"damage":0,"enemies":"The Heart","floor":55,"turns":8}],"seed_played":"7750037854330637004","potions_obtained":[{"floor":3.0,"key":"PowerPotion"},{"floor":6.0,"key":"Fire Potion"},{"floor":14.0,"key":"Weak Potion"},{"floor":24.0,"key":"Energy Potion"},{"floor":28,"key":"champ:CounterPotion"},{"floor":33,"key":"SteroidPotion"},{"floor":35,"key":"DuplicationPotion"},{"floor":38,"key":"champ:CounterPotion"},{"floor":41,"key":"Adrenaline Potion"},{"floor":45,"key":"EssenceOfSteel"}],"is_trial":false,"path_per_floor":["M","$","M","$","M","E","R","E","T","E","M","R","?","M","R","B",null,"M","?","$","$","M","R","E","R","T","T","E","M","M","E","R","B",null,"M","?","M","M","M","E","M","E","MIM","R","M","$","E","M","R","B",null,"R","$","E","B",null],"character_chosen":"SHAPESHIFTER","items_purchased":["Membership Card","StSShapeShifter:Hunt+1","StSShapeShifter:EagleForm+1","StSShapeShifter:DiverseSpirit+1","hubris:TenFootPole","Shuriken","HeavenlyBonsai","reliquary:FingerTrap","StSShapeShifter:RestoreBalance+1","Torii","trackpad:Compendium","StSShapeShifter:DeepWound+1","StSShapeShifter:WolfForm+1","trackpad:BiPhaseBiplane","infinitespire:EmpoweringShard","halation:LettersToHer","StSShapeShifter:EntForm+1","CaptainsWheel","ReplayTheSpireMod:TigerMarble","reliquary:WeakTea","infinitespire:Broken Mirror","Durian","Replay:Baseball","PowerPotion","Elixir","aspiration:Lifesprig","RollingBoulder"],"campfire_rested":2,"item_purchase_floors":[2,2,4,4,20,20,20,20,20,46,46,46,46,46,46,46,46,46,46,46,46,46,46,46,53,53,53],"current_hp_per_floor":[43,43,41,41,41,41,41,38,38,38,37,43,43,43,43,43,43,31,24,24,24,35,35,14,30,30,30,42,58,67,77,77,85,85,85,85,91,97,103,111,117,116,123,123,130,135,149,155,155,168,168,168,168,183,197],"gold":95,"neow_bonus":"THREE_CARDS","is_daily":false,"chose_seed":false,"campfire_upgraded":6,"win_rate":0.0,"timestamp":1613727581,"path_taken":["M","$","?","$","?","E","R","E","T","E","M","R","?","M","R","BOSS","M","?","?","$","M","R","E","R","T","?","E","M","M","E","R","BOSS","M","?","?","M","M","E","M","E","MIM","R","M","$","E","M","R","BOSS","R","$","E","BOSS"],"items_purchased_type":["Relic","Card","Card","Card","Relic","Relic","Relic","Relic","Card","Relic","Relic","Card","Card","Relic","Relic","Relic","Card","Relic","Relic","Relic","Relic","Relic","Relic","Potion","Potion","Relic","Relic"],"build_version":"2020-12-22","purchased_purges":3,"victory":true,"max_hp_per_floor":[43,43,43,43,43,43,43,43,43,43,43,43,43,43,43,43,43,43,43,43,43,49,49,54,54,54,54,59,65,72,77,77,85,85,85,85,91,97,103,111,117,120,123,123,130,135,149,155,155,168,168,168,168,183,197],"card_choices":[{"not_picked":["StSShapeShifter:OakBlade","StSShapeShifter:PoisonIvy"],"picked":"StSShapeShifter:CosmicShifter","floor":0.0},{"not_picked":["StSShapeShifter:BloomingSlash+1","StSShapeShifter:Mystical_Branch+1"],"picked":"StSShapeShifter:Rest+1","floor":1.0},{"not_picked":["StSShapeShifter:BaskInBloom+1","StSShapeShifter:Hunt+1"],"picked":"StSShapeShifter:ShiftingStrike+1","floor":3.0},{"not_picked":["StSShapeShifter:FruitBasket+1","StSShapeShifter:Rest+1"],"picked":"StSShapeShifter:RatForm+1","floor":5.0},{"not_picked":["StSShapeShifter:Mystical_Branch+1","StSShapeShifter:FlowerShield+1","StSShapeShifter:ThornToss+1"],"picked":"SKIP","floor":6.0},{"not_picked":["StSShapeShifter:Rest+1","StSShapeShifter:PoisonIvy+1"],"picked":"StSShapeShifter:Rabid+1","floor":8.0},{"not_picked":["StSShapeShifter:PoisonIvy+1","StSShapeShifter:DeerForm+1","StSShapeShifter:BladeOfGrass+1"],"picked":"SKIP","floor":10.0},{"not_picked":["StSShapeShifter:DeepWound+1","StSShapeShifter:AdaptiveStrikes+1"],"picked":"StSShapeShifter:ReplenishingNectar+1","floor":11.0},{"not_picked":["StSShapeShifter:BurstingSpore+1","StSShapeShifter:IntimidatingAura+1","StSShapeShifter:ThornToss+1"],"picked":"SKIP","floor":14.0},{"not_picked":["StSShapeShifter:Blossom2+1","StSShapeShifter:MysticalSeed+1"],"picked":"StSShapeShifter:Pounce+1","floor":16.0},{"not_picked":["StSShapeShifter:Evolution+1","StSShapeShifter:Flourish+1","StSShapeShifter:OakBlade+1"],"picked":"SKIP","floor":18.0},{"not_picked":["StSShapeShifter:FesteringBite+1","StSShapeShifter:BladeOfGrass+1","StSShapeShifter:Synchronicity+1"],"picked":"SKIP","floor":22.0},{"not_picked":["StSShapeShifter:CursedApple+1","StSShapeShifter:DeerForm+1","StSShapeShifter:BladeOfGrass+1"],"picked":"SKIP","floor":24.0},{"not_picked":["StSShapeShifter:AdaptiveStrikes+1","StSShapeShifter:BarkSkin+1"],"picked":"StSShapeShifter:BearForm+1","floor":28},{"not_picked":["StSShapeShifter:BloomingSlash+1","StSShapeShifter:AdaptiveStrikes+1","StSShapeShifter:BarkSkin+1"],"picked":"SKIP","floor":29},{"not_picked":["StSShapeShifter:RockSlide+1","StSShapeShifter:BarkSkin+1","StSShapeShifter:WaspSwarmForm+1"],"picked":"SKIP","floor":30},{"not_picked":["StSShapeShifter:VineHandcuffs+1","StSShapeShifter:Sapling+1","StSShapeShifter:Spring+1"],"picked":"SKIP","floor":31},{"not_picked":["StSShapeShifter:SunflowerShuriken+1","StSShapeShifter:ShiftingStrike+1","StSShapeShifter:FallingLeaves+1"],"picked":"SKIP","floor":35},{"not_picked":["StSShapeShifter:ForestFire+1","StSShapeShifter:ThrashAbout+1"],"picked":"StSShapeShifter:MonkeyForm+1","floor":37},{"not_picked":["StSShapeShifter:DeerForm+1","StSShapeShifter:BarkSkin+1","StSShapeShifter:DiverseSpirit+1"],"picked":"SKIP","floor":38},{"not_picked":["StSShapeShifter:GoldenBerries+1","StSShapeShifter:Rabid+1","StSShapeShifter:CosmicShifter+1"],"picked":"SKIP","floor":39},{"not_picked":["StSShapeShifter:Guard+1","StSShapeShifter:AdaptiveStrikes+1","StSShapeShifter:BurstingSpore+1"],"picked":"SKIP","floor":40},{"not_picked":["StSShapeShifter:Guard+1","StSShapeShifter:DeerForm+1"],"picked":"StSShapeShifter:DeepWound+1","floor":41},{"not_picked":["StSShapeShifter:DeerForm+1","StSShapeShifter:PantherForm+1","StSShapeShifter:Flourish+1"],"picked":"SKIP","floor":42},{"not_picked":["StSShapeShifter:Sapling+1","StSShapeShifter:Maul+1"],"picked":"StSShapeShifter:FoxForm+1","floor":45},{"not_picked":["StSShapeShifter:Sapling+1","StSShapeShifter:PoisonIvy+1","StSShapeShifter:WaspSwarmForm+1"],"picked":"SKIP","floor":47},{"not_picked":["StSShapeShifter:Maul+1","StSShapeShifter:AdaptiveStrikes+1","StSShapeShifter:ThrashAbout+1"],"picked":"SKIP","floor":48},{"not_picked":["StSShapeShifter:FoxForm+1","StSShapeShifter:DeepWound+1"],"picked":"StSShapeShifter:Sap_Burst+1","floor":54}],"player_experience":3314687,"relics_obtained":[{"floor":6.0,"key":"reliquary:PartyBalloon"},{"floor":8.0,"key":"ReplayTheSpireMod:Lightbulb"},{"floor":10.0,"key":"halation:IllGainedPizza"},{"floor":19.0,"key":"Red Mask"},{"floor":24.0,"key":"infinitespire:CheckeredPen"},{"floor":26,"key":"trackpad:Mousetrap"},{"floor":27,"key":"reliquary:Sod"},{"floor":28,"key":"MawBank"},{"floor":31,"key":"The Courier"},{"floor":40,"key":"Orichalcum"},{"floor":42,"key":"Boot"},{"floor":43,"key":"TungstenRod"},{"floor":47,"key":"hubris:MedicalManual"},{"floor":47,"key":"Smiling Mask"},{"floor":54,"key":"reliquary:PorcupineQuills"}],"event_choices":[{"damage_healed":0.0,"max_hp_gain":0.0,"max_hp_loss":10.0,"gold_gain":0.0,"event_name":"betterThird:BetterWriting","player_choice":"Simplicity","floor":0.0,"gold_loss":0.0,"damage_taken":0.0},{"damage_healed":0.0,"max_hp_gain":0.0,"max_hp_loss":0.0,"gold_gain":0.0,"event_name":"Menagerie:SpiderNest","player_choice":"Ignored","floor":13.0,"gold_loss":0.0,"damage_taken":0.0},{"damage_healed":0.0,"max_hp_gain":0.0,"max_hp_loss":0.0,"gold_gain":0.0,"event_name":"Masked Bandits","player_choice":"Fought Bandits","floor":19.0,"gold_loss":0.0,"damage_taken":0.0}],"is_beta":false,"boss_relics":[{"not_picked":[]},{"not_picked":["Fusion Hammer","trackpad:StolenKidneys"],"picked":"StSShapeShifter:LemurHeaddress"}],"items_purged_floors":[2,46,46],"is_endless":false,"potions_floor_spawned":[3,6,10,14,24,28,30,33,35,38,41,45,47,48,54],"ascension_level":2}}