{"host":"3twtdwjpiqhvvn5s","time":1613696219,"event":{"mods":["AchievementEnabler","Act Like it!","Aspiration","BaseMod","BetterRewards","Colored Map","Colored Powertips","Downfall","Duelist Mod","Friendly Minions","GifTheSpireLib","Hermit","Hubris","Infinite Spire","Jorbs\u0027s Wanderer Trilogy","Koishi","KomeijiMod","Marisa????????","Minty Spire (QoL Compilation)","Quick Restart","Rare Cards Sparkle","Replay The Spire","Shop Mod","StSLib","Td1madao Mod","The Administrix","The Animator","The Bug Knight","The Caster","The Cursed","The Disciple","The Hierophant","The Necromancer","The Poker Player","The Runesmith","The Servant 0.9.4"],"gold_per_floor":[111,111,124,140,95,122,122,152,152,172,187,204,239,250,250,351,351,261,261,84,99,111,442,442,442],"floor_reached":24,"language":"ENG","playtime":10790,"items_purged":[],"score":313,"play_id":"795bcf4b-aa1b-4b02-a694-6c206abee854","local_time":"20210218185659","daily_mods":["SealedDeck","Time Dilation","DeadlyEvents"],"is_ascension_mode":false,"campfire_choices":[{"data":"infinitespire:NeuralNetwork","floor":15,"key":"SMITH"}],"circlet_count":0,"master_deck":["Runesmith:HammerAndChisel","Runesmith:StaticCage","Runesmith:CraftProtectio","Runesmith:StaticCage","Runesmith:EnergizedChisel","Runesmith:CraftProtectio","Runesmith:Prism","Runesmith:Grindstone","Runesmith:Augment+1","Runesmith:Permafrost","Runesmith:StaticCage","Runesmith:Augment","Runesmith:EarthShield","Runesmith:EnergizedChisel","Runesmith:MetallurgicalResearch","infinitespire:NeuralNetwork+1","Runesmith:CraftMagma","Runesmith:EnergizedChisel","Runesmith:Terraform","Runesmith:Grindstone","Runesmith:Grindstone","Runesmith:CreatorForm","Runesmith:LithiumIon","Panache","Runesmith:CraftMagma","Runesmith:EarthShield+1","Runesmith:EnergizedChisel"],"relics":["Runesmith:BrokenRuby","infinitespire:Broken Mirror","Bottled Lightning","Orichalcum","Blue Candle","hubris:Backtick","hubris:DisguiseKit","MutagenicStrength","Old Coin"],"acts_visited":["Exordium","TheCity"],"potions_floor_usage":[6,6,10,16,16,16,24],"damage_taken":[{"damage":2,"enemies":"Small Slimes","floor":1,"turns":8},{"damage":6,"enemies":"2 Louse","floor":3,"turns":4},{"damage":0,"enemies":"Jaw Worm","floor":4,"turns":8},{"damage":0,"enemies":"Looter","floor":5,"turns":5},{"damage":11,"enemies":"3 Sentries","floor":6,"turns":7},{"damage":0,"enemies":"HollowMod:MossKnight","floor":8,"turns":15},{"damage":3,"enemies":"Blue Slaver","floor":10,"turns":6},{"damage":4,"enemies":"Lots of Slimes","floor":11,"turns":4},{"damage":0,"enemies":"3 Louse","floor":12,"turns":4},{"damage":0,"enemies":"Lagavulin","floor":13,"turns":10},{"damage":0,"enemies":"Blue Slaver","floor":14,"turns":10},{"damage":19,"enemies":"Slime Boss","floor":16,"turns":11},{"damage":24,"enemies":"2 Thieves","floor":18,"turns":5},{"damage":4,"enemies":"Chosen","floor":21,"turns":8},{"damage":0,"enemies":"Snecko","floor":22,"turns":9},{"damage":32,"enemies":"Slavers","floor":23,"turns":8},{"damage":16,"enemies":"3 Cultists","floor":24,"turns":3}],"seed_played":"-983564104759280821","potions_obtained":[{"floor":1,"key":"Toxic Potion"},{"floor":4,"key":"Explosive Potion"},{"floor":8,"key":"Guardian:BlockOnCardUsePotion"},{"floor":11,"key":"sneckomod:MuddlingPotion"},{"floor":12,"key":"Milkshake"},{"floor":14,"key":"Guardian:BlockOnCardUsePotion"},{"floor":23,"key":"champ:CounterPotion"}],"is_trial":true,"path_per_floor":["M","?","M","M","M","E","?","E","T","M","M","M","E","M","R_BF","B",null,"M","?","$","M","M","E","M"],"character_chosen":"RUNESMITH_CLASS","items_purchased":["Panache"],"campfire_rested":0,"item_purchase_floors":[20],"current_hp_per_floor":[68,68,62,62,62,51,34,34,34,31,27,27,27,27,27,8,70,46,46,46,42,42,10,0,0],"gold":442,"neow_bonus":"","is_daily":false,"chose_seed":false,"campfire_upgraded":1,"win_rate":0.0,"timestamp":1613696219,"path_taken":["M","?","M","M","M","E","?","E","T","?","M","M","E","M","R_BF","BOSS","M","?","?","M","M","E","M"],"items_purchased_type":["Card"],"build_version":"2020-12-22","purchased_purges":0,"victory":false,"max_hp_per_floor":[70,70,70,70,70,70,70,70,70,70,70,70,70,70,70,70,70,70,70,70,70,70,70,70,70],"card_choices":[{"not_picked":["Runesmith:Overpower","Runesmith:Repurpose"],"picked":"Runesmith:StaticCage","floor":1},{"not_picked":["Runesmith:ChiselStab","Runesmith:RuneHurl"],"picked":"Runesmith:Augment","floor":3},{"not_picked":["Runesmith:RuneHurl","Runesmith:BackupBattery"],"picked":"Runesmith:EarthShield","floor":4},{"not_picked":["Runesmith:CraftReservo","Runesmith:ElementalConversion"],"picked":"Runesmith:EnergizedChisel","floor":5},{"not_picked":["Runesmith:UnstableHammer","Runesmith:Augment"],"picked":"Runesmith:MetallurgicalResearch","floor":6},{"not_picked":["infinitespire:Gouge","hubris:Fate"],"picked":"infinitespire:NeuralNetwork","floor":7},{"not_picked":["Runesmith:RuneHurl","Runesmith:HammerThrow"],"picked":"Runesmith:CraftMagma","floor":8},{"not_picked":["Runesmith:StaticCage","Runesmith:RuneHurl"],"picked":"Runesmith:EnergizedChisel","floor":10},{"not_picked":["Runesmith:HeatedChisel","Runesmith:CraftProtectio"],"picked":"Runesmith:Terraform","floor":11},{"not_picked":["Runesmith:CraftMagma","Runesmith:ElementalConversion"],"picked":"Runesmith:Grindstone","floor":12},{"not_picked":["Runesmith:NanitesCloud","Runesmith:ChiselStab"],"picked":"Runesmith:Grindstone","floor":13},{"not_picked":["Runesmith:HammerThrow","Runesmith:HammerTime","Runesmith:Permafrost"],"picked":"SKIP","floor":14},{"not_picked":["Runesmith:LastStand","Runesmith:LightningRod"],"picked":"Runesmith:CreatorForm","floor":16},{"not_picked":["Runesmith:HammerAndChisel","Runesmith:HeatedChisel","Slimebound:DisruptingSlam"],"picked":"Runesmith:LithiumIon","floor":18},{"not_picked":["Runesmith:HeatExchange","Runesmith:Prism","Slimebound:SpikyOuterGoop"],"picked":"Runesmith:CraftMagma","floor":21},{"not_picked":["Runesmith:UnstableHammer","Runesmith:MakeshiftArmor+1","Slimebound:HauntingLick"],"picked":"Runesmith:EarthShield+1","floor":22},{"not_picked":["Runesmith:Grindstone","Runesmith:OneForEveryone+1","Slimebound:Repurpose"],"picked":"Runesmith:EnergizedChisel","floor":23}],"player_experience":3188887,"relics_obtained":[{"floor":6,"key":"infinitespire:Broken Mirror"},{"floor":8,"key":"Bottled Lightning"},{"floor":9,"key":"Orichalcum"},{"floor":13,"key":"Blue Candle"},{"floor":23,"key":"Old Coin"}],"event_choices":[{"damage_healed":0,"gold_gain":0,"player_choice":"Grow","damage_taken":0,"max_hp_gain":0,"max_hp_loss":0,"event_name":"Living Wall","floor":2,"gold_loss":0,"cards_upgraded":["Runesmith:Augment"]},{"damage_healed":0,"gold_gain":0,"player_choice":"Inject Mutagens","damage_taken":0,"relics_obtained":["MutagenicStrength"],"max_hp_gain":0,"max_hp_loss":0,"event_name":"Drug Dealer","floor":19,"gold_loss":0}],"is_beta":false,"boss_relics":[{"not_picked":["hubris:ScarierMask","Astrolabe"],"picked":"hubris:Backtick"}],"items_purged_floors":[],"is_endless":false,"potions_floor_spawned":[1,4,8,11,12,14,23],"killed_by":"3 Cultists","ascension_level":0}}