{"host":"nsc6ozq3atyrdr3m","time":1613764274,"event":{"mods":["BaseMod","Colored Map","Minty Spire (QoL Compilation)"],"gold_per_floor":[118,193,206,356,367,367,379,407,407,19,39,39,39,54,54,131,131,150,1,13,13,13,13,13,13],"floor_reached":24,"language":"FRA","playtime":407,"items_purged":["Doubt"],"score":392,"play_id":"62e69730-6725-4d8d-ae0b-1700bd35d432","local_time":"20210219205114","is_ascension_mode":true,"campfire_choices":[{"data":"Flame Barrier","floor":6,"key":"SMITH"},{"data":"Rupture","floor":12,"key":"SMITH"},{"floor":15,"key":"REST"},{"floor":23,"key":"REST"}],"circlet_count":0,"master_deck":["AscendersBane","Strike_R","Strike_R","Strike_R","Strike_R","Strike_R","Defend_R","Defend_R","Defend_R","Defend_R","Bash","Blood for Blood","Flame Barrier+1","Pummel","Bloodletting","Rupture+1","Combust","Headbutt","Juggernaut","Combust"],"relics":["Burning Blood","NeowsBlessing","Torii","Mango","Magic Flower","Philosopher\u0027s Stone"],"acts_visited":["Exordium","TheCity"],"potions_floor_usage":[7,16,24,24],"damage_taken":[{"damage":0,"enemies":"Cultist","floor":1,"turns":1},{"damage":0,"enemies":"Jaw Worm","floor":3,"turns":1},{"damage":0,"enemies":"Small Slimes","floor":5,"turns":1},{"damage":4,"enemies":"2 Fungi Beasts","floor":7,"turns":4},{"damage":55,"enemies":"Gremlin Nob","floor":8,"turns":6},{"damage":9,"enemies":"Exordium Thugs","floor":11,"turns":3},{"damage":18,"enemies":"Blue Slaver","floor":14,"turns":3},{"damage":21,"enemies":"Hexaghost","floor":16,"turns":7},{"damage":24,"enemies":"Chosen","floor":18,"turns":6},{"damage":37,"enemies":"Spheric Guardian","floor":20,"turns":5},{"damage":66,"enemies":"Book of Stabbing","floor":24,"turns":4}],"seed_played":"5071618794487876246","potions_obtained":[{"floor":5,"key":"Block Potion"},{"floor":11,"key":"ElixirPotion"},{"floor":14,"key":"EssenceOfSteel"},{"floor":16,"key":"Energy Potion"},{"floor":18,"key":"Strength Potion"}],"is_trial":false,"path_per_floor":["M","?","M","?","M","R","M","E","T","$","M","R","$","M","R","B",null,"M","$","M","?","$","R","E"],"character_chosen":"IRONCLAD","items_purchased":["Combust","Magic Flower","Combust"],"campfire_rested":2,"item_purchase_floors":[10,10,19],"current_hp_per_floor":[74,63,69,69,75,75,75,26,40,40,40,40,40,31,57,45,78,63,63,35,35,35,61,0,0],"gold":13,"neow_bonus":"THREE_ENEMY_KILL","is_daily":false,"chose_seed":false,"campfire_upgraded":2,"win_rate":0.0,"timestamp":1613764274,"path_taken":["M","?","M","?","M","R","M","E","T","$","M","R","?","M","R","BOSS","M","$","M","?","$","R","E"],"items_purchased_type":["Card","Relic","Card"],"build_version":"2020-12-22","purchased_purges":1,"victory":false,"max_hp_per_floor":[75,75,75,75,75,75,75,75,89,89,89,89,89,89,89,89,89,89,89,89,89,89,89,89,89],"card_choices":[{"not_picked":["Clash","Searing Blow"],"picked":"Blood for Blood","floor":1},{"not_picked":["Perfected Strike","Headbutt"],"picked":"Flame Barrier","floor":3},{"not_picked":["Havoc","Cleave"],"picked":"Pummel","floor":5},{"not_picked":["Iron Wave","Rage"],"picked":"Bloodletting","floor":7},{"not_picked":["Warcry","Berserk"],"picked":"Rupture","floor":8},{"not_picked":["Carnage","Sword Boomerang"],"picked":"Headbutt","floor":11},{"not_picked":["Dropkick","Havoc","Searing Blow"],"picked":"SKIP","floor":14},{"not_picked":["Exhume","Bludgeon"],"picked":"Juggernaut","floor":16},{"not_picked":["Reckless Charge","Thunderclap+1","Pommel Strike"],"picked":"SKIP","floor":18},{"not_picked":["Body Slam","Rampage","Heavy Blade"],"picked":"SKIP","floor":20}],"player_experience":431698,"relics_obtained":[{"floor":8,"key":"Torii"},{"floor":9,"key":"Mango"}],"event_choices":[{"damage_healed":0,"gold_gain":75,"player_choice":"Gather Gold","damage_taken":11,"max_hp_gain":0,"max_hp_loss":0,"event_name":"World of Goop","floor":2,"gold_loss":0},{"damage_healed":0,"gold_gain":150,"player_choice":"AGREE","damage_taken":0,"max_hp_gain":0,"max_hp_loss":0,"event_name":"Liars Game","floor":4,"gold_loss":0,"cards_obtained":["Doubt"]},{"damage_healed":0,"gold_gain":0,"player_choice":"Ignored","damage_taken":0,"max_hp_gain":0,"max_hp_loss":0,"event_name":"The Mausoleum","floor":21,"gold_loss":0}],"is_beta":false,"boss_relics":[{"not_picked":["Pandora\u0027s Box","Empty Cage"],"picked":"Philosopher\u0027s Stone"}],"items_purged_floors":[19],"is_endless":false,"potions_floor_spawned":[5,11,14,16,18],"killed_by":"Book of Stabbing","ascension_level":20}}