{"host":"7xbu8gt067z192g2","time":1613695583,"event":{"mods":["BaseMod","Better Note","BetterRewards","Colored Map","Colored Powertips","Decade(???)","Googly Eyes","Highlight Path","Infinite Spire","Jorbs\u0027s Wanderer Trilogy","Minty Spire (QoL Compilation)","Rare Cards Sparkle","Replay The Spire","StSLib","The Bladedancer","The Bug Knight","The Construct","The Cursed","The Hierophant","The Valiant","The Wild Card"],"gold_per_floor":[109,109,126,145,217,217,237,237,237,262,262,13,13,13],"floor_reached":13,"language":"ENG","playtime":942,"items_purged":["stsjorbsmod:Strike_Wanderer"],"score":83,"play_id":"0046d673-591e-4c31-86bd-fa6dc1deab76","local_time":"20210218194623","is_ascension_mode":false,"campfire_choices":[{"data":"stsjorbsmod:Banish","floor":6,"key":"SMITH"},{"data":"stsjorbsmod:Stalwart","floor":8,"key":"SMITH"},{"data":"stsjorbsmod:UnseenServant","floor":11,"key":"SMITH"}],"circlet_count":0,"master_deck":["stsjorbsmod:ForbiddenGrimoire+1","stsjorbsmod:Strike_Wanderer","stsjorbsmod:Strike_Wanderer","stsjorbsmod:Strike_Wanderer","stsjorbsmod:Defend_Wanderer","stsjorbsmod:Defend_Wanderer","stsjorbsmod:Defend_Wanderer","stsjorbsmod:Defend_Wanderer","stsjorbsmod:FreshAdventure","stsjorbsmod:EyeOfTheStorm","stsjorbsmod:WanderingMind","stsjorbsmod:Banish+1","stsjorbsmod:Stalwart+1","stsjorbsmod:RefuseToForget","stsjorbsmod:UnseenServant+1","stsjorbsmod:TinyHut","stsjorbsmod:Feast","stsjorbsmod:Feast"],"relics":["stsjorbsmod:GrimoireRelic","NeowsBlessing","Blue Candle","Replay:Towering Pillar of Hats"],"acts_visited":["Exordium"],"potions_floor_usage":[7,10],"damage_taken":[{"damage":0,"enemies":"Small Slimes","floor":1,"turns":1},{"damage":0,"enemies":"infinitespire:Voidling","floor":3,"turns":1},{"damage":0,"enemies":"2 Louse","floor":4,"turns":1},{"damage":19,"enemies":"2 Fungi Beasts","floor":7,"turns":6},{"damage":10,"enemies":"HollowMod:MossKnight","floor":10,"turns":6},{"damage":52,"enemies":"3 Sentries","floor":13,"turns":4}],"seed_played":"1118711657272693317","potions_obtained":[{"floor":1,"key":"GamblersBrew"},{"floor":3,"key":"ColorlessPotion"},{"floor":7,"key":"Fire Potion"}],"is_trial":false,"path_per_floor":["M","?","M","M","?","R","M","R","T","E","R","$","E"],"character_chosen":"WANDERER","items_purchased":["stsjorbsmod:TinyHut","stsjorbsmod:Feast"],"campfire_rested":0,"item_purchase_floors":[12,12],"current_hp_per_floor":[68,68,68,68,68,68,50,50,50,43,43,43,0,0],"gold":13,"neow_bonus":"THREE_ENEMY_KILL","is_daily":false,"chose_seed":false,"campfire_upgraded":3,"win_rate":0.0,"timestamp":1613695583,"path_taken":["M","?","M","?","?","R","M","R","T","E","R","$","E"],"items_purchased_type":["Card","Card"],"build_version":"2020-12-22","purchased_purges":1,"victory":false,"max_hp_per_floor":[68,68,68,68,68,68,68,68,68,68,68,68,68,68],"card_choices":[{"not_picked":["stsjorbsmod:DisguiseSelf","stsjorbsmod:Prepare"],"picked":"stsjorbsmod:WanderingMind","floor":1},{"not_picked":["stsjorbsmod:TrueStrike","stsjorbsmod:Prepare"],"picked":"stsjorbsmod:Banish","floor":3},{"not_picked":["stsjorbsmod:Hurt","stsjorbsmod:ArcaneWeapon"],"picked":"stsjorbsmod:Stalwart","floor":4},{"not_picked":["stsjorbsmod:Channel","stsjorbsmod:ParryingBlow"],"picked":"stsjorbsmod:RefuseToForget","floor":7},{"not_picked":["stsjorbsmod:ParryingBlow","stsjorbsmod:Mindworm"],"picked":"stsjorbsmod:UnseenServant","floor":10}],"player_experience":226777,"relics_obtained":[{"floor":9,"key":"Blue Candle"},{"floor":10,"key":"Replay:Towering Pillar of Hats"}],"event_choices":[{"damage_healed":0,"gold_gain":0,"player_choice":"Bought 0 Potions","damage_taken":0,"max_hp_gain":0,"max_hp_loss":0,"event_name":"The Woman in Blue","floor":2,"gold_loss":0},{"damage_healed":0,"gold_gain":72,"player_choice":"Gained Gold","damage_taken":0,"max_hp_gain":0,"max_hp_loss":0,"event_name":"Golden Wing","floor":5,"gold_loss":0}],"is_beta":false,"boss_relics":[],"items_purged_floors":[12],"is_endless":false,"potions_floor_spawned":[1,3,7],"killed_by":"3 Sentries","ascension_level":0}}