{"host":"ju1b3c4x8n2jtjm7","time":1613756792,"event":{"mods":["AchievementEnabler","BaseMod","Colored Map","Colored Powertips","Highlight Path","Minty Spire (QoL Compilation)","Quick Restart","Rare Cards Sparkle","Relic Stats"],"gold_per_floor":[116,134,145,40,40,40,59,87,87,87,107,107,121,147,147,245,245,255,255,265,340,355,384,384,417,417,445,457,469,481,493,505,618,630,660,689,714,726,738,781,793,832,844,856,893,924,349,366,366,366],"floor_reached":51,"language":"ENG","playtime":3907,"items_purged":["Strike_P"],"score":1119,"play_id":"b15182a1-2bfe-4d45-9b16-6080c7afc4c2","local_time":"20210219184632","is_ascension_mode":true,"campfire_choices":[{"data":"Eruption","floor":6.0,"key":"SMITH"},{"data":"Study","floor":10.0,"key":"SMITH"},{"data":"LikeWater","floor":12.0,"key":"SMITH"},{"data":"LikeWater","floor":15.0,"key":"SMITH"},{"floor":24.0,"key":"REST"},{"floor":30.0,"key":"REST"},{"data":"TalkToTheHand","floor":32.0,"key":"SMITH"},{"floor":41.0,"key":"REST"},{"floor":44.0,"key":"REST"},{"floor":49,"key":"REST"}],"circlet_count":0,"master_deck":["Strike_P","Defend_P","Eruption+1","Vigilance","Vengeance+1","FearNoEvil+1","Perseverance+1","DeceiveReality","Indignation","TalkToTheHand+1","Tantrum","FlyingSleeves","EmptyBody","Study+1","LikeWater+1","LikeWater+1","Establishment","WindmillStrike+1","ThirdEye+1","WheelKick","DevaForm","FollowUp+1","LikeWater+1","FearNoEvil+1","InnerPeace"],"relics":["Astrolabe","Potion Belt","White Beast Statue","Empty Cage","Vajra","Calipers","MawBank","TungstenRod","Cursed Key","Gremlin Horn","Pen Nib","Orichalcum","Ancient Tea Set","PrismaticShard","Centennial Puzzle"],"acts_visited":["Exordium","TheCity","TheBeyond"],"potions_floor_usage":[45,46,50,50,50],"damage_taken":[{"damage":2.0,"enemies":"Small Slimes","floor":1.0,"turns":2.0},{"damage":0.0,"enemies":"Cultist","floor":2.0,"turns":4.0},{"damage":1.0,"enemies":"2 Louse","floor":3.0,"turns":3.0},{"damage":6.0,"enemies":"2 Fungi Beasts","floor":7.0,"turns":3.0},{"damage":1.0,"enemies":"Gremlin Nob","floor":8.0,"turns":3.0},{"damage":6.0,"enemies":"Red Slaver","floor":11.0,"turns":2.0},{"damage":2.0,"enemies":"Gremlin Gang","floor":13.0,"turns":6.0},{"damage":6.0,"enemies":"3 Sentries","floor":14.0,"turns":6.0},{"damage":34.0,"enemies":"Hexaghost","floor":16.0,"turns":8.0},{"damage":9.0,"enemies":"2 Thieves","floor":18.0,"turns":5.0},{"damage":9.0,"enemies":"Shell Parasite","floor":20.0,"turns":5.0},{"damage":11.0,"enemies":"3 Cultists","floor":22.0,"turns":5.0},{"damage":20.0,"enemies":"Gremlin Leader","floor":23.0,"turns":4.0},{"damage":41.0,"enemies":"Slavers","floor":25.0,"turns":7.0},{"damage":0.0,"enemies":"Cultist and Chosen","floor":27.0,"turns":6.0},{"damage":18.0,"enemies":"Champ","floor":33.0,"turns":13.0},{"damage":22.0,"enemies":"3 Darklings","floor":35.0,"turns":6.0},{"damage":6.0,"enemies":"Orb Walker","floor":36.0,"turns":2.0},{"damage":16.0,"enemies":"3 Darklings","floor":37.0,"turns":5.0},{"damage":10.0,"enemies":"Reptomancer","floor":40.0,"turns":8.0},{"damage":0.0,"enemies":"Giant Head","floor":42.0,"turns":6.0},{"damage":0,"enemies":"Nemesis","floor":45,"turns":7},{"damage":17,"enemies":"Sphere and 2 Shapes","floor":46,"turns":4},{"damage":11,"enemies":"Jaw Worm Horde","floor":48,"turns":5},{"damage":32,"enemies":"Awakened One","floor":50,"turns":9}],"seed_played":"-4905547220924830292","potions_obtained":[{"floor":7.0,"key":"ColorlessPotion"},{"floor":11.0,"key":"Regen Potion"},{"floor":14.0,"key":"Fire Potion"},{"floor":16.0,"key":"StancePotion"},{"floor":18.0,"key":"DuplicationPotion"},{"floor":20.0,"key":"ColorlessPotion"},{"floor":22.0,"key":"FearPotion"},{"floor":23.0,"key":"FairyPotion"},{"floor":25.0,"key":"FearPotion"},{"floor":27.0,"key":"LiquidBronze"},{"floor":33.0,"key":"StancePotion"},{"floor":35.0,"key":"Weak Potion"},{"floor":36.0,"key":"Fire Potion"},{"floor":37.0,"key":"PowerPotion"},{"floor":40.0,"key":"EssenceOfSteel"},{"floor":42.0,"key":"LiquidMemories"},{"floor":45,"key":"AttackPotion"},{"floor":46,"key":"SkillPotion"}],"is_trial":false,"path_per_floor":["M","M","M","$","?","R","M","E","T","R","M","R","M","E","R","B",null,"M","?","M","?","M","E","R","E","T","M","?","?","R","?","R","B",null,"M","M","M","?","?","E","R","E","T","R","E","M","$","M","R","B",null],"character_chosen":"WATCHER","items_purchased":["Tantrum","FlyingSleeves","Ancient Tea Set","GamblersBrew","PrismaticShard","Centennial Puzzle"],"campfire_rested":5,"item_purchase_floors":[4,4,47,47,47,47],"current_hp_per_floor":[63,63,62,62,62,62,56,55,55,55,49,49,62,56,56,22,60,51,72,63,56,45,25,46,5,5,5,23,23,46,46,46,28,65,43,37,21,21,21,11,34,34,34,57,57,40,40,29,52,20],"gold":366,"neow_bonus":"BOSS_RELIC","is_daily":false,"chose_seed":false,"campfire_upgraded":5,"win_rate":0.0,"timestamp":1613756792,"path_taken":["M","M","M","$","?","R","M","E","T","R","M","R","M","E","R","BOSS","M","?","M","?","M","E","R","E","T","?","?","?","R","?","R","BOSS","M","M","M","?","?","E","R","E","T","R","E","?","$","?","R","BOSS"],"items_purchased_type":["Card","Card","Relic","Potion","Relic","Relic"],"build_version":"2020-12-22","purchased_purges":1,"victory":true,"max_hp_per_floor":[72,72,72,72,72,72,72,72,72,72,72,72,72,72,72,72,72,72,72,72,72,72,72,72,72,72,72,77,77,77,77,77,77,77,77,77,77,77,77,77,77,77,77,77,77,77,77,77,77,77],"relic_stats":{"Centennial Puzzle":[6],"Gremlin Horn":[7,7],"counters":[25,134],"Astrolabe":["Vengeance","FearNoEvil","Perseverance"],"Pen Nib":[6],"Orichalcum":[6],"MawBank":252,"Cursed Key":0,"obtain_stats":[{"Potion Belt":8,"Calipers":25,"Gremlin Horn":40,"Astrolabe":0,"Vajra":23,"Pen Nib":42,"Orichalcum":45,"Empty Cage":17,"MawBank":26,"Cursed Key":34,"Ancient Tea Set":47,"PrismaticShard":47,"White Beast Statue":14,"Centennial Puzzle":47,"PureWater":0,"TungstenRod":31},{"Potion Belt":5,"Calipers":14,"Gremlin Horn":20,"Astrolabe":0,"Vajra":13,"Pen Nib":21,"Orichalcum":22,"Empty Cage":9,"MawBank":14,"Cursed Key":16,"Ancient Tea Set":23,"PrismaticShard":23,"White Beast Statue":8,"Centennial Puzzle":23,"PureWater":0,"TungstenRod":15},{"Potion Belt":15,"Calipers":63,"Gremlin Horn":103,"Astrolabe":0,"Vajra":56,"Pen Nib":109,"Orichalcum":116,"Empty Cage":37,"MawBank":63,"Cursed Key":82,"Ancient Tea Set":120,"PrismaticShard":120,"White Beast Statue":29,"Centennial Puzzle":120,"PureWater":0,"TungstenRod":69}],"TungstenRod":22},"card_choices":[{"not_picked":["Prostrate","PathToVictory"],"picked":"DeceiveReality","floor":1.0},{"not_picked":["EmptyFist","Protect"],"picked":"Indignation","floor":2.0},{"not_picked":["EmptyBody","Swivel"],"picked":"TalkToTheHand","floor":3.0},{"not_picked":["Evaluate","Blasphemy"],"picked":"EmptyBody","floor":7.0},{"not_picked":["ClearTheMind","Indignation"],"picked":"Study","floor":8.0},{"not_picked":["ThirdEye","Conclude"],"picked":"LikeWater","floor":11.0},{"not_picked":["Fasting2","DeceiveReality"],"picked":"LikeWater","floor":13.0},{"not_picked":["LikeWater","Nirvana","Halt"],"picked":"SKIP","floor":14.0},{"not_picked":["Omniscience","Devotion"],"picked":"Establishment","floor":16.0},{"not_picked":["Wireheading","Tantrum"],"picked":"WindmillStrike+1","floor":18.0},{"not_picked":["ThirdEye","FlurryOfBlows","FollowUp"],"picked":"SKIP","floor":20.0},{"not_picked":["EmptyBody","Evaluate"],"picked":"ThirdEye+1","floor":22.0},{"not_picked":["Alpha","Prostrate+1","PathToVictory+1"],"picked":"SKIP","floor":23.0},{"not_picked":["Prostrate","ClearTheMind+1"],"picked":"WheelKick","floor":25.0},{"not_picked":["WreathOfFlame","BowlingBash","FlyingSleeves"],"picked":"SKIP","floor":27.0},{"not_picked":["SpiritShield","ConjureBlade"],"picked":"DevaForm","floor":33.0},{"not_picked":["Indignation+1","Prostrate","BowlingBash"],"picked":"SKIP","floor":35.0},{"not_picked":["Vengeance","Protect"],"picked":"FollowUp+1","floor":36.0},{"not_picked":["EmptyBody","Evaluate+1"],"picked":"LikeWater+1","floor":37.0},{"not_picked":["Alpha","FlyingSleeves","Sanctity"],"picked":"SKIP","floor":40.0},{"not_picked":["WindmillStrike+1","Consecrate","DeceiveReality"],"picked":"SKIP","floor":42.0},{"not_picked":["Fasting2","Sanctity"],"picked":"InnerPeace","floor":45},{"not_picked":["Prostrate+1","MentalFortress+1","JustLucky"],"picked":"SKIP","floor":46},{"not_picked":["Bane+1","Flying Knee","Conclude+1"],"picked":"SKIP","floor":48}],"player_experience":401927,"relics_obtained":[{"floor":8.0,"key":"Potion Belt"},{"floor":14.0,"key":"White Beast Statue"},{"floor":23.0,"key":"Vajra"},{"floor":25.0,"key":"Calipers"},{"floor":26.0,"key":"MawBank"},{"floor":40.0,"key":"Gremlin Horn"},{"floor":42.0,"key":"Pen Nib"},{"floor":45,"key":"Orichalcum"}],"event_choices":[{"damage_healed":0.0,"max_hp_gain":0.0,"max_hp_loss":0.0,"gold_gain":0.0,"event_name":"The Cleric","player_choice":"Leave","floor":5.0,"gold_loss":0.0,"damage_taken":0.0},{"damage_healed":24.0,"max_hp_gain":0.0,"max_hp_loss":0.0,"gold_gain":0.0,"event_name":"The Library","player_choice":"Heal","floor":19.0,"gold_loss":0.0,"damage_taken":0.0},{"damage_healed":0.0,"max_hp_gain":0.0,"max_hp_loss":0.0,"gold_gain":75.0,"event_name":"FaceTrader","player_choice":"Touch","floor":21.0,"gold_loss":0.0,"damage_taken":7.0},{"damage_healed":0.0,"max_hp_gain":5.0,"max_hp_loss":0.0,"gold_gain":0.0,"event_name":"Forgotten Altar","player_choice":"Shed Blood","floor":28.0,"gold_loss":0.0,"damage_taken":18.0},{"damage_healed":0.0,"max_hp_gain":0.0,"max_hp_loss":0.0,"gold_gain":0.0,"event_name":"Vampires","player_choice":"Ignored","floor":29.0,"gold_loss":0.0,"damage_taken":0.0},{"damage_healed":0.0,"max_hp_gain":0.0,"max_hp_loss":0.0,"gold_gain":0.0,"event_name":"The Mausoleum","player_choice":"Opened","floor":31.0,"gold_loss":0.0,"damage_taken":0.0,"relics_obtained":["TungstenRod"]},{"damage_healed":0.0,"max_hp_gain":0.0,"max_hp_loss":0.0,"gold_gain":0.0,"event_name":"Mysterious Sphere","player_choice":"Ignored","floor":38.0,"gold_loss":0.0,"damage_taken":0.0},{"damage_healed":0.0,"max_hp_gain":0.0,"max_hp_loss":0.0,"gold_gain":0.0,"event_name":"Duplicator","player_choice":"Copied","floor":39.0,"gold_loss":0.0,"damage_taken":0.0,"cards_obtained":["FearNoEvil"]}],"is_beta":false,"boss_relics":[{"not_picked":["Sozu","VioletLotus"],"picked":"Empty Cage"},{"not_picked":["Tiny House","Runic Pyramid"],"picked":"Cursed Key"}],"items_purged_floors":[47],"is_endless":false,"potions_floor_spawned":[7,11,14,16,18,20,22,23,25,27,33,35,36,37,40,42,45,46,48],"ascension_level":7}}