{"host":"i2s4iw62z1dejrqn","time":1613755334,"event":{"mods":["AchievementEnabler","BaseMod","Minty Spire (QoL Compilation)","Random Character Button","SuperFastMode"],"gold_per_floor":[13,13,28,38,38,65,65,78,78,78,101,134,154,185,185,314,314,328,4,27,0,24,24,63,63,112,135,35,48,73,73,73,199,199,212,212,275,298,298,298,332,332,332,259,259,66,107,122,122,122,122,122,41,75,75],"floor_reached":56,"language":"KOR","playtime":4215,"items_purged":["Strike_G","Strike_G"],"score":1693,"play_id":"69be4db9-4be3-42fc-a757-fb64259b1ea8","local_time":"20210220022214","is_ascension_mode":true,"campfire_choices":[{"floor":10.0,"key":"REST"},{"floor":15.0,"key":"REST"},{"floor":23.0,"key":"REST"},{"data":"Burst","floor":25.0,"key":"SMITH"},{"floor":32.0,"key":"REST"},{"floor":40.0,"key":"RECALL"},{"data":"Catalyst","floor":45.0,"key":"SMITH"},{"floor":49.0,"key":"REST"},{"data":"Apotheosis","floor":52.0,"key":"SMITH"}],"circlet_count":0,"master_deck":["Defend_G","Defend_G","Defend_G","Defend_G","Defend_G","Survivor","Catalyst+1","Leg Sweep","Deadly Poison","Crippling Poison","Footwork","Outmaneuver","Burst+1","Noxious Fumes","Corpse Explosion","Venomology","Calculated Gamble","Backflip","Prepared+1","Adrenaline","Bouncing Flask","Catalyst+1","Noxious Fumes","Blind","PiercingWail+1","Footwork","Apotheosis+1","After Image","Infinite Blades","Dodge and Roll+1"],"relics":["Ring of the Snake","Pocketwatch","Blue Candle","Golden Idol","Mummified Hand","Ancient Tea Set","Bottled Tornado","Empty Cage","Matryoshka","Vajra","Snake Skull","SlaversCollar","Thread and Needle","Kunai","Dead Branch","PreservedInsect","Blood Vial","Akabeko"],"acts_visited":["Exordium","TheCity","TheBeyond","TheEnding"],"potions_floor_usage":[55,55],"damage_taken":[{"damage":3.0,"enemies":"Jaw Worm","floor":1.0,"turns":5.0},{"damage":0.0,"enemies":"2 Louse","floor":3.0,"turns":4.0},{"damage":12.0,"enemies":"Small Slimes","floor":4.0,"turns":4.0},{"damage":18.0,"enemies":"3 Sentries","floor":6.0,"turns":9.0},{"damage":11.0,"enemies":"Looter","floor":8.0,"turns":3.0},{"damage":8.0,"enemies":"3 Louse","floor":11.0,"turns":3.0},{"damage":20.0,"enemies":"Gremlin Nob","floor":12.0,"turns":4.0},{"damage":5.0,"enemies":"2 Fungi Beasts","floor":13.0,"turns":4.0},{"damage":18.0,"enemies":"3 Sentries","floor":14.0,"turns":7.0},{"damage":11.0,"enemies":"Hexaghost","floor":16.0,"turns":10.0},{"damage":20.0,"enemies":"2 Thieves","floor":18.0,"turns":4.0},{"damage":3.0,"enemies":"3 Byrds","floor":20.0,"turns":4.0},{"damage":11.0,"enemies":"Snecko","floor":22.0,"turns":6.0},{"damage":12.0,"enemies":"Book of Stabbing","floor":24.0,"turns":5.0},{"damage":7.0,"enemies":"Chosen and Byrds","floor":27.0,"turns":6.0},{"damage":10.0,"enemies":"Centurion and Healer","floor":29.0,"turns":8.0},{"damage":8.0,"enemies":"Snake Plant","floor":30.0,"turns":4.0},{"damage":9.0,"enemies":"Champ","floor":33.0,"turns":12.0},{"damage":1.0,"enemies":"3 Shapes","floor":35.0,"turns":4.0},{"damage":0.0,"enemies":"Mind Bloom Boss Battle","floor":37.0,"turns":6.0},{"damage":0.0,"enemies":"Orb Walker","floor":38.0,"turns":3.0},{"damage":0.0,"enemies":"Giant Head","floor":41.0,"turns":5.0},{"damage":0.0,"enemies":"Reptomancer","floor":47.0,"turns":4.0},{"damage":17.0,"enemies":"Spire Growth","floor":48.0,"turns":5.0},{"damage":10.0,"enemies":"Donu and Deca","floor":50.0,"turns":8.0},{"damage":19.0,"enemies":"Shield and Spear","floor":54.0,"turns":5.0},{"damage":63,"enemies":"The Heart","floor":55,"turns":10}],"seed_played":"-447431000225595997","potions_obtained":[{"floor":1.0,"key":"LiquidBronze"},{"floor":4.0,"key":"Swift Potion"},{"floor":6.0,"key":"FearPotion"},{"floor":8.0,"key":"GhostInAJar"},{"floor":13.0,"key":"GhostInAJar"},{"floor":14.0,"key":"PowerPotion"},{"floor":38.0,"key":"SpeedPotion"},{"floor":41.0,"key":"PowerPotion"}],"is_trial":false,"path_per_floor":["M","?","M","M","?","E","?","M","T","R","M","E","M","E","R","B",null,"M","$","M","?","M","R","E","R","T","M","$","M","M","?","R","B",null,"M","?","?","M","?","R","E","?","T","$","R","$","E","M","R","B",null,"R","$","E","B",null],"character_chosen":"THE_SILENT","items_purchased":["Matryoshka","Footwork","Apotheosis","Infinite Blades"],"campfire_rested":5,"item_purchase_floors":[19,44,46,53],"current_hp_per_floor":[60,60,60,48,70,52,52,41,41,60,52,32,27,9,28,17,53,33,33,30,30,19,38,26,26,26,19,19,9,1,1,20,11,52,51,51,51,51,51,51,51,51,51,51,51,51,51,36,55,47,61,61,61,44,14],"gold":75,"neow_bonus":"ONE_RARE_RELIC","is_daily":false,"chose_seed":false,"campfire_upgraded":3,"win_rate":0.0,"timestamp":1613755334,"path_taken":["M","?","M","M","?","E","?","M","T","R","M","E","M","E","R","BOSS","M","$","M","?","M","R","E","R","T","M","$","M","M","?","R","BOSS","M","?","?","M","?","R","E","?","T","$","R","$","E","?","R","BOSS","R","$","E","BOSS"],"items_purchased_type":["Relic","Card","Card","Card"],"build_version":"2020-12-22","purchased_purges":2,"victory":true,"max_hp_per_floor":[70,70,70,70,70,70,65,65,65,65,65,65,65,65,65,65,65,65,65,65,65,65,65,65,65,65,65,65,65,65,65,65,65,65,65,65,65,65,65,65,65,65,65,65,65,65,65,65,65,65,65,65,65,65,65],"card_choices":[{"not_picked":["Choke","Dagger Spray"],"picked":"Catalyst","floor":1.0},{"not_picked":["Quick Slash","Slice"],"picked":"Deadly Poison","floor":3.0},{"not_picked":["Skewer","Backflip"],"picked":"Crippling Poison","floor":4.0},{"not_picked":["Cloak And Dagger","Quick Slash"],"picked":"Footwork","floor":6.0},{"not_picked":["Finisher","PiercingWail"],"picked":"Outmaneuver","floor":8.0},{"not_picked":["Cloak And Dagger","Sucker Punch"],"picked":"Burst","floor":11.0},{"not_picked":["Dagger Spray","Heel Hook","Infinite Blades"],"picked":"SKIP","floor":12.0},{"not_picked":["Poisoned Stab","Outmaneuver"],"picked":"Noxious Fumes","floor":13.0},{"not_picked":["Masterful Stab","Flying Knee","Slice"],"picked":"SKIP","floor":14.0},{"not_picked":["Tools of the Trade","Storm of Steel"],"picked":"Corpse Explosion","floor":16.0},{"not_picked":["Flying Knee","Outmaneuver","Poisoned Stab+1"],"picked":"SKIP","floor":18.0},{"not_picked":["Outmaneuver","Dash"],"picked":"Venomology","floor":20.0},{"not_picked":["Blade Dance","Riddle With Holes"],"picked":"Calculated Gamble","floor":22.0},{"not_picked":["Leg Sweep","Sucker Punch","Underhanded Strike+1"],"picked":"SKIP","floor":24.0},{"not_picked":["Flying Knee","Quick Slash"],"picked":"Backflip","floor":27.0},{"not_picked":["Accuracy","Flechettes"],"picked":"Prepared+1","floor":29.0},{"not_picked":["Prepared","Underhanded Strike","Deflect"],"picked":"SKIP","floor":30.0},{"not_picked":["Die Die Die","Grand Finale"],"picked":"Adrenaline","floor":33.0},{"not_picked":["Flying Knee","PiercingWail"],"picked":"Bouncing Flask","floor":35.0},{"not_picked":["Flying Knee+1","Prepared"],"picked":"Catalyst+1","floor":37.0},{"not_picked":["Eviscerate","Terror+1"],"picked":"Noxious Fumes","floor":38.0},{"not_picked":["Good Instincts","Jack Of All Trades"],"picked":"Blind","floor":39.0},{"not_picked":["Dagger Throw+1","Sucker Punch"],"picked":"PiercingWail+1","floor":41.0},{"not_picked":["Caltrops","Prepared"],"picked":"After Image","floor":47.0},{"not_picked":["Masterful Stab","Dagger Throw+1","Deflect"],"picked":"SKIP","floor":48.0},{"not_picked":["PiercingWail","Deflect"],"picked":"Dodge and Roll+1","floor":54.0}],"player_experience":479293,"relics_obtained":[{"floor":6.0,"key":"Blue Candle"},{"floor":9.0,"key":"Mummified Hand"},{"floor":12.0,"key":"Ancient Tea Set"},{"floor":14.0,"key":"Bottled Tornado"},{"floor":24.0,"key":"Vajra"},{"floor":26.0,"key":"Snake Skull"},{"floor":37.0,"key":"Thread and Needle"},{"floor":41.0,"key":"Kunai"},{"floor":43.0,"key":"Dead Branch"},{"floor":43.0,"key":"PreservedInsect"},{"floor":47.0,"key":"Blood Vial"},{"floor":54.0,"key":"Akabeko"}],"event_choices":[{"damage_healed":0.0,"max_hp_gain":0.0,"max_hp_loss":0.0,"gold_gain":0.0,"cards_transformed":["Strike_G"],"event_name":"Living Wall","player_choice":"Change","floor":2.0,"gold_loss":0.0,"damage_taken":0.0,"cards_obtained":["Leg Sweep"]},{"damage_healed":23.0,"max_hp_gain":0.0,"max_hp_loss":0.0,"gold_gain":0.0,"event_name":"Big Fish","player_choice":"Banana","floor":5.0,"gold_loss":0.0,"damage_taken":0.0},{"damage_healed":0.0,"max_hp_gain":0.0,"max_hp_loss":5.0,"gold_gain":0.0,"event_name":"Golden Idol","player_choice":"Lose Max HP","floor":7.0,"gold_loss":0.0,"damage_taken":0.0,"relics_obtained":["Golden Idol"]},{"damage_healed":0.0,"max_hp_gain":0.0,"max_hp_loss":0.0,"gold_gain":0.0,"event_name":"Masked Bandits","player_choice":"Paid Fearfully","floor":21.0,"gold_loss":27.0,"damage_taken":0.0},{"damage_healed":0.0,"max_hp_gain":0.0,"max_hp_loss":0.0,"gold_gain":0.0,"event_name":"Vampires","player_choice":"Ignored","floor":31.0,"gold_loss":0.0,"damage_taken":0.0},{"cards_removed":["Neutralize"],"damage_healed":0.0,"max_hp_gain":0.0,"max_hp_loss":0.0,"gold_gain":0.0,"event_name":"Falling","player_choice":"Removed Attack","floor":36.0,"gold_loss":0.0,"damage_taken":0.0},{"damage_healed":0.0,"max_hp_gain":0.0,"max_hp_loss":0.0,"gold_gain":0.0,"event_name":"MindBloom","player_choice":"Fight","floor":37.0,"gold_loss":0.0,"damage_taken":0.0},{"damage_healed":0.0,"max_hp_gain":0.0,"max_hp_loss":0.0,"gold_gain":0.0,"event_name":"SensoryStone","player_choice":"Memory 1","floor":39.0,"gold_loss":0.0,"damage_taken":0.0},{"damage_healed":0.0,"max_hp_gain":0.0,"max_hp_loss":0.0,"gold_gain":0.0,"event_name":"Mysterious Sphere","player_choice":"Ignored","floor":42.0,"gold_loss":0.0,"damage_taken":0.0}],"is_beta":false,"boss_relics":[{"not_picked":["Sozu","Philosopher\u0027s Stone"],"picked":"Empty Cage"},{"not_picked":["Pandora\u0027s Box","Calling Bell"],"picked":"SlaversCollar"}],"items_purged_floors":[19,28],"is_endless":false,"potions_floor_spawned":[1,4,6,8,13,14,18,22,24,27,35,38,41,48],"ascension_level":9}}