{"host":"od06gsur5w60l0yz","time":1613697160,"event":{"mods":["BaseMod","Better Match","Better Third Choice","Colored Map","Dio Mod","Downfall","GifTheSpireLib","Googly Eyes","Hermit","Hubris","Minty Spire (QoL Compilation)","Reliquary","Replay The Spire","StSLib","The Cursed","The Forsaken","The Necromancer","The Senshi"],"gold_per_floor":[110,126,126,0,0,0,41,61,115,115,115,115,115],"floor_reached":12,"language":"ENG","playtime":436,"items_purged":[],"score":91,"play_id":"6fc569e5-069a-41eb-bfbf-7f5aa59bef1f","local_time":"20210218231240","is_ascension_mode":true,"campfire_choices":[{"data":"theSenshi:MoonPrismPowerMakeUp","floor":6,"key":"SMITH"},{"floor":11,"key":"REST"}],"circlet_count":0,"master_deck":["theSenshi:SailorKick","theSenshi:SailorKick","theSenshi:SailorKick","theSenshi:SailorKick","theSenshi:SailorBlock","theSenshi:SailorBlock","theSenshi:SailorBlock","theSenshi:SailorBlock","theSenshi:RoseThrow","theSenshi:MoonPrismPowerMakeUp+1","theSenshi:MoonTiaraMagic","Enlightenment","theSenshi:SailorMercuryAssists"],"relics":["theSenshi:TransformationBroochRelic","theSenshi:CrystalStarRelic","Golden Idol","Replay:Rubber Ducky","theSenshi:RoseRelic","theSenshi:RedHairPiecesRelic"],"acts_visited":["Exordium"],"potions_floor_usage":[],"damage_taken":[{"damage":1,"enemies":"Cultist","floor":1,"turns":4},{"damage":1,"enemies":"Jaw Worm","floor":2,"turns":4},{"damage":47,"enemies":"Gremlin Nob","floor":7,"turns":5},{"damage":3,"enemies":"2 Louse","floor":8,"turns":2},{"damage":32,"enemies":"Lagavulin","floor":12,"turns":8}],"seed_played":"-8085645779556739233","potions_obtained":[],"is_trial":false,"path_per_floor":["M","M","?","?","?","R","E","M","T","$","R","E"],"character_chosen":"THE_SENSHI","items_purchased":["theSenshi:RedHairPiecesRelic"],"campfire_rested":1,"item_purchase_floors":[10],"current_hp_per_floor":[74,74,74,80,60,60,15,14,14,4,28,0,0],"gold":115,"neow_bonus":"RANDOM_COMMON_RELIC","is_daily":false,"chose_seed":false,"campfire_upgraded":1,"win_rate":0.0,"timestamp":1613697160,"path_taken":["M","?","?","?","?","R","E","M","T","?","R","E"],"items_purchased_type":["Relic"],"build_version":"2020-12-22","purchased_purges":0,"victory":false,"max_hp_per_floor":[75,75,75,81,81,81,81,81,81,81,81,81,81],"card_choices":[{"not_picked":["theSenshi:LateForSchool","theSenshi:SailorVenusAssists"],"picked":"theSenshi:MoonTiaraMagic","floor":1},{"not_picked":["theSenshi:SailorMarsAssists","theSenshi:LunasBite","theSenshi:MoonPrincessHalation"],"picked":"SKIP","floor":2},{"not_picked":["theSenshi:SailorStarFighterAssists","theSenshi:RainbowMoonHeartAche","theSenshi:MoonPower"],"picked":"SKIP","floor":7},{"not_picked":["theSenshi:Sidestep","theSenshi:MoonKick"],"picked":"theSenshi:SailorMercuryAssists","floor":8}],"player_experience":249417,"relics_obtained":[{"floor":7,"key":"Replay:Rubber Ducky"},{"floor":9,"key":"theSenshi:RoseRelic"}],"event_choices":[{"damage_healed":0,"gold_gain":0,"player_choice":"RENOUNCE","damage_taken":126,"max_hp_gain":0,"max_hp_loss":0,"event_name":"betterThird:BetterSerpent","floor":4,"gold_loss":126,"cards_obtained":["Enlightenment"]},{"damage_healed":0,"gold_gain":0,"player_choice":"Take Damage","damage_taken":20,"relics_obtained":["Golden Idol"],"max_hp_gain":0,"max_hp_loss":0,"event_name":"Golden Idol","floor":5,"gold_loss":0}],"is_beta":false,"boss_relics":[],"items_purged_floors":[],"is_endless":false,"potions_floor_spawned":[],"killed_by":"Lagavulin","ascension_level":4}}