{"host":"oigynbtg272c19pw","time":1613734940,"event":{"mods":["BaseMod","Colored Map","Minty Spire (QoL Compilation)","Relic Stats","Slay the Relics Exporter","StSLib"],"gold_per_floor":[118,136,20,20,37,70,84,84,111,146,146,171,171,211,211,211,211],"floor_reached":16,"playtime":659,"items_purged":["Strike_B"],"score":240,"play_id":"a45c8825-fcc8-4116-bf9e-c615df1dc7d6","local_time":"20210219124220","is_ascension_mode":true,"campfire_choices":[{"data":"Sweeping Beam","floor":8,"key":"SMITH"},{"floor":13,"key":"REST"},{"floor":15,"key":"REST"}],"circlet_count":0,"master_deck":["AscendersBane","Strike_B","Strike_B","Strike_B","Defend_B","Defend_B","Defend_B","Zap","Dualcast","Self Repair","Turbo","Loop","Loop","Sweeping Beam+1","Core Surge","Echo Form","Gash","Core Surge"],"relics":["Runic Pyramid","Happy Flower","Vajra","Golden Idol","Centennial Puzzle"],"acts_visited":["Exordium"],"potions_floor_usage":[7,12,14],"damage_taken":[{"damage":4,"enemies":"Jaw Worm","floor":1,"turns":4},{"damage":3,"enemies":"Cultist","floor":2,"turns":5},{"damage":11,"enemies":"2 Louse","floor":5,"turns":2},{"damage":20,"enemies":"Lagavulin","floor":6,"turns":6},{"damage":17,"enemies":"Exordium Wildlife","floor":7,"turns":6},{"damage":28,"enemies":"Gremlin Nob","floor":10,"turns":4},{"damage":12,"enemies":"3 Louse","floor":12,"turns":2},{"damage":25,"enemies":"3 Sentries","floor":14,"turns":4},{"damage":21,"enemies":"Slime Boss","floor":16,"turns":6}],"seed_played":"-3782542602881573474","potions_obtained":[{"floor":6,"key":"Regen Potion"},{"floor":10,"key":"Explosive Potion"},{"floor":12,"key":"GamblersBrew"},{"floor":14,"key":"Dexterity Potion"}],"is_trial":false,"path_per_floor":["M","M","$","?","M","E","M","R","T","E","?","M","R","E","R","B"],"character_chosen":"DEFECT","items_purchased":["Loop"],"campfire_rested":2,"item_purchase_floors":[3],"current_hp_per_floor":[60,64,64,64,53,40,45,45,45,24,24,12,31,6,25,4,4],"gold":211,"neow_bonus":"BOSS_RELIC","is_daily":false,"chose_seed":false,"campfire_upgraded":1,"win_rate":0.0,"timestamp":1613734940,"path_taken":["M","M","$","?","?","E","?","R","T","E","?","M","R","E","R","BOSS"],"items_purchased_type":["Card"],"build_version":"2020-12-13","purchased_purges":1,"victory":false,"max_hp_per_floor":[71,71,71,71,71,71,71,71,71,71,64,64,64,64,64,64,64],"relic_stats":{"Centennial Puzzle":[3],"Happy Flower":[7],"counters":[9,39],"Golden Idol":13,"obtain_stats":[{"Centennial Puzzle":14,"Happy Flower":6,"Golden Idol":11,"Vajra":10,"Cracked Core":0,"Runic Pyramid":0},{"Centennial Puzzle":8,"Happy Flower":4,"Golden Idol":6,"Vajra":6,"Cracked Core":0,"Runic Pyramid":0},{"Centennial Puzzle":33,"Happy Flower":17,"Golden Idol":27,"Vajra":27,"Cracked Core":0,"Runic Pyramid":0}]},"card_choices":[{"not_picked":["Leap","Consume"],"picked":"Self Repair","floor":1},{"not_picked":["Streamline","Stack"],"picked":"Turbo","floor":2},{"not_picked":["White Noise","Steam Power"],"picked":"Loop","floor":5},{"not_picked":["Rip and Tear","Skim"],"picked":"Sweeping Beam","floor":6},{"not_picked":["Recycle","Darkness"],"picked":"Core Surge","floor":7},{"not_picked":["Beam Cell","Consume"],"picked":"Echo Form","floor":10},{"not_picked":["Steam","Conserve Battery"],"picked":"Gash","floor":12},{"not_picked":["Sweeping Beam","Ball Lightning"],"picked":"Core Surge","floor":14}],"player_experience":1626946,"relics_obtained":[{"floor":6,"key":"Happy Flower"},{"floor":10,"key":"Vajra"},{"floor":14,"key":"Centennial Puzzle"}],"event_choices":[{"cards_removed":["Defend_B"],"damage_healed":0,"gold_gain":0,"player_choice":"Offered Basic","damage_taken":0,"max_hp_gain":0,"max_hp_loss":0,"event_name":"Bonfire Elementals","floor":4,"gold_loss":0},{"damage_healed":0,"gold_gain":0,"player_choice":"Lose Max HP","damage_taken":0,"relics_obtained":["Golden Idol"],"max_hp_gain":0,"max_hp_loss":7,"event_name":"Golden Idol","floor":11,"gold_loss":0}],"is_beta":false,"boss_relics":[],"items_purged_floors":[3],"is_endless":false,"potions_floor_spawned":[6,10,12,14],"killed_by":"Slime Boss","ascension_level":20}}