{"host":"d42v9a78iaxjks5w","time":1613760809,"event":{"mods":["BaseMod","BetterRewards","Colored Map","Colored Powertips","Downfall","Infinite Spire","Minty Spire (QoL Compilation)","Replay The Spire","StSLib"],"gold_per_floor":[109,109,109,124,199,233,233,243,243,243,74,84,98,15,15,114,114,126,144,69,79,95,95,115,115,115,115,131,131,177,197,197,197,197],"floor_reached":33,"language":"ENG","playtime":1641,"items_purged":[],"score":374,"play_id":"2d4610d8-c179-48c6-9d9b-0d56980b6f51","local_time":"20210219135329","is_ascension_mode":true,"campfire_choices":[{"data":"infinitespire:OneForAll","floor":7,"key":"SMITH"},{"data":"Inflame","floor":10,"key":"SMITH"},{"floor":15,"key":"REST"},{"data":"Survey Options","floor":23,"key":"SMITH"},{"data":"Seeing Red","floor":25,"key":"SMITH"},{"data":"Immolate","floor":29,"key":"SMITH"},{"floor":32,"key":"REST"}],"circlet_count":0,"master_deck":["Strike_R","Defend_R","Defend_R","Defend_R","Defend_R","Bash","infinitespire:OneForAll+1","Clash","CurseOfTheBell","CurseOfTheBell","Run Through","Inflame+1","Dropkick","Survey Options+1","Cleave","infinitespire:OneForAll","Trip","ReplayTheSpireMod:Doomed","Looming Evil","ReplayTheSpireMod:Splinters","Flex+1","Uppercut+1","Seeing Red+1","Combust","Immolate+1","Blood for Blood","Shrug It Off+1"],"relics":["Burning Blood","downfall:ExtraCursedBell","MealTicket","Self Forming Clay","infinitespire:Joker Card","infinitespire:Bottled Soul","Replay:Accelerometer","Replay:Ancient Bell","Red Skull","Replay:WaspNest","Du-Vu Doll","Boot","Pet Ghost"],"acts_visited":["Exordium","TheCity"],"potions_floor_usage":[16,21,31,33,33,33],"damage_taken":[{"damage":0,"enemies":"Small Slimes","floor":1,"turns":3},{"damage":3,"enemies":"2 Louse","floor":4,"turns":3},{"damage":24,"enemies":"3 Sentries","floor":6,"turns":9},{"damage":19,"enemies":"Jaw Worm","floor":8,"turns":4},{"damage":14,"enemies":"Exordium Wildlife","floor":12,"turns":3},{"damage":19,"enemies":"Red Slaver","floor":13,"turns":5},{"damage":43,"enemies":"Hexaghost","floor":16,"turns":6},{"damage":24,"enemies":"2 Thieves","floor":18,"turns":4},{"damage":2,"enemies":"Spheric Guardian","floor":19,"turns":1},{"damage":14,"enemies":"3 Cultists","floor":21,"turns":4},{"damage":6,"enemies":"Sentry and Sphere","floor":22,"turns":3},{"damage":2,"enemies":"Snake Plant","floor":24,"turns":2},{"damage":12,"enemies":"3 Cultists","floor":28,"turns":3},{"damage":40,"enemies":"Centurion and Healer","floor":31,"turns":3},{"damage":62,"enemies":"Champ","floor":33,"turns":7}],"seed_played":"-7293011340991937483","potions_obtained":[{"floor":4,"key":"champ:CounterPotion"},{"floor":12,"key":"Elixir"},{"floor":16,"key":"hexamod:SoulburnPotion"},{"floor":18,"key":"Swift Potion"},{"floor":19,"key":"Guardian:BlockOnCardUsePotion"},{"floor":22,"key":"PowerPotion"},{"floor":31,"key":"Weak Potion"}],"is_trial":false,"path_per_floor":["M","?","?","M","?","E","R","M","T","R","$","M","M","$","R","B",null,"M","M","?","M","M","R","M","R","T","?","M","R","T","M","R","B"],"character_chosen":"IRONCLAD","items_purchased":["Dropkick","Survey Options","Trip"],"campfire_rested":2,"item_purchase_floors":[11,11,14],"current_hp_per_floor":[80,80,80,80,69,51,51,38,38,38,53,45,32,47,71,34,80,62,66,66,58,58,58,62,62,62,62,56,56,56,22,46,0,0],"gold":197,"neow_bonus":"RANDOM_EVENT","is_daily":false,"chose_seed":false,"campfire_upgraded":5,"win_rate":0.0,"timestamp":1613760809,"path_taken":["M","?","?","M","?","E","R","M","T","R","?","M","?","?","R","BOSS","M","M","?","M","M","R","M","R","T","?","M","R","?","M","R","BOSS"],"items_purchased_type":["Card","Card","Card"],"build_version":"2020-12-22","purchased_purges":0,"victory":false,"max_hp_per_floor":[80,80,80,80,80,80,80,80,80,80,80,80,80,80,80,80,80,80,80,80,80,80,80,80,80,80,80,80,80,80,80,80,80,80],"card_choices":[{"not_picked":["Body Slam","Twin Strike"],"picked":"Clash","floor":1},{"not_picked":["Entrench","Massacre"],"picked":"Run Through","floor":4},{"not_picked":["Havoc","Run Through"],"picked":"Inflame","floor":6},{"not_picked":["ReplayTheSpireMod:Corrosion Curse","Warcry","Pommel Strike"],"picked":"SKIP","floor":8},{"not_picked":["Dark Embrace","Sever Soul"],"picked":"Cleave","floor":12},{"not_picked":["Wild Strike","Heavy Blade"],"picked":"infinitespire:OneForAll","floor":13},{"not_picked":["Writhe","Sickly"],"picked":"ReplayTheSpireMod:Doomed","floor":17},{"not_picked":["AbeCurse","Spreading Infection"],"picked":"Looming Evil","floor":17},{"not_picked":["Parasite","Pain"],"picked":"ReplayTheSpireMod:Splinters","floor":17},{"not_picked":["Twin Strike","Bloodletting"],"picked":"Flex+1","floor":18},{"not_picked":["Shrug It Off+1","Combust+1"],"picked":"Uppercut+1","floor":19},{"not_picked":["Headbutt","Demon Form","Heavy Blade"],"picked":"SKIP","floor":21},{"not_picked":["Massacre","Warcry"],"picked":"Seeing Red","floor":22},{"not_picked":["Battle Trance","Blood for Blood"],"picked":"Combust","floor":24},{"not_picked":["True Grit","Clash","Cleave"],"picked":"SKIP","floor":28},{"not_picked":["Clothesline","Sever Soul"],"picked":"Shrug It Off+1","floor":31}],"player_experience":103736,"relics_obtained":[{"floor":3,"key":"MealTicket"},{"floor":3,"key":"Self Forming Clay"},{"floor":3,"key":"infinitespire:Joker Card"},{"floor":6,"key":"infinitespire:Bottled Soul"},{"floor":9,"key":"Replay:Accelerometer"},{"floor":26,"key":"Boot"},{"floor":30,"key":"Pet Ghost"}],"event_choices":[{"damage_healed":0,"gold_gain":0,"cards_transformed":["Strike_R"],"player_choice":"Change","damage_taken":0,"max_hp_gain":0,"max_hp_loss":0,"event_name":"Living Wall","floor":0,"gold_loss":0,"cards_obtained":["infinitespire:OneForAll"]},{"damage_healed":0,"gold_gain":75,"player_choice":"Gather Gold","damage_taken":11,"max_hp_gain":0,"max_hp_loss":0,"event_name":"World of Goop","floor":5,"gold_loss":0},{"cards_removed":["Strike_R"],"damage_healed":0,"gold_gain":0,"player_choice":"Gave Gold","damage_taken":0,"max_hp_gain":0,"max_hp_loss":0,"event_name":"Beggar","floor":20,"gold_loss":75},{"damage_healed":0,"gold_gain":0,"cards_transformed":["Strike_R","Strike_R"],"player_choice":"Became Test Subject","damage_taken":0,"max_hp_gain":0,"max_hp_loss":0,"event_name":"Drug Dealer","floor":27,"gold_loss":0,"cards_obtained":["Immolate","Blood for Blood"]}],"is_beta":false,"boss_relics":[{"not_picked":["Replay:Bronze Core","infinitespire:Cupcake"],"picked":"Replay:Ancient Bell"},{"not_picked":["Dream Catcher","Bag of Marbles"],"picked":"Red Skull"},{"not_picked":["Divine Protection","Golden Egg"],"picked":"Replay:WaspNest"},{"not_picked":["Incense Burner","WingedGreaves"],"picked":"Du-Vu Doll"}],"items_purged_floors":[],"is_endless":false,"potions_floor_spawned":[4,12,16,18,19,22,31],"killed_by":"Champ","ascension_level":2}}