{"host":"4lch21uqe3ag08cj","time":1613694171,"event":{"mods":["AchievementEnabler","BaseMod","Block Reminder","Colored Map","Colored Powertips","Minty Spire (QoL Compilation)","Permanent Neow","Relic Stats"],"gold_per_floor":[99,69,69,69,69,69,69,69,69,69,69,23,23,23,23,23,23,23,23,23,23,23,23,23,23,23,23,23,23,23,23,23,23,23,23,23,23,23,23,23,23,23,23,23,23,23,23,23,23,23,23,23,23,23,23],"floor_reached":56,"language":"ENG","playtime":4600,"items_purged":[],"score":1851,"play_id":"80cbfc9d-6aa4-49d1-a9f8-2335d583f585","local_time":"20210218212251","is_ascension_mode":true,"campfire_choices":[{"data":"CutThroughFate","floor":13.0,"key":"SMITH"},{"data":"Scrawl","floor":15.0,"key":"SMITH"},{"data":"Scrawl","floor":24,"key":"SMITH"},{"floor":29,"key":"DIG"},{"floor":32,"key":"DIG"},{"floor":40,"key":"DIG"},{"floor":46,"key":"RECALL"},{"data":"TalkToTheHand","floor":49,"key":"SMITH"},{"floor":52,"key":"DIG"}],"circlet_count":0,"master_deck":["Strike_P","Strike_P","Strike_P","Defend_P","Eruption","Vigilance","FlurryOfBlows","CutThroughFate+1","BowlingBash","BowlingBash","Adaptation","Scrawl+1","FlurryOfBlows","ClearTheMind","Sanctity","Scrawl+1","DeceiveReality+1","Wallop+1","ThirdEye+1","Vengeance+1","Indignation","FearNoEvil","EmptyFist+1","MentalFortress+1","MentalFortress+1","EmptyMind+1","Meditate+1","Vault","InnerPeace","TalkToTheHand+1"],"relics":["Ectoplasm","Blood Vial","Anchor","Toy Ornithopter","Frozen Egg 2","HornCleat","Astrolabe","Shovel","Bag of Marbles","Meat on the Bone","Potion Belt","Bottled Lightning","Snecko Eye","MealTicket","Darkstone Periapt","Yang","TeardropLocket","Art of War","Bottled Tornado","Akabeko"],"acts_visited":["Exordium","TheCity","TheBeyond","TheEnding"],"potions_floor_usage":[16,16,33,39,39,45,54,55,55,55,55,55,55,55,55,55],"damage_taken":[{"damage":0.0,"enemies":"Jaw Worm","floor":1.0,"turns":4.0},{"damage":0.0,"enemies":"Cultist","floor":3.0,"turns":2.0},{"damage":0.0,"enemies":"2 Louse","floor":4.0,"turns":2.0},{"damage":1.0,"enemies":"Red Slaver","floor":5.0,"turns":3.0},{"damage":10.0,"enemies":"Gremlin Nob","floor":6.0,"turns":3.0},{"damage":0.0,"enemies":"Lagavulin","floor":8.0,"turns":6.0},{"damage":0.0,"enemies":"3 Louse","floor":10.0,"turns":3.0},{"damage":8.0,"enemies":"Gremlin Nob","floor":11.0,"turns":3.0},{"damage":31.0,"enemies":"Lagavulin","floor":14.0,"turns":6.0},{"damage":25,"enemies":"The Guardian","floor":16,"turns":11},{"damage":0,"enemies":"3 Byrds","floor":18,"turns":3},{"damage":0,"enemies":"Shell Parasite","floor":19,"turns":4},{"damage":0,"enemies":"Snecko","floor":22,"turns":3},{"damage":10,"enemies":"Slavers","floor":23,"turns":3},{"damage":0,"enemies":"Book of Stabbing","floor":25,"turns":4},{"damage":0,"enemies":"Slavers","floor":27,"turns":3},{"damage":0,"enemies":"Snake Plant","floor":28,"turns":4},{"damage":0,"enemies":"Sentry and Sphere","floor":30,"turns":3},{"damage":0,"enemies":"Shelled Parasite and Fungi","floor":31,"turns":2},{"damage":0,"enemies":"Champ","floor":33,"turns":8},{"damage":0,"enemies":"3 Shapes","floor":35,"turns":2},{"damage":0,"enemies":"3 Darklings","floor":36,"turns":3},{"damage":0,"enemies":"Jaw Worm Horde","floor":38,"turns":5},{"damage":21,"enemies":"Writhing Mass","floor":39,"turns":5},{"damage":0,"enemies":"Sphere and 2 Shapes","floor":41,"turns":3},{"damage":0,"enemies":"Reptomancer","floor":42,"turns":5},{"damage":0,"enemies":"Spire Growth","floor":44,"turns":6},{"damage":0,"enemies":"Giant Head","floor":45,"turns":7},{"damage":0,"enemies":"Reptomancer","floor":47,"turns":3},{"damage":0,"enemies":"Writhing Mass","floor":48,"turns":4},{"damage":0,"enemies":"Donu and Deca","floor":50,"turns":10},{"damage":22,"enemies":"Shield and Spear","floor":54,"turns":12},{"damage":9,"enemies":"The Heart","floor":55,"turns":9}],"seed_played":"3590697464369236579","potions_obtained":[{"floor":1.0,"key":"PowerPotion"},{"floor":2.0,"key":"SkillPotion"},{"floor":2.0,"key":"EssenceOfSteel"},{"floor":8.0,"key":"GamblersBrew"},{"floor":16,"key":"Swift Potion"},{"floor":19,"key":"DistilledChaos"},{"floor":22,"key":"AttackPotion"},{"floor":31,"key":"AttackPotion"},{"floor":33,"key":"EntropicBrew"},{"floor":38,"key":"AttackPotion"},{"floor":41,"key":"Block Potion"},{"floor":42,"key":"BlessingOfTheForge"},{"floor":47,"key":"ColorlessPotion"}],"is_trial":false,"path_per_floor":["M","?","M","M","M","E","?","E","T","M","E","$","R","E","R","B",null,"M","M","?","?","M","E","R","E","T","E","M","R","M","M","R","B",null,"M","M","?","M","M","R","M","E","T","M","E","R","E","M","R","B",null,"R","$","E","B",null],"character_chosen":"WATCHER","items_purchased":["ClearTheMind"],"campfire_rested":0,"item_purchase_floors":[12],"current_hp_per_floor":[72,72,72,72,71,61,61,63,63,65,59,59,59,35,35,22,60,62,64,64,64,66,58,58,60,60,62,64,64,66,68,68,72,72,72,72,72,72,51,51,53,55,55,57,64,64,66,68,68,70,72,72,72,55,68],"gold":23,"neow_bonus":"BOSS_RELIC","is_daily":false,"chose_seed":false,"campfire_upgraded":4,"win_rate":0.0,"timestamp":1613694171,"path_taken":["M","?","M","?","M","E","?","E","T","?","E","$","R","E","R","BOSS","M","M","?","?","M","E","R","E","T","E","M","R","?","M","R","BOSS","M","M","?","?","M","R","M","E","T","M","E","R","E","?","R","BOSS","R","$","E","BOSS"],"items_purchased_type":["Card"],"build_version":"2020-12-22","purchased_purges":0,"victory":true,"max_hp_per_floor":[72,72,72,72,72,72,72,72,72,72,72,72,72,72,72,72,72,72,72,72,72,72,72,72,72,72,72,72,72,72,72,72,72,72,72,72,72,72,72,72,72,72,72,72,72,72,72,72,72,72,72,72,72,72,72],"relic_stats":{"Darkstone Periapt":0,"counters":[33,154],"Astrolabe":["DeceiveReality","Wallop","ThirdEye"],"Yang":[194],"Blood Vial":46,"Shovel":4,"Snecko Eye":[194,196,202,184],"MealTicket":0,"Ectoplasm":954,"Art of War":[1],"obtain_stats":[{"Potion Belt":29,"Darkstone Periapt":42,"Astrolabe":17,"Yang":43,"TeardropLocket":45,"Frozen Egg 2":11,"Bottled Tornado":52,"Akabeko":54,"Blood Vial":6,"Anchor":8,"HornCleat":14,"Shovel":23,"Snecko Eye":34,"MealTicket":40,"Ectoplasm":0,"Bag of Marbles":25,"Art of War":47,"Bottled Lightning":32,"PureWater":0,"Toy Ornithopter":9,"Meat on the Bone":27},{"Potion Belt":17,"Darkstone Periapt":26,"Astrolabe":10,"Yang":26,"TeardropLocket":28,"Frozen Egg 2":8,"Bottled Tornado":31,"Akabeko":32,"Blood Vial":5,"Anchor":6,"HornCleat":9,"Shovel":14,"Snecko Eye":20,"MealTicket":24,"Ectoplasm":0,"Bag of Marbles":15,"Art of War":29,"Bottled Lightning":19,"PureWater":0,"Toy Ornithopter":6,"Meat on the Bone":16},{"Potion Belt":67,"Darkstone Periapt":103,"Astrolabe":43,"Yang":103,"TeardropLocket":116,"Frozen Egg 2":26,"Bottled Tornado":133,"Akabeko":145,"Blood Vial":14,"Anchor":20,"HornCleat":32,"Shovel":56,"Snecko Eye":80,"MealTicket":95,"Ectoplasm":0,"Bag of Marbles":60,"Art of War":119,"Bottled Lightning":72,"PureWater":0,"Toy Ornithopter":20,"Meat on the Bone":63}],"Toy Ornithopter":47,"Meat on the Bone":0},"card_choices":[{"not_picked":["ThirdEye","PathToVictory"],"picked":"FlurryOfBlows","floor":1.0},{"not_picked":["Evaluate","Halt"],"picked":"CutThroughFate","floor":3.0},{"not_picked":["SandsOfTime","CarveReality"],"picked":"BowlingBash","floor":4.0},{"not_picked":["ForeignInfluence","EmptyBody"],"picked":"BowlingBash","floor":5.0},{"not_picked":["ConjureBlade","PathToVictory"],"picked":"Adaptation","floor":6.0},{"not_picked":["JustLucky","EmptyBody"],"picked":"Scrawl","floor":8.0},{"not_picked":["Consecrate","PathToVictory","JustLucky"],"picked":"SKIP","floor":10.0},{"not_picked":["Vengeance","WaveOfTheHand"],"picked":"FlurryOfBlows","floor":11.0},{"not_picked":["Worship","SignatureMove"],"picked":"Sanctity","floor":14.0},{"not_picked":["Establishment+1","Judgement"],"picked":"Scrawl","floor":16},{"not_picked":["ThirdEye","JustLucky"],"picked":"Vengeance+1","floor":18},{"not_picked":["Weave+1","PathToVictory"],"picked":"Indignation","floor":19},{"not_picked":["LikeWater+1","Evaluate+1"],"picked":"EmptyFist+1","floor":22},{"not_picked":["Evaluate","FlurryOfBlows+1"],"picked":"MentalFortress+1","floor":23},{"not_picked":["SignatureMove+1","ReachHeaven","Vengeance"],"picked":"SKIP","floor":25},{"not_picked":["LikeWater+1","Adaptation+1"],"picked":"MentalFortress+1","floor":27},{"not_picked":["EmptyBody","BowlingBash+1"],"picked":"EmptyMind","floor":28},{"not_picked":["Adaptation+1","Evaluate"],"picked":"Meditate+1","floor":30},{"not_picked":["Conclude+1","ThirdEye","Evaluate"],"picked":"SKIP","floor":31},{"not_picked":["MasterReality+1","Omniscience"],"picked":"Vault","floor":33},{"not_picked":["EmptyBody","PathToVictory+1","CutThroughFate"],"picked":"SKIP","floor":35},{"not_picked":["CrushJoints+1","FlyingSleeves+1","ForeignInfluence"],"picked":"SKIP","floor":36},{"not_picked":["Consecrate","WaveOfTheHand","CrushJoints+1"],"picked":"SKIP","floor":38},{"not_picked":["Prostrate","Pray+1"],"picked":"InnerPeace","floor":39},{"not_picked":["BattleHymn+1","BowlingBash+1","SignatureMove+1"],"picked":"SKIP","floor":41},{"not_picked":["Protect","ConjureBlade","Study+1"],"picked":"SKIP","floor":42},{"not_picked":["EmptyFist","JustLucky+1","Pray+1"],"picked":"SKIP","floor":44},{"not_picked":["FlyingSleeves","DeusExMachina","Nirvana+1"],"picked":"SKIP","floor":45},{"not_picked":["Conclude+1","BattleHymn+1","CrushJoints"],"picked":"SKIP","floor":47},{"not_picked":["WreathOfFlame","Wallop+1"],"picked":"TalkToTheHand","floor":48},{"not_picked":["CutThroughFate+1","PathToVictory+1","BowlingBash"],"picked":"SKIP","floor":54}],"player_experience":92917,"relics_obtained":[{"floor":6.0,"key":"Blood Vial"},{"floor":8.0,"key":"Anchor"},{"floor":9.0,"key":"Toy Ornithopter"},{"floor":11.0,"key":"Frozen Egg 2"},{"floor":14.0,"key":"HornCleat"},{"floor":23,"key":"Shovel"},{"floor":25,"key":"Bag of Marbles"},{"floor":27,"key":"Meat on the Bone"},{"floor":29,"key":"Potion Belt"},{"floor":32,"key":"Bottled Lightning"},{"floor":40,"key":"MealTicket"},{"floor":42,"key":"Darkstone Periapt"},{"floor":43,"key":"Yang"},{"floor":45,"key":"TeardropLocket"},{"floor":47,"key":"Art of War"},{"floor":52,"key":"Bottled Tornado"},{"floor":54,"key":"Akabeko"}],"event_choices":[{"damage_healed":0.0,"max_hp_gain":0.0,"max_hp_loss":0.0,"gold_gain":0.0,"event_name":"The Woman in Blue","player_choice":"Bought 2 Potions","floor":2.0,"gold_loss":0.0,"damage_taken":0.0},{"damage_healed":0.0,"max_hp_gain":0.0,"max_hp_loss":0.0,"gold_gain":100.0,"event_name":"Golden Shrine","player_choice":"Pray","floor":7.0,"gold_loss":0.0,"damage_taken":0.0},{"damage_healed":0,"gold_gain":0,"player_choice":"Read","damage_taken":0,"max_hp_gain":0,"max_hp_loss":0,"event_name":"The Library","floor":20,"gold_loss":0,"cards_obtained":["FearNoEvil"]},{"cards_removed":["Defend_P"],"damage_healed":0,"gold_gain":0,"player_choice":"Purged","damage_taken":0,"max_hp_gain":0,"max_hp_loss":0,"event_name":"Purifier","floor":21,"gold_loss":0},{"damage_healed":0,"gold_gain":0,"player_choice":"Upgraded","damage_taken":0,"max_hp_gain":0,"max_hp_loss":0,"event_name":"Upgrade Shrine","floor":37,"gold_loss":0,"cards_upgraded":["EmptyMind"]}],"is_beta":false,"boss_relics":[{"not_picked":["Velvet Choker","Tiny House"],"picked":"Astrolabe"},{"not_picked":["Runic Dome","SlaversCollar"],"picked":"Snecko Eye"}],"items_purged_floors":[],"is_endless":false,"potions_floor_spawned":[1,3,8,16,19,22,27,31,33,38,41,42,44,47],"ascension_level":5}}