{"host":"ryfs09562e7ibkuk","time":1613778342,"event":{"mods":["BaseMod","Colored Powertips","Marisa£®ÏF”Í°°ƒß¿Ì…≥£©","Minty Spire (QoL Compilation)","Quick Restart","StSLib","The Bug Knight","Youmu£®ªÍ∆«—˝√Œ£©"],"gold_per_floor":[118,68,68,115,131,131,144,176,202,213,213,30,30,68,68,198,198,187,89,89,12,32,32,32,32],"floor_reached":24,"language":"ZHS","playtime":1328,"items_purged":["HollowMod:InfectedAttack"],"score":202,"play_id":"a1c0b669-c50b-49fe-ba3b-79ca8f7279cd","local_time":"20210220074542","is_ascension_mode":false,"campfire_choices":[{"data":"HollowMod:MothsMistake","floor":6,"key":"SMITH"},{"floor":15,"key":"REST"},{"data":"HollowMod:NewInfectedGuardian","floor":23,"key":"SMITH"}],"circlet_count":0,"master_deck":["HollowMod:QuickDashStart","HollowMod:QuickDashStart","HollowMod:QuickDashStart","HollowMod:FocusHealStart+1","HollowMod:PogoStrike","HollowMod:MothsMistake+1","HollowMod:NewGlowingWomb","HollowMod:SoulEater+1","HollowMod:HuntersJournal","HollowMod:InfectedAttack","HollowMod:InfectedAttack","HollowMod:DoubleDash","HollowMod:NewInfectedGuardian+1","HollowMod:CloakDash","HollowMod:HuntersJournal","HollowMod:SoulShaman","HollowMod:NewGlowingWomb+1"],"relics":["HollowMod:VesselMask","Bag of Preparation","Frozen Egg 2","HollowMod:MillibellesNoteRelic","Golden Idol","Membership Card","Art of War","SlaversCollar","DollysMirror"],"acts_visited":["Exordium","TheCity"],"potions_floor_usage":[14,16,24,24],"damage_taken":[{"damage":0,"enemies":"2 Louse","floor":1,"turns":3},{"damage":3,"enemies":"Jaw Worm","floor":5,"turns":5},{"damage":5,"enemies":"Cultist","floor":7,"turns":3},{"damage":22,"enemies":"Gremlin Nob","floor":8,"turns":4},{"damage":21,"enemies":"Exordium Wildlife","floor":10,"turns":4},{"damage":36,"enemies":"Lagavulin","floor":14,"turns":6},{"damage":24,"enemies":"Hexaghost","floor":16,"turns":10},{"damage":43,"enemies":"2 Thieves","floor":18,"turns":4},{"damage":28,"enemies":"3 Byrds","floor":22,"turns":4},{"damage":54,"enemies":"3 Cultists","floor":24,"turns":4}],"seed_played":"-6753567560274335641","potions_obtained":[{"floor":7,"key":"Dexterity Potion"},{"floor":10,"key":"AttackPotion"},{"floor":14,"key":"DuplicationPotion"},{"floor":16,"key":"AttackPotion"},{"floor":22,"key":"Regen Potion"}],"is_trial":false,"path_per_floor":["M","?","?","T","M","R","M","E","T","M","?","$","?","E","R","B",null,"M","$","?","$","M","R","M"],"character_chosen":"THE_BUGKNIGHT","items_purchased":["Membership Card","HollowMod:HuntersJournal","HollowMod:CloakDash","HollowMod:HuntersJournal","DollysMirror"],"campfire_rested":1,"item_purchase_floors":[12,12,19,19,21],"current_hp_per_floor":[75,75,75,75,75,75,75,59,59,48,30,30,30,6,28,16,75,42,42,42,42,20,20,0,0],"gold":32,"neow_bonus":"UPGRADE_CARD","is_daily":false,"chose_seed":false,"campfire_upgraded":2,"win_rate":0.0,"timestamp":1613778342,"path_taken":["M","?","?","?","M","R","M","E","T","?","?","$","?","E","R","BOSS","M","$","?","?","M","R","M"],"items_purchased_type":["Relic","Card","Card","Card","Relic"],"build_version":"2020-12-22","purchased_purges":1,"victory":false,"max_hp_per_floor":[75,75,75,75,75,75,75,75,75,75,75,75,75,75,75,75,75,75,75,75,75,75,75,75,75],"card_choices":[{"not_picked":["HollowMod:WraithStrike","HollowMod:VengefulVoid"],"picked":"HollowMod:MothsMistake","floor":1},{"not_picked":["HollowMod:SharpenedNail","HollowMod:NewLittleFool"],"picked":"HollowMod:NewGlowingWomb","floor":5},{"not_picked":["HollowMod:DashSlash","HollowMod:HeavyBlow","HollowMod:Grubsong"],"picked":"SKIP","floor":7},{"not_picked":["HollowMod:RecoilStrike","HollowMod:CycloneSlash","HollowMod:InfectedCysts"],"picked":"SKIP","floor":8},{"not_picked":["HollowMod:SiblingsShadow","HollowMod:CornifersMapStart"],"picked":"HollowMod:SoulEater+1","floor":10},{"not_picked":["HollowMod:GoodIntentions","HollowMod:TaintedHusks"],"picked":"HollowMod:DoubleDash","floor":14},{"not_picked":["HollowMod:theNailsmith","HollowMod:ElderbugsWisdom+1"],"picked":"HollowMod:NewInfectedGuardian","floor":16},{"not_picked":["HollowMod:HeavyBlow","HollowMod:HowlingWraiths","HollowMod:DreamGate"],"picked":"SKIP","floor":18},{"not_picked":["HollowMod:SoulStrike","HollowMod:DescendingDark","HollowMod:SoulSplash"],"picked":"SKIP","floor":22}],"player_experience":173193,"relics_obtained":[{"floor":4,"key":"Bag of Preparation"},{"floor":8,"key":"Frozen Egg 2"},{"floor":9,"key":"HollowMod:MillibellesNoteRelic"},{"floor":14,"key":"Art of War"}],"event_choices":[{"cards_removed":["HollowMod:QuickDashStart"],"damage_healed":0,"gold_gain":0,"player_choice":"Card Removal","damage_taken":0,"max_hp_gain":0,"max_hp_loss":0,"event_name":"The Cleric","floor":2,"gold_loss":50},{"damage_healed":0,"gold_gain":0,"player_choice":"Take Damage","damage_taken":18,"relics_obtained":["Golden Idol"],"max_hp_gain":0,"max_hp_loss":0,"event_name":"Golden Idol","floor":11,"gold_loss":0},{"damage_healed":0,"gold_gain":0,"cards_transformed":["HollowMod:InfectedAttack"],"player_choice":"Transformed","damage_taken":0,"max_hp_gain":0,"max_hp_loss":0,"event_name":"Transmorgrifier","floor":20,"gold_loss":0,"cards_obtained":["HollowMod:SoulShaman"]}],"is_beta":false,"boss_relics":[{"not_picked":["Calling Bell","Snecko Eye"],"picked":"SlaversCollar"}],"items_purged_floors":[19],"is_endless":false,"potions_floor_spawned":[7,10,14,16,22],"killed_by":"3 Cultists","ascension_level":0}}