{"host":"50qwps766cbz6ukm","time":1613739875,"event":{"mods":["BaseMod","Colored Map","Colored Powertips","DeckTracker","Highlight Path","Minty Spire (QoL Compilation)","Quick Restart","Remove Card Discount Mod","StSLib","SuperFastMode","Synergy Search"],"gold_per_floor":[117,117,128,36,62,88,107,107,156,189,189,33,33,58,58,159,159,173,272,272,29,29,29,29,29,75,86,86,86,86],"floor_reached":29,"language":"ENG","playtime":496,"items_purged":["Strike_P","Strike_P","Strike_P","Strike_P","Defend_P","Defend_P","Defend_P","Defend_P"],"score":377,"play_id":"daadf0c1-270e-44ec-832a-a4086d83fe88","local_time":"20210219150435","is_ascension_mode":true,"campfire_choices":[{"data":"Adaptation","floor":13,"key":"SMITH"},{"data":"Prostrate","floor":15,"key":"SMITH"},{"data":"Devotion","floor":23,"key":"SMITH"},{"data":"Wallop","floor":25,"key":"SMITH"}],"circlet_count":0,"master_deck":["Eruption+1","Vigilance+1","FlyingSleeves","Adaptation+1","Prostrate+1","Wallop+1","Devotion+1","Devotion+1"],"relics":["PureWater","NeowsBlessing","Toy Ornithopter","Nunchaku","Lantern","Ancient Tea Set","Juzu Bracelet","Darkstone Periapt","Philosopher\u0027s Stone","Singing Bowl","Boot","White Beast Statue","CeramicFish"],"acts_visited":["Exordium","TheCity"],"potions_floor_usage":[10,10],"damage_taken":[{"damage":0,"enemies":"Small Slimes","floor":1,"turns":1},{"damage":0,"enemies":"Cultist","floor":3,"turns":1},{"damage":0,"enemies":"Gremlin Nob","floor":6,"turns":1},{"damage":4,"enemies":"2 Louse","floor":7,"turns":2},{"damage":7,"enemies":"3 Sentries","floor":10,"turns":4},{"damage":7,"enemies":"Gremlin Nob","floor":14,"turns":3},{"damage":8,"enemies":"Hexaghost","floor":16,"turns":6},{"damage":1,"enemies":"Chosen","floor":18,"turns":3},{"damage":16,"enemies":"2 Thieves","floor":27,"turns":3},{"damage":49,"enemies":"Slavers","floor":29,"turns":4}],"seed_played":"9064292201691429593","potions_obtained":[{"floor":2,"key":"StancePotion"},{"floor":2,"key":"SneckoOil"},{"floor":2,"key":"BlessingOfTheForge"},{"floor":3,"key":"ColorlessPotion"},{"floor":27,"key":"Weak Potion"}],"is_trial":false,"path_per_floor":["M","?","M","$","T","E","M","?","T","E","?","$","R","E","R","B",null,"M","?","?","$","?","R","T","R","T","M","$","E"],"character_chosen":"WATCHER","items_purchased":["Adaptation","Juzu Bracelet","Singing Bowl"],"campfire_rested":0,"item_purchase_floors":[4,12,21],"current_hp_per_floor":[65,65,65,65,65,65,61,61,61,64,50,50,50,43,43,35,63,62,62,62,62,62,62,62,62,62,48,48,0,0],"gold":86,"neow_bonus":"THREE_ENEMY_KILL","is_daily":false,"chose_seed":false,"campfire_upgraded":4,"win_rate":0.0,"timestamp":1613739875,"path_taken":["M","?","M","$","?","E","M","?","T","E","?","$","R","E","R","BOSS","M","?","?","$","?","R","?","R","T","M","$","E"],"items_purchased_type":["Card","Relic","Relic"],"build_version":"2020-12-22","purchased_purges":8,"victory":false,"max_hp_per_floor":[72,72,72,72,72,72,72,72,72,72,72,72,72,72,72,72,72,72,72,72,72,72,72,72,72,72,74,74,74,74],"card_choices":[{"not_picked":["Halt","Swivel","Meditate"],"picked":"SKIP","floor":1},{"not_picked":["Evaluate","EmptyFist"],"picked":"FlyingSleeves","floor":3},{"not_picked":["EmptyBody","ReachHeaven"],"picked":"Prostrate","floor":6},{"not_picked":["ThirdEye","EmptyBody"],"picked":"Wallop","floor":7},{"not_picked":["Protect","Pray"],"picked":"Devotion","floor":10},{"not_picked":["EmptyMind","Nirvana","PathToVictory"],"picked":"SKIP","floor":14},{"not_picked":["Omniscience","DevaForm"],"picked":"Devotion","floor":16},{"not_picked":["CutThroughFate","PathToVictory","WheelKick"],"picked":"SKIP","floor":18},{"not_picked":["Wallop","Nirvana","CrushJoints"],"picked":"Singing Bowl","floor":27}],"player_experience":599856,"relics_obtained":[{"floor":5,"key":"Toy Ornithopter"},{"floor":6,"key":"Nunchaku"},{"floor":9,"key":"Lantern"},{"floor":10,"key":"Ancient Tea Set"},{"floor":14,"key":"Darkstone Periapt"},{"floor":24,"key":"White Beast Statue"},{"floor":26,"key":"CeramicFish"}],"event_choices":[{"damage_healed":0,"gold_gain":0,"player_choice":"Got Potions","damage_taken":0,"max_hp_gain":0,"max_hp_loss":0,"event_name":"Lab","floor":2,"gold_loss":0},{"damage_healed":0,"gold_gain":0,"player_choice":"Grow","damage_taken":0,"max_hp_gain":0,"max_hp_loss":0,"event_name":"Living Wall","floor":8,"gold_loss":0,"cards_upgraded":["Eruption"]},{"damage_healed":0,"gold_gain":0,"player_choice":"Entered Light","damage_taken":14,"max_hp_gain":0,"max_hp_loss":0,"event_name":"Shining Light","floor":11,"gold_loss":0,"cards_upgraded":["Vigilance","Devotion"]},{"damage_healed":0,"gold_gain":99,"player_choice":"Stole From Cult","damage_taken":0,"max_hp_gain":0,"max_hp_loss":0,"event_name":"Nest","floor":19,"gold_loss":0},{"damage_healed":0,"gold_gain":0,"player_choice":"Ignored","damage_taken":0,"max_hp_gain":0,"max_hp_loss":0,"event_name":"Beggar","floor":20,"gold_loss":0},{"damage_healed":0,"gold_gain":0,"player_choice":"Opened","damage_taken":0,"relics_obtained":["Boot"],"max_hp_gain":0,"max_hp_loss":0,"event_name":"The Mausoleum","floor":22,"gold_loss":0}],"is_beta":false,"boss_relics":[{"not_picked":["SlaversCollar","Runic Pyramid"],"picked":"Philosopher\u0027s Stone"}],"items_purged_floors":[4,4,4,4,4,4,4,21],"is_endless":false,"potions_floor_spawned":[3,6,27],"killed_by":"Slavers","ascension_level":9}}