{"host":"x5w9zppki4gdwvc7","time":1613771184,"event":{"mods":["AchievementEnabler","BaseMod","Colored Powertips","DeckTracker","Minty Spire (QoL Compilation)","SuperFastMode"],"gold_per_floor":[114,130,140,151,326,326,354,370,394,434,452,465,465,483,483,483,483],"floor_reached":16,"language":"ENG","playtime":927,"items_purged":[],"score":116,"play_id":"858d914f-2702-4906-8b20-369bf7728fa9","local_time":"20210219224624","is_ascension_mode":false,"campfire_choices":[{"data":"Blind","floor":6,"key":"SMITH"},{"data":"Burst","floor":13,"key":"SMITH"},{"data":"Neutralize","floor":15,"key":"SMITH"}],"circlet_count":0,"master_deck":["Strike_G","Strike_G","Strike_G","Strike_G","Strike_G+1","Defend_G","Defend_G","Defend_G","Defend_G","Defend_G","Survivor","Neutralize+1","Blind+1","Dash","Well Laid Plans","Deadly Poison","Backstab+1","Doubt","Acrobatics","Burst+1","Blur"],"relics":["Ring of the Snake","Pear","Whetstone","CeramicFish"],"acts_visited":["Exordium"],"potions_floor_usage":[10,16],"damage_taken":[{"damage":0,"enemies":"Jaw Worm","floor":1,"turns":7},{"damage":0,"enemies":"Small Slimes","floor":2,"turns":4},{"damage":0,"enemies":"Cultist","floor":3,"turns":4},{"damage":7,"enemies":"Exordium Thugs","floor":4,"turns":8},{"damage":19,"enemies":"Gremlin Nob","floor":7,"turns":5},{"damage":3,"enemies":"Large Slime","floor":8,"turns":8},{"damage":16,"enemies":"Lagavulin","floor":10,"turns":7},{"damage":1,"enemies":"3 Louse","floor":11,"turns":3},{"damage":0,"enemies":"Looter","floor":12,"turns":4},{"damage":9,"enemies":"Exordium Thugs","floor":14,"turns":4},{"damage":27,"enemies":"Slime Boss","floor":16,"turns":7}],"seed_played":"6636083654486070000","potions_obtained":[{"floor":1,"key":"FearPotion"},{"floor":7,"key":"Strength Potion"},{"floor":8,"key":"CultistPotion"},{"floor":10,"key":"Swift Potion"},{"floor":11,"key":"PowerPotion"}],"is_trial":false,"path_per_floor":["M","M","M","M","?","R","E","M","T","E","M","M","R","M","R","B"],"character_chosen":"THE_SILENT","items_purchased":[],"campfire_rested":0,"item_purchase_floors":[],"current_hp_per_floor":[70,70,70,63,63,63,54,51,51,35,34,34,34,25,25,0,0],"gold":483,"neow_bonus":"RANDOM_COLORLESS","is_daily":false,"chose_seed":false,"campfire_upgraded":3,"win_rate":0.0,"timestamp":1613771184,"path_taken":["M","M","M","M","?","R","E","M","T","E","M","M","R","M","R","BOSS"],"items_purchased_type":[],"build_version":"2020-12-22","purchased_purges":0,"victory":false,"max_hp_per_floor":[70,70,70,70,70,70,80,80,80,80,80,80,80,80,80,80,80],"card_choices":[{"not_picked":["Panacea","Swift Strike"],"picked":"Blind","floor":0},{"not_picked":["Dagger Throw","Prepared"],"picked":"Dash","floor":1},{"not_picked":["Underhanded Strike","Deflect"],"picked":"Well Laid Plans","floor":2},{"not_picked":["Predator","All Out Attack"],"picked":"Deadly Poison","floor":3},{"not_picked":["Setup","Flying Knee"],"picked":"Backstab","floor":4},{"not_picked":["Escape Plan","Skewer"],"picked":"Acrobatics","floor":7},{"not_picked":["Deadly Poison","Eviscerate"],"picked":"Burst","floor":8},{"not_picked":["Prepared","Poisoned Stab"],"picked":"Blur","floor":10},{"not_picked":["Outmaneuver","Quick Slash","Flying Knee"],"picked":"SKIP","floor":11},{"not_picked":["Flying Knee","Acrobatics","Flechettes"],"picked":"SKIP","floor":12},{"not_picked":["Flying Knee","Deadly Poison","Riddle With Holes"],"picked":"SKIP","floor":14}],"player_experience":678339,"relics_obtained":[{"floor":7,"key":"Pear"},{"floor":9,"key":"Whetstone"},{"floor":10,"key":"CeramicFish"}],"event_choices":[{"damage_healed":0,"gold_gain":175,"player_choice":"AGREE","damage_taken":0,"max_hp_gain":0,"max_hp_loss":0,"event_name":"Liars Game","floor":5,"gold_loss":0,"cards_obtained":["Doubt"]}],"is_beta":false,"boss_relics":[],"items_purged_floors":[],"is_endless":false,"potions_floor_spawned":[1,7,8,10,11],"killed_by":"Slime Boss","ascension_level":0}}