{"host":"prxrhpgaxnj4om9r","time":1613740662,"event":{"mods":["AchievementEnabler","BaseMod","Colored Map","DeckTracker","Minty Spire (QoL Compilation)"],"gold_per_floor":[119,119,119,135,158,158,191,210,210,243,243,54,78,101,101,220,220,268,61,76,126,144,144,144],"floor_reached":23,"language":"KOR","playtime":817,"items_purged":[],"score":303,"play_id":"8d806386-3c32-4419-ba37-86f11579539f","local_time":"20210219221742","is_ascension_mode":false,"campfire_choices":[{"data":"ForeignInfluence","floor":6,"key":"SMITH"},{"data":"Eruption","floor":11,"key":"SMITH"},{"data":"Discovery","floor":15,"key":"SMITH"}],"circlet_count":0,"master_deck":["Eruption+1","Vigilance","ForeignInfluence+1","Protect","Conclude","Tantrum","Protect","Halt","Discovery+1","Flex","Slice","Reaper","WaveOfTheHand","Alpha","EmptyFist","Wish","SashWhip","Consecrate","Prostrate","MentalFortress+1","Beam Cell"],"relics":["PureWater","NeowsBlessing","Golden Idol","Blood Vial","Happy Flower","The Courier","PrismaticShard","Pandora\u0027s Box","Singing Bowl"],"acts_visited":["Exordium","TheCity"],"potions_floor_usage":[7,10,18,18,18],"damage_taken":[{"damage":0,"enemies":"Small Slimes","floor":1,"turns":1},{"damage":0,"enemies":"2 Louse","floor":4,"turns":1},{"damage":0,"enemies":"Cultist","floor":5,"turns":1},{"damage":0,"enemies":"3 Sentries","floor":7,"turns":2},{"damage":0,"enemies":"Large Slime","floor":8,"turns":3},{"damage":0,"enemies":"Gremlin Nob","floor":10,"turns":2},{"damage":0,"enemies":"Exordium Thugs","floor":13,"turns":3},{"damage":10,"enemies":"Blue Slaver","floor":14,"turns":3},{"damage":0,"enemies":"Slime Boss","floor":16,"turns":4},{"damage":15,"enemies":"3 Byrds","floor":18,"turns":4},{"damage":8,"enemies":"Shell Parasite","floor":20,"turns":4},{"damage":27,"enemies":"Snake Plant","floor":22,"turns":5},{"damage":42,"enemies":"Slavers","floor":23,"turns":2}],"seed_played":"-5924336283694199620","potions_obtained":[{"floor":1,"key":"Strength Potion"},{"floor":5,"key":"Fire Potion"},{"floor":8,"key":"SkillPotion"},{"floor":14,"key":"Fire Potion"},{"floor":16,"key":"Weak Potion"}],"is_trial":false,"path_per_floor":["M","?","?","M","M","R","E","M","T","E","R","$","M","M","R","B",null,"M","$","M","?","M","E"],"character_chosen":"WATCHER","items_purchased":["PrismaticShard","Discovery","Singing Bowl"],"campfire_rested":0,"item_purchase_floors":[12,12,19],"current_hp_per_floor":[72,54,54,54,54,54,54,56,56,58,58,58,60,52,52,54,72,57,57,55,55,36,0,0],"gold":144,"neow_bonus":"THREE_ENEMY_KILL","is_daily":false,"chose_seed":false,"campfire_upgraded":3,"win_rate":0.0,"timestamp":1613740662,"path_taken":["M","?","?","M","?","R","E","M","T","E","R","$","M","M","R","BOSS","M","$","M","?","M","E"],"items_purchased_type":["Relic","Card","Relic"],"build_version":"2020-12-22","purchased_purges":0,"victory":false,"max_hp_per_floor":[72,72,72,72,72,72,72,72,72,72,72,72,72,72,72,72,72,72,72,72,72,72,72,72],"card_choices":[{"not_picked":["Study","Sanctity"],"picked":"ForeignInfluence","floor":1},{"not_picked":["Crescendo","FlurryOfBlows"],"picked":"Protect","floor":4},{"not_picked":["Prostrate","FollowUp"],"picked":"Conclude","floor":5},{"not_picked":["FlurryOfBlows","ThirdEye"],"picked":"Tantrum","floor":7},{"not_picked":["LikeWater","WaveOfTheHand"],"picked":"Protect","floor":8},{"not_picked":["Prostrate","JustLucky"],"picked":"Halt","floor":10},{"not_picked":["Quick Slash","Sucker Punch"],"picked":"Flex","floor":13},{"not_picked":["Endless Agony","Outmaneuver"],"picked":"Slice","floor":14},{"not_picked":["Wraith Form v2","Seek"],"picked":"Reaper","floor":16},{"not_picked":["Redo","FollowUp","Ball Lightning"],"picked":"SKIP","floor":18},{"not_picked":["Warcry","Skim"],"picked":"MentalFortress+1","floor":20},{"not_picked":["EmptyBody","Clash"],"picked":"Beam Cell","floor":22}],"player_experience":539037,"relics_obtained":[{"floor":7,"key":"Blood Vial"},{"floor":9,"key":"Happy Flower"},{"floor":10,"key":"The Courier"}],"event_choices":[{"damage_healed":0,"gold_gain":0,"player_choice":"Take Damage","damage_taken":18,"relics_obtained":["Golden Idol"],"max_hp_gain":0,"max_hp_loss":0,"event_name":"Golden Idol","floor":2,"gold_loss":0},{"cards_removed":["Defend_P"],"damage_healed":0,"gold_gain":0,"player_choice":"Card Removal","damage_taken":0,"max_hp_gain":0,"max_hp_loss":0,"event_name":"Wheel of Change","floor":3,"gold_loss":0},{"damage_healed":0,"gold_gain":100,"player_choice":"Bet on Murderer","damage_taken":0,"max_hp_gain":0,"max_hp_loss":0,"event_name":"The Joust","floor":21,"gold_loss":50}],"is_beta":false,"boss_relics":[{"not_picked":["Runic Dome","HolyWater"],"picked":"Pandora\u0027s Box"}],"items_purged_floors":[],"is_endless":false,"potions_floor_spawned":[1,5,8,14,16],"killed_by":"Slavers","ascension_level":0}}