{"host":"tushdyzohnz59iae","time":1613752630,"event":{"mods":["BaseMod","Conspire","Downfall","Googly Eyes","Highlight Path","Marisa????????","Minty Spire (QoL Compilation)","Replay The Spire","Shop Mod","StSLib","The Cursed"],"gold_per_floor":[99,119,129,41,41,58,58,20,32,52,77,106,106,9,24,124,124,124,124,124,135,13,13,23,50,50,50,50,50],"floor_reached":27,"language":"ENG","playtime":5800,"items_purged":[],"score":211,"play_id":"93256dec-fcb5-463e-8f87-8ed7a6ceb1d1","local_time":"20210219183710","is_ascension_mode":false,"campfire_choices":[{"data":"Slimebound:Split","floor":1,"key":"SMITH"},{"data":"Slimebound:AcidTongue","floor":13,"key":"SMITH"},{"data":"Slimebound:DuplicatedForm","floor":20,"key":"SMITH"}],"circlet_count":0,"master_deck":["Slimebound:Strike_Slimebound","Slimebound:Strike_Slimebound+1","Slimebound:Tackle","Slimebound:Defend_Slimebound+1","Slimebound:Defend_Slimebound","Slimebound:Defend_Slimebound","Slimebound:Split+1","Slimebound:CorrosiveSpit","Slimebound:PressTheAttack","Slimebound:LeechingTouch","Slimebound:LeadByExample","Slimebound:Equalize","downfall:Malfunctioning","Slimebound:AcidTongue+1","Slimebound:RainOfGoop","Slimebound:SplitBruiser","Slimebound:GrowthPunch","Slimebound:SplitLeeching","Slimebound:SplitAcid","Slimebound:DouseInSlime","Slimebound:PrepareCrush","Slimebound:LeechEnergy","Slimebound:DuplicatedForm+1","Slimebound:ItLooksTasty","Slimebound:ItLooksTasty+1","Slimebound:SlimeBrawl+1","Slimebound:ComboTackle","Slimebound:FormOfPuddle","Slimebound:SamplingLick","Slimebound:SamplingLick","Slimebound:LivingWall","Slimebound:OozeBath"],"relics":["Slimebound:AbsorbEndCombat","Bronze Scales","Toy Ornithopter","ReplayTheSpireMod:Lightbulb","conspire:RoyalGoblet","Turnip","conspire:GiftBox"],"acts_visited":["Exordium","TheCity"],"potions_floor_usage":[16],"damage_taken":[{"damage":2,"enemies":"Jaw Worm","floor":2,"turns":5},{"damage":14,"enemies":"Small Slimes","floor":3,"turns":4},{"damage":0,"enemies":"downfall:FleeingMerchant","floor":4,"turns":4},{"damage":2,"enemies":"conspire:RoseBush","floor":6,"turns":2},{"damage":15,"enemies":"downfall:FleeingMerchant","floor":8,"turns":4},{"damage":7,"enemies":"Exordium Thugs","floor":9,"turns":4},{"damage":14,"enemies":"Blue Slaver","floor":10,"turns":4},{"damage":11,"enemies":"3 Sentries","floor":12,"turns":6},{"damage":11,"enemies":"downfall:FleeingMerchant","floor":14,"turns":4},{"damage":5,"enemies":"conspire:2 RoseBushes","floor":15,"turns":3},{"damage":21,"enemies":"IC_STATUS_ARCHETYPE","floor":16,"turns":8},{"damage":4,"enemies":"Chosen","floor":21,"turns":4},{"damage":15,"enemies":"downfall:FleeingMerchant","floor":22,"turns":4},{"damage":3,"enemies":"Spheric Guardian","floor":24,"turns":3},{"damage":19,"enemies":"conspire:MimicChest","floor":25,"turns":5},{"damage":53,"enemies":"Chosen and Byrds","floor":27,"turns":4}],"seed_played":"-7623428156982052196","potions_obtained":[{"floor":3,"key":"GamblersBrew"},{"floor":9,"key":"EssenceOfSteel"},{"floor":10,"key":"sneckomod:MuddlingPotion"},{"floor":16,"key":"SteroidPotion"},{"floor":21,"key":"FearPotion"}],"is_trial":false,"path_per_floor":["R","M","M","$","?","M","T","$","M","M","T","E","R","$","M","B",null,"PTL","PTL","R","M","$","?","M","?","T","M"],"character_chosen":"SLIMEBOUND","items_purchased":["Slimebound:Equalize","Slimebound:SplitBruiser","Slimebound:PrepareCrush","Slimebound:SlimeBrawl+1","Slimebound:ComboTackle"],"campfire_rested":0,"item_purchase_floors":[4,8,14,22,22],"current_hp_per_floor":[71,71,61,67,67,69,69,60,63,53,53,56,56,49,46,38,71,71,71,71,69,60,60,61,48,48,0,0,0],"gold":50,"neow_bonus":"TEN_PERCENT_HP_BONUS","is_daily":false,"chose_seed":false,"campfire_upgraded":3,"win_rate":0.0,"timestamp":1613752630,"path_taken":["R","M","M","$","?","M","T","$","M","M","?","E","R","?","M","BOSS","PTL","PTL","R","M","$","?","M","?","T","M"],"items_purchased_type":["Card","Card","Card","Card","Card"],"build_version":"2020-12-22","purchased_purges":0,"victory":false,"max_hp_per_floor":[71,71,71,71,71,71,71,71,71,71,71,71,71,71,71,71,71,71,71,71,71,71,71,71,71,71,71,71,71],"card_choices":[{"not_picked":["Slimebound:FinishingTackle","Slimebound:GoopSpray"],"picked":"Slimebound:PressTheAttack","floor":2},{"not_picked":["Slimebound:PressTheAttack","Slimebound:SplitAcid"],"picked":"Slimebound:LeechingTouch","floor":3},{"not_picked":["Slimebound:FlameTackle","Slimebound:FormOfPuddle"],"picked":"Slimebound:LeadByExample","floor":4},{"not_picked":["Slimebound:LeechingTouch","Slimebound:SplitBruiser"],"picked":"Slimebound:AcidTongue","floor":6},{"not_picked":["Slimebound:GoopTackle","Slimebound:SlimeTap"],"picked":"Slimebound:RainOfGoop","floor":8},{"not_picked":["Slimebound:DisruptingSlam","Slimebound:WasteNot"],"picked":"Slimebound:GrowthPunch","floor":9},{"not_picked":["Slimebound:AcidTongue","Slimebound:ComboTackle"],"picked":"Slimebound:SplitLeeching","floor":10},{"not_picked":["Slimebound:LeadByExample","Slimebound:SlimeTap"],"picked":"Slimebound:SplitAcid","floor":12},{"not_picked":["Slimebound:SplitMire","Slimebound:HauntingLick"],"picked":"Slimebound:DouseInSlime","floor":14},{"not_picked":["Slimebound:HauntingLick","Slimebound:LivingWall"],"picked":"Slimebound:LeechEnergy","floor":15},{"not_picked":["Slimebound:SelfFormingGoo","Slimebound:OozeBath"],"picked":"Slimebound:DuplicatedForm","floor":16},{"not_picked":["Slimebound:DisruptingSlam+1","Slimebound:TongueLash"],"picked":"Slimebound:ItLooksTasty","floor":21},{"not_picked":["Slimebound:LeadByExample","Slimebound:LeechingTouch+1"],"picked":"Slimebound:ItLooksTasty+1","floor":22},{"not_picked":["Slimebound:LevelUp","Slimebound:LeadByExample"],"picked":"Slimebound:SamplingLick","floor":24},{"not_picked":["Slimebound:SplitBruiser","Slimebound:ComboTackle"],"picked":"Slimebound:LivingWall","floor":25},{"not_picked":["Slimebound:RallyTheTroops","Slimebound:OneTwoCombo"],"picked":"Slimebound:OozeBath","floor":26}],"player_experience":100139,"relics_obtained":[{"floor":7,"key":"Bronze Scales"},{"floor":11,"key":"Toy Ornithopter"},{"floor":12,"key":"ReplayTheSpireMod:Lightbulb"},{"floor":25,"key":"Turnip"},{"floor":26,"key":"conspire:GiftBox"}],"event_choices":[{"damage_healed":0,"gold_gain":0,"cards_transformed":["Slimebound:Strike_Slimebound","Slimebound:Defend_Slimebound"],"player_choice":"Became Test Subject","damage_taken":0,"max_hp_gain":0,"max_hp_loss":0,"event_name":"Drug Dealer","floor":23,"gold_loss":0,"cards_obtained":["Slimebound:FormOfPuddle","Slimebound:SamplingLick"]}],"is_beta":false,"boss_relics":[{"not_picked":["Runic Dome","bronze:MakeshiftBattery"],"picked":"conspire:RoyalGoblet"}],"items_purged_floors":[],"is_endless":false,"potions_floor_spawned":[3,9,10,16,21,24],"killed_by":"Chosen and Byrds","ascension_level":0}}