{"host":"lv7etzzgwahaenh9","time":1613714440,"event":{"mods":["AchievementEnabler","BaseMod","Colored Map","Colored Powertips","Highlight Path","Minty Spire (QoL Compilation)","Permanent Neow","Quick Restart","Random Character Button","StSLib"],"gold_per_floor":[115,131,141,154,172,198,198,211,238,248,265,265,280,290,290,391,391,407,20,38,38,55,55,88,88,112,112,147,147,69,80,80,185,185,205,205,255,255,255,255,275,309,309,309,309,309],"floor_reached":45,"language":"ENG","playtime":2554,"items_purged":["Strike_B"],"score":819,"play_id":"75af9018-742d-439f-8c63-618e629f44c9","local_time":"20210218220040","is_ascension_mode":true,"campfire_choices":[{"data":"Fission","floor":7.0,"key":"SMITH"},{"floor":12.0,"key":"REST"},{"data":"Zap","floor":15.0,"key":"SMITH"},{"data":"Fission","floor":23,"key":"SMITH"},{"data":"Steam","floor":27,"key":"SMITH"},{"data":"Darkness","floor":32,"key":"SMITH"},{"data":"Echo Form","floor":40,"key":"SMITH"},{"floor":44,"key":"REST"}],"circlet_count":0,"master_deck":["AscendersBane","Defend_B","Defend_B","Zap+1","Dualcast","Ball Lightning","Undo","Genetic Algorithm","Cold Snap","Fission+1","Conserve Battery","Steam+1","Beam Cell","Gash","Ball Lightning","Fission+1","Sunder+1","Static Discharge","Cold Snap","Lockon","Darkness+1","Barrage+1","All For One","Echo Form+1","Rip and Tear+1","Blizzard+1","Rebound+1","Cold Snap+1"],"relics":["Cracked Core","Emotion Chip","Juzu Bracelet","Runic Pyramid","Lee\u0027s Waffle","Ancient Tea Set","Dream Catcher","Toy Ornithopter","Regal Pillow","Astrolabe","Thread and Needle","DataDisk"],"acts_visited":["Exordium","TheCity","TheBeyond"],"potions_floor_usage":[28,42],"damage_taken":[{"damage":5.0,"enemies":"Small Slimes","floor":1.0,"turns":3.0},{"damage":0.0,"enemies":"2 Louse","floor":2.0,"turns":3.0},{"damage":0.0,"enemies":"Jaw Worm","floor":3.0,"turns":3.0},{"damage":0.0,"enemies":"Looter","floor":4.0,"turns":4.0},{"damage":0.0,"enemies":"Gremlin Gang","floor":5.0,"turns":3.0},{"damage":32.0,"enemies":"Gremlin Nob","floor":6.0,"turns":4.0},{"damage":0.0,"enemies":"2 Fungi Beasts","floor":8.0,"turns":3.0},{"damage":1.0,"enemies":"Red Slaver","floor":10.0,"turns":4.0},{"damage":3.0,"enemies":"Blue Slaver","floor":11.0,"turns":3.0},{"damage":1.0,"enemies":"2 Fungi Beasts","floor":13.0,"turns":4.0},{"damage":0.0,"enemies":"Red Slaver","floor":14.0,"turns":4.0},{"damage":34,"enemies":"Slime Boss","floor":16,"turns":12},{"damage":6,"enemies":"Spheric Guardian","floor":18,"turns":5},{"damage":0,"enemies":"Shell Parasite","floor":20,"turns":4},{"damage":10,"enemies":"Snecko","floor":22,"turns":6},{"damage":23,"enemies":"Book of Stabbing","floor":24,"turns":5},{"damage":0,"enemies":"Gremlin Leader","floor":28,"turns":8},{"damage":0,"enemies":"Centurion and Healer","floor":31,"turns":7},{"damage":40,"enemies":"Collector","floor":33,"turns":8},{"damage":10,"enemies":"3 Shapes","floor":35,"turns":8},{"damage":0,"enemies":"Mind Bloom Boss Battle","floor":37,"turns":7},{"damage":10,"enemies":"Orb Walker","floor":41,"turns":5},{"damage":69,"enemies":"Reptomancer","floor":42,"turns":6},{"damage":0,"enemies":"Giant Head","floor":45,"turns":5}],"seed_played":"-5812543621181052555","potions_obtained":[{"floor":1.0,"key":"FearPotion"},{"floor":2.0,"key":"AttackPotion"},{"floor":6.0,"key":"SpeedPotion"},{"floor":8.0,"key":"Strength Potion"},{"floor":11.0,"key":"Swift Potion"},{"floor":16,"key":"Ancient Potion"},{"floor":31,"key":"Swift Potion"},{"floor":35,"key":"Swift Potion"},{"floor":38,"key":"Block Potion"},{"floor":38,"key":"FairyPotion"}],"is_trial":false,"path_per_floor":["M","M","M","M","M","E","R","M","T","M","M","R","M","M","R","B",null,"M","$","M","?","M","R","E","?","T","R","E","?","$","M","R","B",null,"M","?","?","?","?","R","M","E","T","R","E"],"character_chosen":"DEFECT","items_purchased":["Lee\u0027s Waffle","Ancient Tea Set","All For One"],"campfire_rested":2,"item_purchase_floors":[19,19,30],"current_hp_per_floor":[63,63,63,63,63,31,31,31,31,30,27,49,48,48,48,14,60,54,82,82,82,72,72,49,49,49,49,54,81,81,81,81,41,72,62,62,62,62,62,62,52,24,24,63,63,63],"gold":309,"neow_bonus":"THREE_CARDS","is_daily":false,"chose_seed":false,"campfire_upgraded":6,"win_rate":0.0,"timestamp":1613714440,"path_taken":["M","M","M","M","M","E","R","M","T","M","M","R","M","M","R","BOSS","M","$","M","?","M","R","E","?","T","R","E","?","?","M","R","BOSS","M","?","?","?","?","R","M","E","T","R","E"],"items_purchased_type":["Relic","Relic","Card"],"build_version":"2020-12-22","purchased_purges":1,"victory":false,"max_hp_per_floor":[75,75,75,75,75,75,75,75,75,75,75,75,75,75,75,75,75,75,82,82,82,82,82,82,82,82,82,82,82,82,82,82,82,82,82,82,82,82,82,82,82,82,82,82,82,82],"card_choices":[{"not_picked":["Doom and Gloom","Consume"],"picked":"Ball Lightning","floor":0.0},{"not_picked":["Heatsinks","Capacitor"],"picked":"Undo","floor":1.0},{"not_picked":["Storm","Gash"],"picked":"Genetic Algorithm","floor":2.0},{"not_picked":["Double Energy","Streamline"],"picked":"Cold Snap","floor":3.0},{"not_picked":["Streamline","Cold Snap"],"picked":"Fission","floor":4.0},{"not_picked":["Ball Lightning","Compile Driver"],"picked":"Conserve Battery","floor":5.0},{"not_picked":["Force Field","Conserve Battery"],"picked":"Steam","floor":6.0},{"not_picked":["BootSequence","Genetic Algorithm"],"picked":"Beam Cell","floor":8.0},{"not_picked":["Tempest","Leap","Melter"],"picked":"SKIP","floor":10.0},{"not_picked":["Conserve Battery","Amplify","Go for the Eyes"],"picked":"SKIP","floor":11.0},{"not_picked":["Leap","Stack"],"picked":"Gash","floor":13.0},{"not_picked":["Turbo","Rebound"],"picked":"Ball Lightning","floor":14.0},{"not_picked":["Reboot","Multi-Cast"],"picked":"Fission","floor":16},{"not_picked":["Hologram","Steam"],"picked":"Sunder+1","floor":18},{"not_picked":["Stack","Sunder","Compile Driver"],"picked":"SKIP","floor":20},{"not_picked":["Go for the Eyes","Redo"],"picked":"Static Discharge","floor":22},{"not_picked":["Redo","Auto Shields"],"picked":"Cold Snap","floor":24},{"not_picked":["FTL","Force Field+1"],"picked":"Barrage+1","floor":28},{"not_picked":["Redo","Rebound","Rip and Tear"],"picked":"SKIP","floor":31},{"not_picked":["Hyperbeam","Amplify"],"picked":"Echo Form","floor":33},{"not_picked":["Rebound","Conserve Battery"],"picked":"Cold Snap+1","floor":35},{"not_picked":["Skim","Melter+1","Redo+1"],"picked":"SKIP","floor":41},{"not_picked":["Ball Lightning","Melter","Fusion"],"picked":"SKIP","floor":42}],"player_experience":438442,"relics_obtained":[{"floor":6.0,"key":"Emotion Chip"},{"floor":9.0,"key":"Juzu Bracelet"},{"floor":24,"key":"Dream Catcher"},{"floor":26,"key":"Toy Ornithopter"},{"floor":28,"key":"Regal Pillow"},{"floor":37,"key":"Thread and Needle"},{"floor":42,"key":"DataDisk"}],"event_choices":[{"damage_healed":0,"gold_gain":0,"cards_transformed":["Strike_B","Defend_B"],"player_choice":"Became Test Subject","damage_taken":0,"max_hp_gain":0,"max_hp_loss":0,"event_name":"Drug Dealer","floor":25,"gold_loss":0,"cards_obtained":["Lockon","Darkness"]},{"damage_healed":27,"gold_gain":0,"player_choice":"Heal","damage_taken":0,"max_hp_gain":0,"max_hp_loss":0,"event_name":"The Library","floor":29,"gold_loss":0},{"damage_healed":0,"gold_gain":0,"player_choice":"Bought 0 Potions","damage_taken":0,"max_hp_gain":0,"max_hp_loss":0,"event_name":"The Woman in Blue","floor":36,"gold_loss":0},{"damage_healed":0,"gold_gain":0,"player_choice":"Fight","damage_taken":0,"max_hp_gain":0,"max_hp_loss":0,"event_name":"MindBloom","floor":37,"gold_loss":0},{"damage_healed":0,"gold_gain":0,"player_choice":"Got Potions","damage_taken":0,"max_hp_gain":0,"max_hp_loss":0,"event_name":"Lab","floor":38,"gold_loss":0},{"damage_healed":0,"gold_gain":0,"player_choice":"Memory 1","damage_taken":0,"max_hp_gain":0,"max_hp_loss":0,"event_name":"SensoryStone","floor":39,"gold_loss":0}],"is_beta":false,"boss_relics":[{"not_picked":["Nuclear Battery","Cursed Key"],"picked":"Runic Pyramid"},{"not_picked":["Philosopher\u0027s Stone","Velvet Choker"],"picked":"Astrolabe"}],"items_purged_floors":[19],"is_endless":false,"potions_floor_spawned":[1,2,4,6,8,11,16,24,31,35,37],"killed_by":"Giant Head","ascension_level":12}}