{"host":"cijhj3091wf4aho3","time":1613709866,"event":{"mods":["BaseMod","Colored Map","Colored Powertips","Downfall","Friendly Minions","GifTheSpireLib","Highlight Path","Minty Spire (QoL Compilation)","Permanent Neow","Random Character Button","Relic Sorter","Relic Stats","StSLib","everything is the same but u backflip on backflip","slay the spire mod where everything is the same but ironclad has a cowboy hat"],"gold_per_floor":[99,115,115,125,225,251,251,251,282,300,313,332,332,342,360,360,360,360],"floor_reached":16,"language":"ENG","playtime":565,"items_purged":[],"score":143,"play_id":"66472a11-3e8a-4e09-9765-8f393303094a","local_time":"20210218204426","is_ascension_mode":true,"campfire_choices":[{"data":"bronze:Repulsor","floor":1,"key":"SMITH"},{"data":"bronze:BugBarrage","floor":8,"key":"SMITH"}],"circlet_count":0,"master_deck":["bronze:Strike","bronze:Strike","bronze:Defend","bronze:Defend","bronze:Defend","bronze:Defend","bronze:Replicate","bronze:Goto","bronze:Repulsor+1","bronze:BugBarrage+1","bronze:BugBarrage","bronze:DazingPulse","bronze:WildBeam"],"relics":["bronze:BronzeCore","bronze:ProtectiveGoggles","bronze:DecasWashers","PreservedInsect"],"acts_visited":["Exordium"],"potions_floor_usage":[10,16,16],"damage_taken":[{"damage":0,"enemies":"2 Louse","floor":2,"turns":3},{"damage":0,"enemies":"Cultist","floor":4,"turns":4},{"damage":43,"enemies":"Gremlin Nob","floor":6,"turns":5},{"damage":12,"enemies":"Lagavulin","floor":9,"turns":5},{"damage":2,"enemies":"Small Slimes","floor":10,"turns":3},{"damage":1,"enemies":"2 Fungi Beasts","floor":11,"turns":3},{"damage":0,"enemies":"Large Slime","floor":12,"turns":3},{"damage":0,"enemies":"Large Slime","floor":13,"turns":2},{"damage":0,"enemies":"downfall:LooterAlt","floor":14,"turns":2},{"damage":2,"enemies":"Exordium Wildlife","floor":15,"turns":3},{"damage":12,"enemies":"IC_STATUS_ARCHETYPE","floor":16,"turns":2}],"seed_played":"-6567963863653559770","potions_obtained":[{"floor":6,"key":"LiquidBronze"},{"floor":9,"key":"AttackPotion"},{"floor":11,"key":"champ:CounterPotion"},{"floor":12,"key":"Explosive Potion"},{"floor":13,"key":"LiquidMemories"}],"is_trial":false,"path_per_floor":["R","M","?","M","?","E","T","R","E","M","M","M","?","M","M","B"],"character_chosen":"THE_AUTOMATON","items_purchased":[],"campfire_rested":0,"item_purchase_floors":[],"current_hp_per_floor":[70,70,70,70,70,27,27,27,15,13,12,12,12,12,10,0,0,0],"gold":360,"neow_bonus":"TRANSFORM_CARD","is_daily":false,"chose_seed":false,"campfire_upgraded":2,"win_rate":0.0,"timestamp":1613709866,"path_taken":["R","M","?","M","?","E","T","R","E","M","?","M","?","M","M","BOSS"],"items_purchased_type":[],"build_version":"2020-12-22","purchased_purges":0,"victory":false,"max_hp_per_floor":[70,70,70,70,70,70,70,70,70,70,70,70,70,70,70,70,70,70],"relic_stats":{"counters":[11,35],"PreservedInsect":0,"obtain_stats":[{"bronze:BronzeCore":0,"bronze:ProtectiveGoggles":6,"bronze:DecasWashers":7,"PreservedInsect":9},{"bronze:BronzeCore":0,"bronze:ProtectiveGoggles":3,"bronze:DecasWashers":3,"PreservedInsect":4},{"bronze:BronzeCore":0,"bronze:ProtectiveGoggles":12,"bronze:DecasWashers":12,"PreservedInsect":17}]},"card_choices":[{"not_picked":["bronze:FineTuning","bronze:Separator"],"picked":"bronze:BugBarrage","floor":2},{"not_picked":["bronze:Frontload","bronze:Return","bronze:BitShift"],"picked":"SKIP","floor":4},{"not_picked":["bronze:Frontload","bronze:BuggyMess","bronze:ForLoop"],"picked":"SKIP","floor":6},{"not_picked":["bronze:Iterate","bronze:Deprecate","bronze:ChosenStrike"],"picked":"SKIP","floor":9},{"not_picked":["bronze:BuggyMess","bronze:Boost"],"picked":"bronze:BugBarrage","floor":10},{"not_picked":["bronze:DarkDash","bronze:BuggyMess","bronze:DelayedSlice"],"picked":"SKIP","floor":11},{"not_picked":["bronze:WhirlingStrike","bronze:ForLoop","bronze:BitShift"],"picked":"SKIP","floor":12},{"not_picked":[],"picked":"bronze:DazingPulse","floor":13},{"not_picked":["bronze:Invalidate","bronze:Shell"],"picked":"bronze:WildBeam","floor":13},{"not_picked":["bronze:GetLatest","bronze:Fortify","bronze:Repulsor"],"picked":"SKIP","floor":14},{"not_picked":["bronze:Branch","bronze:Return","bronze:BuggyMess"],"picked":"SKIP","floor":15}],"player_experience":599900,"relics_obtained":[{"floor":6,"key":"bronze:ProtectiveGoggles"},{"floor":7,"key":"bronze:DecasWashers"},{"floor":9,"key":"PreservedInsect"}],"event_choices":[{"cards_removed":["bronze:Strike"],"damage_healed":0,"gold_gain":0,"player_choice":"Card Removal","damage_taken":0,"max_hp_gain":0,"max_hp_loss":0,"event_name":"The Cleric","floor":3,"gold_loss":0}],"is_beta":false,"boss_relics":[],"items_purged_floors":[],"is_endless":false,"potions_floor_spawned":[6,9,11,12,13],"killed_by":"IC_STATUS_ARCHETYPE","ascension_level":5}}