{"host":"js2su9tbbk4rmjfl","time":1613697699,"event":{"mods":["AchievementEnabler","BaseMod","Block Reminder","Colored Map","Colored Powertips","Highlight Path","Minty Spire (QoL Compilation)","Relic Stats"],"gold_per_floor":[119,137,137,137,137,137,149,149,175,186,186,186,199,209,209,209,209],"floor_reached":16,"language":"ENG","playtime":586,"items_purged":[],"score":175,"play_id":"e3705826-1c94-4d9f-9007-8aeda32b5830","local_time":"20210219022139","is_ascension_mode":true,"campfire_choices":[{"data":"Inflame","floor":6,"key":"SMITH"},{"data":"Strike_R","floor":8,"key":"SMITH"},{"data":"Strike_R","floor":11,"key":"SMITH"},{"data":"Intimidate","floor":15,"key":"SMITH"}],"circlet_count":0,"master_deck":["AscendersBane","Strike_R+1","Strike_R","Strike_R+1","Strike_R","Strike_R+1","Defend_R","Defend_R","Defend_R","Defend_R+1","Bash","Reaper","Inflame+1","Spot Weakness","Intimidate+1"],"relics":["Burning Blood","Darkstone Periapt","Anchor"],"acts_visited":["Exordium"],"potions_floor_usage":[16,16],"damage_taken":[{"damage":7,"enemies":"2 Louse","floor":1,"turns":4},{"damage":4,"enemies":"Small Slimes","floor":2,"turns":5},{"damage":7,"enemies":"Jaw Worm","floor":7,"turns":5},{"damage":1,"enemies":"Looter","floor":10,"turns":5},{"damage":10,"enemies":"3 Louse","floor":13,"turns":4},{"damage":9,"enemies":"2 Fungi Beasts","floor":14,"turns":4},{"damage":70,"enemies":"Hexaghost","floor":16,"turns":9}],"seed_played":"-3003274098591507502","potions_obtained":[{"floor":2,"key":"ColorlessPotion"},{"floor":7,"key":"AttackPotion"},{"floor":13,"key":"Energy Potion"}],"is_trial":false,"path_per_floor":["M","M","?","?","?","R","M","R","T","M","R","?","M","M","R","B"],"character_chosen":"IRONCLAD","items_purchased":[],"campfire_rested":0,"item_purchase_floors":[],"current_hp_per_floor":[49,57,57,34,29,29,28,28,28,33,33,58,63,60,60,0,0],"gold":209,"neow_bonus":"THREE_RARE_CARDS","is_daily":false,"chose_seed":false,"campfire_upgraded":4,"win_rate":0.0,"timestamp":1613697699,"path_taken":["M","M","?","?","?","R","?","R","T","M","R","?","M","M","R","BOSS"],"items_purchased_type":[],"build_version":"2020-12-22","purchased_purges":0,"victory":false,"max_hp_per_floor":[75,75,75,75,75,75,75,75,75,75,75,75,75,75,75,75,75],"relic_stats":{"Darkstone Periapt":0,"counters":[7,36],"obtain_stats":[{"Darkstone Periapt":5,"Anchor":9,"Burning Blood":0},{"Darkstone Periapt":2,"Anchor":3,"Burning Blood":0},{"Darkstone Periapt":9,"Anchor":14,"Burning Blood":0}],"Burning Blood":36},"card_choices":[{"not_picked":["Immolate","Offering"],"picked":"Reaper","floor":0},{"not_picked":["Warcry","Sever Soul","Perfected Strike"],"picked":"SKIP","floor":1},{"not_picked":["Clothesline","Heavy Blade"],"picked":"Inflame","floor":2},{"not_picked":["Iron Wave","Twin Strike","Thunderclap"],"picked":"SKIP","floor":7},{"not_picked":["Twin Strike","Clothesline","Armaments"],"picked":"SKIP","floor":10},{"not_picked":["Sword Boomerang","Feed"],"picked":"Spot Weakness","floor":13},{"not_picked":["Wild Strike","Spot Weakness"],"picked":"Intimidate","floor":14}],"player_experience":858598,"relics_obtained":[{"floor":9,"key":"Anchor"}],"event_choices":[{"damage_healed":0,"gold_gain":0,"player_choice":"Ignored","damage_taken":0,"max_hp_gain":0,"max_hp_loss":0,"event_name":"Liars Game","floor":3,"gold_loss":0},{"damage_healed":0,"gold_gain":0,"player_choice":"Entered Light","damage_taken":23,"max_hp_gain":0,"max_hp_loss":0,"event_name":"Shining Light","floor":4,"gold_loss":0,"cards_upgraded":["Defend_R","Strike_R"]},{"damage_healed":0,"gold_gain":0,"player_choice":"Success","damage_taken":5,"relics_obtained":["Darkstone Periapt"],"max_hp_gain":0,"max_hp_loss":0,"event_name":"Scrap Ooze","floor":5,"gold_loss":0},{"damage_healed":25,"gold_gain":0,"player_choice":"Banana","damage_taken":0,"max_hp_gain":0,"max_hp_loss":0,"event_name":"Big Fish","floor":12,"gold_loss":0}],"is_beta":false,"boss_relics":[],"items_purged_floors":[],"is_endless":false,"potions_floor_spawned":[2,7,13],"killed_by":"Hexaghost","ascension_level":18}}