{"host":"3d7yvplr5ovcyppx","time":1613706340,"event":{"mods":["AchievementEnabler","BaseMod","Hermit","Jorbs\u0027s Wanderer Trilogy","Minty Spire (QoL Compilation)","Quick Restart","Somnambulant","StSLib","The Cursed","The Disciple","The Servant 0.9.4"],"gold_per_floor":[109,109,128,142,217,246,264,282,306,335,335,353,353,363,363,463,463,481,396,410,380,380,409,409,409,432,432,462,462,473,473,473,473,473],"floor_reached":33,"language":"ENG","playtime":1794,"items_purged":[],"score":295,"play_id":"4ad0a8c3-9c83-4a7d-a762-50418430a093","local_time":"20210219091540","is_ascension_mode":false,"campfire_choices":[{"floor":13.0,"key":"REST"},{"data":"Terror","floor":15.0,"key":"SMITH"},{"data":"Infinite Blades","floor":24.0,"key":"SMITH"},{"data":"Phantasmal Killer","floor":27.0,"key":"SMITH"},{"floor":29.0,"key":"REST"},{"floor":32,"key":"REST"}],"circlet_count":0,"master_deck":["Strike_G","Strike_G","Strike_G","Strike_G","Strike_G","Defend_G","Defend_G","Defend_G","Defend_G","Defend_G","Survivor","Neutralize","Dagger Throw","Terror+1","Prepared","Phantasmal Killer+1","Flying Knee","Dagger Spray","Poisoned Stab","Poisoned Stab","Glass Knife","Dagger Throw+1","Finisher+1","Adrenaline","Infinite Blades+1","Outmaneuver","Quick Slash+1"],"relics":["HoveringKite","StoneCalendar","Lantern","Juzu Bracelet","Runic Pyramid","Toy Ornithopter","Potion Belt","MutagenicStrength","Bag of Preparation","Pen Nib"],"acts_visited":["Exordium","TheCity"],"potions_floor_usage":[33,33,33],"damage_taken":[{"damage":6.0,"enemies":"Small Slimes","floor":1.0,"turns":5.0},{"damage":1.0,"enemies":"Jaw Worm","floor":3.0,"turns":5.0},{"damage":0.0,"enemies":"Cultist","floor":4.0,"turns":3.0},{"damage":28.0,"enemies":"Gremlin Nob","floor":6.0,"turns":4.0},{"damage":2.0,"enemies":"Large Slime","floor":7.0,"turns":4.0},{"damage":1.0,"enemies":"Red Slaver","floor":8.0,"turns":3.0},{"damage":13.0,"enemies":"Lagavulin","floor":10.0,"turns":5.0},{"damage":0.0,"enemies":"Looter","floor":12.0,"turns":3.0},{"damage":0.0,"enemies":"Large Slime","floor":14.0,"turns":4.0},{"damage":30.0,"enemies":"The Guardian","floor":16.0,"turns":8.0},{"damage":0.0,"enemies":"Spheric Guardian","floor":18.0,"turns":3.0},{"damage":20.0,"enemies":"2 Thieves","floor":20.0,"turns":3.0},{"damage":12.0,"enemies":"Book of Stabbing","floor":23.0,"turns":3.0},{"damage":35.0,"enemies":"Slavers","floor":28.0,"turns":5.0},{"damage":0.0,"enemies":"Sentry and Sphere","floor":30.0,"turns":3.0},{"damage":66,"enemies":"Automaton","floor":33,"turns":6}],"seed_played":"-1054536536762136534","potions_obtained":[{"floor":4.0,"key":"Strength Potion"},{"floor":7.0,"key":"ColorlessPotion"},{"floor":10.0,"key":"Dexterity Potion"},{"floor":12.0,"key":"SteroidPotion"},{"floor":14.0,"key":"AttackPotion"},{"floor":16.0,"key":"Ancient Potion"},{"floor":21.0,"key":"SpeedPotion"},{"floor":21.0,"key":"SneckoOil"},{"floor":28.0,"key":"AttackPotion"},{"floor":30.0,"key":"Block Potion"}],"is_trial":false,"path_per_floor":["M","?","M","M","?","E","M","M","T","E","?","M","R","M","R","B",null,"M","?","M","?","?","E","R","?","T","R","E","R","M","?","R","B"],"character_chosen":"THE_SILENT","items_purchased":[],"campfire_rested":3,"item_purchase_floors":[],"current_hp_per_floor":[64,64,63,63,52,24,22,21,21,8,13,13,34,34,34,4,70,70,70,50,50,50,43,43,43,43,43,13,34,34,21,43,0,0],"gold":473,"neow_bonus":"BOSS_RELIC","is_daily":false,"chose_seed":false,"campfire_upgraded":3,"win_rate":0.0,"timestamp":1613706340,"path_taken":["M","?","M","M","?","E","M","M","T","E","?","M","R","M","R","BOSS","M","?","M","?","?","E","R","?","T","R","E","R","M","?","R","BOSS"],"items_purchased_type":[],"build_version":"2020-12-22","purchased_purges":0,"victory":false,"max_hp_per_floor":[70,70,70,70,70,70,70,70,70,70,70,70,70,70,70,70,70,70,70,70,70,70,70,70,70,70,70,70,70,70,75,75,75,75],"card_choices":[{"not_picked":["Deflect","Dash"],"picked":"Dagger Throw","floor":1.0},{"not_picked":["Masterful Stab","Footwork"],"picked":"Terror","floor":3.0},{"not_picked":["Outmaneuver","Leg Sweep"],"picked":"Prepared","floor":4.0},{"not_picked":["Prepared","PiercingWail"],"picked":"Phantasmal Killer","floor":6.0},{"not_picked":["Heel Hook","Eviscerate"],"picked":"Flying Knee","floor":7.0},{"not_picked":["Dodge and Roll","Slice"],"picked":"Dagger Spray","floor":8.0},{"not_picked":["Footwork","Bane"],"picked":"Deflect","floor":10.0},{"not_picked":["Bane","Caltrops"],"picked":"Poisoned Stab","floor":12.0},{"not_picked":["Deflect","Heel Hook"],"picked":"Poisoned Stab","floor":14.0},{"not_picked":["Night Terror","Malaise"],"picked":"Glass Knife","floor":16.0},{"not_picked":["Flechettes","Backflip"],"picked":"Dagger Throw+1","floor":18.0},{"not_picked":["Bane","Acrobatics"],"picked":"Finisher+1","floor":20.0},{"not_picked":["Eviscerate","Deflect+1"],"picked":"Infinite Blades","floor":23.0},{"not_picked":["Terror+1","Escape Plan"],"picked":"Outmaneuver","floor":28.0},{"not_picked":["Prepared","Tactician"],"picked":"Quick Slash+1","floor":30.0}],"player_experience":67304,"relics_obtained":[{"floor":6.0,"key":"StoneCalendar"},{"floor":9.0,"key":"Lantern"},{"floor":10.0,"key":"Juzu Bracelet"},{"floor":23.0,"key":"Potion Belt"},{"floor":26.0,"key":"Bag of Preparation"},{"floor":28.0,"key":"Pen Nib"}],"event_choices":[{"damage_healed":0.0,"max_hp_gain":0.0,"max_hp_loss":0.0,"gold_gain":0.0,"event_name":"Golden Wing","player_choice":"Ignored","floor":2.0,"gold_loss":0.0,"damage_taken":0.0},{"damage_healed":0.0,"max_hp_gain":0.0,"max_hp_loss":0.0,"gold_gain":75.0,"event_name":"World of Goop","player_choice":"Gather Gold","floor":5.0,"gold_loss":0.0,"damage_taken":11.0},{"cards_removed":["Deflect"],"damage_healed":5.0,"max_hp_gain":0.0,"max_hp_loss":0.0,"gold_gain":0.0,"event_name":"Bonfire Elementals","player_choice":"Offered Common","floor":11.0,"gold_loss":0.0,"damage_taken":0.0},{"cards_removed":["Deflect"],"damage_healed":5.0,"max_hp_gain":0.0,"max_hp_loss":0.0,"gold_gain":0.0,"event_name":"Bonfire Elementals","player_choice":"Offered Special","floor":11.0,"gold_loss":0.0,"damage_taken":0.0},{"damage_healed":0.0,"max_hp_gain":0.0,"max_hp_loss":0.0,"gold_gain":0.0,"event_name":"Addict","player_choice":"Obtained Relic","floor":19.0,"gold_loss":85.0,"damage_taken":0.0,"relics_obtained":["Toy Ornithopter"]},{"damage_healed":0.0,"max_hp_gain":0.0,"max_hp_loss":0.0,"gold_gain":0.0,"event_name":"The Woman in Blue","player_choice":"Bought 2 Potions","floor":21.0,"gold_loss":0.0,"damage_taken":0.0},{"damage_healed":0.0,"max_hp_gain":0.0,"max_hp_loss":0.0,"gold_gain":0.0,"event_name":"The Library","player_choice":"Read","floor":22.0,"gold_loss":0.0,"damage_taken":0.0,"cards_obtained":["Adrenaline"]},{"damage_healed":0.0,"max_hp_gain":0.0,"max_hp_loss":0.0,"gold_gain":0.0,"event_name":"Drug Dealer","player_choice":"Inject Mutagens","floor":25.0,"gold_loss":0.0,"damage_taken":0.0,"relics_obtained":["MutagenicStrength"]},{"damage_healed":0.0,"max_hp_gain":5.0,"max_hp_loss":0.0,"gold_gain":0.0,"event_name":"Forgotten Altar","player_choice":"Shed Blood","floor":31.0,"gold_loss":0.0,"damage_taken":18.0}],"is_beta":false,"boss_relics":[{"not_picked":["Velvet Choker","Snecko Eye"],"picked":"Runic Pyramid"}],"items_purged_floors":[],"is_endless":false,"potions_floor_spawned":[4,7,10,12,14,16,28,30],"killed_by":"Automaton","ascension_level":0}}