{"host":"7kj0ynzap1jglrpi","time":1613712247,"event":{"mods":["ATMod(°¢èªMod)","Act Like it!","BaseMod","Lobotomy","LobotomyExtend","Minty Spire (QoL Compilation)","MostiFishMod","Ruina","SIMod","Spicy Shops","StSLib","TestMod","¡¾ÒÅÎï¿¨ÅÆ¡¿REMEMod"],"gold_per_floor":[13,24,34,34,46,59,76,87,9,27,427,454,467,548,558,558,558,578,605,605,706,706,706],"floor_reached":17,"language":"ZHS","playtime":1702,"items_purged":[],"score":307,"play_id":"25f5f7cb-315f-4c6a-aed6-400fade0a540","local_time":"20210219132407","is_ascension_mode":true,"campfire_choices":[{"data":"DynamicVision","floor":12.0,"key":"SMITH"},{"data":"FriendshipIsMagic","floor":15.0,"key":"SMITH"}],"circlet_count":0,"master_deck":["Strike_AJ+1","Strike_TS","Strike_RR","Strike_RD","Defend_TS","Defend_PP","Defend_FS","Defend_AJ","ConcertedEfforts","HarmonyShield","AT_WaterDrop","ruina:FadedMemories+1","Smile","BatchProduction","LadiesDemeanor+1","FollowTherRainbow","Perfectionism+1","Honesty","ThrowingApples","AppleFeast+1","Generousity","ServeMeal","Batlization","Return_To_Past","FriendshipIsMagic+1","Honesty","AllByMyself","DynamicVision+1","AppleFever","Lasso","FollowTherRainbow","RashStunts","SonicRainbow","TakeTheLead"],"relics":["The_element_of_harmony","DaveBox","testmod-TestBox","REME_ComplimentaryCards","testmod-HeartOfStrike","xbg","TSMusicBox","SynthV:TestCard","Moonlight_r","SynthV:TestCard","LetterFromLob","Frozen Eye","testmod-FatalChain","Matryoshka","Ancient Tea Set","PatriotShield"],"acts_visited":["Exordium","TheBeyond"],"potions_floor_usage":[],"damage_taken":[{"damage":0.0,"enemies":"Cultist","floor":1.0,"turns":3.0},{"damage":2.0,"enemies":"Small Slimes","floor":2.0,"turns":3.0},{"damage":6.0,"enemies":"Jaw Worm","floor":3.0,"turns":4.0},{"damage":10.0,"enemies":"Blue Slaver","floor":5.0,"turns":4.0},{"damage":6.0,"enemies":"Small Slimes","floor":1.0,"turns":4.0},{"damage":0.0,"enemies":"Cultist","floor":2.0,"turns":5.0},{"damage":0.0,"enemies":"Jaw Worm","floor":3.0,"turns":2.0},{"damage":2.0,"enemies":"2 Fungi Beasts","floor":5.0,"turns":4.0},{"damage":0.0,"enemies":"Lagavulin","floor":7.0,"turns":7.0},{"damage":0.0,"enemies":"Blue Slaver","floor":8.0,"turns":3.0},{"damage":8.0,"enemies":"Large Slime","floor":10.0,"turns":7.0},{"damage":3.0,"enemies":"Lots of Slimes","floor":13.0,"turns":4.0},{"damage":30.0,"enemies":"Hexaghost","floor":16.0,"turns":8.0}],"seed_played":"5837101684825000029","potions_obtained":[{"floor":1.0,"key":"Fruit Juice"},{"floor":3.0,"key":"REME_GoldPotion"},{"floor":3.0,"key":"Explosive Potion"},{"floor":8.0,"key":"SmokeBomb"},{"floor":10.0,"key":"SneckoOil"}],"is_trial":false,"path_per_floor":["M","M","M","?","M","E","M","M","M","$","M","?","E","M","T","M","?","R","M","T","R","B",null],"character_chosen":"TWI_CLASS","items_purchased":["Frozen Eye"],"campfire_rested":0,"item_purchase_floors":[4],"current_hp_per_floor":[87,85,79,79,69,81,81,81,81,79,79,79,79,79,71,71,71,68,68,68,38,87,87],"gold":706,"neow_bonus":"ONE_RARE_RELIC","is_daily":false,"chose_seed":false,"campfire_upgraded":2,"win_rate":0.0,"timestamp":1613712247,"path_taken":["M","?","M","?","M","E","M","M","M","$","M","?","E","M","T","M","?","R","?","?","R","BOSS"],"items_purchased_type":["Relic"],"build_version":"2020-12-22","purchased_purges":0,"victory":false,"max_hp_per_floor":[87,87,87,87,87,87,87,87,87,87,87,87,87,87,87,87,87,87,87,87,87,87,87],"card_choices":[{"not_picked":["BehindTheScene"],"picked":"Smile","floor":1.0},{"not_picked":["Lasso"],"picked":"BatchProduction","floor":1.0},{"not_picked":["Generousity","Louder","ThunderCloud"],"picked":"LadiesDemeanor","floor":2.0},{"not_picked":["Celebrities","TwentyPercentcooler","ServeMeal"],"picked":"FollowTherRainbow","floor":2.0},{"not_picked":["Lasso","PartyCana","PinkiePromise"],"picked":"Perfectionism","floor":3.0},{"not_picked":["Louder","PartyAlone","Laughter"],"picked":"Honesty","floor":3.0},{"not_picked":["FarmExpert","Winterwrapup","SwiftKick"],"picked":"ThrowingApples","floor":5.0},{"not_picked":["PartyAlone","Laughter","FriendOfNature"],"picked":"AppleFeast","floor":5.0},{"not_picked":["Sisterhood","Anxiousness","CheerUp"],"picked":"Generousity","floor":1.0},{"not_picked":["PartyAlone","ThunderCloud","Anxiousness"],"picked":"ServeMeal","floor":1.0},{"not_picked":["KillingWithKindness","ThunderCloud","Whining","Yay","Magictrain"],"picked":"Batlization","floor":2.0},{"not_picked":["Charge","BehindTheScene","RushToSky","Winterwrapup","ReinventMyself"],"picked":"Return_To_Past","floor":2.0},{"not_picked":["Lasso","Mischief","FollowTherRainbow","SwiftKick","ServeMeal"],"picked":"FriendshipIsMagic","floor":3.0},{"not_picked":["ReinventMyself","FarmExpert","Whining","Perfectionism","Anxiousness","ISayNo"],"picked":"SKIP","floor":3.0},{"not_picked":["AlloutStrike","ISayNo","Winterwrapup","PinkiePromise","BatchProduction"],"picked":"Honesty","floor":5.0},{"not_picked":["Yay","Louder","PartyTime","MirrorLake","HideCarefully"],"picked":"AllByMyself","floor":5.0},{"not_picked":["ReinventMyself","HideCarefully","ISayNo","Flutterguy","FollowTherRainbow"],"picked":"DynamicVision","floor":7.0},{"not_picked":["Laughter","Smile","Tornado","TasteRainbow","Yay","PinkieSense"],"picked":"SKIP","floor":7.0},{"not_picked":["Laughter","Smile","Tornado","TasteRainbow","Yay","PinkieSense"],"picked":"SKIP","floor":7.0},{"not_picked":["FriendOfNature","TenInstruments","Tornado","FollowTherRainbow","Perfectionism"],"picked":"AppleFever","floor":8.0},{"not_picked":["Anxiousness","PartyAlone","HideCarefully","FriendOfNature","Smile","Yay"],"picked":"SKIP","floor":8.0},{"not_picked":["Charge","Smile","Anxiousness","AlloutStrike","Whining"],"picked":"Lasso","floor":10.0},{"not_picked":["Mischief","MirrorLake","Anxiousness","RunningOfTheLeaves","Return_To_Past","FollowTherRainbow"],"picked":"SKIP","floor":10.0},{"not_picked":["Smile","Generousity","BatchProduction","Return_To_Past","HideCarefully"],"picked":"FollowTherRainbow","floor":13.0},{"not_picked":["BehindTheScene","Return_To_Past","Whining","HideCarefully","DynamicVision"],"picked":"RashStunts","floor":13.0},{"not_picked":["BeautySensation","Harmanyblast","LadiesDemeanor","Stare","MessyAndOrderly"],"picked":"SonicRainbow","floor":16.0},{"not_picked":["Harmanyblast","PartyCana","FriendshipIsMagic","MirrorLake","Sisterhood"],"picked":"TakeTheLead","floor":16.0}],"player_experience":123846,"relics_obtained":[{"floor":1.0,"key":"SynthV:TestCard"},{"floor":1.0,"key":"LetterFromLob"},{"floor":1.0,"key":"SynthV:TestCard"},{"floor":1.0,"key":"LetterFromLob"},{"floor":7.0,"key":"testmod-FatalChain"},{"floor":9.0,"key":"Matryoshka"},{"floor":14.0,"key":"Ancient Tea Set"}],"event_choices":[{"damage_healed":0.0,"max_hp_gain":0.0,"max_hp_loss":0.0,"gold_gain":400.0,"event_name":"¶÷ÂåË¹µÄÅÌ×Ó","player_choice":"Sell","floor":6.0,"relics_lost":["AT_ATBox"],"gold_loss":0.0,"damage_taken":0.0},{"damage_healed":0.0,"max_hp_gain":0.0,"max_hp_loss":0.0,"gold_gain":0.0,"event_name":"Lab","player_choice":"Got Potions","floor":11.0,"gold_loss":0.0,"damage_taken":0.0}],"is_beta":false,"boss_relics":[{"not_picked":["FixedStarFall","REME_DemonsWealth"],"picked":"PatriotShield"}],"items_purged_floors":[],"is_endless":false,"potions_floor_spawned":[1,3,3,8,10,16],"ascension_level":1}}