{"host":"121m0oxswv9tg9hk","time":1613750010,"event":{"mods":["BaseMod","Better Altar","Better Third Choice","Hermit","Hubris","Ironclad Rager","Minty Spire (QoL Compilation)","Replay The Spire","Shade Mod","StSLib","The Disciple"],"gold_per_floor":[109,119,119,119,119,119,8,47,117,117,167,38,73,105,105,242,542,574,568,568,589,589,589,589],"floor_reached":23,"language":"ENG","playtime":1820,"items_purged":["Defend_Br"],"score":224,"play_id":"9754945a-d097-44ff-94f3-f91c012d217a","local_time":"20210219165330","is_ascension_mode":false,"campfire_choices":[{"data":"PatternShift","floor":6,"key":"SMITH"},{"data":"Goo","floor":15,"key":"SMITH"}],"circlet_count":0,"master_deck":["Strike_Br","Strike_Br","Strike_Br","Strike_Br","Defend_Br","Defend_Br","Defend_Br","PatternShift+1","LockedBlood","WindUp","White Noise","Goo+9","LockedMawBank","ExoVibe","Break","ExoVibe","TiringSlam","LockedLightning","CurseOfTheBell","WatchCommand+1","Goo+9","Allargando"],"relics":["NeowsBlessing","m_MercuryCore","Golden Idol","Happy Flower","Pantograph","Blue Candle","Replay:WaspNest","Calling Bell","Old Coin","MealTicket","Matryoshka"],"acts_visited":["Exordium","TheCity"],"potions_floor_usage":[16,19,21,23],"damage_taken":[{"damage":0,"enemies":"Small Slimes","floor":1,"turns":1},{"damage":0,"enemies":"Jaw Worm","floor":2,"turns":1},{"damage":0,"enemies":"3 Sentries","floor":8,"turns":1},{"damage":19,"enemies":"Gremlin Nob","floor":11,"turns":6},{"damage":0,"enemies":"2 Louse","floor":13,"turns":4},{"damage":10,"enemies":"Looter","floor":14,"turns":3},{"damage":35,"enemies":"Fading Forest","floor":16,"turns":11},{"damage":18,"enemies":"Spheric Guardian","floor":18,"turns":8},{"damage":27,"enemies":"2 Thieves","floor":19,"turns":4},{"damage":34,"enemies":"3 Cultists","floor":21,"turns":6},{"damage":34,"enemies":"Book of Stabbing","floor":23,"turns":4}],"seed_played":"1771318807837906384","potions_obtained":[{"floor":8,"key":"Regen Potion"},{"floor":11,"key":"SpeedPotion"},{"floor":16,"key":"PowerPotion"},{"floor":18,"key":"Weak Potion"},{"floor":21,"key":"LiquidBronze"}],"is_trial":false,"path_per_floor":["M","M","?","?","?","R","$","E","T","T","E","$","M","M","R","B",null,"M","M","?","M","?","E"],"character_chosen":"CHRONO_CLASS","items_purchased":["Goo","LockedMawBank","ExoVibe"],"campfire_rested":0,"item_purchase_floors":[7,7,12],"current_hp_per_floor":[65,65,65,65,49,49,49,49,49,49,36,36,40,34,34,42,65,53,28,28,15,15,0,0],"gold":589,"neow_bonus":"THREE_ENEMY_KILL","is_daily":false,"chose_seed":false,"campfire_upgraded":2,"win_rate":0.0,"timestamp":1613750010,"path_taken":["M","M","?","?","?","R","$","E","T","?","E","$","M","M","R","BOSS","M","M","?","?","?","E"],"items_purchased_type":["Card","Card","Card"],"build_version":"2020-12-22","purchased_purges":1,"victory":false,"max_hp_per_floor":[65,65,65,65,65,65,65,65,65,65,65,65,65,65,65,65,65,65,65,65,65,65,65,65],"card_choices":[{"not_picked":["Keepsakes","HandsUpB"],"picked":"LockedBlood","floor":1},{"not_picked":["DaylightSavings","Break"],"picked":"WindUp","floor":2},{"not_picked":["ReapSow","Flay"],"picked":"ExoVibe","floor":8},{"not_picked":["VestedLegacy","LockedMedicine"],"picked":"Break","floor":11},{"not_picked":["Engulf","HandsUpB","AlternateTimeline"],"picked":"SKIP","floor":13},{"not_picked":["ExoVibe","Engulf"],"picked":"TiringSlam","floor":14},{"not_picked":["BackFourSeconds","LockedBell"],"picked":"LockedLightning","floor":16},{"not_picked":["Echoward","AlternateTimeline+1","LockedWhetstone"],"picked":"SKIP","floor":18},{"not_picked":["AlternateTimeline","MasterKey"],"picked":"WatchCommand+1","floor":19},{"not_picked":["LockedWhetstone","BiteCommand"],"picked":"Tempo","floor":21}],"player_experience":2379647,"relics_obtained":[{"floor":8,"key":"Happy Flower"},{"floor":9,"key":"Pantograph"},{"floor":10,"key":"Blue Candle"},{"floor":11,"key":"Replay:WaspNest"},{"floor":17,"key":"Old Coin"},{"floor":17,"key":"MealTicket"},{"floor":17,"key":"Matryoshka"}],"event_choices":[{"damage_healed":0,"gold_gain":0,"player_choice":"Ignored","damage_taken":119,"max_hp_gain":0,"max_hp_loss":0,"event_name":"betterThird:BetterSerpent","floor":3,"gold_loss":0},{"damage_healed":0,"gold_gain":0,"player_choice":"Take Damage","damage_taken":16,"relics_obtained":["Golden Idol"],"max_hp_gain":0,"max_hp_loss":0,"event_name":"Golden Idol","floor":5,"gold_loss":0},{"damage_healed":0,"gold_gain":0,"player_choice":"Copied","damage_taken":0,"max_hp_gain":0,"max_hp_loss":0,"event_name":"Duplicator","floor":20,"gold_loss":0,"cards_obtained":["Goo"]}],"is_beta":false,"boss_relics":[{"not_picked":["hubris:CrackedHourglass","Replay:Grab Bag"],"picked":"Calling Bell"}],"items_purged_floors":[12],"is_endless":false,"potions_floor_spawned":[8,11,16,18,21],"killed_by":"Book of Stabbing","ascension_level":0}}