{"host":"xr2w6q7a088fu8w2","time":1613729229,"event":{"mods":["AchievementEnabler","BaseMod","Colored Powertips","Good Game Mod","Mimic Mod","Minty Spire (QoL Compilation)","MostiFishMod","Reliquary","StSLib","UnlockEverythingMod"],"gold_per_floor":[113,113,124,139,64,90,90,90,90,90,101,1,1,11,11,113,113,123,123,38,38,52,52,66,66,66,66,81,101,101,114,114,213,213,231,246,246,18,34,34,48,48,129,142,142,170,183,215,215,215],"floor_reached":51,"language":"ZHS","playtime":1923,"items_purged":["Defend_G","Strike_G","Bite"],"score":1064,"play_id":"5f2d2021-fa8b-41f4-ae28-2cfa36856fc8","local_time":"20210219180709","is_ascension_mode":true,"campfire_choices":[{"data":"MostiFishMod:RacingGame","floor":7,"key":"SMITH"},{"data":"Die Die Die","floor":10,"key":"SMITH"},{"data":"Flying Knee","floor":15,"key":"SMITH"},{"data":"Deflect","floor":23,"key":"SMITH"},{"data":"Bite","floor":25,"key":"SMITH"},{"data":"Bite","floor":27,"key":"SMITH"},{"data":"Bane","floor":30,"key":"SMITH"},{"data":"Bite","floor":32,"key":"SMITH"},{"data":"Defend_G","floor":40,"key":"SMITH"},{"data":"Defend_G","floor":42,"key":"SMITH"},{"data":"Defend_G","floor":45,"key":"SMITH"},{"data":"Bite","floor":49,"key":"SMITH"}],"circlet_count":0,"master_deck":["AscendersBane","Defend_G","Defend_G+1","Defend_G+1","Defend_G+1","Survivor+1","Neutralize+1","MostiFishMod:RacingGame+1","Deflect+1","Flying Knee+1","Die Die Die+1","Bane+1","Bite+1","Bite+1","Bite+1","Bite+1","Backstab+1","Poisoned Stab+1","Parasite"],"relics":["Ring of the Snake","REME:ComplimentaryCards","DaveBox","ArrowTower","reliquary:Buckler","SynthV:TestCard","reliquary:JackalopeAntler","ChiXiaoBlade","Darkstone Periapt","reliquary:HotPoker","Busted Crown","Darkstone Periapt","reliquary:RadioactivePellet","reliquary:Pushpin"],"acts_visited":["Exordium","TheCity","TheBeyond"],"potions_floor_usage":[6,16,16,33,33,39,44,46,50,50],"damage_taken":[{"damage":0,"enemies":"Jaw Worm","floor":1,"turns":3},{"damage":0,"enemies":"Cultist","floor":3,"turns":3},{"damage":0,"enemies":"2 Louse","floor":4,"turns":3},{"damage":1,"enemies":"Gremlin Nob","floor":6,"turns":3},{"damage":1,"enemies":"Looter","floor":11,"turns":2},{"damage":0,"enemies":"Blue Slaver","floor":14,"turns":2},{"damage":7,"enemies":"The Guardian","floor":16,"turns":5},{"damage":0,"enemies":"Spheric Guardian","floor":18,"turns":3},{"damage":0,"enemies":"Shell Parasite","floor":22,"turns":2},{"damage":0,"enemies":"Snake Plant","floor":24,"turns":2},{"damage":0,"enemies":"Snecko","floor":28,"turns":3},{"damage":14,"enemies":"Centurion and Healer","floor":29,"turns":3},{"damage":0,"enemies":"Chosen and Byrds","floor":31,"turns":2},{"damage":24,"enemies":"Collector","floor":33,"turns":4},{"damage":0,"enemies":"3 Darklings","floor":35,"turns":1},{"damage":20,"enemies":"3 Shapes","floor":36,"turns":2},{"damage":6,"enemies":"3 Darklings","floor":39,"turns":3},{"damage":8,"enemies":"4 Shapes","floor":41,"turns":2},{"damage":30,"enemies":"Writhing Mass","floor":44,"turns":4},{"damage":77,"enemies":"Nemesis","floor":46,"turns":5},{"damage":0,"enemies":"Transient","floor":47,"turns":5},{"damage":1,"enemies":"Giant Head","floor":48,"turns":4},{"damage":35,"enemies":"Awakened One","floor":50,"turns":6}],"seed_played":"7971000092753328755","potions_obtained":[{"floor":1,"key":"Energy Potion"},{"floor":4,"key":"EssenceOfSteel"},{"floor":14,"key":"Strength Potion"},{"floor":18,"key":"Poison Potion"},{"floor":24,"key":"FairyPotion"},{"floor":28,"key":"Block Potion"},{"floor":39,"key":"AttackPotion"},{"floor":47,"key":"EssenceOfSteel"},{"floor":48,"key":"EssenceOfSteel"}],"is_trial":false,"path_per_floor":["M","?","M","M","$","E","R","?","T","R","M","$","?","M","R","B",null,"M","?","?","$","M","R","M","R","T","R","M","M","R","M","R","B",null,"M","M","?","$","M","R","M","R","T","M","R","E","M","E","R","B",null],"character_chosen":"THE_SILENT","items_purchased":["SpeedPotion","SteroidPotion"],"campfire_rested":0,"item_purchase_floors":[38,38],"current_hp_per_floor":[63,63,63,63,63,62,62,62,62,62,61,61,66,66,66,59,71,71,52,52,52,52,52,52,52,52,52,52,47,47,50,50,35,48,51,38,38,38,49,49,45,45,45,45,45,18,61,61,61,61],"gold":215,"neow_bonus":"RANDOM_COMMON_RELIC","is_daily":false,"chose_seed":false,"campfire_upgraded":12,"win_rate":0.0,"timestamp":1613729229,"path_taken":["M","?","M","M","$","E","R","?","T","R","?","$","?","M","R","BOSS","M","?","?","$","M","R","M","R","T","R","M","M","R","M","R","BOSS","M","M","?","$","M","R","M","R","T","M","R","E","M","E","R","BOSS"],"items_purchased_type":["Potion","Potion"],"build_version":"2020-12-22","purchased_purges":3,"victory":true,"max_hp_per_floor":[70,70,70,70,70,70,70,70,70,70,70,70,75,75,75,75,75,75,52,52,52,52,52,52,52,52,52,52,52,52,52,52,52,52,52,52,49,49,49,49,49,49,49,61,61,61,61,61,61,61],"card_choices":[{"not_picked":["Prepared","Noxious Fumes","Dagger Spray"],"picked":"SKIP","floor":1},{"not_picked":["Sucker Punch","Dagger Throw","Backflip","Acrobatics"],"picked":"Deflect","floor":3},{"not_picked":["Well Laid Plans","Cloak And Dagger","Storm of Steel","Masterful Stab"],"picked":"Flying Knee","floor":4},{"not_picked":["Backflip","Accuracy","Heel Hook","Quick Slash"],"picked":"Die Die Die","floor":6},{"not_picked":["Dagger Throw","Riddle With Holes","Blade Dance","Footwork"],"picked":"Bane","floor":11},{"not_picked":["Dagger Throw","Terror","Calculated Gamble","Flying Knee","Skewer"],"picked":"SKIP","floor":14},{"not_picked":["Underhanded Strike+1","Masterful Stab","Slice","Prepared","Acrobatics"],"picked":"SKIP","floor":18},{"not_picked":["MostiFishMod:Confrontation","Underhanded Strike","Sucker Punch+1","Crippling Poison"],"picked":"Backstab+1","floor":22},{"not_picked":["Setup","Deflect","Backflip","Dodge and Roll+1","Expertise"],"picked":"SKIP","floor":24},{"not_picked":["Noxious Fumes","Calculated Gamble","Prepared","Endless Agony+1"],"picked":"Poisoned Stab+1","floor":28},{"not_picked":["MostiFishMod:FrostNova","Flying Knee","Dodge and Roll","Tactician","Poisoned Stab"],"picked":"SKIP","floor":29},{"not_picked":["Blade Dance+1","Phantasmal Killer","Deflect+1","Distraction+1","Bane"],"picked":"SKIP","floor":31},{"not_picked":["PiercingWail+1","MostiFishMod:ThornCasing+1","Outmaneuver"],"picked":"SKIP","floor":35},{"not_picked":["MostiFishMod:PoisonShield+1","Setup","Slice+1"],"picked":"SKIP","floor":36},{"not_picked":["Underhanded Strike+1","Choke","Acrobatics+1"],"picked":"SKIP","floor":39},{"not_picked":["Calculated Gamble","MostiFishMod:InvigoratingSolution","Deadly Poison"],"picked":"SKIP","floor":41},{"not_picked":["Prepared","Quick Slash+1","MostiFishMod:FrostNova+1"],"picked":"SKIP","floor":44},{"not_picked":["Dodge and Roll+1","MostiFishMod:PoisonShield+1","Catalyst+1"],"picked":"SKIP","floor":46},{"not_picked":["Cloak And Dagger","Prepared","MostiFishMod:PerfectParry+1"],"picked":"SKIP","floor":47},{"not_picked":["Acrobatics+1","Slice","Backflip"],"picked":"SKIP","floor":48}],"player_experience":122353,"relics_obtained":[{"floor":1,"key":"SynthV:TestCard"},{"floor":9,"key":"reliquary:JackalopeAntler"},{"floor":26,"key":"reliquary:HotPoker"},{"floor":43,"key":"reliquary:SculptingSteel"},{"floor":46,"key":"reliquary:RadioactivePellet"},{"floor":48,"key":"reliquary:Pushpin"}],"event_choices":[{"damage_healed":0,"gold_gain":0,"player_choice":"Ignored","damage_taken":0,"max_hp_gain":0,"max_hp_loss":0,"event_name":"Liars Game","floor":2,"gold_loss":0},{"damage_healed":0,"gold_gain":0,"player_choice":"Bought 0 Potions","damage_taken":0,"max_hp_gain":0,"max_hp_loss":0,"event_name":"The Woman in Blue","floor":8,"gold_loss":0},{"damage_healed":0,"gold_gain":0,"player_choice":"Donut","damage_taken":0,"max_hp_gain":5,"max_hp_loss":0,"event_name":"Big Fish","floor":13,"gold_loss":0},{"damage_healed":0,"gold_gain":0,"player_choice":"Became a vampire","damage_taken":0,"max_hp_gain":0,"max_hp_loss":23,"event_name":"Vampires","floor":19,"gold_loss":0,"cards_obtained":["Bite","Bite","Bite","Bite","Bite"]},{"damage_healed":0,"gold_gain":0,"player_choice":"Obtained Relic","damage_taken":0,"relics_obtained":["Darkstone Periapt"],"max_hp_gain":0,"max_hp_loss":0,"event_name":"Addict","floor":20,"gold_loss":85},{"damage_healed":0,"gold_gain":0,"player_choice":"Max HP","damage_taken":0,"max_hp_gain":0,"max_hp_loss":3,"event_name":"Winding Halls","floor":37,"gold_loss":0}],"is_beta":false,"boss_relics":[{"not_picked":["MoonlightInvasionPlan","Sozu"],"picked":"ChiXiaoBlade"},{"not_picked":["Coffee Dripper","HoveringKite"],"picked":"Busted Crown"}],"items_purged_floors":[5,12,38],"is_endless":false,"potions_floor_spawned":[1,4,14,18,24,28,39,41,47,48],"ascension_level":10}}