{"host":"g2yp6paluzgljz05","time":1613734563,"event":{"mods":["BaseMod","Bestiary","Colored Powertips","DeckTracker","Highlight Path","Minty Spire (QoL Compilation)","Quick Restart"],"gold_per_floor":[117,6,6,6,18,51,15,15,15,15,31,62,62,75,75,75,75],"floor_reached":16,"language":"ENG","playtime":477,"items_purged":["Strike_B"],"score":166,"play_id":"65ae1d81-517b-4f34-adeb-7fdabe52e6bf","local_time":"20210219223603","is_ascension_mode":true,"campfire_choices":[{"data":"Zap","floor":8,"key":"SMITH"},{"data":"Chaos","floor":10,"key":"SMITH"},{"data":"Reprogram","floor":13,"key":"SMITH"},{"data":"Gash","floor":15,"key":"SMITH"}],"circlet_count":0,"master_deck":["Strike_B","Strike_B","Strike_B","Defend_B","Defend_B","Defend_B","Defend_B","Zap+1","Dualcast","Coolheaded","Self Repair","Chaos+1","Glacier","Scrape","Gash+1","Reprogram+1","Rebound"],"relics":["Cracked Core","NeowsBlessing","CultistMask","Matryoshka","HornCleat","InkBottle"],"acts_visited":["Exordium"],"potions_floor_usage":[],"damage_taken":[{"damage":0,"enemies":"2 Louse","floor":1,"turns":1},{"damage":0,"enemies":"Cultist","floor":5,"turns":1},{"damage":0,"enemies":"Lagavulin","floor":6,"turns":1},{"damage":2,"enemies":"Jaw Worm","floor":11,"turns":4},{"damage":14,"enemies":"Gremlin Nob","floor":12,"turns":5},{"damage":0,"enemies":"Blue Slaver","floor":14,"turns":3},{"damage":42,"enemies":"The Guardian","floor":16,"turns":7}],"seed_played":"-3555862975770621440","potions_obtained":[{"floor":12,"key":"PotionOfCapacity"},{"floor":14,"key":"Swift Potion"}],"is_trial":false,"path_per_floor":["M","$","?","$","M","E","$","R","T","R","M","E","R","M","R","B"],"character_chosen":"DEFECT","items_purchased":["Self Repair","Scrape"],"campfire_rested":0,"item_purchase_floors":[2,7],"current_hp_per_floor":[75,75,75,75,75,75,75,75,75,75,73,59,59,66,66,24,24],"gold":75,"neow_bonus":"THREE_ENEMY_KILL","is_daily":false,"chose_seed":false,"campfire_upgraded":4,"win_rate":0.0,"timestamp":1613734563,"path_taken":["M","$","?","$","M","E","?","R","T","R","?","E","R","M","R","BOSS"],"items_purchased_type":["Card","Card"],"build_version":"2020-12-22","purchased_purges":1,"victory":false,"max_hp_per_floor":[75,75,75,75,75,75,75,75,75,75,75,75,75,75,75,75,75],"card_choices":[{"not_picked":["Genetic Algorithm","Cold Snap"],"picked":"Coolheaded","floor":1},{"not_picked":["Leap","Sunder","Chaos"],"picked":"SKIP","floor":5},{"not_picked":["Leap","Sunder"],"picked":"Chaos","floor":5},{"not_picked":["Stack","Redo"],"picked":"Glacier","floor":6},{"not_picked":["Leap","Compile Driver"],"picked":"Gash","floor":11},{"not_picked":["Redo","Doom and Gloom"],"picked":"Reprogram","floor":12},{"not_picked":["Steam","Cold Snap"],"picked":"Rebound","floor":14}],"player_experience":398071,"relics_obtained":[{"floor":6,"key":"Matryoshka"},{"floor":9,"key":"HornCleat"},{"floor":12,"key":"InkBottle"}],"event_choices":[{"damage_healed":0,"gold_gain":0,"player_choice":"Trade","damage_taken":0,"relics_obtained":["CultistMask"],"max_hp_gain":0,"max_hp_loss":0,"event_name":"FaceTrader","floor":3,"gold_loss":0}],"is_beta":false,"boss_relics":[],"items_purged_floors":[2],"is_endless":false,"potions_floor_spawned":[12,14],"killed_by":"The Guardian","ascension_level":5}}