{"host":"oigynbtg272c19pw","time":1613735749,"event":{"mods":["BaseMod","Colored Map","Minty Spire (QoL Compilation)","Relic Stats","Slay the Relics Exporter","StSLib"],"gold_per_floor":[118,118,138,138,5,36,54,95,120,120,120],"floor_reached":10,"playtime":225,"items_purged":["Strike_B"],"score":202,"play_id":"effd0b4e-0f78-482b-9add-3b996a559d55","local_time":"20210219125549","is_ascension_mode":true,"campfire_choices":[],"circlet_count":0,"master_deck":["AscendersBane","Strike_B","Strike_B","Strike_B","Defend_B","Defend_B","Defend_B","Defend_B","Zap","Dualcast","Gash","Compile Driver","Coolheaded","Cold Snap","Static Discharge","FTL"],"relics":["Cracked Core","NeowsBlessing","Golden Idol","Boot","Centennial Puzzle","CeramicFish"],"acts_visited":["Exordium"],"potions_floor_usage":[10],"damage_taken":[{"damage":0,"enemies":"Jaw Worm","floor":1,"turns":1},{"damage":0,"enemies":"Cultist","floor":3,"turns":1},{"damage":0,"enemies":"Gremlin Nob","floor":6,"turns":1},{"damage":0,"enemies":"Small Slimes","floor":7,"turns":3},{"damage":20,"enemies":"Lagavulin","floor":8,"turns":8},{"damage":38,"enemies":"Gremlin Nob","floor":10,"turns":3}],"seed_played":"-7398927840567865566","potions_obtained":[{"floor":7,"key":"PotionOfCapacity"}],"is_trial":false,"path_per_floor":["M","?","M","?","$","E","M","E","T","E"],"character_chosen":"DEFECT","items_purchased":["Coolheaded"],"campfire_rested":0,"item_purchase_floors":[5],"current_hp_per_floor":[64,71,71,47,47,47,47,27,27,0,0],"gold":120,"neow_bonus":"THREE_ENEMY_KILL","is_daily":false,"chose_seed":false,"campfire_upgraded":0,"win_rate":0.0,"timestamp":1613735749,"path_taken":["M","?","?","?","?","E","M","E","T","E"],"items_purchased_type":["Card"],"build_version":"2020-12-13","purchased_purges":1,"victory":false,"max_hp_per_floor":[71,71,71,71,71,71,71,71,71,71,71],"relic_stats":{"Centennial Puzzle":[3],"counters":[6,17],"Golden Idol":18,"CeramicFish":0,"Boot":[7],"obtain_stats":[{"Centennial Puzzle":8,"NeowsBlessing":0,"Golden Idol":4,"CeramicFish":9,"Cracked Core":0,"Boot":6},{"Centennial Puzzle":5,"NeowsBlessing":0,"Golden Idol":2,"CeramicFish":5,"Cracked Core":0,"Boot":3},{"Centennial Puzzle":14,"NeowsBlessing":0,"Golden Idol":2,"CeramicFish":14,"Cracked Core":0,"Boot":3}]},"card_choices":[{"not_picked":["Go for the Eyes","Leap"],"picked":"Gash","floor":1},{"not_picked":["Darkness","Steam Power"],"picked":"Compile Driver","floor":3},{"not_picked":["Blizzard","Consume"],"picked":"Cold Snap","floor":6},{"not_picked":["Cold Snap","Compile Driver"],"picked":"Static Discharge","floor":7},{"not_picked":["Conserve Battery","Recycle"],"picked":"FTL","floor":8}],"player_experience":1628068,"relics_obtained":[{"floor":6,"key":"Boot"},{"floor":8,"key":"Centennial Puzzle"},{"floor":9,"key":"CeramicFish"}],"event_choices":[{"damage_healed":7,"gold_gain":0,"player_choice":"Full Heal","damage_taken":0,"max_hp_gain":0,"max_hp_loss":0,"event_name":"Wheel of Change","floor":2,"gold_loss":0},{"damage_healed":0,"gold_gain":0,"player_choice":"Take Damage","damage_taken":24,"relics_obtained":["Golden Idol"],"max_hp_gain":0,"max_hp_loss":0,"event_name":"Golden Idol","floor":4,"gold_loss":0}],"is_beta":false,"boss_relics":[],"items_purged_floors":[5],"is_endless":false,"potions_floor_spawned":[7],"killed_by":"Gremlin Nob","ascension_level":20}}