{"host":"nsc6ozq3atyrdr3m","time":1613763766,"event":{"mods":["BaseMod","Colored Map","Minty Spire (QoL Compilation)"],"gold_per_floor":[112,112,125,90,110,110,142,142,191,267,287,287,303,303,303,408,408,427,447,447,460,560,560,560,560],"floor_reached":24,"language":"FRA","playtime":447,"items_purged":[],"score":255,"play_id":"835b3092-d0b2-4cd0-ba8e-24f8825224a7","local_time":"20210219204246","is_ascension_mode":true,"campfire_choices":[{"data":"Doom and Gloom","floor":6,"key":"SMITH"},{"floor":8,"key":"REST"},{"data":"Multi-Cast","floor":12,"key":"SMITH"},{"floor":15,"key":"REST"},{"floor":23,"key":"REST"}],"circlet_count":0,"master_deck":["Strike_B","Strike_B","Strike_B","Defend_B","Defend_B","Defend_B","Defend_B","Zap","Dualcast","Multi-Cast+1","Gash","Hologram","Doom and Gloom+1","Rebound","Auto Shields","Steam","Creative AI","Sunder+1","Steam"],"relics":["Cracked Core","Boot","Vajra","DataDisk","Cursed Key"],"acts_visited":["Exordium","TheCity"],"potions_floor_usage":[24],"damage_taken":[{"damage":8,"enemies":"Small Slimes","floor":1,"turns":3},{"damage":1,"enemies":"Cultist","floor":3,"turns":3},{"damage":5,"enemies":"2 Louse","floor":5,"turns":3},{"damage":37,"enemies":"Lagavulin","floor":7,"turns":6},{"damage":3,"enemies":"Exordium Wildlife","floor":11,"turns":2},{"damage":0,"enemies":"Red Slaver","floor":13,"turns":3},{"damage":18,"enemies":"Slime Boss","floor":16,"turns":7},{"damage":40,"enemies":"Chosen","floor":18,"turns":6},{"damage":0,"enemies":"Spheric Guardian","floor":19,"turns":2},{"damage":21,"enemies":"3 Cultists","floor":21,"turns":4},{"damage":33,"enemies":"Book of Stabbing","floor":24,"turns":4}],"seed_played":"1736411887945271727","potions_obtained":[{"floor":5,"key":"FocusPotion"},{"floor":7,"key":"GamblersBrew"},{"floor":13,"key":"PotionOfCapacity"},{"floor":19,"key":"LiquidMemories"}],"is_trial":false,"path_per_floor":["M","?","M","$","M","R","E","R","T","?","M","R","M","?","R","B",null,"M","M","?","M","?","R","E"],"character_chosen":"DEFECT","items_purchased":["Doom and Gloom"],"campfire_rested":3,"item_purchase_floors":[4],"current_hp_per_floor":[60,60,59,59,54,54,17,39,39,39,36,36,36,33,55,37,66,26,26,26,5,5,27,0,0],"gold":560,"neow_bonus":"ONE_RANDOM_RARE_CARD","is_daily":false,"chose_seed":false,"campfire_upgraded":2,"win_rate":0.0,"timestamp":1613763766,"path_taken":["M","?","M","$","?","R","E","R","T","?","M","R","M","?","R","BOSS","M","M","?","?","?","R","E"],"items_purchased_type":["Card"],"build_version":"2020-12-22","purchased_purges":0,"victory":false,"max_hp_per_floor":[75,75,75,75,75,75,75,75,75,75,75,75,75,75,75,75,75,75,75,75,75,75,75,75,75],"card_choices":[{"not_picked":["Chill","Cold Snap"],"picked":"Gash","floor":1},{"not_picked":["Recycle","Genetic Algorithm"],"picked":"Hologram","floor":3},{"not_picked":["Ball Lightning","Compile Driver"],"picked":"Rebound","floor":5},{"not_picked":["Beam Cell","Steam"],"picked":"Auto Shields","floor":7},{"not_picked":["Ball Lightning","Glacier","Blizzard"],"picked":"SKIP","floor":11},{"not_picked":["Rainbow","Sweeping Beam"],"picked":"Steam","floor":13},{"not_picked":["Thunder Strike","Hyperbeam"],"picked":"Creative AI","floor":16},{"not_picked":["Cold Snap+1","Sweeping Beam+1","Aggregate"],"picked":"SKIP","floor":18},{"not_picked":["Rebound","Seek"],"picked":"Sunder+1","floor":19},{"not_picked":["Barrage","Coolheaded"],"picked":"Steam","floor":21}],"player_experience":431165,"relics_obtained":[{"floor":7,"key":"Boot"},{"floor":9,"key":"Vajra"}],"event_choices":[{"damage_healed":0,"gold_gain":0,"player_choice":"Bought 0 Potions","damage_taken":0,"max_hp_gain":0,"max_hp_loss":0,"event_name":"The Woman in Blue","floor":2,"gold_loss":0},{"damage_healed":0,"gold_gain":76,"player_choice":"Gained Gold","damage_taken":0,"max_hp_gain":0,"max_hp_loss":0,"event_name":"Golden Wing","floor":10,"gold_loss":0},{"damage_healed":0,"gold_gain":0,"player_choice":"Success","damage_taken":3,"relics_obtained":["DataDisk"],"max_hp_gain":0,"max_hp_loss":0,"event_name":"Scrap Ooze","floor":14,"gold_loss":0},{"cards_removed":["Strike_B"],"damage_healed":0,"gold_gain":0,"player_choice":"Offered Basic","damage_taken":0,"max_hp_gain":0,"max_hp_loss":0,"event_name":"Bonfire Elementals","floor":20,"gold_loss":0},{"damage_healed":0,"gold_gain":100,"player_choice":"Pray","damage_taken":0,"max_hp_gain":0,"max_hp_loss":0,"event_name":"Golden Shrine","floor":22,"gold_loss":0}],"is_beta":false,"boss_relics":[{"not_picked":["Nuclear Battery","Runic Pyramid"],"picked":"Cursed Key"}],"items_purged_floors":[],"is_endless":false,"potions_floor_spawned":[5,7,13,19,21],"killed_by":"Book of Stabbing","ascension_level":6}}