{"host":"4i5my69dv6e41930","time":1613707733,"event":{"mods":["AchievementEnabler","BaseMod","Minty Spire (QoL Compilation)","Relic Stats"],"gold_per_floor":[116,116,116,63,76,76,110,120,120,130,130,165,165,34,34,105,105,119,19,19,31,31,44,60,60,60,60,60,60,78,103,103,179,179,193,68,79,93,39,39,39],"floor_reached":40,"language":"ENG","playtime":2560,"items_purged":["Strike_G","Strike_G","Strike_G"],"score":978,"play_id":"7708efae-11a4-496b-9eb4-d679625b810d","local_time":"20210218230853","is_ascension_mode":true,"campfire_choices":[{"data":"Neutralize","floor":6.0,"key":"SMITH"},{"data":"Footwork","floor":11.0,"key":"SMITH"},{"data":"Blade Dance","floor":13.0,"key":"SMITH"},{"data":"Blade Dance","floor":15.0,"key":"SMITH"},{"data":"Noxious Fumes","floor":27.0,"key":"SMITH"},{"data":"Backflip","floor":29.0,"key":"SMITH"},{"data":"Noxious Fumes","floor":32.0,"key":"SMITH"}],"circlet_count":0,"master_deck":["AscendersBane","Strike_G","Defend_G","Defend_G","Defend_G","Defend_G","Defend_G","Survivor","Neutralize+1","Cloak And Dagger","Blade Dance+1","Blade Dance+1","Poisoned Stab","Footwork+1","Malaise","Backflip+1","Deadly Poison+1","Noxious Fumes+1","Calculated Gamble","Noxious Fumes+1","PiercingWail","Cloak And Dagger","Leg Sweep","Dodge and Roll"],"relics":["Ring of the Serpent","NeowsBlessing","CaptainsWheel","Meat on the Bone","Oddly Smooth Stone","Sozu","Prayer Wheel","Bottled Lightning","Centennial Puzzle"],"acts_visited":["Exordium","TheCity","TheBeyond"],"potions_floor_usage":[],"damage_taken":[{"damage":0.0,"enemies":"Jaw Worm","floor":1.0,"turns":1.0},{"damage":0.0,"enemies":"2 Louse","floor":5.0,"turns":1.0},{"damage":0.0,"enemies":"Lagavulin","floor":7.0,"turns":1.0},{"damage":0.0,"enemies":"Cultist","floor":8.0,"turns":2.0},{"damage":3.0,"enemies":"Exordium Thugs","floor":10.0,"turns":6.0},{"damage":38.0,"enemies":"Gremlin Nob","floor":12.0,"turns":5.0},{"damage":0.0,"enemies":"The Guardian","floor":16.0,"turns":15.0},{"damage":0.0,"enemies":"Spheric Guardian","floor":18.0,"turns":5.0},{"damage":3.0,"enemies":"Shell Parasite","floor":21.0,"turns":7.0},{"damage":18.0,"enemies":"Cultist and Chosen","floor":23.0,"turns":10.0},{"damage":0.0,"enemies":"Snake Plant","floor":24.0,"turns":9.0},{"damage":4.0,"enemies":"Shelled Parasite and Fungi","floor":30.0,"turns":5.0},{"damage":16.0,"enemies":"Book of Stabbing","floor":31.0,"turns":7.0},{"damage":23,"enemies":"Automaton","floor":33,"turns":11},{"damage":0,"enemies":"Orb Walker","floor":35,"turns":5},{"damage":2,"enemies":"3 Darklings","floor":37,"turns":5},{"damage":40,"enemies":"Jaw Worm Horde","floor":38,"turns":7},{"damage":33,"enemies":"Reptomancer","floor":40,"turns":2}],"seed_played":"-3831042399755555377","potions_obtained":[{"floor":7.0,"key":"SpeedPotion"}],"is_trial":false,"path_per_floor":["M","?","?","$","M","R","E","M","T","M","R","E","R","$","R","B",null,"M","$","?","M","?","M","M","?","T","R","?","R","M","E","R","B",null,"M","$","M","M","?","E"],"character_chosen":"THE_SILENT","items_purchased":["Blade Dance","Strength Potion"],"campfire_rested":0,"item_purchase_floors":[4,14],"current_hp_per_floor":[59,52,34,34,34,34,34,34,34,43,43,17,17,17,17,29,57,57,57,57,54,36,30,42,42,42,42,42,42,38,34,34,23,59,59,59,57,29,29,0,0],"gold":39,"neow_bonus":"THREE_ENEMY_KILL","is_daily":false,"chose_seed":false,"campfire_upgraded":7,"win_rate":0.0,"timestamp":1613707733,"path_taken":["M","?","?","?","?","R","E","M","T","M","R","E","R","$","R","BOSS","M","$","?","M","?","M","M","?","T","R","?","R","M","E","R","BOSS","M","$","M","?","?","E"],"items_purchased_type":["Card","Potion"],"build_version":"2020-12-22","purchased_purges":3,"victory":false,"max_hp_per_floor":[66,66,66,66,66,66,66,66,66,66,66,66,66,66,66,66,66,66,66,66,66,71,71,71,71,71,71,71,71,71,71,71,71,71,71,71,71,71,71,71,71],"relic_stats":{"Sozu":4,"Centennial Puzzle":[3],"counters":[18,104],"Prayer Wheel":4,"obtain_stats":[{"Sozu":17,"CaptainsWheel":3,"Centennial Puzzle":39,"NeowsBlessing":0,"Oddly Smooth Stone":12,"Prayer Wheel":26,"Bottled Lightning":31,"Ring of the Serpent":34,"Ring of the Snake":0,"Meat on the Bone":7},{"Sozu":7,"CaptainsWheel":1,"Centennial Puzzle":17,"NeowsBlessing":0,"Oddly Smooth Stone":6,"Prayer Wheel":11,"Bottled Lightning":13,"Ring of the Serpent":14,"Ring of the Snake":0,"Meat on the Bone":3},{"Sozu":31,"CaptainsWheel":1,"Centennial Puzzle":102,"NeowsBlessing":0,"Oddly Smooth Stone":16,"Prayer Wheel":62,"Bottled Lightning":74,"Ring of the Serpent":85,"Ring of the Snake":0,"Meat on the Bone":3}],"Meat on the Bone":96},"card_choices":[{"not_picked":["Underhanded Strike","Dodge and Roll"],"picked":"Cloak And Dagger","floor":1.0},{"not_picked":["Blur","Catalyst"],"picked":"Blade Dance","floor":5.0},{"not_picked":["Sucker Punch","Dagger Throw"],"picked":"Poisoned Stab","floor":7.0},{"not_picked":["Concentrate","Tactician","Quick Slash"],"picked":"SKIP","floor":8.0},{"not_picked":["Cloak And Dagger","Reflex"],"picked":"Footwork","floor":10.0},{"not_picked":["Dagger Throw","Sucker Punch","Terror"],"picked":"SKIP","floor":12.0},{"not_picked":["Dagger Throw","Sucker Punch","Terror"],"picked":"SKIP","floor":12.0},{"not_picked":["Doppelganger","After Image"],"picked":"Malaise","floor":16.0},{"not_picked":["Blade Dance","Tactician","Dagger Throw+1"],"picked":"SKIP","floor":18.0},{"not_picked":["Outmaneuver","Blade Dance"],"picked":"Backflip","floor":21.0},{"not_picked":["Deflect","Endless Agony","Quick Slash"],"picked":"SKIP","floor":23.0},{"not_picked":["Prepared","Glass Knife"],"picked":"Deadly Poison","floor":24.0},{"not_picked":["Prepared","Flying Knee"],"picked":"Calculated Gamble","floor":30.0},{"not_picked":["Setup","Finisher+1","Concentrate"],"picked":"SKIP","floor":30.0},{"not_picked":["Skewer","Bouncing Flask"],"picked":"Noxious Fumes","floor":31.0},{"not_picked":["Backstab","Acrobatics+1"],"picked":"PiercingWail","floor":35},{"not_picked":["Sucker Punch","Slice"],"picked":"Cloak And Dagger","floor":35},{"not_picked":["Choke","Backflip"],"picked":"Leg Sweep","floor":37},{"not_picked":["Bane","Envenom"],"picked":"Dodge and Roll","floor":37},{"not_picked":["Prepared","Dash","Distraction"],"picked":"SKIP","floor":38},{"not_picked":["Deadly Poison","Accuracy+1","Setup"],"picked":"SKIP","floor":38}],"player_experience":56197,"relics_obtained":[{"floor":7.0,"key":"Meat on the Bone"},{"floor":12.0,"key":"Oddly Smooth Stone"},{"floor":26.0,"key":"Prayer Wheel"},{"floor":31.0,"key":"Bottled Lightning"}],"event_choices":[{"cards_removed":["Strike_G"],"damage_healed":0.0,"max_hp_gain":0.0,"max_hp_loss":0.0,"gold_gain":0.0,"event_name":"Golden Wing","player_choice":"Card Removal","floor":2.0,"gold_loss":0.0,"damage_taken":7.0},{"damage_healed":0.0,"max_hp_gain":0.0,"max_hp_loss":0.0,"gold_gain":0.0,"event_name":"Scrap Ooze","player_choice":"Success","floor":3.0,"gold_loss":0.0,"damage_taken":18.0,"relics_obtained":["CaptainsWheel"]},{"damage_healed":0.0,"max_hp_gain":5.0,"max_hp_loss":0.0,"gold_gain":0.0,"event_name":"Forgotten Altar","player_choice":"Shed Blood","floor":22.0,"gold_loss":0.0,"damage_taken":23.0},{"damage_healed":0.0,"max_hp_gain":0.0,"max_hp_loss":0.0,"gold_gain":0.0,"event_name":"The Library","player_choice":"Read","floor":25.0,"gold_loss":0.0,"damage_taken":0.0,"cards_obtained":["Noxious Fumes"]},{"damage_healed":0.0,"max_hp_gain":0.0,"max_hp_loss":0.0,"gold_gain":0.0,"event_name":"Upgrade Shrine","player_choice":"Upgraded","floor":28.0,"gold_loss":0.0,"damage_taken":0.0,"cards_upgraded":["Deadly Poison"]},{"damage_healed":0,"gold_gain":0,"player_choice":"Paid Gold","damage_taken":0,"relics_obtained":["Centennial Puzzle"],"max_hp_gain":0,"max_hp_loss":0,"event_name":"WeMeetAgain","floor":39,"gold_loss":54}],"is_beta":false,"boss_relics":[{"not_picked":["Runic Dome","HoveringKite"],"picked":"Sozu"},{"not_picked":["Astrolabe","SacredBark"],"picked":"Ring of the Serpent"}],"items_purged_floors":[14,19,36],"is_endless":false,"potions_floor_spawned":[7,21,24,30,37],"killed_by":"Reptomancer","ascension_level":20}}