{"host":"x5w9zppki4gdwvc7","time":1613768312,"event":{"mods":["AchievementEnabler","BaseMod","Colored Powertips","DeckTracker","Minty Spire (QoL Compilation)","SuperFastMode"],"gold_per_floor":[367,367,367,143,160,191,191,211,211,230,230,230,263,263,263,367,367,383,482,501,501,517,517,517],"floor_reached":23,"language":"ENG","playtime":1068,"items_purged":["Regret"],"score":199,"play_id":"bf352c56-ff41-4c39-b6a3-9b4210550474","local_time":"20210219215832","is_ascension_mode":false,"campfire_choices":[{"data":"Catalyst","floor":7,"key":"SMITH"},{"data":"Noxious Fumes","floor":11,"key":"SMITH"},{"data":"Backflip","floor":15,"key":"SMITH"}],"circlet_count":0,"master_deck":["Strike_G","Strike_G","Strike_G","Strike_G","Defend_G","Defend_G","Defend_G","Defend_G","Defend_G","Survivor","Neutralize+1","Deadly Poison","Endless Agony","Catalyst+1","Deflect","Backflip+1","Bouncing Flask","Noxious Fumes+1","Tools of the Trade","Burst","Acrobatics"],"relics":["Ring of the Snake","Blue Candle","Juzu Bracelet","Toy Ornithopter","Bag of Marbles","Philosopher\u0027s Stone"],"acts_visited":["Exordium","TheCity"],"potions_floor_usage":[12,13,16,23],"damage_taken":[{"damage":2,"enemies":"2 Louse","floor":1,"turns":3},{"damage":0,"enemies":"Jaw Worm","floor":5,"turns":4},{"damage":29,"enemies":"Lagavulin","floor":6,"turns":7},{"damage":0,"enemies":"Cultist","floor":8,"turns":3},{"damage":3,"enemies":"Looter","floor":10,"turns":3},{"damage":10,"enemies":"3 Sentries","floor":13,"turns":5},{"damage":22,"enemies":"The Guardian","floor":16,"turns":5},{"damage":20,"enemies":"2 Thieves","floor":18,"turns":4},{"damage":14,"enemies":"3 Byrds","floor":20,"turns":6},{"damage":21,"enemies":"Snake Plant","floor":22,"turns":4},{"damage":43,"enemies":"Book of Stabbing","floor":23,"turns":4}],"seed_played":"-4037923021539249170","potions_obtained":[{"floor":6,"key":"Explosive Potion"},{"floor":8,"key":"DistilledChaos"},{"floor":10,"key":"DuplicationPotion"},{"floor":12,"key":"Fruit Juice"},{"floor":12,"key":"Strength Potion"},{"floor":12,"key":"DuplicationPotion"},{"floor":22,"key":"BlessingOfTheForge"}],"is_trial":false,"path_per_floor":["M","?","?","$","M","E","R","M","T","M","R","?","E","?","R","B",null,"M","?","M","?","M","E"],"character_chosen":"THE_SILENT","items_purchased":["Endless Agony","Catalyst"],"campfire_rested":0,"item_purchase_floors":[4,4],"current_hp_per_floor":[61,54,54,54,54,25,25,25,25,22,22,32,27,27,27,10,68,48,48,34,56,35,0,0],"gold":517,"neow_bonus":"TWO_FIFTY_GOLD","is_daily":false,"chose_seed":false,"campfire_upgraded":3,"win_rate":0.0,"timestamp":1613768312,"path_taken":["M","?","?","$","M","E","R","M","T","M","R","?","E","?","R","BOSS","M","?","M","?","M","E"],"items_purchased_type":["Card","Card"],"build_version":"2020-12-22","purchased_purges":1,"victory":false,"max_hp_per_floor":[63,63,63,63,63,63,63,63,63,63,63,68,68,68,68,68,68,68,68,68,68,68,68,68],"card_choices":[{"not_picked":["Riddle With Holes","Reflex"],"picked":"Deadly Poison","floor":1},{"not_picked":["Cloak And Dagger","Bane"],"picked":"Deflect","floor":5},{"not_picked":["Slice","Deadly Poison"],"picked":"Backflip","floor":6},{"not_picked":["Endless Agony","Setup"],"picked":"Bouncing Flask","floor":8},{"not_picked":["Sucker Punch","Slice"],"picked":"Noxious Fumes","floor":10},{"not_picked":["Flechettes","All Out Attack"],"picked":"Tools of the Trade","floor":13},{"not_picked":["Bullet Time","Phantasmal Killer"],"picked":"Burst","floor":16},{"not_picked":["Cloak And Dagger","Sucker Punch"],"picked":"Acrobatics","floor":18},{"not_picked":["Deadly Poison+1","Eviscerate","Quick Slash"],"picked":"SKIP","floor":20},{"not_picked":["Dagger Spray","Eviscerate","Deadly Poison"],"picked":"SKIP","floor":22}],"player_experience":675511,"relics_obtained":[{"floor":6,"key":"Juzu Bracelet"},{"floor":9,"key":"Toy Ornithopter"},{"floor":13,"key":"Bag of Marbles"}],"event_choices":[{"cards_removed":["Strike_G"],"damage_healed":0,"gold_gain":0,"player_choice":"Card Removal","damage_taken":7,"max_hp_gain":0,"max_hp_loss":0,"event_name":"Golden Wing","floor":2,"gold_loss":0},{"damage_healed":0,"gold_gain":0,"player_choice":"Box","damage_taken":0,"relics_obtained":["Blue Candle"],"max_hp_gain":0,"max_hp_loss":0,"event_name":"Big Fish","floor":3,"gold_loss":0,"cards_obtained":["Regret"]},{"damage_healed":0,"gold_gain":0,"player_choice":"Got Potions","damage_taken":0,"max_hp_gain":0,"max_hp_loss":0,"event_name":"Lab","floor":12,"gold_loss":0},{"damage_healed":0,"gold_gain":0,"player_choice":"Grow","damage_taken":0,"max_hp_gain":0,"max_hp_loss":0,"event_name":"Living Wall","floor":14,"gold_loss":0,"cards_upgraded":["Neutralize"]},{"damage_healed":0,"gold_gain":99,"player_choice":"Stole From Cult","damage_taken":0,"max_hp_gain":0,"max_hp_loss":0,"event_name":"Nest","floor":19,"gold_loss":0},{"damage_healed":22,"gold_gain":0,"player_choice":"Heal","damage_taken":0,"max_hp_gain":0,"max_hp_loss":0,"event_name":"The Library","floor":21,"gold_loss":0}],"is_beta":false,"boss_relics":[{"not_picked":["SacredBark","Fusion Hammer"],"picked":"Philosopher\u0027s Stone"}],"items_purged_floors":[4],"is_endless":false,"potions_floor_spawned":[6,8,10,22],"killed_by":"Book of Stabbing","ascension_level":0}}