{"host":"tm8iu37e08ep7d0e","time":1613756059,"event":{"mods":["2.2 Compatiblity","AchievementEnabler","Aspiration","BaseMod","Best Route Mod","Better Match","Better Third Choice","BetterRewards","CCEM2","ChefMod","Colored Map","Gold Saver","Googly Eyes","Hermit","Ironclad Rager","Minty Spire (QoL Compilation)","Permanent Neow","Quick Restart","Shop Mod","StSLib","The Druid","The Hierophant","The Marked","The Necromancer","The Servant 0.9.4","TheWitcher"],"gold_per_floor":[782,802,802,277,292,292,312,312,312,326,344,344,375,375,375,449,449,467,467,243,243,259,259,52,52,52,52,72,122,139,153,153,231,231,247,261,261,280,280,280,308,308,308,150,150,150,150,160,160,160,160,160],"floor_reached":51,"language":"ENG","playtime":2112,"items_purged":["Strike_R","Strike_R","Injury","Strike_R"],"score":1825,"play_id":"066aad81-23f3-4314-a08a-452a71a85130","local_time":"20210219103418","is_ascension_mode":true,"campfire_choices":[{"data":"Armaments","floor":6,"key":"SMITH"},{"data":"Spot Weakness","floor":8,"key":"SMITH"},{"data":"Whirlwind","floor":12,"key":"SMITH"},{"data":"Demon Form","floor":15,"key":"SMITH"},{"data":"Barricade","floor":23,"key":"SMITH"},{"data":"Rage","floor":25,"key":"SMITH"},{"data":"Immolate","floor":27,"key":"SMITH"},{"floor":32,"key":"REST"},{"floor":40,"key":"REST"},{"data":"Limit Break","floor":42,"key":"SMITH"},{"data":"Offering","floor":47,"key":"SMITH"},{"floor":49,"key":"REST"}],"circlet_count":0,"master_deck":["AscendersBane","Defend_R","Defend_R","Defend_R","Defend_R","Bash","Offering","Wild Strike","Twin Strike","Immolate+1","Armaments+1","Flex","Impervious","Whirlwind+1","Demon Form+1","Barricade+1","Heavy Blade+1","Dropkick+1","Rage+1","Body Slam+1","Feel No Pain","Shrug It Off","Metallicize","Limit Break+1","Flame Barrier","Twin Strike+1","Disarm+1","Bludgeon+1","Offering+1","The Bomb"],"relics":["Burning Blood","CCEMRelics:SpiritsEdge","Ginger","Mango","PreservedInsect","CCEMRelics:HeirloomTomato","Champion Belt","Molten Egg 2","Velvet Choker","Magic Flower","CCEMRelics:BundleOfChain","CCEMRelics:GrapeVine","DollysMirror","CCEMRelics:BundleOfDynamite"],"acts_visited":["Exordium","TheCity","TheBeyond"],"potions_floor_usage":[38,50,50],"damage_taken":[{"damage":4,"enemies":"Jaw Worm","floor":1,"turns":3},{"damage":8,"enemies":"Small Slimes","floor":2,"turns":3},{"damage":1,"enemies":"Cultist","floor":5,"turns":3},{"damage":6,"enemies":"Looter","floor":7,"turns":3},{"damage":0,"enemies":"3 Louse","floor":10,"turns":1},{"damage":1,"enemies":"Lots of Slimes","floor":11,"turns":2},{"damage":6,"enemies":"Lagavulin","floor":13,"turns":2},{"damage":60,"enemies":"The Guardian","floor":16,"turns":11},{"damage":21,"enemies":"2 Thieves","floor":18,"turns":4},{"damage":6,"enemies":"Chosen","floor":22,"turns":3},{"damage":6,"enemies":"Centurion and Healer","floor":28,"turns":5},{"damage":6,"enemies":"3 Cultists","floor":30,"turns":5},{"damage":37,"enemies":"Cultist and Chosen","floor":31,"turns":8},{"damage":65,"enemies":"Champ","floor":33,"turns":10},{"damage":28,"enemies":"3 Shapes","floor":35,"turns":2},{"damage":16,"enemies":"Orb Walker","floor":36,"turns":3},{"damage":36,"enemies":"Transient","floor":38,"turns":6},{"damage":6,"enemies":"Nemesis","floor":41,"turns":7},{"damage":60,"enemies":"Sphere and 2 Shapes","floor":48,"turns":5},{"damage":78,"enemies":"Time Eater","floor":50,"turns":10},{"damage":18,"enemies":"Donu and Deca","floor":51,"turns":2}],"seed_played":"-5864437684919300032","potions_obtained":[{"floor":1,"key":"Swift Potion"},{"floor":2,"key":"FearPotion"},{"floor":33,"key":"BloodPotion"},{"floor":48,"key":"Weak Potion"}],"is_trial":false,"path_per_floor":["M","M","?","$","M","R","M","R","T","M","M","R","E","?","R","B",null,"M","?","$","?","M","R","$","R","T","R","M","?","M","M","R","B",null,"M","M","?","M","$","R","E","R","T","$","?","?","R","M","R","B","B"],"character_chosen":"IRONCLAD","items_purchased":["CCEMRelics:SpiritsEdge","Ginger","Offering","Wild Strike","Immolate","Armaments","Flex","PreservedInsect","Rage","Body Slam+1","Shrug It Off","DollysMirror"],"campfire_rested":3,"item_purchase_floors":[0,0,0,0,4,4,4,4,20,20,24,44],"current_hp_per_floor":[43,41,46,46,51,51,51,51,56,64,71,71,73,73,73,21,80,67,67,67,67,69,69,69,69,69,69,75,75,81,56,85,32,82,66,62,62,38,38,67,73,73,73,73,73,73,73,25,54,17,0,0],"gold":160,"neow_bonus":"","is_daily":false,"chose_seed":false,"campfire_upgraded":9,"win_rate":0.0,"timestamp":1613756058,"path_taken":["M","M","?","$","M","R","M","R","T","M","M","R","E","?","R","BOSS","M","?","?","?","M","R","$","R","T","R","M","?","?","M","R","BOSS","M","M","?","?","$","R","E","R","T","$","?","?","R","M","R","BOSS","BOSS"],"items_purchased_type":["Relic","Relic","Card","Card","Card","Card","Card","Relic","Card","Card","Card","Relic"],"build_version":"2020-12-22","purchased_purges":4,"victory":false,"max_hp_per_floor":[89,89,94,94,94,94,94,94,99,99,99,99,99,99,99,99,99,99,99,99,99,99,99,99,99,99,99,99,99,99,99,99,99,99,99,99,99,99,99,99,99,99,99,99,99,99,99,99,99,99,99,99],"card_choices":[{"not_picked":["Anger","Second Wind"],"picked":"Twin Strike","floor":1},{"not_picked":["Warcry","Pommel Strike","Burning Pact"],"picked":"SKIP","floor":2},{"not_picked":["True Grit","Wild Strike"],"picked":"Spot Weakness","floor":5},{"not_picked":["Sword Boomerang","Reckless Charge","Pommel Strike"],"picked":"SKIP","floor":7},{"not_picked":["Pummel","Perfected Strike"],"picked":"Impervious","floor":10},{"not_picked":["Evolve","Perfected Strike"],"picked":"Whirlwind","floor":11},{"not_picked":["Thunderclap","Cleave"],"picked":"Demon Form","floor":13},{"not_picked":["Feed+1","Double Tap"],"picked":"Barricade","floor":16},{"not_picked":["Headbutt+1","Combust"],"picked":"Heavy Blade+1","floor":18},{"not_picked":["Flex+1","Havoc+1"],"picked":"Feel No Pain","floor":22},{"not_picked":["Cleave+1","Warcry","Havoc"],"picked":"SKIP","floor":28},{"not_picked":["Anger+1","Sentinel"],"picked":"Metallicize","floor":30},{"not_picked":["Anger+1","Warcry","Heavy Blade+1"],"picked":"SKIP","floor":31},{"not_picked":["Demon Form","Berserk"],"picked":"Limit Break","floor":33},{"not_picked":["Feel No Pain+1","Warcry"],"picked":"Flame Barrier","floor":35},{"not_picked":["Pommel Strike+1","Sever Soul+1"],"picked":"Twin Strike+1","floor":36},{"not_picked":["Sword Boomerang+1","Flex"],"picked":"Disarm+1","floor":38},{"not_picked":["Whirlwind+1","Perfected Strike+1"],"picked":"Bludgeon+1","floor":41},{"not_picked":["Dark Shackles","Impatience"],"picked":"The Bomb","floor":45},{"not_picked":["Clash+1","Twin Strike+1","Headbutt+1"],"picked":"SKIP","floor":48}],"player_experience":1278536,"relics_obtained":[{"floor":9,"key":"CCEMRelics:HeirloomTomato"},{"floor":13,"key":"Champion Belt"},{"floor":26,"key":"Magic Flower"},{"floor":41,"key":"CCEMRelics:BundleOfChain"},{"floor":43,"key":"CCEMRelics:GrapeVine"}],"event_choices":[{"damage_healed":0,"gold_gain":0,"player_choice":"Donut","damage_taken":0,"max_hp_gain":5,"max_hp_loss":0,"event_name":"Big Fish","floor":3,"gold_loss":0},{"damage_healed":0,"gold_gain":0,"cards_transformed":["Strike_R"],"player_choice":"Transformed","damage_taken":0,"max_hp_gain":0,"max_hp_loss":0,"event_name":"Transmorgrifier","floor":19,"gold_loss":0,"cards_obtained":["Dropkick"]},{"damage_healed":0,"gold_gain":0,"player_choice":"Ignored","damage_taken":0,"max_hp_gain":0,"max_hp_loss":0,"event_name":"Vampires","floor":21,"gold_loss":0},{"damage_healed":0,"gold_gain":50,"player_choice":"Pray","damage_taken":0,"max_hp_gain":0,"max_hp_loss":0,"event_name":"Golden Shrine","floor":29,"gold_loss":0},{"cards_removed":["Strike_R"],"damage_healed":0,"gold_gain":0,"player_choice":"Purged","damage_taken":0,"max_hp_gain":0,"max_hp_loss":0,"event_name":"Purifier","floor":37,"gold_loss":0},{"damage_healed":0,"gold_gain":0,"player_choice":"Memory 1","damage_taken":0,"max_hp_gain":0,"max_hp_loss":0,"event_name":"SensoryStone","floor":45,"gold_loss":0},{"cards_removed":["Spot Weakness"],"damage_healed":0,"gold_gain":0,"player_choice":"Gave Card","damage_taken":0,"relics_obtained":["CCEMRelics:BundleOfDynamite"],"max_hp_gain":0,"max_hp_loss":0,"event_name":"WeMeetAgain","floor":46,"gold_loss":0}],"is_beta":false,"boss_relics":[{"not_picked":["Tiny House","Black Star"],"picked":"Velvet Choker"},{"not_picked":["Snecko Eye","Philosopher\u0027s Stone","Astrolabe"]}],"items_purged_floors":[0,4,20,24],"is_endless":false,"potions_floor_spawned":[1,2,11,28,33,38,48],"killed_by":"Donu and Deca","ascension_level":20}}