{"host":"6z6y4ky8uzsz1dpj","time":1613742513,"event":{"mods":["AchievementEnabler","BaseMod","BetterRewards","Challenge The Spire","Colored Map","Hubris","Minty Spire (QoL Compilation)","Quick Restart","Relic Stats","Replay The Spire","StSLib"],"gold_per_floor":[111,60,74,74,249,276,329,359,412,441,457,457,483,497,497,597,597,614,632,644,242,242,271,271,298,325,344,358,391,391,19,19,19,19],"floor_reached":33,"language":"ENG","playtime":1477,"items_purged":["Strike_R","Strike_R"],"score":438,"play_id":"452dff0a-1b27-4d6e-9ecd-5de421d4b6fb","local_time":"20210219084833","is_ascension_mode":true,"campfire_choices":[{"floor":15,"key":"REST"},{"data":"Body Slam","floor":24,"key":"SMITH"},{"data":"The Bomb","floor":32,"key":"SMITH"}],"circlet_count":0,"master_deck":["Strike_R+1","Strike_R+1","Defend_R+1","Defend_R","Defend_R","Bash","The Bomb","Finesse","Power Through","True Grit","Feel No Pain","Shrug It Off","Clothesline+1","Doubt","ReplayReversal","Ghostly Armor","Iron Wave","Armaments","Flame Barrier","Offering","Power Through","The Bomb+1","Eclipse","Hemogenesis","Immolate","Body Slam+1","Armaments","Entrench+1","hubris:ReadiedAction","Rupture","Offering","Feel No Pain","Bloodletting"],"relics":["Burning Blood","Eternal Feather","Bag of Preparation","Gremlin Food","Pen Nib","Sundial","ReplayFunnel","hubris:TerracottaHorce","DollysMirror","hubris:SphereOfDissonance","Garlic","Simple Rune","Red Mask","Golden Egg"],"acts_visited":["Exordium","TheCity"],"potions_floor_usage":[6,11,19,23,28,29,33],"damage_taken":[{"damage":0,"enemies":"Cultist","floor":1,"turns":4},{"damage":0,"enemies":"Small Slimes","floor":3,"turns":3},{"damage":20,"enemies":"3 Sentries","floor":6,"turns":5},{"damage":26,"enemies":"Lagavulin","floor":8,"turns":9},{"damage":37,"enemies":"Gremlin Nob","floor":10,"turns":6},{"damage":2,"enemies":"2 Louse","floor":11,"turns":3},{"damage":13,"enemies":"Lagavulin","floor":13,"turns":9},{"damage":0,"enemies":"Blue Slaver","floor":14,"turns":4},{"damage":31,"enemies":"The Guardian","floor":16,"turns":15},{"damage":6,"enemies":"2 Thieves","floor":18,"turns":4},{"damage":11,"enemies":"3 Byrds","floor":19,"turns":4},{"damage":8,"enemies":"Snake Plant","floor":20,"turns":5},{"damage":9,"enemies":"Slavers","floor":23,"turns":3},{"damage":40,"enemies":"Gremlin Leader","floor":25,"turns":7},{"damage":4,"enemies":"Shelled Parasite and Fungi","floor":27,"turns":4},{"damage":14,"enemies":"Centurion and Healer","floor":28,"turns":4},{"damage":4,"enemies":"Masked Bandits","floor":29,"turns":3},{"damage":75,"enemies":"Pondfish","floor":33,"turns":13}],"seed_played":"8217217255374440335","potions_obtained":[{"floor":3,"key":"SpeedPotion"},{"floor":10,"key":"Toxic Potion"},{"floor":16,"key":"PowerPotion"},{"floor":20,"key":"ColorlessPotion"},{"floor":27,"key":"Adrenaline Potion"},{"floor":28,"key":"Explosive Potion"},{"floor":29,"key":"AttackPotion"}],"is_trial":false,"path_per_floor":["M","$","M","?","?","E","T","E","T","E","M","?","E","M","R","B",null,"M","M","M","$","?","E","R","E","T","M","M","?","?","$","R","B"],"character_chosen":"IRONCLAD","items_purchased":["The Bomb","Finesse","Power Through","True Grit","Feel No Pain","Shrug It Off","DollysMirror","Eclipse","Feel No Pain","Bloodletting","Golden Egg"],"campfire_rested":1,"item_purchase_floors":[0,0,0,0,0,2,21,21,31,31,31],"current_hp_per_floor":[70,70,76,76,76,62,62,42,42,11,15,15,8,14,50,25,66,66,61,59,59,59,56,71,42,42,44,43,45,45,45,63,0,0],"gold":19,"neow_bonus":"","is_daily":false,"chose_seed":false,"campfire_upgraded":2,"win_rate":0.0,"timestamp":1613742513,"path_taken":["M","$","?","?","?","E","?","E","T","E","M","?","E","M","R","BOSS","M","M","M","$","?","E","R","E","T","M","M","?","?","?","R","BOSS"],"items_purchased_type":["Card","Card","Card","Card","Card","Card","Relic","Card","Card","Card","Relic"],"build_version":"2020-12-22","purchased_purges":2,"victory":false,"max_hp_per_floor":[80,80,80,80,80,80,80,80,80,80,80,80,80,80,80,80,80,80,80,80,80,80,80,80,80,80,80,80,80,80,80,80,80,80],"relic_stats":{"counters":[18,105],"Sundial":[8],"Eternal Feather":45,"Pen Nib":[7],"Bag of Preparation":[30],"obtain_stats":[{"Gremlin Food":8,"ReplayFunnel":13,"Golden Egg":31,"hubris:SphereOfDissonance":23,"Eternal Feather":6,"Pen Nib":9,"Bag of Preparation":7,"Burning Blood":0,"hubris:TerracottaHorce":17,"Sundial":10,"DollysMirror":21,"Simple Rune":26,"Garlic":25,"Red Mask":29},{"Gremlin Food":4,"ReplayFunnel":7,"Golden Egg":17,"hubris:SphereOfDissonance":13,"Eternal Feather":3,"Pen Nib":4,"Bag of Preparation":3,"Burning Blood":0,"hubris:TerracottaHorce":9,"Sundial":5,"DollysMirror":12,"Simple Rune":14,"Garlic":14,"Red Mask":17},{"Gremlin Food":21,"ReplayFunnel":39,"Golden Egg":92,"hubris:SphereOfDissonance":74,"Eternal Feather":12,"Pen Nib":21,"Bag of Preparation":12,"Burning Blood":0,"hubris:TerracottaHorce":58,"Sundial":27,"DollysMirror":71,"Simple Rune":81,"Garlic":81,"Red Mask":92}],"Burning Blood":102},"card_choices":[{"not_picked":["Anger","Perfected Strike","Rage"],"picked":"SKIP","floor":1},{"not_picked":["Perfected Strike","Twin Strike"],"picked":"Clothesline","floor":3},{"not_picked":["Body Slam","Shrug It Off"],"picked":"ReplayReversal","floor":6},{"not_picked":["ReplayReversal","Twin Strike","Perfected Strike"],"picked":"SKIP","floor":8},{"not_picked":["Heavy Blade","Uppercut"],"picked":"Ghostly Armor","floor":10},{"not_picked":["Havoc","Pummel"],"picked":"Iron Wave","floor":11},{"not_picked":["Headbutt","Feed"],"picked":"Armaments","floor":13},{"not_picked":["Second Wind","Life Link"],"picked":"Flame Barrier","floor":14},{"not_picked":["Brutality","Reaper"],"picked":"Offering","floor":16},{"not_picked":["Anger+1","Carnage"],"picked":"Power Through","floor":18},{"not_picked":["Heavy Blade","Massacre","Bloodletting"],"picked":"SKIP","floor":19},{"not_picked":["Clothesline","Anger","Life Link"],"picked":"SKIP","floor":20},{"not_picked":["Flex","Clothesline"],"picked":"Body Slam","floor":23},{"not_picked":["Life Link","Abandon"],"picked":"Armaments","floor":25},{"not_picked":["Perfected Strike","Searing Blow"],"picked":"Entrench+1","floor":27},{"not_picked":["Inflame","Disarm"],"picked":"hubris:ReadiedAction","floor":28},{"not_picked":["Anger","Life Link"],"picked":"Rupture","floor":29}],"player_experience":642880,"relics_obtained":[{"floor":6,"key":"Eternal Feather"},{"floor":7,"key":"Bag of Preparation"},{"floor":8,"key":"Gremlin Food"},{"floor":9,"key":"Pen Nib"},{"floor":10,"key":"Sundial"},{"floor":13,"key":"ReplayFunnel"},{"floor":23,"key":"hubris:SphereOfDissonance"},{"floor":25,"key":"Garlic"},{"floor":26,"key":"Simple Rune"},{"floor":29,"key":"Red Mask"}],"event_choices":[{"damage_healed":0,"gold_gain":175,"player_choice":"AGREE","damage_taken":0,"max_hp_gain":0,"max_hp_loss":0,"event_name":"Liars Game","floor":5,"gold_loss":0,"cards_obtained":["Doubt"]},{"damage_healed":0,"gold_gain":0,"cards_transformed":["Strike_R","Defend_R"],"player_choice":"Became Test Subject","damage_taken":0,"max_hp_gain":0,"max_hp_loss":0,"event_name":"Drug Dealer","floor":22,"gold_loss":0,"cards_obtained":["Hemogenesis","Immolate"]},{"damage_healed":0,"gold_gain":0,"player_choice":"Fought Bandits","damage_taken":0,"max_hp_gain":0,"max_hp_loss":0,"event_name":"Masked Bandits","floor":29,"gold_loss":0}],"is_beta":false,"boss_relics":[{"not_picked":["hubris:CrackedHourglass","Abe\u0027s Treasure"],"picked":"hubris:TerracottaHorce"}],"items_purged_floors":[0,21],"is_endless":false,"potions_floor_spawned":[3,10,16,20,27,28,29],"killed_by":"Pondfish","ascension_level":8}}