{"host":"9rqk712yu6s3287p","time":1613752018,"event":{"mods":["ATMod(°¢èªMod)","Act Like it!","BaseMod","CapriCore","Chen","Gensokyo","Googly Eyes","Marisa£¨ìFÓê¡¡Ä§ÀíÉ³£©","Minty Spire (QoL Compilation)","MostiFishMod","Onozuka Komachi Mod","Reimu£¨²©ÀöÁéÃÎ£©","Remilia_Scarlet Moed£¨ÀÙÃ×ÀòÑÇ¡¤Ë¹¿¨À×ÌØ£©3.3.5","Remilia£¨ÀÙÃ×ÀòÑÇ£©","RumiaBox-Â¶Ã×æ«µÄÉñÃØºÐ×Ó","StSLib","The Administrix","The Immortal","The Servant 0.9.4","Yakumo Yukari mod","Youmu£¨»êÆÇÑýÃÎ£©","Yuyuko","[IsaacMod]ÒÔÈö¼âËþ","¡¾ÒÅÎï¿¨ÅÆ¡¿REMEMod"],"gold_per_floor":[110,126,144,27,65,102,277,149,149,71,71,105,126,164,164,268,268,290,290,290,361,361,473,473,539,539,649,649,745,798,1364,1364,1484,1484,1572,1608,1608,1744,1744,1854,1934,2008,2034,2093,2093,2198,2242,2305,2305,2478],"floor_reached":51,"language":"ZHS","playtime":1786,"items_purged":["Faramita\u0027s Temptation"],"score":1534,"play_id":"7b4ed83e-f52f-486d-839a-5ae21b7f9364","local_time":"20210220002658","daily_mods":["Vintage","Heirloom","Time Dilation","Flight","Elite Swarm","Lethality","Binary"],"is_ascension_mode":false,"campfire_choices":[{"data":"Postpone Bloom","floor":11,"key":"SMITH"},{"floor":15,"key":"DIG"},{"data":"Sweet of Phantom","floor":24,"key":"SMITH"},{"data":"Sweet of Phantom","floor":32,"key":"SMITH"},{"floor":49,"key":"DIG"}],"circlet_count":0,"master_deck":["Fantasy Butterflies+1","Fantasy Butterflies+1","Fantasy Butterflies+1","Fantasy Butterflies+1","Fantasy Butterflies+1","Dreamy Sakura+1","Dreamy Sakura+1","Dreamy Sakura+1","Dreamy Sakura+1","Dreamy Sakura+1","Deathly Ground+1","Sakura Sakura+2","Postpone Bloom+1","The Way to Death+1","Full Inky Sakura+1","Sweet of Phantom+1","Unfulfilling Attachment+1","Sweet of Phantom+1","REME_Flogging+1","Scenery of Papilio+1"],"relics":["Coronal","Yuyuko\u0027s fan","Busted Crown","AT_ATBox","DaveBox","REME_ComplimentaryCards","HushsDoor","SteamSale","JellyFishMachine","Leech","AT_SunfireAegis","SynthV:TestCard","REME_PuzzleBoxRelic","SalivaCoin","BrkXgEgg","Omamori","ChaoDraw","ImprovedEquipment","PreservedInsect","Membership Card","DeadEye","Lizard Tail","Shovel","Incense Burner","Oddly Smooth Stone","Happy Flower","RedLine:ReiMu","White Beast Statue","Girya","Ancient Tea Set","Toolbox","AT_ChloranthyRing","AT_MibuBalloonWealth","Dodecahedron","Ccalipers","Ghost Lamp","SynthV:C4","Calipers","AT_BellowingDragoncrestRing","AT_EbonyIvory","Centennial Puzzle","MostiFishMod:AdaptiveDefenses","DaCapo","Bag of Marbles","Void","MagicDraw3","TheBean","Runic Pyramid","AT_SpeedBoots","Anchor","Habit","Pen Nib","AT_RedTearstoneRing","Obi","Boot","Frozen Eye","REME_ArchaeologicalTools","ZombieArmy","DoctorsRemote","AT_ArchangelStaff","InkBottle","HowToJump","Thread and Needle","PlanX"],"acts_visited":["Exordium","TheCity","TheBeyond"],"potions_floor_usage":[16,46,46,50],"damage_taken":[{"damage":2,"enemies":"Cultist","floor":1,"turns":2},{"damage":1,"enemies":"Small Slimes","floor":2,"turns":1},{"damage":1,"enemies":"Jaw Worm","floor":3,"turns":1},{"damage":14,"enemies":"2 Fungi Beasts","floor":5,"turns":2},{"damage":2,"enemies":"Lagavulin","floor":6,"turns":2},{"damage":2,"enemies":"Gremlin Nob","floor":12,"turns":2},{"damage":2,"enemies":"Exordium Thugs","floor":13,"turns":2},{"damage":2,"enemies":"3 Sentries","floor":14,"turns":2},{"damage":3,"enemies":"The Guardian","floor":16,"turns":3},{"damage":2,"enemies":"3 Byrds","floor":18,"turns":2},{"damage":1,"enemies":"2 Thieves","floor":21,"turns":1},{"damage":1,"enemies":"Gremlin Leader","floor":23,"turns":1},{"damage":1,"enemies":"Book of Stabbing","floor":25,"turns":1},{"damage":1,"enemies":"Gremlin Leader","floor":27,"turns":1},{"damage":1,"enemies":"3 Cultists","floor":29,"turns":1},{"damage":0,"enemies":"Book of Stabbing","floor":30,"turns":1},{"damage":99999997,"enemies":"Slavers","floor":31,"turns":1},{"damage":0,"enemies":"Champ","floor":33,"turns":2},{"damage":0,"enemies":"3 Shapes","floor":35,"turns":1},{"damage":0,"enemies":"Orb Walker","floor":36,"turns":1},{"damage":0,"enemies":"3 Darklings","floor":38,"turns":1},{"damage":0,"enemies":"Reptomancer","floor":40,"turns":1},{"damage":0,"enemies":"Nemesis","floor":41,"turns":1},{"damage":0,"enemies":"Giant Head","floor":42,"turns":2},{"damage":0,"enemies":"Nemesis","floor":44,"turns":1},{"damage":0,"enemies":"Nemesis","floor":46,"turns":1},{"damage":0,"enemies":"Spire Growth","floor":47,"turns":1},{"damage":0,"enemies":"Giant Head","floor":48,"turns":1},{"damage":0,"enemies":"Awakened One","floor":50,"turns":3}],"seed_played":"8174622751334755910","potions_obtained":[{"floor":5,"key":"GrandPatriotsElixir:ReiMu"},{"floor":13,"key":"Firefly"},{"floor":16,"key":"GrandPatriotsElixir:ReiMu"},{"floor":21,"key":"Ancient Potion"},{"floor":35,"key":"GamblersBrew"},{"floor":47,"key":"Block Potion"}],"is_trial":true,"path_per_floor":["M","M","M","$","M","E","?","$","T","$","R","E","M","E","R","B",null,"M","$","$","M","?","E","R","E","T","E","$","M","E","E","R","B",null,"M","M","$","M","$","E","E","E","T","E","?","?","M","E","R","B",null],"character_chosen":"YUYOKO","items_purchased":["BrkXgEgg","ImprovedEquipment","Membership Card","DeadEye","Lizard Tail","Postpone Bloom","Girya","Ancient Tea Set","Toolbox","Sweet of Phantom","AT_ChloranthyRing","AT_MibuBalloonWealth","Dodecahedron","AT_EbonyIvory","Centennial Puzzle","MostiFishMod:AdaptiveDefenses","Sweet of Phantom","REME_Flogging+1","Habit","Pen Nib","Obi","Boot","Frozen Eye"],"campfire_rested":0,"item_purchase_floors":[4,8,10,10,10,10,19,19,19,19,20,20,20,28,28,28,28,28,37,37,39,39,39],"current_hp_per_floor":[38,38,39,39,38,38,38,38,38,38,38,38,38,38,38,37,40,38,38,38,39,39,39,39,39,39,39,39,39,39,25,25,30,40,40,40,40,40,40,40,40,40,40,40,40,40,40,40,40,40],"gold":2478,"neow_bonus":"","is_daily":false,"chose_seed":false,"campfire_upgraded":3,"win_rate":0.0,"timestamp":1613752018,"path_taken":["M","M","M","$","M","E","?","$","T","$","R","E","M","E","R","BOSS","M","$","$","M","?","E","R","E","T","E","?","M","E","E","R","BOSS","M","M","$","M","$","E","E","E","T","E","?","?","?","E","R","BOSS"],"items_purchased_type":["Relic","Relic","Relic","Relic","Relic","Card","Relic","Relic","Relic","Card","Relic","Relic","Relic","Relic","Relic","Relic","Card","Card","Relic","Relic","Relic","Relic","Relic"],"build_version":"2020-12-22","purchased_purges":1,"victory":true,"max_hp_per_floor":[40,40,40,40,40,40,40,40,40,40,40,40,40,40,40,40,40,40,40,40,40,40,40,40,40,40,40,40,40,40,40,40,40,40,40,40,40,40,40,40,40,40,40,40,40,40,40,40,40,40],"card_choices":[{"not_picked":["Supernatural Nether+1"],"picked":"Sakura Sakura+1","floor":6},{"not_picked":["Remain Here+1"],"picked":"The Way to Death+1","floor":12},{"not_picked":["Bury in The Template+1"],"picked":"Full Inky Sakura+1","floor":14},{"not_picked":["Dying Dream+1","The Way to Death+1"],"picked":"SKIP","floor":23},{"not_picked":["Float on Moon+1"],"picked":"Unfulfilling Attachment+1","floor":25},{"not_picked":["Full Inky Sakura+1","Ghastly Dream+1"],"picked":"SKIP","floor":27},{"not_picked":["Revive The Butterflies+1"],"picked":"Scenery of Papilio+1","floor":30},{"not_picked":["Sakura Sakura+1","Reunion after Death+1"],"picked":"SKIP","floor":31},{"not_picked":["Dying Dream+1","Mirror of Mind+1"],"picked":"SKIP","floor":31},{"not_picked":["Float on Moon+1","Home of Suicide+1"],"picked":"SKIP","floor":31},{"not_picked":["Living to Die+1","Scenery of Papilio+1"],"picked":"SKIP","floor":31},{"not_picked":["Ghastly Dream+1","The Way to Death+1"],"picked":"SKIP","floor":40},{"not_picked":["Supernatural Nether+1","The Inky Sakura+1"],"picked":"SKIP","floor":41},{"not_picked":["Float on Moon+1","Snowing Sakura+1"],"picked":"SKIP","floor":42},{"not_picked":["Dream of Spring+1","Past Graveyard+1"],"picked":"SKIP","floor":44},{"not_picked":["Unfulfilling Attachment+1","Past Graveyard+1"],"picked":"SKIP","floor":48}],"player_experience":565993,"relics_obtained":[{"floor":1,"key":"AT_SunfireAegis"},{"floor":1,"key":"SynthV:TestCard"},{"floor":2,"key":"REME_PuzzleBoxRelic"},{"floor":3,"key":"SalivaCoin"},{"floor":5,"key":"Omamori"},{"floor":6,"key":"ChaoDraw"},{"floor":9,"key":"PreservedInsect"},{"floor":12,"key":"Shovel"},{"floor":13,"key":"Incense Burner"},{"floor":14,"key":"Oddly Smooth Stone"},{"floor":15,"key":"Happy Flower"},{"floor":18,"key":"White Beast Statue"},{"floor":21,"key":"Ccalipers"},{"floor":23,"key":"Ghost Lamp"},{"floor":25,"key":"SynthV:C4"},{"floor":26,"key":"Calipers"},{"floor":27,"key":"AT_BellowingDragoncrestRing"},{"floor":29,"key":"DaCapo"},{"floor":30,"key":"Bag of Marbles"},{"floor":31,"key":"Void"},{"floor":31,"key":"MagicDraw3"},{"floor":31,"key":"TheBean"},{"floor":35,"key":"AT_SpeedBoots"},{"floor":36,"key":"Anchor"},{"floor":38,"key":"AT_RedTearstoneRing"},{"floor":40,"key":"REME_ArchaeologicalTools"},{"floor":41,"key":"ZombieArmy"},{"floor":42,"key":"DoctorsRemote"},{"floor":43,"key":"AT_ArchangelStaff"},{"floor":44,"key":"InkBottle"},{"floor":47,"key":"HowToJump"},{"floor":48,"key":"Thread and Needle"},{"floor":49,"key":"PlanX"}],"event_choices":[{"damage_healed":0,"gold_gain":175,"player_choice":"AGREE","damage_taken":0,"max_hp_gain":0,"max_hp_loss":0,"event_name":"Liars Game","floor":7,"gold_loss":0,"cards_obtained":["Doubt"]},{"damage_healed":0,"gold_gain":0,"player_choice":"Ignored","damage_taken":0,"max_hp_gain":0,"max_hp_loss":0,"event_name":"Ghosts","floor":22,"gold_loss":0},{"damage_healed":10,"gold_gain":0,"player_choice":"Writhe","damage_taken":0,"max_hp_gain":0,"max_hp_loss":0,"event_name":"Winding Halls","floor":45,"gold_loss":0,"cards_obtained":["Writhe"]}],"is_beta":false,"boss_relics":[{"not_picked":["NightmareShop","Ectoplasm"],"picked":"RedLine:ReiMu"},{"not_picked":[]},{"not_picked":["REME_DuelDisc","AddBug"],"picked":"Runic Pyramid"},{"not_picked":[]}],"items_purged_floors":[4],"is_endless":false,"potions_floor_spawned":[5,13,16,21,23,25,27,29,30,31,33,35,36,38,40,41,42,44,46,47,48],"ascension_level":0}}