{"host":"nmjik3bzoelmmajy","time":1613745698,"event":{"mods":["BaseMod","Better Third Choice","Colored Map","DeckTracker","Minty Spire (QoL Compilation)","Quick Restart","Say the Spire","StSLib","SuperFastMode"],"gold_per_floor":[114,114,114,126,145,145,176,176,176,21,44,44,63,99,99,230,230,254,254,273,9,9,9,9,9,55,70,84,118,118,68,68,194,194,215,239,263,288,306,306,324,324,376,376,27,48,48,48,48,48],"floor_reached":51,"language":"KOR","playtime":2593,"items_purged":["Regret"],"score":887,"play_id":"2af74f32-4495-41a6-9c56-7aaa0199a21f","local_time":"20210219234138","is_ascension_mode":true,"campfire_choices":[{"data":"Bouncing Flask","floor":6,"key":"SMITH"},{"data":"Backflip","floor":12,"key":"SMITH"},{"data":"Blade Dance","floor":15,"key":"SMITH"},{"data":"Calculated Gamble","floor":23,"key":"SMITH"},{"floor":30,"key":"REST"},{"data":"Cloak And Dagger","floor":32,"key":"SMITH"},{"floor":40,"key":"REST"},{"floor":42,"key":"REST"},{"data":"After Image","floor":44,"key":"SMITH"},{"data":"Accuracy","floor":47,"key":"SMITH"},{"floor":49,"key":"REST"}],"circlet_count":0,"master_deck":["Defend_G","Defend_G","Defend_G","Survivor","Neutralize","Dash+1","Storm of Steel","Bouncing Flask+1","Blade Dance+1","Backflip+1","Infinite Blades","Terror","PiercingWail","After Image+1","Cloak And Dagger+1","Bite","Bite","Bite","Bite","Bite","Calculated Gamble+1","Accuracy+1","Finisher","Glass Knife","Die Die Die","Outmaneuver+1","Corpse Explosion","Crippling Poison","Parasite","Panache","Infinite Blades"],"relics":["SlaversCollar","Pear","StrikeDummy","Golden Idol","Whetstone","Art of War","SacredBark","ClockworkSouvenir","Pantograph","Bag of Preparation","Pen Nib","Busted Crown","Lantern","Sling"],"acts_visited":["Exordium","TheCity","TheBeyond"],"potions_floor_usage":[7,16,27,27,29,33,35,37,38,39,50,50],"damage_taken":[{"damage":0.0,"enemies":"2 Louse","floor":1.0,"turns":2.0},{"damage":10,"enemies":"Small Slimes","floor":4,"turns":5},{"damage":3,"enemies":"Cultist","floor":5,"turns":4},{"damage":29,"enemies":"3 Sentries","floor":7,"turns":8},{"damage":3,"enemies":"Blue Slaver","floor":11,"turns":4},{"damage":0,"enemies":"2 Fungi Beasts","floor":13,"turns":3},{"damage":0,"enemies":"Gremlin Nob","floor":14,"turns":3},{"damage":12,"enemies":"The Guardian","floor":16,"turns":8},{"damage":18,"enemies":"Shell Parasite","floor":18,"turns":5},{"damage":12,"enemies":"3 Byrds","floor":20,"turns":7},{"damage":27,"enemies":"Snake Plant","floor":27,"turns":6},{"damage":11,"enemies":"Centurion and Healer","floor":28,"turns":7},{"damage":10,"enemies":"Book of Stabbing","floor":29,"turns":4},{"damage":23,"enemies":"Automaton","floor":33,"turns":6},{"damage":0,"enemies":"3 Darklings","floor":35,"turns":2},{"damage":12,"enemies":"Orb Walker","floor":36,"turns":4},{"damage":18,"enemies":"Spire Growth","floor":37,"turns":3},{"damage":23,"enemies":"Writhing Mass","floor":38,"turns":6},{"damage":0,"enemies":"Sphere and 2 Shapes","floor":39,"turns":4},{"damage":15,"enemies":"Jaw Worm Horde","floor":41,"turns":3},{"damage":21,"enemies":"3 Darklings","floor":46,"turns":5},{"damage":16,"enemies":"Donu and Deca","floor":50,"turns":6}],"seed_played":"567844540368917412","potions_obtained":[{"floor":5,"key":"SteroidPotion"},{"floor":14,"key":"ColorlessPotion"},{"floor":16,"key":"CultistPotion"},{"floor":20,"key":"EntropicBrew"},{"floor":28,"key":"PowerPotion"},{"floor":33,"key":"Fire Potion"},{"floor":36,"key":"GhostInAJar"},{"floor":37,"key":"SteroidPotion"},{"floor":41,"key":"EssenceOfSteel"}],"is_trial":false,"path_per_floor":["M","?","?","M","M","R","E","?","T","$","M","R","M","E","R","B",null,"M","?","M","$","?","R","?","$","T","M","M","E","R","$","R","B",null,"M","M","M","M","M","R","M","R","T","R","$","M","R","$","R","B",null],"character_chosen":"THE_SILENT","items_purchased":["Infinite Blades","Accuracy","Finisher","ClockworkSouvenir","SteroidPotion","Panache","Sling","Infinite Blades"],"campfire_rested":4,"item_purchase_floors":[10,21,21,21,31,45,45,45],"current_hp_per_floor":[70,80,80,70,67,67,38,38,38,38,35,35,35,35,35,23,74,56,51,47,47,47,47,47,47,47,28,25,19,34,34,34,36,51,51,45,31,18,22,37,26,41,41,41,41,26,26,26,41,39],"gold":48,"neow_bonus":"BOSS_RELIC","is_daily":false,"chose_seed":false,"campfire_upgraded":7,"win_rate":0.0,"timestamp":1613745698,"path_taken":["M","?","?","?","M","R","E","?","T","$","M","R","M","E","R","BOSS","M","?","M","$","?","R","?","$","T","M","?","E","R","?","R","BOSS","M","M","?","?","M","R","M","R","T","R","$","M","R","$","R","BOSS"],"items_purchased_type":["Card","Card","Card","Relic","Potion","Card","Relic","Card"],"build_version":"2020-12-22","purchased_purges":1,"victory":true,"max_hp_per_floor":[70,80,80,80,80,80,80,74,74,74,74,74,74,74,74,74,74,74,51,51,51,51,51,51,51,51,51,51,51,51,51,51,51,51,51,51,51,51,51,51,51,51,51,51,51,51,51,51,51,51],"card_choices":[{"not_picked":["Deflect","Underhanded Strike"],"picked":"Dash","floor":1.0},{"not_picked":["PiercingWail","Dodge and Roll"],"picked":"Bouncing Flask","floor":4},{"not_picked":["Outmaneuver","Doppelganger"],"picked":"Blade Dance","floor":5},{"not_picked":["Expertise","Terror"],"picked":"Backflip","floor":7},{"not_picked":["Predator","Prepared"],"picked":"Terror","floor":11},{"not_picked":["Slice","Setup","Bane"],"picked":"SKIP","floor":13},{"not_picked":["Finisher","Heel Hook"],"picked":"PiercingWail","floor":14},{"not_picked":["Bullet Time","Doppelganger"],"picked":"After Image","floor":16},{"not_picked":["Slice","Setup"],"picked":"Cloak And Dagger","floor":18},{"not_picked":["Dash","Prepared"],"picked":"Calculated Gamble","floor":20},{"not_picked":["Quick Slash","Outmaneuver","Dodge and Roll"],"picked":"SKIP","floor":27},{"not_picked":["Backflip+1","Setup"],"picked":"Outmaneuver+1","floor":28},{"not_picked":["Deflect","Masterful Stab","Poisoned Stab"],"picked":"SKIP","floor":29},{"not_picked":["Burst","Grand Finale"],"picked":"Corpse Explosion","floor":33},{"not_picked":[],"picked":"Crippling Poison","floor":35},{"not_picked":["Endless Agony"],"picked":"SKIP","floor":36},{"not_picked":["Deadly Poison+1"],"picked":"SKIP","floor":37},{"not_picked":["Quick Slash+1"],"picked":"SKIP","floor":38},{"not_picked":["Quick Slash"],"picked":"SKIP","floor":39},{"not_picked":["Outmaneuver+1"],"picked":"SKIP","floor":41},{"not_picked":["Slice+1"],"picked":"SKIP","floor":46}],"player_experience":509079,"relics_obtained":[{"floor":7,"key":"StrikeDummy"},{"floor":9,"key":"Whetstone"},{"floor":14,"key":"Art of War"},{"floor":26,"key":"Bag of Preparation"},{"floor":29,"key":"Pen Nib"},{"floor":43,"key":"Lantern"}],"event_choices":[{"damage_healed":0.0,"max_hp_gain":0.0,"max_hp_loss":0.0,"gold_gain":0.0,"event_name":"Big Fish","player_choice":"Box","floor":2.0,"gold_loss":0.0,"damage_taken":0.0,"relics_obtained":["Pear"],"cards_obtained":["Regret"]},{"damage_healed":0,"gold_gain":0,"player_choice":"1 cards matched","damage_taken":0,"max_hp_gain":0,"max_hp_loss":0,"event_name":"Match and Keep!","floor":3,"gold_loss":0,"cards_obtained":["Storm of Steel"]},{"damage_healed":0,"gold_gain":0,"player_choice":"Lose Max HP","damage_taken":0,"relics_obtained":["Golden Idol"],"max_hp_gain":0,"max_hp_loss":6,"event_name":"Golden Idol","floor":8,"gold_loss":0},{"damage_healed":0,"gold_gain":0,"player_choice":"Became a vampire","damage_taken":0,"max_hp_gain":0,"max_hp_loss":23,"event_name":"Vampires","floor":19,"gold_loss":0,"cards_obtained":["Bite","Bite","Bite","Bite","Bite"]},{"damage_healed":0,"gold_gain":0,"cards_transformed":["Defend_G","Defend_G"],"player_choice":"Became Test Subject","damage_taken":0,"max_hp_gain":0,"max_hp_loss":0,"event_name":"Drug Dealer","floor":22,"gold_loss":0,"cards_obtained":["Glass Knife","Die Die Die"]},{"damage_healed":0,"gold_gain":0,"player_choice":"Opened","damage_taken":0,"relics_obtained":["Pantograph"],"max_hp_gain":0,"max_hp_loss":0,"event_name":"The Mausoleum","floor":24,"gold_loss":0}],"is_beta":false,"boss_relics":[{"not_picked":["Empty Cage","Snecko Eye"],"picked":"SacredBark"},{"not_picked":["WristBlade","Fusion Hammer"],"picked":"Busted Crown"}],"items_purged_floors":[10],"is_endless":false,"potions_floor_spawned":[5,14,16,20,28,33,36,37,41],"ascension_level":4}}