{"host":"f5gffvlv6a66yqkd","time":1613726178,"event":{"mods":["2.2 Compatiblity","BaseMod","Colored Map","Custom Start","DeckTracker","Keyboard Shortcuts","Minty Spire (QoL Compilation)","Permanent Neow","Quick Restart","Relic Stats","StSLib","SuperFastMode"],"gold_per_floor":[214,232,242,77,77,77,77,111,138,138,171,189,189,206,206,284,284,298,348,359,158,158,158,158,158],"floor_reached":24,"language":"KOR","playtime":493,"items_purged":["Strike_P","Defend_P"],"score":398,"play_id":"d4595017-10ff-48b9-9a0e-f0afe5c647d5","local_time":"20210219181618","is_ascension_mode":true,"campfire_choices":[{"data":"Tantrum","floor":6.0,"key":"SMITH"},{"data":"TalkToTheHand","floor":10.0,"key":"SMITH"},{"data":"WheelKick","floor":13.0,"key":"SMITH"},{"data":"Wallop","floor":15.0,"key":"SMITH"},{"floor":23.0,"key":"REST"}],"circlet_count":0,"master_deck":["AscendersBane","Strike_P","Strike_P","Defend_P","Eruption+1","Vigilance","Tantrum+1","WheelKick+1","Wallop+1","TalkToTheHand+1","MasterReality+1","MasterReality+1","TalkToTheHand+1","EmptyMind","Adaptation","Flash of Steel"],"relics":["PureWater","Happy Flower","Boot","StrikeDummy","Astrolabe"],"acts_visited":["Exordium","TheCity"],"potions_floor_usage":[24,24],"damage_taken":[{"damage":4.0,"enemies":"Small Slimes","floor":1.0,"turns":4.0},{"damage":0.0,"enemies":"2 Louse","floor":2.0,"turns":2.0},{"damage":0.0,"enemies":"Jaw Worm","floor":3.0,"turns":2.0},{"damage":7.0,"enemies":"Lagavulin","floor":8.0,"turns":3.0},{"damage":19.0,"enemies":"3 Sentries","floor":11.0,"turns":5.0},{"damage":0.0,"enemies":"Large Slime","floor":12.0,"turns":3.0},{"damage":0.0,"enemies":"Red Slaver","floor":14.0,"turns":2.0},{"damage":18.0,"enemies":"Hexaghost","floor":16.0,"turns":6.0},{"damage":13.0,"enemies":"Shell Parasite","floor":18.0,"turns":4.0},{"damage":16.0,"enemies":"3 Byrds","floor":20.0,"turns":5.0},{"damage":18,"enemies":"Slavers","floor":24,"turns":4}],"seed_played":"4212515676077906965","potions_obtained":[{"floor":1.0,"key":"BottledMiracle"},{"floor":3.0,"key":"Dexterity Potion"},{"floor":14.0,"key":"Ancient Potion"},{"floor":20.0,"key":"Swift Potion"}],"is_trial":false,"path_per_floor":["M","M","M","$","?","R","?","E","T","R","E","M","R","M","R","B",null,"M","?","M","$","?","R","E"],"character_chosen":"WATCHER","items_purchased":["Wallop","Flash of Steel"],"campfire_rested":1,"item_purchase_floors":[4,21],"current_hp_per_floor":[57,57,57,57,57,57,62,55,55,55,36,36,36,36,36,18,59,46,46,30,30,30,51,33,33],"gold":158,"neow_bonus":"HUNDRED_GOLD","is_daily":false,"chose_seed":false,"campfire_upgraded":4,"win_rate":0.0,"timestamp":1613726178,"path_taken":["M","M","M","$","?","R","?","E","T","R","E","M","R","M","R","BOSS","M","?","M","$","?","R","E"],"items_purchased_type":["Card","Card"],"build_version":"2020-12-22","purchased_purges":2,"victory":false,"max_hp_per_floor":[68,68,68,68,68,68,73,73,73,73,73,73,73,73,73,73,73,73,73,73,73,73,73,73,73],"relic_stats":{"Happy Flower":[9],"counters":[11,40],"Astrolabe":["MasterReality","MasterReality","TalkToTheHand"],"Boot":[65],"obtain_stats":[{"Happy Flower":8,"Astrolabe":17,"PureWater":0,"Boot":9,"StrikeDummy":11},{"Happy Flower":4,"Astrolabe":8,"PureWater":0,"Boot":4,"StrikeDummy":5},{"Happy Flower":11,"Astrolabe":27,"PureWater":0,"Boot":11,"StrikeDummy":16}]},"card_choices":[{"not_picked":["ClearTheMind","CarveReality"],"picked":"Tantrum","floor":1.0},{"not_picked":["ThirdEye","CrushJoints"],"picked":"WheelKick","floor":2.0},{"not_picked":["ClearTheMind","PathToVictory","WreathOfFlame"],"picked":"SKIP","floor":3.0},{"not_picked":["CrushJoints","LessonLearned"],"picked":"TalkToTheHand","floor":8.0},{"not_picked":["Halt","CutThroughFate","BowlingBash"],"picked":"SKIP","floor":11.0},{"not_picked":["FollowUp","Evaluate","Collect"],"picked":"SKIP","floor":12.0},{"not_picked":["Protect","Collect","EmptyBody"],"picked":"SKIP","floor":14.0},{"not_picked":["PathToVictory","FollowUp"],"picked":"EmptyMind","floor":18.0},{"not_picked":["EmptyFist","Evaluate+1"],"picked":"Adaptation","floor":20.0}],"player_experience":1510868,"relics_obtained":[{"floor":8.0,"key":"Happy Flower"},{"floor":9.0,"key":"Boot"},{"floor":11.0,"key":"StrikeDummy"}],"event_choices":[{"damage_healed":0.0,"max_hp_gain":0.0,"max_hp_loss":0.0,"gold_gain":0.0,"event_name":"Living Wall","player_choice":"Grow","floor":5.0,"gold_loss":0.0,"damage_taken":0.0,"cards_upgraded":["Eruption"]},{"damage_healed":0.0,"max_hp_gain":5.0,"max_hp_loss":0.0,"gold_gain":0.0,"event_name":"Big Fish","player_choice":"Donut","floor":7.0,"gold_loss":0.0,"damage_taken":0.0},{"damage_healed":0.0,"max_hp_gain":0.0,"max_hp_loss":0.0,"gold_gain":50.0,"event_name":"Nest","player_choice":"Stole From Cult","floor":19.0,"gold_loss":0.0,"damage_taken":0.0},{"damage_healed":0.0,"max_hp_gain":0.0,"max_hp_loss":0.0,"gold_gain":0.0,"event_name":"Cursed Tome","player_choice":"Ignored","floor":22.0,"gold_loss":0.0,"damage_taken":0.0}],"is_beta":false,"boss_relics":[{"not_picked":["Empty Cage","Sozu"],"picked":"Astrolabe"}],"items_purged_floors":[4,21],"is_endless":false,"potions_floor_spawned":[1,3,14,18,20],"killed_by":"Slavers","ascension_level":19}}