{"host":"onmzcmq5a68cxj3d","time":1613698472,"event":{"mods":["BaseMod","Colored Map","Minty Spire (QoL Compilation)","Remove Card Discount Mod"],"gold_per_floor":[114,189,26,26,26,26,54,111,159,171,183,195,207,252,264,377,389,422,43,52,52,142,142,176,176,201,227,277,275,275,290,290,403,453,473,473,482,183,192,192,192,192,245,245,245,33,49,49,49,49],"floor_reached":51,"language":"ENG","playtime":2227,"items_purged":["Wraith Form v2","Strike_R","Strike_R","Strike_R","Strike_R","Strike_R","Writhe"],"score":757,"play_id":"0202b32c-6c68-49fa-9220-717e16eda8f0","local_time":"20210218183432","daily_mods":["Heirloom","Time Dilation","Flight"],"is_ascension_mode":false,"campfire_choices":[{"data":"DevaForm","floor":6,"key":"SMITH"},{"data":"Echo Form","floor":10,"key":"SMITH"},{"data":"Demon Form","floor":11,"key":"SMITH"},{"data":"Heavy Blade","floor":12,"key":"SMITH"},{"floor":13,"key":"REST"},{"data":"Bash","floor":15,"key":"SMITH"},{"data":"Heavy Blade","floor":23,"key":"SMITH"},{"floor":25,"key":"REST"},{"floor":30,"key":"REST"},{"data":"Anger","floor":32,"key":"SMITH"},{"data":"Panacea","floor":40,"key":"SMITH"},{"data":"Defend_R","floor":41,"key":"SMITH"},{"data":"Defend_R","floor":42,"key":"SMITH"},{"data":"Defend_R","floor":45,"key":"SMITH"},{"data":"Metallicize","floor":49,"key":"SMITH"}],"circlet_count":0,"master_deck":["Demon Form+1","Echo Form+1","DevaForm+1","Defend_R","Defend_R+1","Defend_R+1","Defend_R+1","Bash+1","Heavy Blade+1","Heavy Blade+1","Anger+1","Reaper+1","Panacea+1","Metallicize+1"],"relics":["Unceasing Top","Ice Cream","Lee\u0027s Waffle","PreservedInsect","Centennial Puzzle","Pear","MawBank","CeramicFish","Runic Pyramid","Kunai","HandDrill","Art of War","Regal Pillow","Bag of Marbles","Tiny House","Toolbox","Ancient Tea Set","Strawberry","Toy Ornithopter"],"acts_visited":["Exordium","TheCity","TheBeyond"],"potions_floor_usage":[8,24,24],"damage_taken":[{"damage":13,"enemies":"2 Louse","floor":1,"turns":3},{"damage":28,"enemies":"Gremlin Nob","floor":7,"turns":4},{"damage":22,"enemies":"Lagavulin Event","floor":8,"turns":6},{"damage":3,"enemies":"Lagavulin","floor":14,"turns":5},{"damage":42,"enemies":"Hexaghost","floor":16,"turns":5},{"damage":19,"enemies":"Spheric Guardian","floor":18,"turns":4},{"damage":54,"enemies":"Slavers","floor":24,"turns":6},{"damage":0,"enemies":"Chosen","floor":27,"turns":4},{"damage":12,"enemies":"Shelled Parasite and Fungi","floor":31,"turns":7},{"damage":22,"enemies":"Automaton","floor":33,"turns":5},{"damage":32,"enemies":"3 Shapes","floor":35,"turns":7},{"damage":22,"enemies":"3 Darklings","floor":47,"turns":5},{"damage":44,"enemies":"Donu and Deca","floor":50,"turns":8}],"seed_played":"798850190195084478","potions_obtained":[{"floor":1,"key":"Strength Potion"},{"floor":7,"key":"Regen Potion"},{"floor":14,"key":"ColorlessPotion"},{"floor":24,"key":"ElixirPotion"},{"floor":33,"key":"SneckoOil"},{"floor":34,"key":"LiquidMemories"},{"floor":47,"key":"ElixirPotion"}],"is_trial":true,"path_per_floor":["M","?","$","?","$","R","E","?","T","R","R","R","R","E","R","B",null,"M","$","?","?","?","R","E","R","T","M","T","$","R","M","R","B",null,"M","?","?","$","?","R","R","R","T","?","R","$","M","?","R","B",null],"character_chosen":"IRONCLAD","items_purchased":["Lee\u0027s Waffle","Kunai","HandDrill","Toolbox","Ancient Tea Set","Toy Ornithopter","Metallicize"],"campfire_rested":3,"item_purchase_floors":[3,19,19,38,38,46,46],"current_hp_per_floor":[67,56,87,75,75,75,47,47,47,47,47,47,76,73,73,31,97,78,78,78,78,66,66,12,41,41,41,41,41,85,73,73,51,102,81,81,81,81,102,102,102,102,109,109,109,109,109,109,109,93],"gold":49,"neow_bonus":"","is_daily":false,"chose_seed":false,"campfire_upgraded":12,"win_rate":0.0,"timestamp":1613698472,"path_taken":["M","?","$","?","$","R","E","?","T","R","R","R","R","E","R","BOSS","M","$","?","?","?","R","E","R","T","?","?","?","R","M","R","BOSS","M","?","?","$","?","R","R","R","T","?","R","$","?","?","R","BOSS"],"items_purchased_type":["Relic","Relic","Relic","Relic","Relic","Relic","Card"],"build_version":"2020-12-22","purchased_purges":7,"victory":true,"max_hp_per_floor":[80,80,87,87,87,87,87,97,97,97,97,97,97,97,97,97,97,97,97,97,97,97,97,97,97,97,97,97,97,97,97,97,97,102,102,102,102,102,102,102,102,102,109,109,109,109,109,109,109,109],"card_choices":[{"not_picked":["Dropkick","Havoc","Sentinel"],"picked":"SKIP","floor":1},{"not_picked":["Inflame","Flex","Fire Breathing"],"picked":"SKIP","floor":7},{"not_picked":["Wild Strike","Headbutt"],"picked":"Heavy Blade","floor":8},{"not_picked":["Shrug It Off","Feel No Pain","Limit Break"],"picked":"SKIP","floor":14},{"not_picked":["Battle Trance+1","Sentinel"],"picked":"Heavy Blade","floor":18},{"not_picked":["Metallicize","Impervious","Dropkick"],"picked":"SKIP","floor":24},{"not_picked":["Pommel Strike+1","Flame Barrier"],"picked":"Cleave+1","floor":27},{"not_picked":["Sword Boomerang","Dark Embrace","Warcry"],"picked":"SKIP","floor":31},{"not_picked":["Offering","Feed"],"picked":"Reaper","floor":33},{"not_picked":["Wild Strike+1","Thunderclap+1","Sword Boomerang"],"picked":"SKIP","floor":35},{"not_picked":["Dark Shackles","PanicButton"],"picked":"Panacea","floor":37},{"not_picked":["Clash","Perfected Strike+1","Hemokinesis+1"],"picked":"SKIP","floor":47}],"player_experience":451025,"relics_obtained":[{"floor":7,"key":"Centennial Puzzle"},{"floor":8,"key":"Pear"},{"floor":9,"key":"MawBank"},{"floor":14,"key":"CeramicFish"},{"floor":24,"key":"Art of War"},{"floor":26,"key":"Regal Pillow"},{"floor":28,"key":"Bag of Marbles"},{"floor":43,"key":"Strawberry"}],"event_choices":[{"damage_healed":0,"gold_gain":75,"player_choice":"Gather Gold","damage_taken":11,"max_hp_gain":0,"max_hp_loss":0,"event_name":"World of Goop","floor":2,"gold_loss":0},{"damage_healed":0,"gold_gain":0,"player_choice":"Success","damage_taken":12,"relics_obtained":["PreservedInsect"],"max_hp_gain":0,"max_hp_loss":0,"event_name":"Scrap Ooze","floor":4,"gold_loss":0},{"damage_healed":0,"gold_gain":0,"player_choice":"Searched \u00271\u0027 times","damage_taken":0,"max_hp_gain":0,"max_hp_loss":0,"event_name":"Dead Adventurer","floor":8,"gold_loss":0},{"damage_healed":0,"gold_gain":0,"player_choice":"Read","damage_taken":0,"max_hp_gain":0,"max_hp_loss":0,"event_name":"The Library","floor":20,"gold_loss":0,"cards_obtained":["Anger"]},{"damage_healed":0,"gold_gain":0,"player_choice":"Ignored","damage_taken":0,"max_hp_gain":0,"max_hp_loss":0,"event_name":"Vampires","floor":21,"gold_loss":0},{"damage_healed":0,"gold_gain":90,"player_choice":"GOLD ","damage_taken":12,"max_hp_gain":0,"max_hp_loss":0,"event_name":"Knowing Skull","floor":22,"potions_obtained":[],"gold_loss":0,"cards_obtained":[]},{"damage_healed":0,"gold_gain":0,"player_choice":"Ignored","damage_taken":0,"max_hp_gain":0,"max_hp_loss":0,"event_name":"Tomb of Lord Red Mask","floor":36,"gold_loss":0},{"damage_healed":0,"gold_gain":0,"player_choice":"Memory 1","damage_taken":0,"max_hp_gain":0,"max_hp_loss":0,"event_name":"SensoryStone","floor":37,"gold_loss":0},{"damage_healed":26,"gold_gain":0,"player_choice":"Writhe","damage_taken":0,"max_hp_gain":0,"max_hp_loss":0,"event_name":"Winding Halls","floor":39,"gold_loss":0,"cards_obtained":["Writhe"]},{"damage_healed":0,"gold_gain":0,"player_choice":"Ignored","damage_taken":0,"max_hp_gain":0,"max_hp_loss":0,"event_name":"NoteForYourself","floor":44,"gold_loss":0},{"cards_removed":["Cleave"],"damage_healed":0,"gold_gain":0,"player_choice":"Removed Attack","damage_taken":0,"max_hp_gain":0,"max_hp_loss":0,"event_name":"Falling","floor":48,"gold_loss":0}],"is_beta":false,"boss_relics":[{"not_picked":["Empty Cage","Mark of Pain"],"picked":"Runic Pyramid"},{"not_picked":["Runic Dome","Sozu"],"picked":"Tiny House"}],"items_purged_floors":[3,3,3,19,19,29,46],"is_endless":false,"potions_floor_spawned":[1,7,14,24,33,47],"ascension_level":0}}