{"host":"eaiphzh066bwqdh7","time":1613768044,"event":{"mods":["AchievementEnabler","Aspiration","BaseMod","Better Note","Colored Powertips","Halation","Highlight Path","Hubris","Infinite Spire","Minty Spire (QoL Compilation)","Quick Restart","Reliquary","Replay The Spire","StSLib"],"gold_per_floor":[118,133,58,58,72,72,72,72,72,101,101,101,112,143,143,143,143],"floor_reached":16,"language":"ENG","playtime":495,"items_purged":["Defend_P"],"score":130,"play_id":"5e0897f6-9cf5-4570-9a22-9a397ad9da71","local_time":"20210219155404","is_ascension_mode":true,"campfire_choices":[{"data":"Vigilance","floor":6,"key":"SMITH"},{"floor":8,"key":"REST"},{"floor":12,"key":"REST"},{"floor":15,"key":"REST"}],"circlet_count":0,"master_deck":["Strike_P","Strike_P","Strike_P","Strike_P","Defend_P","Defend_P","Defend_P","Vigilance+1","WindmillStrike","Protect"],"relics":["PureWater","aspiration:DSix","reliquary:TatteredRug","Mirror","Bottled Flame"],"acts_visited":["Exordium"],"potions_floor_usage":[2,5,5,10,14,14],"damage_taken":[{"damage":2,"enemies":"Cultist","floor":1,"turns":4},{"damage":6,"enemies":"Jaw Worm","floor":2,"turns":5},{"damage":0,"enemies":"2 Louse","floor":5,"turns":2},{"damage":35,"enemies":"3 Sentries","floor":10,"turns":12},{"damage":0,"enemies":"2 Fungi Beasts","floor":13,"turns":4},{"damage":28,"enemies":"Lagavulin","floor":14,"turns":8},{"damage":52,"enemies":"Slime Boss","floor":16,"turns":11}],"seed_played":"6007444121357022257","potions_obtained":[{"floor":1,"key":"EntropicBrew"},{"floor":10,"key":"CultistPotion"},{"floor":13,"key":"Dexterity Potion"}],"is_trial":false,"path_per_floor":["M","M","$","?","M","R","?","R","T","E","?","R","M","E","R","B"],"character_chosen":"WATCHER","items_purchased":[],"campfire_rested":3,"item_purchase_floors":[],"current_hp_per_floor":[70,64,64,57,57,57,57,72,72,37,37,58,58,30,51,0,0],"gold":143,"neow_bonus":"DSIX","is_daily":false,"chose_seed":false,"campfire_upgraded":1,"win_rate":0.0,"timestamp":1613768044,"path_taken":["M","?","?","?","M","R","?","R","T","E","?","R","M","E","R","BOSS"],"items_purchased_type":[],"build_version":"2020-12-22","purchased_purges":1,"victory":false,"max_hp_per_floor":[72,72,72,72,72,72,72,72,72,72,72,72,72,72,72,72,72],"card_choices":[{"not_picked":["FollowUp","Conclude","Crescendo"],"picked":"SKIP","floor":1},{"not_picked":["FlurryOfBlows","BowlingBash","FollowUp"],"picked":"SKIP","floor":2},{"not_picked":["Replay:AllIn","InnerPeace","Collect"],"picked":"SKIP","floor":5},{"not_picked":["Replay:AtTheReady","Conclude"],"picked":"WindmillStrike","floor":10},{"not_picked":["Crescendo","ThirdEye"],"picked":"Protect","floor":13},{"not_picked":["FlyingSleeves","Replay:DivineShield","EmptyFist"],"picked":"SKIP","floor":14}],"player_experience":325794,"relics_obtained":[{"floor":10,"key":"reliquary:TatteredRug"},{"floor":11,"key":"Mirror"},{"floor":14,"key":"Bottled Flame"}],"event_choices":[{"cards_removed":["Eruption"],"damage_healed":0,"gold_gain":0,"player_choice":"Card Removal","damage_taken":7,"max_hp_gain":0,"max_hp_loss":0,"event_name":"Golden Wing","floor":4,"gold_loss":0}],"is_beta":false,"boss_relics":[],"items_purged_floors":[3],"is_endless":false,"potions_floor_spawned":[1,10,13],"killed_by":"Slime Boss","ascension_level":4}}