{"host":"i45hfqkcke4zequp","time":1613711993,"event":{"mods":["AchievementEnabler","BaseMod","BetterRewards","Minty Spire (QoL Compilation)","Permanent Neow","Shop Mod","SuperFastMode"],"gold_per_floor":[119,119,69,69,93,93,118,189,189,222,222,21,54,104,104,227,227,241,241,257,300,149,149,184,184,235,235,255,15,59,113,113,241,241,261,109,158,208,252,313,313,138,184,235,235,300,338,338,338,338],"floor_reached":51,"language":"KOR","playtime":2421,"items_purged":["Injury"],"score":1070,"play_id":"4bf44466-2094-4f8b-bbb9-d98179f542c5","local_time":"20210219141953","is_ascension_mode":true,"campfire_choices":[{"floor":6.0,"key":"REST"},{"data":"Eruption","floor":11,"key":"SMITH"},{"floor":15,"key":"REST"},{"data":"BattleHymn","floor":23,"key":"SMITH"},{"data":"Wish","floor":25,"key":"SMITH"},{"data":"Vault","floor":32,"key":"SMITH"},{"data":"Establishment","floor":41,"key":"SMITH"},{"floor":49,"key":"REST"}],"circlet_count":0,"master_deck":["Strike_P","Strike_P","Strike_P","Strike_P","Defend_P","Defend_P","Defend_P","Defend_P","Eruption+1","Vigilance","SandsOfTime","FlurryOfBlows+1","WindmillStrike","CutThroughFate+1","CrushJoints","SashWhip","Wish+1","Crescendo","FlurryOfBlows","BattleHymn+1","Protect+1","CarveReality","Worship+1","Fasting2","FlurryOfBlows+1","Vault+1","Establishment+1","FollowUp+1","Judgement","FollowUp+1","Meditate+1","Pray","Prostrate+1","ForeignInfluence+1","Devotion"],"relics":["HolyWater","Membership Card","Turnip","Damaru","Incense Burner","Thread and Needle","ClockworkSouvenir","Golden Idol","Pear","Gremlin Horn","MealTicket","Mercury Hourglass","Meat on the Bone","Dream Catcher","Oddly Smooth Stone","Matryoshka","Whetstone","Bag of Preparation","Potion Belt","HornCleat","Question Card","Cursed Key","Strawberry","Akabeko","Nunchaku","Torii","Juzu Bracelet","Omamori","Ginger","Anchor","Spirit Poop"],"acts_visited":["Exordium","TheCity","TheBeyond"],"potions_floor_usage":[21,33,33,39,46,50,50],"damage_taken":[{"damage":7.0,"enemies":"Jaw Worm","floor":1.0,"turns":2.0},{"damage":0.0,"enemies":"Small Slimes","floor":5.0,"turns":2.0},{"damage":0,"enemies":"Cultist","floor":7,"turns":4},{"damage":15,"enemies":"3 Sentries","floor":10,"turns":6},{"damage":18,"enemies":"Gremlin Nob","floor":13,"turns":4},{"damage":33,"enemies":"The Guardian","floor":16,"turns":8},{"damage":5,"enemies":"Shell Parasite","floor":18,"turns":4},{"damage":0,"enemies":"3 Byrds","floor":20,"turns":4},{"damage":0,"enemies":"3 Cultists","floor":21,"turns":3},{"damage":45,"enemies":"Slavers","floor":24,"turns":4},{"damage":0,"enemies":"Centurion and Healer","floor":28,"turns":3},{"damage":0,"enemies":"Gremlin Leader","floor":30,"turns":3},{"damage":0,"enemies":"Snake Plant","floor":31,"turns":2},{"damage":28,"enemies":"Champ","floor":33,"turns":5},{"damage":4,"enemies":"3 Shapes","floor":35,"turns":3},{"damage":1,"enemies":"Orb Walker","floor":37,"turns":3},{"damage":0,"enemies":"Maw","floor":38,"turns":5},{"damage":0,"enemies":"Writhing Mass","floor":39,"turns":4},{"damage":0,"enemies":"Reptomancer","floor":40,"turns":5},{"damage":25,"enemies":"3 Darklings","floor":44,"turns":5},{"damage":6,"enemies":"2 Orb Walkers","floor":46,"turns":3},{"damage":0,"enemies":"Giant Head","floor":47,"turns":6},{"damage":46,"enemies":"Awakened One","floor":50,"turns":6}],"seed_played":"-8809780774568329222","potions_obtained":[{"floor":7,"key":"FearPotion"},{"floor":10,"key":"Explosive Potion"},{"floor":16,"key":"DistilledChaos"},{"floor":18,"key":"LiquidBronze"},{"floor":24,"key":"Block Potion"},{"floor":31,"key":"BottledMiracle"},{"floor":35,"key":"SkillPotion"},{"floor":37,"key":"DuplicationPotion"},{"floor":38,"key":"BottledMiracle"},{"floor":40,"key":"Ancient Potion"}],"is_trial":false,"path_per_floor":["M","?","?","?","M","R","M","?","T","E","R","$","E","T","R","B",null,"M","?","M","M","$","R","E","R","T","?","M","$","E","M","R","B",null,"M","$","M","M","M","E","R","$","T","M","?","?","E","?","R","B",null],"character_chosen":"WATCHER","items_purchased":["Membership Card","Damaru","ClockworkSouvenir","MealTicket","Mercury Hourglass","BattleHymn","Oddly Smooth Stone","Potion Belt","HornCleat","Fasting2","Strawberry","Akabeko","Torii","Pray"],"campfire_rested":3,"item_purchase_floors":[0,0,0,12,12,22,22,29,29,29,36,36,42,42],"current_hp_per_floor":[33,33,33,33,33,54,54,54,64,49,49,49,31,31,55,34,82,77,77,77,77,82,82,49,49,49,49,49,64,64,64,64,48,82,78,89,88,88,88,88,88,89,89,64,64,58,58,58,83,49],"gold":338,"neow_bonus":"","is_daily":false,"chose_seed":false,"campfire_upgraded":5,"win_rate":0.0,"timestamp":1613711993,"path_taken":["M","?","?","?","?","R","M","?","T","E","R","$","E","?","R","BOSS","M","?","M","M","$","R","E","R","T","?","M","$","E","M","R","BOSS","M","$","M","M","M","E","R","$","T","M","?","?","E","?","R","BOSS"],"items_purchased_type":["Relic","Relic","Relic","Relic","Relic","Card","Relic","Relic","Relic","Card","Relic","Relic","Relic","Card"],"build_version":"2020-12-22","purchased_purges":1,"victory":true,"max_hp_per_floor":[72,72,72,72,72,72,72,72,82,82,82,82,82,82,82,82,82,82,82,82,82,82,82,82,82,82,82,82,82,82,82,82,82,82,82,89,89,89,89,89,89,89,89,89,85,85,85,85,85,85],"card_choices":[{"not_picked":["WheelKick","ThirdEye"],"picked":"SandsOfTime","floor":1.0},{"not_picked":["SignatureMove","WheelKick"],"picked":"FlurryOfBlows","floor":5.0},{"not_picked":["EmptyBody","Halt"],"picked":"WindmillStrike","floor":7},{"not_picked":["MentalFortress","PathToVictory"],"picked":"CutThroughFate","floor":10},{"not_picked":["Evaluate","WindmillStrike"],"picked":"CrushJoints","floor":13},{"not_picked":["DeceiveReality","JustLucky"],"picked":"SashWhip","floor":15},{"not_picked":["DeusExMachina","Establishment"],"picked":"Wish","floor":16},{"not_picked":["SandsOfTime","MentalFortress"],"picked":"Crescendo","floor":18},{"not_picked":["MentalFortress+1","SashWhip"],"picked":"TalkToTheHand","floor":20},{"not_picked":["LikeWater","Indignation"],"picked":"FlurryOfBlows","floor":21},{"not_picked":["Wireheading","Adaptation+1"],"picked":"Protect+1","floor":24},{"not_picked":["EmptyMind","CarveReality"],"picked":"Worship+1","floor":28},{"not_picked":["EmptyBody","TalkToTheHand"],"picked":"FlurryOfBlows+1","floor":30},{"not_picked":["CarveReality","Crescendo","Worship+1"],"picked":"Vault","floor":31},{"not_picked":["Omniscience","Wish","SpiritShield"],"picked":"Establishment","floor":33},{"not_picked":["FearNoEvil+1","ThirdEye","EmptyFist"],"picked":"FollowUp+1","floor":35},{"not_picked":["Halt+1","Evaluate","SashWhip+1"],"picked":"Judgement","floor":37},{"not_picked":["BowlingBash+1","Halt","JustLucky+1"],"picked":"FollowUp+1","floor":38},{"not_picked":["Protect+1","PathToVictory","Prostrate"],"picked":"Meditate+1","floor":39},{"not_picked":["Meditate+1","Scrawl","CutThroughFate","Study+1"],"picked":"SKIP","floor":40},{"not_picked":["Fasting2+1","FlurryOfBlows","WreathOfFlame"],"picked":"Prostrate+1","floor":44},{"not_picked":["Consecrate+1","Protect+1","SandsOfTime"],"picked":"ForeignInfluence+1","floor":46},{"not_picked":["FollowUp+1","FlurryOfBlows+1","Evaluate+1"],"picked":"Devotion","floor":47}],"player_experience":562458,"relics_obtained":[{"floor":9,"key":"Pear"},{"floor":10,"key":"Gremlin Horn"},{"floor":13,"key":"Meat on the Bone"},{"floor":14,"key":"Dream Catcher"},{"floor":24,"key":"Matryoshka"},{"floor":26,"key":"Whetstone"},{"floor":26,"key":"Bag of Preparation"},{"floor":30,"key":"Question Card"},{"floor":40,"key":"Nunchaku"},{"floor":43,"key":"Juzu Bracelet"},{"floor":43,"key":"Omamori"},{"floor":46,"key":"Ginger"},{"floor":47,"key":"Anchor"}],"event_choices":[{"cards_removed":["Pain"],"damage_healed":0.0,"max_hp_gain":0.0,"max_hp_loss":0.0,"gold_gain":0.0,"event_name":"Living Wall","player_choice":"Forget","floor":2.0,"gold_loss":0.0,"damage_taken":0.0},{"damage_healed":0.0,"max_hp_gain":0.0,"max_hp_loss":0.0,"gold_gain":0.0,"event_name":"World of Goop","player_choice":"Left Gold","floor":3.0,"gold_loss":50.0,"damage_taken":0.0},{"damage_healed":0.0,"max_hp_gain":0.0,"max_hp_loss":0.0,"gold_gain":0.0,"event_name":"Golden Idol","player_choice":"Take Wound","floor":4.0,"gold_loss":0.0,"damage_taken":0.0,"relics_obtained":["Golden Idol"],"cards_obtained":["Injury"]},{"damage_healed":0,"gold_gain":71,"player_choice":"Gained Gold","damage_taken":0,"max_hp_gain":0,"max_hp_loss":0,"event_name":"Golden Wing","floor":8,"gold_loss":0},{"damage_healed":0,"gold_gain":0,"player_choice":"Ignored","damage_taken":0,"max_hp_gain":0,"max_hp_loss":0,"event_name":"Vampires","floor":19,"gold_loss":0},{"damage_healed":0,"gold_gain":0,"cards_transformed":["TalkToTheHand"],"player_choice":"Transformed","damage_taken":0,"max_hp_gain":0,"max_hp_loss":0,"event_name":"Transmorgrifier","floor":27,"gold_loss":0,"cards_obtained":["CarveReality"]},{"damage_healed":0,"gold_gain":0,"player_choice":"Max HP","damage_taken":0,"max_hp_gain":0,"max_hp_loss":4,"event_name":"Winding Halls","floor":45,"gold_loss":0},{"damage_healed":0,"gold_gain":0,"player_choice":"Fight","damage_taken":0,"max_hp_gain":0,"max_hp_loss":0,"event_name":"Mysterious Sphere","floor":46,"gold_loss":0},{"cards_removed":["Clumsy"],"damage_healed":0,"gold_gain":0,"player_choice":"Offered Curse","damage_taken":0,"relics_obtained":["Spirit Poop"],"max_hp_gain":0,"max_hp_loss":0,"event_name":"Bonfire Elementals","floor":48,"gold_loss":0}],"is_beta":false,"boss_relics":[{"not_picked":["VioletLotus","Philosopher\u0027s Stone"],"picked":"HolyWater"},{"not_picked":["Tiny House","Black Star"],"picked":"Cursed Key"}],"items_purged_floors":[22],"is_endless":false,"potions_floor_spawned":[7,10,16,18,24,28,31,35,37,38,40],"ascension_level":3}}