{"host":"itbqv4oobgse7q4n","time":1613734930,"event":{"mods":["100% Spire Juice","2.2 Compatiblity","Act Like it!","Aspiration","BaseMod","Bestiary","Bossed Relics","CapriCore","Card Forge","Colored Powertips","Evolution","Extra Virgin Snecko Oil","Friendly Minions","FutureSeer","Gensokyo","GifTheSpireLib","Hero for Fun","Highlight Path","HololiveMod","Hubris","LagranYue(???·?)","Minty Spire (QoL Compilation)","Prisma Mod","Relic Filter","Reliquary","Remilia??????","Replay The Spire","Ruina","Shapeshifter Mod","Shop Mod","Small Relic Pack","StSLib","Td1madao Mod","The Alterego","The Animator","The Immortal","The Necromancer","The Sage","The Servant 0.9.4","The Wild Card","Wandering Minibosses","Yakumo Yukari mod"],"gold_per_floor":[114,18,18,18,18],"floor_reached":4,"language":"RUS","playtime":272,"items_purged":[],"score":22,"play_id":"8374f1a6-8466-4fae-9abf-c16d4286892d","local_time":"20210219144210","is_ascension_mode":false,"campfire_choices":[],"circlet_count":0,"master_deck":["StSShapeShifter:ShapeShifter_Strike","StSShapeShifter:ShapeShifter_Strike","StSShapeShifter:ShapeShifter_Strike","StSShapeShifter:ShapeShifter_Strike","StSShapeShifter:ShapeShifter_Strike","StSShapeShifter:ShapeShifter_Defend","StSShapeShifter:ShapeShifter_Defend","StSShapeShifter:ShapeShifter_Defend","StSShapeShifter:ShapeShifter_Defend","StSShapeShifter:ShapeShifter_Defend","StSShapeShifter:Tortoise_Form","StSShapeShifter:Lynx_Form","StSShapeShifter:BearForm","Gensokyo:DepletedGenerator","Gensokyo:TarnishedGold","Gensokyo:RustyChest"],"relics":["StSShapeShifter:AnimalHeart","StSShapeShifter:TheShapeShiftersMagnolia","Hammer of Thor","Seething Fire","Anvil of the Gods","EVO:Axolotl","hubris:Towel"],"acts_visited":["Gensokyo:Gensokyo"],"potions_floor_usage":[],"damage_taken":[{"damage":0,"enemies":"Gensokyo:3_Fairies","floor":1,"turns":4},{"damage":0,"enemies":"Gensokyo:Mamizou","floor":4,"turns":5}],"seed_played":"-3642025748487985840","potions_obtained":[{"floor":1,"key":"Elixir"}],"is_trial":false,"path_per_floor":["M","COS","?","?"],"character_chosen":"SHAPESHIFTER","items_purchased":[],"campfire_rested":0,"item_purchase_floors":[],"current_hp_per_floor":[85,85,85,85,85],"gold":18,"neow_bonus":"TEN_PERCENT_HP_BONUS","is_daily":false,"chose_seed":false,"campfire_upgraded":0,"win_rate":0.0,"timestamp":1613734930,"path_taken":["M","COS","?","?"],"items_purchased_type":[],"build_version":"2020-12-22","purchased_purges":0,"victory":false,"max_hp_per_floor":[85,85,85,85,85],"card_choices":[{"not_picked":["StSShapeShifter:Maul","StSShapeShifter:DeerForm"],"picked":"StSShapeShifter:BearForm","floor":1}],"player_experience":215408,"relics_obtained":[],"event_choices":[],"is_beta":false,"boss_relics":[],"items_purged_floors":[],"is_endless":false,"potions_floor_spawned":[1],"killed_by":"Gensokyo:Mamizou","ascension_level":0}}