{"host":"4xlu242lhh766u2u","time":1613736151,"event":{"mods":["AchievementEnabler","BaseMod","BetterRewards","Colored Map","Colored Powertips","Downfall","Infinite Spire","Minty Spire (QoL Compilation)","Replay The Spire","Shop Mod","StSLib","everything is the same but u backflip on backflip"],"gold_per_floor":[111,122,139,214,184,184,204,224,249,276,276,287,134,197,197,299,299,317,120,135,135,135,135],"floor_reached":22,"language":"ENG","playtime":1578,"items_purged":[],"score":205,"play_id":"f86aa4fb-ad24-43e7-962a-f6a40b034307","local_time":"20210219130231","is_ascension_mode":true,"campfire_choices":[{"floor":6.0,"key":"REST"},{"floor":11.0,"key":"REST"},{"data":"Strike_R+1","floor":15.0,"key":"SMITH"}],"circlet_count":0,"master_deck":["Strike_R","Strike_R","Strike_R","Strike_R+1","Strike_R","Defend_R","Defend_R+1","Defend_R","Defend_R","Bash","Intimidate","Massacre","Flex+1","Thunderclap","Twin Strike","Heavy Blade","Replay:Many Hands","Rage+1","Replay:Undeath\u0027s Touch"],"relics":["Burning Blood","Bird Faced Urn","Bag of Marbles","War Paint","Simple Rune","Black Star","Membership Card"],"acts_visited":["Exordium","TheCity"],"potions_floor_usage":[16,22,22],"damage_taken":[{"damage":14.0,"enemies":"Jaw Worm","floor":1.0,"turns":3.0},{"damage":5.0,"enemies":"2 Louse","floor":2.0,"turns":3.0},{"damage":4.0,"enemies":"Cultist","floor":3.0,"turns":4.0},{"damage":11.0,"enemies":"2 Fungi Beasts","floor":7.0,"turns":3.0},{"damage":20.0,"enemies":"Large Slime","floor":8.0,"turns":5.0},{"damage":32.0,"enemies":"3 Sentries","floor":10.0,"turns":8.0},{"damage":6.0,"enemies":"Lots of Slimes","floor":12.0,"turns":3.0},{"damage":53,"enemies":"Fading Forest","floor":16,"turns":11},{"damage":47,"enemies":"Shell Parasite","floor":18,"turns":6},{"damage":30,"enemies":"Chosen","floor":20,"turns":5},{"damage":19,"enemies":"Snecko","floor":22,"turns":3}],"seed_played":"6382992995781058271","potions_obtained":[{"floor":5.0,"key":"sneckomod:MuddlingPotion"},{"floor":5.0,"key":"Slimebound:ThreeZeroPotion"},{"floor":7.0,"key":"Swift Potion"},{"floor":10.0,"key":"GamblersBrew"},{"floor":12.0,"key":"LifebloodPotion"},{"floor":21,"key":"Slimebound:ThreeZeroPotion"}],"is_trial":false,"path_per_floor":["M","M","M","?","?","R","M","M","T","E","R","M","$","?","R","B",null,"M","$","M","?","M"],"character_chosen":"IRONCLAD","items_purchased":["Simple Rune","Membership Card","Cursed Concoction"],"campfire_rested":2,"item_purchase_floors":[13,19,19],"current_hp_per_floor":[48,49,51,40,40,64,59,45,45,19,43,43,43,43,43,16,80,39,39,15,15,0,0],"gold":135,"neow_bonus":"ONE_RARE_RELIC","is_daily":false,"chose_seed":false,"campfire_upgraded":1,"win_rate":0.0,"timestamp":1613736151,"path_taken":["M","M","M","?","?","R","M","?","T","E","R","M","$","?","R","BOSS","M","$","M","?","M"],"items_purchased_type":["Relic","Relic","Potion"],"build_version":"2020-12-22","purchased_purges":0,"victory":false,"max_hp_per_floor":[80,80,80,80,80,80,80,80,80,80,80,80,80,80,80,80,80,80,80,80,80,80,80],"card_choices":[{"not_picked":["Burning Pact","Shrug It Off"],"picked":"Intimidate","floor":1.0},{"not_picked":["Heavy Blade","Headbutt"],"picked":"Massacre","floor":2.0},{"not_picked":["Defy Death","ReplayTheSpireMod:Stacked"],"picked":"Flex","floor":3.0},{"not_picked":["Pummel","Body Slam"],"picked":"Thunderclap","floor":7.0},{"not_picked":["Cleave","Armaments"],"picked":"Twin Strike","floor":8.0},{"not_picked":["Wild Strike","Uppercut"],"picked":"Heavy Blade","floor":10.0},{"not_picked":["Perfected Strike","Dropkick","Thunderclap"],"picked":"SKIP","floor":12.0},{"not_picked":["Corruption","Eclipse"],"picked":"Replay:Many Hands","floor":16},{"not_picked":["ReplayTheSpireMod:Strike From Hell+1","Warcry"],"picked":"Rage+1","floor":18},{"not_picked":["Pommel Strike","Thunderclap"],"picked":"Replay:Undeath\u0027s Touch","floor":20}],"player_experience":53718,"relics_obtained":[{"floor":9.0,"key":"Bag of Marbles"},{"floor":10.0,"key":"War Paint"}],"event_choices":[{"damage_healed":0.0,"max_hp_gain":0.0,"max_hp_loss":0.0,"gold_gain":75.0,"event_name":"World of Goop","player_choice":"Gather Gold","floor":4.0,"gold_loss":0.0,"damage_taken":11.0},{"damage_healed":0.0,"max_hp_gain":0.0,"max_hp_loss":0.0,"gold_gain":0.0,"event_name":"The Woman in Blue","player_choice":"Bought 2 Potions","floor":5.0,"gold_loss":0.0,"damage_taken":0.0},{"damage_healed":0.0,"max_hp_gain":0.0,"max_hp_loss":0.0,"gold_gain":63.0,"event_name":"Golden Wing","player_choice":"Gained Gold","floor":14.0,"gold_loss":0.0,"damage_taken":0.0},{"damage_healed":0,"gold_gain":0,"player_choice":"Got Potions","damage_taken":0,"max_hp_gain":0,"max_hp_loss":0,"event_name":"Lab","floor":21,"gold_loss":0}],"is_beta":false,"boss_relics":[{"not_picked":["Sozu","ReplayTheSpireMod:DimensionalGlitch"],"picked":"Black Star"}],"items_purged_floors":[],"is_endless":false,"potions_floor_spawned":[7,10,12],"killed_by":"Snecko","ascension_level":2}}