{"host":"hf83sijwe64ts2lm","time":1613701385,"event":{"mods":["2.2 Compatiblity","BaseMod","Better Altar","Better Match","Better Note","Better Sensory Stone","Better Skull","Better Third Choice","Colored Map","Colored Powertips","Highlight Path","Hubris","Infinite Spire","Minty Spire (QoL Compilation)","Quick Restart","Rare Cards Sparkle","Relic Stats","Reliquary","Replay The Spire","Shop Mod","Spicy Shops","Spire Arcade","StSLib","Thieving Mod"],"gold_per_floor":[169,184,199,199,199,199,230,242,242,242,270,270,302,6,6,6,6],"floor_reached":16,"language":"ENG","playtime":428,"items_purged":["Regret"],"score":161,"play_id":"20dae722-3a93-48c8-b973-92a7e9c24aa5","local_time":"20210218212305","is_ascension_mode":true,"campfire_choices":[{"floor":6,"key":"RECALL"},{"floor":10,"key":"REST"},{"floor":12,"key":"REST"},{"data":"Die Die Die","floor":15,"key":"SMITH"}],"circlet_count":0,"master_deck":["Strike_G","Strike_G","Strike_G","Strike_G","Strike_G","Defend_G","Defend_G","Defend_G","Defend_G","Defend_G","Survivor+1","Neutralize","Dagger Spray","Deflect","Slice","ReplayTheSpireMod:Tripwire","Dash","Dagger Spray","ReplayTheSpireMod:Speed Training","Endless Agony","Die Die Die+1"],"relics":["Tiny House","Gremlin Horn","hubris:Reverence","Mango","Anchor","Eternal Feather","Happy Flower","reliquary:TuningFork","reliquary:BrokenClock"],"acts_visited":["Exordium"],"potions_floor_usage":[7,11,13,16],"damage_taken":[{"damage":0,"enemies":"Small Slimes","floor":1,"turns":3},{"damage":4,"enemies":"Jaw Worm","floor":2,"turns":3},{"damage":6,"enemies":"2 Louse","floor":3,"turns":3},{"damage":52,"enemies":"Lagavulin","floor":7,"turns":10},{"damage":1,"enemies":"Red Slaver","floor":8,"turns":4},{"damage":5,"enemies":"3 Sentries","floor":11,"turns":3},{"damage":28,"enemies":"Replay:BlueRogue","floor":13,"turns":8},{"damage":86,"enemies":"The Guardian","floor":16,"turns":21}],"seed_played":"-2811884511867949020","potions_obtained":[{"floor":0,"key":"Elixir"},{"floor":8,"key":"ColorlessPotion"},{"floor":11,"key":"Regen Potion"},{"floor":13,"key":"Weak Potion"}],"is_trial":false,"path_per_floor":["M","M","M","?","?","R","E","M","T","R","E","R","E","$","R","B"],"character_chosen":"THE_SILENT","items_purchased":["reliquary:BrokenClock","Die Die Die"],"campfire_rested":2,"item_purchase_floors":[14,14],"current_hp_per_floor":[75,71,65,65,73,73,21,20,20,55,50,88,74,74,86,0,0],"gold":6,"neow_bonus":"BOSS_RELIC","is_daily":false,"chose_seed":false,"campfire_upgraded":1,"win_rate":0.0,"timestamp":1613701385,"path_taken":["M","M","M","?","?","R","E","M","T","R","E","R","E","$","R","BOSS"],"items_purchased_type":["Relic","Card"],"build_version":"2020-12-22","purchased_purges":1,"victory":false,"max_hp_per_floor":[75,75,75,75,89,89,89,89,89,89,89,89,89,89,89,89,89],"relic_stats":{"Gremlin Horn":[0,0],"Happy Flower":[9],"counters":[8,55],"Eternal Feather":33,"obtain_stats":[{"Anchor":7,"Tiny House":0,"Gremlin Horn":4,"Happy Flower":11,"Mango":5,"Eternal Feather":9,"reliquary:TuningFork":13,"reliquary:BrokenClock":14,"Ring of the Snake":0,"hubris:Reverence":5},{"Anchor":4,"Tiny House":0,"Gremlin Horn":3,"Happy Flower":6,"Mango":3,"Eternal Feather":5,"reliquary:TuningFork":7,"reliquary:BrokenClock":7,"Ring of the Snake":0,"hubris:Reverence":3},{"Anchor":19,"Tiny House":0,"Gremlin Horn":9,"Happy Flower":26,"Mango":9,"Eternal Feather":23,"reliquary:TuningFork":34,"reliquary:BrokenClock":34,"Ring of the Snake":0,"hubris:Reverence":9}]},"card_choices":[{"not_picked":["Acrobatics","Slice"],"picked":"Dagger Spray","floor":0},{"not_picked":["PiercingWail","Prepared"],"picked":"Deflect","floor":1},{"not_picked":["hubris:SlightOfHand","Deflect"],"picked":"Slice","floor":2},{"not_picked":["Blade Dance","ReplayTheSpireMod:From All Sides"],"picked":"ReplayTheSpireMod:Tripwire","floor":3},{"not_picked":["ReplayTheSpireMod:The Works","Tactician"],"picked":"Dash","floor":7},{"not_picked":["Skewer","hubris:SlightOfHand"],"picked":"Dagger Spray","floor":8},{"not_picked":["Tactician","Flying Knee"],"picked":"ReplayTheSpireMod:Speed Training","floor":11},{"not_picked":["Slice","Prepared"],"picked":"Endless Agony","floor":13}],"player_experience":181936,"relics_obtained":[{"floor":7,"key":"Anchor"},{"floor":9,"key":"Eternal Feather"},{"floor":11,"key":"Happy Flower"},{"floor":13,"key":"reliquary:TuningFork"}],"event_choices":[{"damage_healed":0,"gold_gain":0,"player_choice":"Box","damage_taken":0,"relics_obtained":["Gremlin Horn"],"max_hp_gain":0,"max_hp_loss":0,"event_name":"Big Fish","floor":4,"gold_loss":0,"cards_obtained":["Regret"]},{"damage_healed":0,"gold_gain":1,"player_choice":"Relic Relic ","damage_taken":6,"max_hp_gain":0,"max_hp_loss":0,"event_name":"betterThird:BetterScrap","floor":5,"gold_loss":0,"cards_obtained":["Reinforced Body"]}],"is_beta":false,"boss_relics":[],"items_purged_floors":[14],"is_endless":false,"potions_floor_spawned":[8,11,13],"killed_by":"The Guardian","ascension_level":3}}