{"host":"w5thk1acqacem6ba","time":1613743616,"event":{"mods":["AchievementEnabler","BaseMod","Colored Map","KOR Keyword Fix","Minty Spire (QoL Compilation)","SuperFastMode"],"gold_per_floor":[116,116,127,144,144,144,182,182,182,203,228,228,228,242,242,371,371,389,14,39,39,54,54,74,74,74,88,129,129,154,166,178,320,332,365,20,20,20],"floor_reached":37,"language":"KOR","playtime":1504,"items_purged":["Strike_G","Strike_G"],"score":508,"play_id":"0247767b-6dcd-4a55-9493-22bd1ddb02af","local_time":"20210219230656","is_ascension_mode":true,"campfire_choices":[{"floor":6.0,"key":"REST"},{"data":"Defend_G","floor":8.0,"key":"PURGE"},{"floor":12.0,"key":"REST"},{"data":"Slice","floor":15.0,"key":"SMITH"},{"data":"Venomology","floor":23.0,"key":"SMITH"},{"floor":25.0,"key":"REST"},{"floor":32,"key":"REST"}],"circlet_count":0,"master_deck":["Strike_G","Defend_G","Defend_G","Survivor","Neutralize","Unload+1","Tools of the Trade+1","Sucker Punch+1","Backflip","Poisoned Stab+1","Backflip","Slice+1","Deflect","Venomology+1","Blade Dance+1","Slice","Quick Slash+1","Masterful Stab+1","Bouncing Flask+1"],"relics":["Astrolabe","Golden Idol","Peace Pipe","Gremlin Horn","Philosopher\u0027s Stone","Shuriken","Question Card","Bottled Lightning","MawBank","WristBlade","Paper Crane"],"acts_visited":["Exordium","TheCity","TheBeyond"],"potions_floor_usage":[28,28,33,33,35,37],"damage_taken":[{"damage":0.0,"enemies":"Jaw Worm","floor":1.0,"turns":4.0},{"damage":4.0,"enemies":"2 Louse","floor":3.0,"turns":2.0},{"damage":0.0,"enemies":"Cultist","floor":4.0,"turns":3.0},{"damage":15.0,"enemies":"Gremlin Nob","floor":7.0,"turns":4.0},{"damage":2.0,"enemies":"2 Fungi Beasts","floor":10.0,"turns":3.0},{"damage":3.0,"enemies":"Lots of Slimes","floor":11.0,"turns":2.0},{"damage":1.0,"enemies":"Blue Slaver","floor":14.0,"turns":3.0},{"damage":22.0,"enemies":"Slime Boss","floor":16.0,"turns":10.0},{"damage":5.0,"enemies":"2 Thieves","floor":18.0,"turns":4.0},{"damage":0.0,"enemies":"Spheric Guardian","floor":20.0,"turns":3.0},{"damage":27.0,"enemies":"Snake Plant","floor":22.0,"turns":4.0},{"damage":2.0,"enemies":"3 Cultists","floor":24.0,"turns":3.0},{"damage":7.0,"enemies":"Centurion and Healer","floor":27.0,"turns":3.0},{"damage":12,"enemies":"Gremlin Leader","floor":28,"turns":2},{"damage":9,"enemies":"Snecko","floor":30,"turns":3},{"damage":31,"enemies":"Automaton","floor":33,"turns":7},{"damage":36,"enemies":"3 Darklings","floor":35,"turns":3},{"damage":24,"enemies":"3 Shapes","floor":37,"turns":3}],"seed_played":"-7097621040157819688","potions_obtained":[{"floor":1.0,"key":"BlessingOfTheForge"},{"floor":10.0,"key":"ColorlessPotion"},{"floor":14.0,"key":"CunningPotion"},{"floor":16.0,"key":"SkillPotion"},{"floor":18.0,"key":"BlessingOfTheForge"},{"floor":27.0,"key":"SteroidPotion"},{"floor":33,"key":"SteroidPotion"},{"floor":35,"key":"PowerPotion"}],"is_trial":false,"path_per_floor":["M","?","M","M","?","R","E","R","T","M","M","R","?","M","R","B",null,"M","$","M","?","M","R","M","R","T","M","E","?","M","$","R","B",null,"M","$","M"],"character_chosen":"THE_SILENT","items_purchased":["Shuriken","Slice","Paper Crane"],"campfire_rested":4,"item_purchase_floors":[19,19,36],"current_hp_per_floor":[63,63,59,59,42,63,48,48,48,46,43,64,64,63,63,41,63,58,58,58,58,40,40,38,59,59,52,40,40,31,31,52,21,58,22,22,0,0],"gold":20,"neow_bonus":"BOSS_RELIC","is_daily":false,"chose_seed":false,"campfire_upgraded":2,"win_rate":0.0,"timestamp":1613743616,"path_taken":["M","?","M","M","?","R","E","R","T","M","M","R","?","M","R","BOSS","M","$","M","?","M","R","M","R","T","M","E","?","M","$","R","BOSS","M","$","?"],"items_purchased_type":["Relic","Card","Relic"],"build_version":"2020-12-22","purchased_purges":2,"victory":false,"max_hp_per_floor":[70,70,70,70,70,70,70,70,70,70,70,70,70,70,70,70,70,70,70,70,70,70,70,70,70,70,70,70,70,70,70,70,70,70,70,70,70,70],"card_choices":[{"not_picked":["Masterful Stab","Cloak And Dagger"],"picked":"Backflip","floor":1.0},{"not_picked":["Caltrops","Acrobatics"],"picked":"Poisoned Stab","floor":3.0},{"not_picked":["Heel Hook","Flying Knee"],"picked":"Backflip","floor":4.0},{"not_picked":["Infinite Blades","Dagger Throw","Sucker Punch"],"picked":"SKIP","floor":7.0},{"not_picked":["Accuracy","Quick Slash"],"picked":"Slice","floor":10.0},{"not_picked":["Blade Dance","Poisoned Stab"],"picked":"Deflect","floor":11.0},{"not_picked":["PiercingWail","Cloak And Dagger","Choke"],"picked":"SKIP","floor":14.0},{"not_picked":["Storm of Steel","Malaise"],"picked":"Venomology","floor":16.0},{"not_picked":["Escape Plan","Reflex"],"picked":"Blade Dance+1","floor":18.0},{"not_picked":["Outmaneuver","Cloak And Dagger"],"picked":"Quick Slash+1","floor":20.0},{"not_picked":["Poisoned Stab","Prepared","Acrobatics"],"picked":"SKIP","floor":22.0},{"not_picked":["Cloak And Dagger+1","Acrobatics"],"picked":"Masterful Stab+1","floor":24.0},{"not_picked":["Setup","Poisoned Stab","Sucker Punch","Dagger Throw"],"picked":"SKIP","floor":27.0},{"not_picked":["Distraction+1","Corpse Explosion","Cloak And Dagger"],"picked":"Bouncing Flask+1","floor":28},{"not_picked":["Deflect","Dagger Throw","Backstab","Heel Hook"],"picked":"SKIP","floor":30},{"not_picked":["Eviscerate+1","Footwork","Crippling Poison","Choke+1"],"picked":"SKIP","floor":35}],"player_experience":427887,"relics_obtained":[{"floor":7.0,"key":"Peace Pipe"},{"floor":9.0,"key":"Gremlin Horn"},{"floor":26.0,"key":"Question Card"},{"floor":28,"key":"Bottled Lightning"}],"event_choices":[{"cards_removed":["Strike_G"],"damage_healed":0.0,"max_hp_gain":0.0,"max_hp_loss":0.0,"gold_gain":0.0,"event_name":"Living Wall","player_choice":"Forget","floor":2.0,"gold_loss":0.0,"damage_taken":0.0},{"damage_healed":0.0,"max_hp_gain":0.0,"max_hp_loss":0.0,"gold_gain":0.0,"event_name":"Golden Idol","player_choice":"Take Damage","floor":5.0,"gold_loss":0.0,"damage_taken":17.0,"relics_obtained":["Golden Idol"]},{"damage_healed":0.0,"max_hp_gain":0.0,"max_hp_loss":0.0,"gold_gain":0.0,"event_name":"Accursed Blacksmith","player_choice":"Forge","floor":13.0,"gold_loss":0.0,"damage_taken":0.0,"cards_upgraded":["Poisoned Stab"]},{"damage_healed":0,"gold_gain":0,"player_choice":"Gave Potion","damage_taken":0,"relics_obtained":["MawBank"],"max_hp_gain":0,"max_hp_loss":0,"event_name":"WeMeetAgain","floor":29,"gold_loss":0}],"is_beta":false,"boss_relics":[{"not_picked":["Coffee Dripper","Fusion Hammer"],"picked":"Philosopher\u0027s Stone"},{"not_picked":["Cursed Key","Sozu"],"picked":"WristBlade"}],"items_purged_floors":[19,36],"is_endless":false,"potions_floor_spawned":[1,10,14,16,18,20,27,33,35],"killed_by":"3 Shapes","ascension_level":6}}