{"host":"cjhtzh7tp54jdfyv","time":1613723945,"event":{"mods":["AchievementEnabler","BaseMod","Colored Map","Colored Powertips","Curses Come First","DeckTracker","Filter the Spire","Minty Spire (QoL Compilation)","RNG Fix","Relic Sorter","Relic Stats","StSLib","UnlockEverythingMod","ojb\u0027s Better Paths Mod","ojb\u0027s Info Mod"],"gold_per_floor":[109,128,147,147,166,195,195,223,223,248,265,265,265],"floor_reached":12,"language":"ENG","playtime":632,"items_purged":[],"score":200,"play_id":"de0ed0b0-209d-4fb3-b5e4-acbef5290e3b","local_time":"20210219033905","is_ascension_mode":true,"campfire_choices":[{"floor":7,"key":"REST"}],"circlet_count":0,"master_deck":["AscendersBane","Strike_P","Strike_P+1","Strike_P","Strike_P+1","Defend_P","Defend_P","Defend_P","Defend_P","Eruption","Vigilance","CutThroughFate","WheelKick","Consecrate","BowlingBash","Weave","FlurryOfBlows"],"relics":["Sozu","Happy Flower","Incense Burner","Peace Pipe","Pantograph"],"acts_visited":["Exordium"],"potions_floor_usage":[],"damage_taken":[{"damage":4,"enemies":"Jaw Worm","floor":1,"turns":3},{"damage":7,"enemies":"Small Slimes","floor":2,"turns":3},{"damage":1,"enemies":"2 Louse","floor":3,"turns":2},{"damage":7,"enemies":"Large Slime","floor":5,"turns":4},{"damage":16,"enemies":"Gremlin Nob","floor":6,"turns":3},{"damage":4,"enemies":"Lagavulin","floor":8,"turns":7},{"damage":16,"enemies":"Gremlin Nob","floor":10,"turns":3},{"damage":0,"enemies":"Exordium Thugs","floor":11,"turns":2},{"damage":20,"enemies":"3 Sentries","floor":12,"turns":2}],"seed_played":"6287499464471381971","potions_obtained":[],"is_trial":false,"path_per_floor":["M","M","M","?","M","E","R","E","T","E","M","E"],"character_chosen":"WATCHER","items_purchased":[],"campfire_rested":1,"item_purchase_floors":[],"current_hp_per_floor":[57,50,49,29,22,6,26,22,22,6,6,0,0],"gold":265,"neow_bonus":"BOSS_RELIC","is_daily":false,"chose_seed":false,"campfire_upgraded":0,"win_rate":0.0,"timestamp":1613723945,"path_taken":["M","M","?","?","M","E","R","E","T","E","M","E"],"items_purchased_type":[],"build_version":"2020-12-22","purchased_purges":0,"victory":false,"max_hp_per_floor":[68,68,68,68,68,68,68,68,68,68,68,68,68],"relic_stats":{"Sozu":3,"Peace Pipe":0,"Happy Flower":[2],"counters":[9,29],"Pantograph":0,"obtain_stats":[{"Sozu":0,"Peace Pipe":8,"Happy Flower":9,"Pantograph":10,"Incense Burner":6,"PureWater":0},{"Sozu":0,"Peace Pipe":6,"Happy Flower":6,"Pantograph":7,"Incense Burner":5,"PureWater":0},{"Sozu":0,"Peace Pipe":22,"Happy Flower":22,"Pantograph":25,"Incense Burner":15,"PureWater":0}]},"card_choices":[{"not_picked":["FollowUp","Wallop"],"picked":"CutThroughFate","floor":1},{"not_picked":["FlyingSleeves","Worship"],"picked":"WheelKick","floor":2},{"not_picked":["FlyingSleeves","WheelKick"],"picked":"Consecrate","floor":3},{"not_picked":["LikeWater","ThirdEye"],"picked":"BowlingBash","floor":5},{"not_picked":["Wish","Perseverance","ClearTheMind"],"picked":"SKIP","floor":6},{"not_picked":["CrushJoints","ClearTheMind"],"picked":"Weave","floor":8},{"not_picked":["WindmillStrike","Alpha","Protect"],"picked":"SKIP","floor":10},{"not_picked":["Perseverance","MentalFortress"],"picked":"FlurryOfBlows","floor":11}],"player_experience":5044272,"relics_obtained":[{"floor":6,"key":"Incense Burner"},{"floor":8,"key":"Peace Pipe"},{"floor":9,"key":"Happy Flower"},{"floor":10,"key":"Pantograph"}],"event_choices":[{"damage_healed":0,"gold_gain":0,"player_choice":"Entered Light","damage_taken":20,"max_hp_gain":0,"max_hp_loss":0,"event_name":"Shining Light","floor":4,"gold_loss":0,"cards_upgraded":["Strike_P","Strike_P"]}],"is_beta":false,"boss_relics":[],"items_purged_floors":[],"is_endless":false,"potions_floor_spawned":[1,8,11],"killed_by":"3 Sentries","ascension_level":20}}