{"host":"kpcx2wrn7eq3nf7c","time":1613749492,"event":{"mods":["100% Spire Juice","Act Like it!","BaseMod","CapriCore","Friendly Minions","Gensokyo","Marisa£®ÏF”Í°°ƒß¿Ì…≥£©","Minty Spire (QoL Compilation)","StSLib","The Animator","The Servant 0.9.4","Together in Spire","Waifu the Spire","Youmu£®ªÍ∆«—˝√Œ£©"],"gold_per_floor":[112,112,112,129,129,129,162,17,17,51,61,61,81,99,99,170,170,190,19,35,35,61,61,90,90,167,167,181,46,46,72,72,143,143,162,177,29,41,41,41,41,41],"floor_reached":41,"language":"ZHS","playtime":2328,"items_purged":["Strike_MRS"],"score":871,"play_id":"d0e8d23f-b53a-4b9f-96b6-f56074eb0696","local_time":"20210219234452","is_ascension_mode":true,"campfire_choices":[{"data":"OortCloud","floor":6.0,"key":"SMITH"},{"data":"Gensokyo:MarisaTwilightSpark","floor":15.0,"key":"SMITH"},{"data":"UltimateShortwave","floor":23.0,"key":"SMITH"},{"data":"MilkyWay","floor":30.0,"key":"SMITH"},{"floor":32.0,"key":"REST"},{"floor":40.0,"key":"REST"}],"circlet_count":0,"master_deck":["AscendersBane","Defend_MRS","Defend_MRS","Defend_MRS","MasterSpark","UpSweep","OortCloud+1","Gensokyo:MarisaTwilightSpark+1","ChargeUpSpray","SuperPerseids","AsteroidBelt","NonDirectionalLaser","UltimateShortwave+1","ChargingUp","MilkyWay+1","GrandCross+1","6A+1","6A+1","BlazingStar+1","EventHorizon+1","GrandCross+1","Gensokyo:BlemishedSteel","Gensokyo:ReactiveArmor","SprinkleStarSeal","DeepEcoloBomb+1"],"relics":["MiniHakkero","Pantograph","SimpleLauncher","Strawberry","Mercury Hourglass","Black Star","Membership Card","Gensokyo:DirgeOfMelancholy","Orichalcum","Molten Egg 2","Akabeko","Matryoshka","Blood Vial","Bottled Tornado","Dream Catcher","Astrolabe","Gensokyo:EmptyGrave","PreservedInsect"],"acts_visited":["Gensokyo:Gensokyo","Gensokyo:Gensokyoer","Gensokyo:Gensokyoest"],"potions_floor_usage":[],"damage_taken":[{"damage":8.0,"enemies":"Gensokyo:Python","floor":1.0,"turns":3.0},{"damage":0.0,"enemies":"Gensokyo:3_Fairies","floor":4.0,"turns":3.0},{"damage":8.0,"enemies":"Gensokyo:Aya","floor":7.0,"turns":5.0},{"damage":0.0,"enemies":"Gensokyo:Cirno","floor":10.0,"turns":5.0},{"damage":0.0,"enemies":"Gensokyo:2_Kodama","floor":11.0,"turns":2.0},{"damage":0.0,"enemies":"Gensokyo:LivingMonolith","floor":13.0,"turns":3.0},{"damage":0.0,"enemies":"Gensokyo:5_Fairies","floor":14.0,"turns":4.0},{"damage":17.0,"enemies":"Gensokyo:Reimu","floor":16.0,"turns":9.0},{"damage":17.0,"enemies":"Gensokyo:CosmicMonolith","floor":18.0,"turns":5.0},{"damage":2.0,"enemies":"Gensokyo:Chomper","floor":20.0,"turns":4.0},{"damage":28.0,"enemies":"Gensokyo:Reisen","floor":24.0,"turns":7.0},{"damage":7.0,"enemies":"Gensokyo:Wraith","floor":28.0,"turns":5.0},{"damage":16.0,"enemies":"Gensokyo:Koishi","floor":31.0,"turns":7.0},{"damage":63.0,"enemies":"Gensokyo:Eternal_Rivals","floor":33.0,"turns":11.0},{"damage":0.0,"enemies":"Gensokyo:3_Bats","floor":35.0,"turns":3.0},{"damage":13.0,"enemies":"Gensokyo:3_Boulders","floor":36.0,"turns":5.0},{"damage":35.0,"enemies":"Gensokyo:Rafflesia","floor":38.0,"turns":9.0},{"damage":48,"enemies":"Gensokyo:Marisa","floor":41,"turns":6}],"seed_played":"-5744952699784234432","potions_obtained":[{"floor":1.0,"key":"BottledSpark"},{"floor":4.0,"key":"Dexterity Potion"},{"floor":28.0,"key":"PowerPotion"},{"floor":33.0,"key":"LiquidBronze"}],"is_trial":false,"path_per_floor":["M","?","?","M","?","R","E","COS","T","E","M","$","M","M","R","B",null,"M","$","M","?","T","R","E","?","T","?","M","$","R","E","R","B",null,"M","M","COS","M","?","R","E"],"character_chosen":"MARISA","items_purchased":["Membership Card","6A+1","Blood Vial"],"campfire_rested":2,"item_purchase_floors":[19,29,29],"current_hp_per_floor":[62,62,62,62,62,62,54,54,61,61,61,61,61,61,61,67,80,63,63,61,61,61,61,33,33,33,33,26,26,26,12,37,1,63,65,54,54,21,21,43,0,0],"gold":41,"neow_bonus":"TEN_PERCENT_HP_BONUS","is_daily":false,"chose_seed":false,"campfire_upgraded":4,"win_rate":0.0,"timestamp":1613749492,"path_taken":["M","?","?","M","?","R","E","COS","T","E","M","?","M","M","R","BOSS","M","?","?","?","?","R","E","?","T","?","M","$","R","E","R","BOSS","M","M","COS","M","?","R","E"],"items_purchased_type":["Relic","Card","Relic"],"build_version":"2020-12-22","purchased_purges":1,"victory":false,"max_hp_per_floor":[77,77,77,77,77,77,77,77,84,84,84,84,84,84,84,84,84,84,84,84,84,84,84,84,84,84,84,84,84,84,84,84,84,84,84,84,84,84,76,76,76,76],"card_choices":[{"not_picked":["StarBarrage","DoubleSpark"],"picked":"OortCloud","floor":1.0},{"not_picked":["DC","EventHorizon"],"picked":"ChargeUpSpray","floor":4.0},{"not_picked":["GrandCross","EarthLightRay"],"picked":"SuperPerseids","floor":7.0},{"not_picked":["WitchOfGreed","EscapeVelocity"],"picked":"AsteroidBelt","floor":10.0},{"not_picked":["Robbery","BlazeAway"],"picked":"NonDirectionalLaser","floor":11.0},{"not_picked":["SporeBomb","UnstableBomb","IllusionStar"],"picked":"SKIP","floor":13.0},{"not_picked":["OneTimeOff","MagicChant","Occultation"],"picked":"SKIP","floor":14.0},{"not_picked":["MaximisePower","JA"],"picked":"UltimateShortwave","floor":16.0},{"not_picked":["WitchOfGreed","UnstableBomb"],"picked":"ChargingUp","floor":18.0},{"not_picked":["ShootingEcho","MysteriousBeam"],"picked":"MilkyWay","floor":20.0},{"not_picked":["AsteroidBelt","MaximisePower","MysteriousBeam+1"],"picked":"SKIP","floor":24.0},{"not_picked":["Acceleration","MilkyWay"],"picked":"GrandCross+1","floor":28.0},{"not_picked":["Occultation","DragonMeteor+1","WitchLeyline+1"],"picked":"SKIP","floor":31.0},{"not_picked":["EnergyRecoil","GalacticHalo+1","MilkyWay"],"picked":"SKIP","floor":35.0},{"not_picked":["SuperPerseids","PowerUp+1"],"picked":"GrandCross+1","floor":36.0},{"not_picked":["DeepEcoloBomb+1","AsteroidBelt"],"picked":"SprinkleStarSeal","floor":38.0},{"not_picked":["NonDirectionalLaser+1","IllusionStar"],"picked":"DeepEcoloBomb+1","floor":40.0}],"player_experience":1203494,"relics_obtained":[{"floor":7.0,"key":"Pantograph"},{"floor":9.0,"key":"Strawberry"},{"floor":10.0,"key":"Mercury Hourglass"},{"floor":22.0,"key":"Orichalcum"},{"floor":24.0,"key":"Molten Egg 2"},{"floor":24.0,"key":"Akabeko"},{"floor":26.0,"key":"Matryoshka"},{"floor":31.0,"key":"Bottled Tornado"},{"floor":31.0,"key":"Dream Catcher"}],"event_choices":[],"is_beta":false,"boss_relics":[{"not_picked":["Busted Crown","Velvet Choker"],"picked":"Black Star"},{"not_picked":["Cursed Key","Pandora\u0027s Box"],"picked":"Astrolabe"}],"items_purged_floors":[29],"is_endless":false,"potions_floor_spawned":[1,4,10,14,28,33],"killed_by":"Gensokyo:Marisa","ascension_level":18}}