{"host":"qlo0xo0cdeotglqz","time":1613753522,"event":{"mods":["2.2 Compatiblity","Act Like it!","Aspiration","Bard","BaseMod","Bestiary","Better Third Choice","Clockwork Mod","Colored Map","DeckTracker","Downfall","Gremlin Mod","Infinite Spire","Jorbs\u0027s Wanderer Trilogy","Minty Spire (QoL Compilation)","Potionbrewer","Rare Cards Sparkle","Replay The Spire","Spire Arcade","StS++","StSLib","The Animator","The Blackbeard","The Blue Laboratory","The Cursed","The Disciple","The Forsaken","Uncapped"],"gold_per_floor":[112,17,17,17,17,43,59,59,59,59,117,117,117,137,137,260,260,280,280,295,310,310,310,310],"floor_reached":23,"language":"ENG","playtime":1561,"items_purged":["TheCursedMod:Strike_TheCursed"],"score":198,"play_id":"be031bd6-8678-4605-8384-9fd2e16d5857","local_time":"20210219175202","is_ascension_mode":true,"campfire_choices":[{"data":"TheCursedMod:ReleasedStrength","floor":8,"key":"SMITH"},{"data":"TheCursedMod:SmokeScreen","floor":12,"key":"SMITH"},{"data":"TheCursedMod:CursedBoomerang","floor":15,"key":"SMITH"}],"circlet_count":0,"master_deck":["TheCursedMod:Strike_TheCursed","TheCursedMod:Strike_TheCursed","TheCursedMod:Strike_TheCursed","TheCursedMod:Defend_TheCursed","TheCursedMod:Defend_TheCursed","TheCursedMod:Defend_TheCursed","TheCursedMod:Defend_TheCursed","TheCursedMod:CursedWand","TheCursedMod:CleanUpWorkshop","TheCursedMod:Dregs","TheCursedMod:SmokeScreen+1","TheCursedMod:HellsGateOpen","Injury","TheCursedMod:SpitefulPlan+1","TheCursedMod:ReleasedStrength+1","TheCursedMod:AbyssShockwave","Injury","TheCursedMod:CursedBoomerang+1","TheCursedMod:OutForBlood+1","TheCursedMod:BlessingInDisguise","TheCursedMod:Obscuration","TheCursedMod:SpitefulStrike","infinitespire:Fortify"],"relics":["TheCursedMod:BlackMagic101","Pocketwatch","Frozen Egg 2","Bottled Tornado","Divine Protection","ReplayTheSpireMod:Ring of Challenge","Ring of Fury","Golden Idol","TheCursedMod:OminousMark","infinitespire:FocusingShard","Replay:Bronze Core"],"acts_visited":["Exordium","TheCity"],"potions_floor_usage":[],"damage_taken":[{"damage":1,"enemies":"Jaw Worm","floor":1,"turns":5},{"damage":9,"enemies":"Replay:BlueRogue","floor":6,"turns":11},{"damage":1,"enemies":"Cultist","floor":7,"turns":5},{"damage":3,"enemies":"2 Louse","floor":11,"turns":3},{"damage":0,"enemies":"2 Fungi Beasts","floor":14,"turns":3},{"damage":16,"enemies":"The Guardian","floor":16,"turns":7},{"damage":0,"enemies":"Spheric Guardian","floor":18,"turns":3},{"damage":0,"enemies":"3 Byrds","floor":20,"turns":2},{"damage":17,"enemies":"Centurion and Healer","floor":21,"turns":5},{"damage":42,"enemies":"Gremlin Leader","floor":23,"turns":6}],"seed_played":"8102214736251593386","potions_obtained":[{"floor":1,"key":"Swift Potion"},{"floor":6,"key":"Strength Potion"},{"floor":16,"key":"Adrenaline Potion"},{"floor":21,"key":"PowerPotion"}],"is_trial":false,"path_per_floor":["M","$","?","$","?","E","M","R","T","?","M","R","?","M","R","B",null,"M","?","M","M","AVR","E"],"character_chosen":"THE_CURSED","items_purchased":["TheCursedMod:SmokeScreen","TheCursedMod:HellsGateOpen"],"campfire_rested":0,"item_purchase_floors":[2,2],"current_hp_per_floor":[53,53,58,58,58,49,48,48,48,48,45,45,45,45,45,29,75,75,75,75,58,58,16,16],"gold":310,"neow_bonus":"ONE_RARE_RELIC","is_daily":false,"chose_seed":false,"campfire_upgraded":3,"win_rate":0.0,"timestamp":1613753522,"path_taken":["M","$","?","?","?","E","M","R","T","?","M","R","?","M","R","BOSS","M","?","?","M","AVR","E"],"items_purchased_type":["Card","Card"],"build_version":"2020-12-22","purchased_purges":1,"victory":false,"max_hp_per_floor":[75,75,75,75,75,75,75,75,75,75,75,75,75,75,75,75,75,75,75,75,75,75,75,75],"card_choices":[{"not_picked":["TheCursedMod:PrepareRite","TheCursedMod:VitalStrike"],"picked":"TheCursedMod:CursedShiv","floor":1},{"not_picked":["TheCursedMod:CursedSpellbook","TheCursedMod:CircleOfAmplification"],"picked":"TheCursedMod:SpitefulPlan+1","floor":6},{"not_picked":["TheCursedMod:Obscuration","TheCursedMod:EmpowerCircles+1"],"picked":"TheCursedMod:ReleasedStrength","floor":7},{"not_picked":["TheCursedMod:SpitefulPlan+1","TheCursedMod:SpitefulPray"],"picked":"TheCursedMod:AbyssShockwave","floor":11},{"not_picked":["TheCursedMod:CircleOfCorruption","TheCursedMod:PrepareRite"],"picked":"TheCursedMod:CursedBoomerang","floor":14},{"not_picked":["TheCursedMod:UltimatePain","TheCursedMod:DemonicPact+1"],"picked":"TheCursedMod:OutForBlood+1","floor":16},{"not_picked":["TheCursedMod:Stretching","TheCursedMod:CircleOfWindfury"],"picked":"TheCursedMod:BlessingInDisguise","floor":18},{"not_picked":["TheCursedMod:CircleOfFocus","TheCursedMod:CircleOfWindfury+1"],"picked":"TheCursedMod:Obscuration","floor":20},{"not_picked":["TheCursedMod:Wield+1","TheCursedMod:RavingStaff+1"],"picked":"TheCursedMod:SpitefulStrike","floor":21}],"player_experience":88455,"relics_obtained":[{"floor":6,"key":"Bottled Tornado"},{"floor":9,"key":"Divine Protection"},{"floor":10,"key":"ReplayTheSpireMod:Ring of Challenge"},{"floor":10,"key":"Ring of Fury"}],"event_choices":[{"cards_removed":["TheCursedMod:CursedShiv"],"damage_healed":5,"gold_gain":0,"player_choice":"Offered Common","damage_taken":0,"max_hp_gain":0,"max_hp_loss":0,"event_name":"Bonfire Elementals","floor":3,"gold_loss":0},{"cards_removed":["TheCursedMod:CursedShiv"],"damage_healed":5,"gold_gain":0,"player_choice":"Offered Special","damage_taken":0,"max_hp_gain":0,"max_hp_loss":0,"event_name":"Bonfire Elementals","floor":3,"gold_loss":0},{"damage_healed":0,"gold_gain":0,"player_choice":"Take Wound","damage_taken":0,"relics_obtained":["Golden Idol"],"max_hp_gain":0,"max_hp_loss":0,"event_name":"Golden Idol","floor":13,"gold_loss":0,"cards_obtained":["Injury"]},{"damage_healed":0,"gold_gain":0,"player_choice":"Ignored","damage_taken":0,"max_hp_gain":0,"max_hp_loss":0,"event_name":"Fountain of Cleansing","floor":19,"gold_loss":0}],"is_beta":false,"boss_relics":[{"not_picked":["aspiration:DefectSkillbook","Velvet Choker"],"picked":"TheCursedMod:OminousMark"}],"items_purged_floors":[22],"is_endless":false,"potions_floor_spawned":[1,6,16,20,21],"killed_by":"Gremlin Leader","ascension_level":1}}