{"host":"3c8x8j1h2jyrixpf","time":1613707908,"event":{"mods":["BaseMod","Colored Powertips","Highlight Path","Minty Spire (QoL Compilation)","StSLib"],"gold_per_floor":[114,134,84,95,95,95,120,120,120,6,6,39,39,49,49,125,125,141,154,173,185,185,185,215,215,241,12,40,3,16,29,29,29,29],"floor_reached":33,"language":"ENG","playtime":1318,"items_purged":["Strike_G"],"score":487,"play_id":"083dcdc0-45e9-4a2d-8228-c28c8a16cc63","local_time":"20210218221148","is_ascension_mode":true,"campfire_choices":[{"data":"Blade Dance","floor":6.0,"key":"SMITH"},{"data":"Bouncing Flask","floor":8.0,"key":"SMITH"},{"floor":15.0,"key":"REST"},{"data":"Corpse Explosion","floor":23.0,"key":"SMITH"},{"floor":25.0,"key":"REST"},{"floor":32.0,"key":"REST"}],"circlet_count":0,"master_deck":["AscendersBane","Strike_G","Strike_G","Defend_G","Defend_G","Defend_G","Defend_G","Defend_G","Survivor","Neutralize","Dagger Throw","Blade Dance+1","Bouncing Flask+1","Leg Sweep","Deadly Poison","Dash","Corpse Explosion+1","PiercingWail","Terror","Catalyst","All Out Attack","Venomology","Well Laid Plans","Glass Knife","Footwork+1","Reflex"],"relics":["HoveringKite","Blue Candle","Pen Nib","Ninja Scroll","Blood Vial","WristBlade","Matryoshka","Omamori","Vajra","Membership Card","Bag of Preparation","Nunchaku"],"acts_visited":["Exordium","TheCity"],"potions_floor_usage":[33,33],"damage_taken":[{"damage":0.0,"enemies":"Small Slimes","floor":1.0,"turns":5.0},{"damage":0.0,"enemies":"Jaw Worm","floor":2.0,"turns":4.0},{"damage":1.0,"enemies":"Cultist","floor":4.0,"turns":5.0},{"damage":15.0,"enemies":"Gremlin Nob","floor":7.0,"turns":4.0},{"damage":31.0,"enemies":"3 Sentries","floor":12.0,"turns":8.0},{"damage":9.0,"enemies":"Exordium Thugs","floor":14.0,"turns":4.0},{"damage":4.0,"enemies":"Hexaghost","floor":16.0,"turns":8.0},{"damage":0.0,"enemies":"3 Byrds","floor":18.0,"turns":3.0},{"damage":0.0,"enemies":"Spheric Guardian","floor":19.0,"turns":3.0},{"damage":26.0,"enemies":"Centurion and Healer","floor":20.0,"turns":5.0},{"damage":2.0,"enemies":"Cultist and Chosen","floor":21.0,"turns":3.0},{"damage":15.0,"enemies":"Book of Stabbing","floor":24.0,"turns":6.0},{"damage":10.0,"enemies":"Slavers","floor":28.0,"turns":5.0},{"damage":0.0,"enemies":"Snake Plant","floor":30.0,"turns":2.0},{"damage":4.0,"enemies":"Snecko","floor":31.0,"turns":4.0},{"damage":61,"enemies":"Champ","floor":33,"turns":13}],"seed_played":"-4256517709574148124","potions_obtained":[{"floor":4.0,"key":"Strength Potion"},{"floor":12.0,"key":"Block Potion"},{"floor":14.0,"key":"PowerPotion"},{"floor":20.0,"key":"EntropicBrew"},{"floor":24.0,"key":"GamblersBrew"},{"floor":31.0,"key":"SpeedPotion"}],"is_trial":false,"path_per_floor":["M","M","?","M","?","R","E","R","T","$","?","E","?","M","R","B",null,"M","M","M","M","?","R","E","R","T","$","E","$","M","M","R","B"],"character_chosen":"THE_SILENT","items_purchased":["Leg Sweep","Membership Card","Bag of Preparation","Glass Knife"],"campfire_rested":3,"item_purchase_floors":[10,27,27,29],"current_hp_per_floor":[63,63,63,62,62,62,47,47,47,47,40,9,9,2,23,21,58,60,62,38,38,38,38,25,46,46,46,38,38,40,38,59,0,0],"gold":29,"neow_bonus":"BOSS_RELIC","is_daily":false,"chose_seed":false,"campfire_upgraded":3,"win_rate":0.0,"timestamp":1613707908,"path_taken":["M","M","?","M","?","R","E","R","T","$","?","E","?","?","R","BOSS","M","M","M","M","?","R","E","R","T","?","E","$","?","M","R","BOSS"],"items_purchased_type":["Card","Relic","Relic","Card"],"build_version":"2020-12-22","purchased_purges":1,"victory":false,"max_hp_per_floor":[70,70,70,70,70,70,70,70,70,70,70,70,70,70,70,70,70,70,70,70,70,70,70,70,70,70,70,70,70,70,70,70,70,70],"card_choices":[{"not_picked":["Flying Knee","Cloak And Dagger"],"picked":"Dagger Throw","floor":1.0},{"not_picked":["Sucker Punch","All Out Attack"],"picked":"Blade Dance","floor":2.0},{"not_picked":["Flying Knee","Sucker Punch","Heel Hook"],"picked":"SKIP","floor":4.0},{"not_picked":["Poisoned Stab","Malaise"],"picked":"Bouncing Flask","floor":7.0},{"not_picked":["Outmaneuver","Finisher"],"picked":"Deadly Poison","floor":12.0},{"not_picked":["Infinite Blades","Dodge and Roll"],"picked":"Dash","floor":14.0},{"not_picked":["After Image","Die Die Die"],"picked":"Corpse Explosion","floor":16.0},{"not_picked":["Quick Slash","Dagger Throw"],"picked":"PiercingWail","floor":18.0},{"not_picked":["Backflip","Distraction"],"picked":"Terror","floor":19.0},{"not_picked":["Well Laid Plans+1","Acrobatics+1"],"picked":"Catalyst","floor":20.0},{"not_picked":["Prepared","Underhanded Strike"],"picked":"All Out Attack","floor":21.0},{"not_picked":["Sucker Punch","Expertise"],"picked":"Venomology","floor":24.0},{"not_picked":["Sucker Punch","Dodge and Roll"],"picked":"Well Laid Plans","floor":28.0},{"not_picked":["Slice","Dagger Throw"],"picked":"Footwork+1","floor":30.0},{"not_picked":["Bouncing Flask","All Out Attack"],"picked":"Reflex","floor":31.0}],"player_experience":268627,"relics_obtained":[{"floor":7.0,"key":"Blue Candle"},{"floor":12.0,"key":"Ninja Scroll"},{"floor":24.0,"key":"Matryoshka"},{"floor":26.0,"key":"Omamori"},{"floor":26.0,"key":"Vajra"},{"floor":28.0,"key":"Nunchaku"}],"event_choices":[{"cards_removed":["Strike_G"],"damage_healed":0.0,"max_hp_gain":0.0,"max_hp_loss":0.0,"gold_gain":0.0,"event_name":"The Cleric","player_choice":"Card Removal","floor":3.0,"gold_loss":50.0,"damage_taken":0.0},{"damage_healed":0.0,"max_hp_gain":0.0,"max_hp_loss":0.0,"gold_gain":0.0,"event_name":"Liars Game","player_choice":"Ignored","floor":5.0,"gold_loss":0.0,"damage_taken":0.0},{"damage_healed":0.0,"max_hp_gain":0.0,"max_hp_loss":0.0,"gold_gain":0.0,"event_name":"Scrap Ooze","player_choice":"Success","floor":11.0,"gold_loss":0.0,"damage_taken":7.0,"relics_obtained":["Pen Nib"]},{"damage_healed":0.0,"max_hp_gain":0.0,"max_hp_loss":0.0,"gold_gain":0.0,"event_name":"Dead Adventurer","player_choice":"Searched \u00272\u0027 times","floor":13.0,"gold_loss":0.0,"damage_taken":0.0,"relics_obtained":["Blood Vial"]},{"cards_removed":["Strike_G"],"damage_healed":0.0,"max_hp_gain":0.0,"max_hp_loss":0.0,"gold_gain":0.0,"event_name":"Purifier","player_choice":"Purged","floor":22.0,"gold_loss":0.0,"damage_taken":0.0}],"is_beta":false,"boss_relics":[{"not_picked":["Busted Crown","Black Star"],"picked":"WristBlade"}],"items_purged_floors":[10],"is_endless":false,"potions_floor_spawned":[4,12,14,20,24,28,31],"killed_by":"Champ","ascension_level":13}}