{"host":"iodn1af76021fjto","time":1613776795,"event":{"mods":["AchievementEnabler","BaseMod","BetterRewards","Colored Map","Downfall","Hermit","Infinite Spire","Jorbs\u0027s Wanderer Trilogy","Minty Spire (QoL Compilation)","Quick Restart","StSLib","SuperFastMode","The Cursed","The Hierophant","The Jungle","The Runesmith","The Servant 0.9.4"],"gold_per_floor":[116,116,135,97,97,128,128,160,183,199,199,218,218,218,218,318,318,334,344,74,74,74,74],"floor_reached":22,"language":"ENG","playtime":574,"items_purged":["Strike_R"],"score":271,"play_id":"fcae4d68-7dd9-4f14-91dd-cedd96db9a6c","local_time":"20210219181955","is_ascension_mode":true,"campfire_choices":[{"data":"Combust","floor":7,"key":"SMITH"},{"data":"Pommel Strike","floor":11,"key":"SMITH"},{"data":"Warcry","floor":13,"key":"SMITH"},{"data":"Bash","floor":15,"key":"SMITH"}],"circlet_count":0,"master_deck":["Strike_R","Strike_R","Strike_R","Strike_R","Defend_R","Defend_R","Defend_R","Defend_R","Bash+1","Warcry+1","Combust+1","Immolate","Pommel Strike+1","Headbutt","Demon Form","Flex","Shrug It Off","Inflame","Corruption"],"relics":["Burning Blood","NeowsBlessing","Runesmith:AutoHammer","Eternal Feather","Akabeko","Black Star","Membership Card","Orichalcum"],"acts_visited":["Exordium","TheCity"],"potions_floor_usage":[18],"damage_taken":[{"damage":0,"enemies":"Jaw Worm","floor":1,"turns":1},{"damage":0,"enemies":"Cultist","floor":3,"turns":1},{"damage":0,"enemies":"Gremlin Nob","floor":6,"turns":1},{"damage":49,"enemies":"Lagavulin","floor":8,"turns":6},{"damage":1,"enemies":"Small Slimes","floor":10,"turns":2},{"damage":0,"enemies":"Exordium Wildlife","floor":12,"turns":1},{"damage":23,"enemies":"Slime Boss","floor":16,"turns":6},{"damage":39,"enemies":"Shell Parasite","floor":18,"turns":7},{"damage":12,"enemies":"Chosen","floor":19,"turns":4},{"damage":45,"enemies":"Centurion and Healer","floor":22,"turns":6}],"seed_played":"-8815370844463535543","potions_obtained":[{"floor":1,"key":"Swift Potion"},{"floor":8,"key":"LiquidMemories"},{"floor":12,"key":"AttackPotion"},{"floor":19,"key":"sneckomod:MuddlingPotion"}],"is_trial":false,"path_per_floor":["M","?","M","$","?","E","R","E","T","M","R","M","R","?","R","B",null,"M","M","$","?","M"],"character_chosen":"IRONCLAD","items_purchased":["Combust","Membership Card","Orichalcum","Inflame"],"campfire_rested":0,"item_purchase_floors":[4,20,20,20],"current_hp_per_floor":[80,80,80,80,80,80,80,37,37,42,48,54,63,63,72,55,74,41,35,35,35,0,0],"gold":74,"neow_bonus":"THREE_ENEMY_KILL","is_daily":false,"chose_seed":false,"campfire_upgraded":4,"win_rate":0.0,"timestamp":1613776795,"path_taken":["M","?","M","?","?","E","R","E","T","?","R","M","R","?","R","BOSS","M","M","$","?","?"],"items_purchased_type":["Card","Relic","Relic","Card"],"build_version":"2020-12-22","purchased_purges":1,"victory":false,"max_hp_per_floor":[80,80,80,80,80,80,80,80,80,80,80,80,80,80,80,80,80,80,80,80,80,80,80],"card_choices":[{"not_picked":["Rupture","True Grit"],"picked":"Anger","floor":1},{"not_picked":["Pummel","Entrench"],"picked":"Warcry","floor":3},{"not_picked":["Cleave","Sever Soul"],"picked":"Immolate","floor":6},{"not_picked":["Sentinel","Brutality","Combust"],"picked":"SKIP","floor":8},{"not_picked":["True Grit","Cleave"],"picked":"Pommel Strike","floor":10},{"not_picked":["Entrench","Second Wind"],"picked":"Headbutt","floor":12},{"not_picked":["Impervious","Juggernaut"],"picked":"Demon Form","floor":16},{"not_picked":["Pummel","Heavy Blade"],"picked":"Flex","floor":18},{"not_picked":["Sword Boomerang","Clothesline"],"picked":"Shrug It Off","floor":19}],"player_experience":275428,"relics_obtained":[{"floor":6,"key":"Runesmith:AutoHammer"},{"floor":8,"key":"Eternal Feather"},{"floor":9,"key":"Akabeko"}],"event_choices":[{"damage_healed":0,"gold_gain":0,"cards_transformed":["Anger"],"player_choice":"Transformed","damage_taken":0,"max_hp_gain":0,"max_hp_loss":0,"event_name":"Transmorgrifier","floor":2,"gold_loss":0,"cards_obtained":["Dropkick"]},{"cards_removed":["Dropkick"],"damage_healed":0,"gold_gain":0,"player_choice":"Offered Uncommon","damage_taken":0,"max_hp_gain":0,"max_hp_loss":0,"event_name":"Bonfire Elementals","floor":5,"gold_loss":0},{"damage_healed":0,"gold_gain":0,"player_choice":"Ignored","damage_taken":0,"max_hp_gain":0,"max_hp_loss":0,"event_name":"Liars Game","floor":14,"gold_loss":0},{"damage_healed":0,"gold_gain":0,"player_choice":"1 cards matched","damage_taken":0,"max_hp_gain":0,"max_hp_loss":0,"event_name":"Match and Keep!","floor":21,"gold_loss":0,"cards_obtained":["Corruption"]}],"is_beta":false,"boss_relics":[{"not_picked":["Cursed Key","infinitespire:Burning Sword"],"picked":"Black Star"}],"items_purged_floors":[20],"is_endless":false,"potions_floor_spawned":[1,8,12,19],"killed_by":"Centurion and Healer","ascension_level":5}}