{"host":"kmd7yw11mgzs6kox","time":1613740828,"event":{"mods":["100% Spire Juice","ATMod(阿瑾Mod)","BaseMod","Decade(王小明)","Downfall","GungeonMod","Lobotomy","LobotomyExtend","Marisa（F雨　魔理沙）","Minty Spire (QoL Compilation)","Reliquary","Remilia（蕾米莉亚）","Replay The Spire","Shop Mod","StSLib","The Bladedancer","The Bug Knight","The Marked","The Poker Player","The Servant 0.9.4","TheWitcher","Waifu the Spire","WarShipGirlsR/战舰少女R mod","Warlord Emblem","Yakumo Yukari mod","Youmu（魂魄妖梦）","Yuri Mod","【遗物卡牌】REMEMod"],"gold_per_floor":[119,130,305,83,83,118,174,174,174,190,203,203,203],"floor_reached":12,"language":"ZHS","playtime":1015,"items_purged":["Doubt"],"score":78,"play_id":"3c90ccdc-a03a-4e6d-8617-1cb9fbbcfd32","local_time":"20210219212028","is_ascension_mode":false,"campfire_choices":[{"floor":8,"key":"REST"}],"circlet_count":0,"master_deck":["Decade_Attack","Decade_Attack","Decade_Attack","Decade_Attack","KamenRide","Decade_SpecialSkill","Decade_Defend","Decade_Defend","Decade_Defend","Decade_Defend","DemonKingCradle","AT_DarkMatter","UnarmedAttack3","KamenRideDenO","FormRideFlame","FormRideFlame","UnarmedAttack1","KamenRideFaiz","UnarmedAttack3"],"relics":["Decadriver","TOEIDeficitBill","AT_ATBox","REME_ComplimentaryCards","DemoMod:WhiteGuonStone","LetterFromLob","Membership Card","Lantern","Eternal Feather","Matryoshka"],"acts_visited":["Exordium"],"potions_floor_usage":[],"damage_taken":[{"damage":4,"enemies":"Small Slimes","floor":1,"turns":3},{"damage":14,"enemies":"2 Louse","floor":2,"turns":5},{"damage":16,"enemies":"Lagavulin","floor":6,"turns":6},{"damage":12,"enemies":"Lagavulin Event","floor":7,"turns":5},{"damage":0,"enemies":"Cultist","floor":10,"turns":2},{"damage":10,"enemies":"Red Slaver","floor":11,"turns":2},{"damage":12,"enemies":"Gremlin Nob","floor":12,"turns":3}],"seed_played":"2823293596197084843","potions_obtained":[{"floor":1,"key":"Fire Potion"},{"floor":6,"key":"BlessingOfTheForge"}],"is_trial":false,"path_per_floor":["M","M","?","$","?","E","?","R","T","M","M","E"],"character_chosen":"Decade","items_purchased":["Membership Card"],"campfire_rested":1,"item_purchase_floors":[4],"current_hp_per_floor":[66,52,52,52,45,29,23,53,53,53,43,31,31],"gold":203,"neow_bonus":"RANDOM_EVENT","is_daily":false,"chose_seed":false,"campfire_upgraded":0,"win_rate":0.0,"timestamp":1613740828,"path_taken":["M","M","?","$","?","E","?","R","T","M","M","E"],"items_purchased_type":["Relic"],"build_version":"2020-12-22","purchased_purges":1,"victory":false,"max_hp_per_floor":[70,70,70,70,70,70,70,70,70,70,70,70,70],"card_choices":[{"not_picked":["Hibiki_FEVER","Kiva_Bats"],"picked":"UnarmedAttack3","floor":1},{"not_picked":["MirrorWorld","FormRideDogga"],"picked":"KamenRideDenO","floor":2},{"not_picked":["Decade_Dash2","FormRideStorm"],"picked":"FormRideFlame","floor":2},{"not_picked":["Blade_Beat","UnarmedAttack8"],"picked":"FormRideFlame","floor":6},{"not_picked":["Kiva_Eat","Decade_Defend3"],"picked":"UnarmedAttack1","floor":6},{"not_picked":["RideBooker","UnarmedAttack7"],"picked":"KamenRideFaiz","floor":7},{"not_picked":["FormRideStorm","FormRideBasshaa"],"picked":"UnarmedAttack3","floor":10},{"not_picked":["KamenRideBlade","FormRidePegasus","FormRideDogga"],"picked":"SKIP","floor":11}],"player_experience":96525,"relics_obtained":[{"floor":1,"key":"LetterFromLob"},{"floor":6,"key":"Lantern"},{"floor":7,"key":"Eternal Feather"},{"floor":9,"key":"Matryoshka"}],"event_choices":[{"damage_healed":0,"gold_gain":0,"player_choice":"Box","damage_taken":0,"relics_obtained":["DemoMod:WhiteGuonStone"],"max_hp_gain":0,"max_hp_loss":0,"event_name":"Big Fish","floor":0,"gold_loss":0,"cards_obtained":["Regret"]},{"damage_healed":0,"gold_gain":175,"player_choice":"AGREE","damage_taken":0,"max_hp_gain":0,"max_hp_loss":0,"event_name":"Liars Game","floor":3,"gold_loss":0,"cards_obtained":["Doubt"]},{"cards_removed":["Regret"],"damage_healed":0,"gold_gain":0,"player_choice":"Card Removal","damage_taken":7,"max_hp_gain":0,"max_hp_loss":0,"event_name":"Golden Wing","floor":5,"gold_loss":0},{"damage_healed":0,"gold_gain":0,"player_choice":"Searched \u00271\u0027 times","damage_taken":0,"max_hp_gain":0,"max_hp_loss":0,"event_name":"Dead Adventurer","floor":7,"gold_loss":0}],"is_beta":false,"boss_relics":[],"items_purged_floors":[4],"is_endless":false,"potions_floor_spawned":[1,6,11],"killed_by":"Gremlin Nob","ascension_level":0}}