{"host":"sxnl403xm2xmiyj1","time":1613743792,"event":{"mods":["BaseMod","Colored Map","Keyboard Shortcuts","Koishi","Minty Spire (QoL Compilation)","Quick Restart","StSLib","SuperFastMode"],"gold_per_floor":[112,130,145,145,95,95,129,144,167,167,192,267,277,297,297,374,374,388,400,418,418,433,466,482,109,134,145,173,187,6,16,16,89,89,105,122,122,142,161,196,215,215,215,247,8,26,58,71,71,71,71,71,71,97,97],"floor_reached":56,"language":"KOR","playtime":1659,"items_purged":["Koishi:BasicStrike"],"score":2300,"play_id":"9c6053b9-8f42-4cbc-a3b7-fbac30a82b64","local_time":"20210219230952","is_ascension_mode":true,"campfire_choices":[{"data":"Koishi:JumpScare","floor":6.0,"key":"SMITH"},{"data":"Koishi:HauntingSlash","floor":10.0,"key":"SMITH"},{"data":"Koishi:ImGoingToCallYouNow","floor":15.0,"key":"SMITH"},{"data":"Koishi:Untouchable","floor":32.0,"key":"SMITH"},{"data":"Koishi:TerrifyingSpectre","floor":42.0,"key":"SMITH"},{"floor":49,"key":"RECALL"},{"data":"Koishi:ConfinedInnocent","floor":52,"key":"SMITH"}],"circlet_count":0,"master_deck":["AscendersBane","Koishi:BasicDefend+1","Koishi:BasicDefend+1","Koishi:Provoke","Koishi:HauntingSlash+1","Koishi:MindNumbingTerror","Koishi:JumpScare+1","Koishi:BloodcurdlingScream","Koishi:DreadfulBlow","Koishi:ImGoingToCallYouNow+1","Koishi:BloodcurdlingScream","Koishi:TerrifyingSpectre+1","Koishi:ParalyzingFear","Koishi:JumpScare","Koishi:JumpScare","Koishi:DreadfulBlow","Koishi:JumpScare+1","Koishi:StingingMind","Koishi:BloodcurdlingScream+1","Koishi:Untouchable+1","Koishi:TremblingHands+1","Koishi:SilentAndRestless+1","Koishi:Catatonia+1","Koishi:JumpScare","Koishi:ConfinedInnocent+1","Koishi:Untouchable+1","Koishi:RacingHeart+1","Koishi:FormlessExistence+1","Koishi:PredatoryInstincts","Koishi:StingingMind+1","Koishi:StingingMind+1","Koishi:TremblingHands+1","Koishi:RacingHeart+1","Koishi:GhostParty","Koishi:HeartStoppingHorror","Koishi:ParalyzingFear+1"],"relics":["Koishi:ImaginaryFriend","NeowsBlessing","Bronze Scales","War Paint","Dream Catcher","Kunai","Coffee Dripper","Gremlin Horn","Molten Egg 2","Toy Ornithopter","Koishi:LettersToReimu","ClockworkSouvenir","Astrolabe","Regal Pillow","Singing Bowl","InkBottle","Pen Nib","StrikeDummy"],"acts_visited":["Exordium","TheCity","TheBeyond","TheEnding"],"potions_floor_usage":[46,55,55],"damage_taken":[{"damage":0.0,"enemies":"Small Slimes","floor":1.0,"turns":1.0},{"damage":0.0,"enemies":"2 Louse","floor":2.0,"turns":1.0},{"damage":0.0,"enemies":"Cultist","floor":3.0,"turns":1.0},{"damage":32.0,"enemies":"Lagavulin","floor":7.0,"turns":6.0},{"damage":0.0,"enemies":"2 Fungi Beasts","floor":8.0,"turns":3.0},{"damage":24.0,"enemies":"3 Sentries","floor":11.0,"turns":6.0},{"damage":5.0,"enemies":"Large Slime","floor":13.0,"turns":5.0},{"damage":6.0,"enemies":"Lots of Slimes","floor":14.0,"turns":1.0},{"damage":27.0,"enemies":"The Guardian","floor":16.0,"turns":8.0},{"damage":11.0,"enemies":"Chosen","floor":18.0,"turns":5.0},{"damage":12.0,"enemies":"3 Byrds","floor":19.0,"turns":4.0},{"damage":26.0,"enemies":"Snake Plant","floor":20.0,"turns":3.0},{"damage":17.0,"enemies":"Shelled Parasite and Fungi","floor":22.0,"turns":4.0},{"damage":56.0,"enemies":"Slavers","floor":23.0,"turns":4.0},{"damage":29.0,"enemies":"Cultist and Chosen","floor":24.0,"turns":6.0},{"damage":15.0,"enemies":"Centurion and Healer","floor":27.0,"turns":7.0},{"damage":28.0,"enemies":"Gremlin Leader","floor":28.0,"turns":6.0},{"damage":0.0,"enemies":"Snake Plant","floor":29.0,"turns":4.0},{"damage":6.0,"enemies":"Shelled Parasite and Fungi","floor":31.0,"turns":4.0},{"damage":0.0,"enemies":"Champ","floor":33.0,"turns":4.0},{"damage":17.0,"enemies":"3 Shapes","floor":35.0,"turns":4.0},{"damage":0.0,"enemies":"Orb Walker","floor":36.0,"turns":5.0},{"damage":38.0,"enemies":"4 Shapes","floor":38.0,"turns":4.0},{"damage":0.0,"enemies":"Spire Growth","floor":39.0,"turns":5.0},{"damage":4.0,"enemies":"Reptomancer","floor":40.0,"turns":5.0},{"damage":40.0,"enemies":"3 Darklings","floor":41.0,"turns":4.0},{"damage":0,"enemies":"Nemesis","floor":44,"turns":9},{"damage":0,"enemies":"Transient","floor":46,"turns":5},{"damage":7,"enemies":"Reptomancer","floor":47,"turns":6},{"damage":0,"enemies":"4 Shapes","floor":48,"turns":5},{"damage":3,"enemies":"Time Eater","floor":50,"turns":10},{"damage":0,"enemies":"Shield and Spear","floor":54,"turns":10},{"damage":0,"enemies":"The Heart","floor":55,"turns":9}],"seed_played":"-1286811457772025962","potions_obtained":[{"floor":1.0,"key":"Regen Potion"},{"floor":11.0,"key":"Dexterity Potion"},{"floor":13.0,"key":"LiquidBronze"},{"floor":14.0,"key":"PowerPotion"},{"floor":22.0,"key":"Explosive Potion"},{"floor":23.0,"key":"SpeedPotion"},{"floor":24.0,"key":"Dexterity Potion"},{"floor":31.0,"key":"EssenceOfSteel"},{"floor":35.0,"key":"Energy Potion"},{"floor":41.0,"key":"SmokeBomb"},{"floor":44,"key":"Swift Potion"},{"floor":47,"key":"Dexterity Potion"}],"is_trial":false,"path_per_floor":["M","M","M","?","?","R","E","M","T","R","E","?","M","M","R","B",null,"M","M","M","?","M","E","M","$","T","M","E","M","$","M","R","B",null,"M","M","?","M","M","E","M","R","T","E","$","M","E","M","R","B",null,"R","$","E","B",null],"character_chosen":"KOISHI","items_purchased":["Molten Egg 2","Koishi:BloodcurdlingScream+1","Koishi:Catatonia+1","ClockworkSouvenir","InkBottle"],"campfire_rested":0,"item_purchase_floors":[25,25,30,30,45],"current_hp_per_floor":[51,51,53,50,50,50,36,43,43,43,23,18,33,31,31,38,52,57,57,37,37,57,26,27,27,27,38,57,57,57,57,57,57,57,46,46,46,47,57,57,50,50,50,50,50,59,61,63,63,60,62,62,62,62,63],"gold":97,"neow_bonus":"THREE_ENEMY_KILL","is_daily":false,"chose_seed":false,"campfire_upgraded":6,"win_rate":0.0,"timestamp":1613743792,"path_taken":["M","M","M","?","?","R","E","M","T","R","E","?","M","?","R","BOSS","M","M","M","?","M","E","M","$","T","M","E","M","$","M","R","BOSS","M","M","?","M","M","E","M","R","T","E","$","?","E","M","R","BOSS","R","$","E","BOSS"],"items_purchased_type":["Relic","Card","Card","Relic","Relic"],"build_version":"2020-12-22","purchased_purges":1,"victory":true,"max_hp_per_floor":[57,57,57,57,57,57,57,57,57,57,57,57,57,57,57,57,57,57,57,57,57,57,57,57,57,57,57,57,57,57,57,57,57,57,57,57,57,57,57,57,57,57,57,57,57,59,61,63,63,63,63,63,63,63,63],"card_choices":[{"not_picked":["Koishi:YoukaiPolygraph","Koishi:SubterraneanRose"],"picked":"Koishi:MindNumbingTerror","floor":1.0},{"not_picked":["Koishi:UnansweredLove","Koishi:StingingMind"],"picked":"Koishi:JumpScare","floor":2.0},{"not_picked":["Koishi:SubterraneanRose","Koishi:UnansweredLove"],"picked":"Koishi:BloodcurdlingScream","floor":3.0},{"not_picked":["Koishi:VengefulSpirit","Koishi:CatchAndRose"],"picked":"Koishi:DreadfulBlow","floor":7.0},{"not_picked":["Koishi:FleetingPhantom","Koishi:Jaunt","Koishi:ReflexRadar"],"picked":"SKIP","floor":8.0},{"not_picked":["Koishi:YoukaiPolygraph","Koishi:Catatonia"],"picked":"Koishi:ImGoingToCallYouNow","floor":11.0},{"not_picked":["Koishi:UnansweredLove","Koishi:VengefulSpirit"],"picked":"Koishi:BloodcurdlingScream","floor":13.0},{"not_picked":["Koishi:PhantomStrike","Koishi:DNAsFlaw","Koishi:RollingInRichesHeart"],"picked":"SKIP","floor":14.0},{"not_picked":["Koishi:RoseHell","Koishi:Heartbroken"],"picked":"Koishi:TerrifyingSpectre","floor":16.0},{"not_picked":["Koishi:BloodcurdlingScream","Koishi:FourthEye"],"picked":"Koishi:ParalyzingFear","floor":18.0},{"not_picked":["Koishi:FourthEye+1","Koishi:IdleWhim"],"picked":"Koishi:JumpScare","floor":19.0},{"not_picked":["Koishi:Bloodlust","Koishi:Prune"],"picked":"Koishi:JumpScare","floor":20.0},{"not_picked":["Koishi:FourthEye","Koishi:PhantomStrike"],"picked":"Koishi:DreadfulBlow","floor":22.0},{"not_picked":["Koishi:UnconsciousUprising","Koishi:Ego"],"picked":"Koishi:JumpScare+1","floor":23.0},{"not_picked":["Koishi:BloodcurdlingScream","Koishi:FourthEye"],"picked":"Koishi:StingingMind","floor":24.0},{"not_picked":["Koishi:SubconsciousSweep+1","Koishi:Prune+1"],"picked":"Koishi:Untouchable","floor":27.0},{"not_picked":["Koishi:PredatoryInstincts","Koishi:CatchAndRose+1"],"picked":"Koishi:TremblingHands+1","floor":28.0},{"not_picked":["Koishi:RorschachInDanmaku","Koishi:ReflexRadar"],"picked":"Koishi:SilentAndRestless+1","floor":29.0},{"not_picked":["Koishi:SubconsciousSweep+1","Koishi:ReflexRadar"],"picked":"Koishi:JumpScare","floor":31.0},{"not_picked":["Koishi:RuptureMind+1","Koishi:Ego"],"picked":"Koishi:ConfinedInnocent","floor":33.0},{"not_picked":["Koishi:Whimsy","Koishi:FleetingPhantom"],"picked":"Koishi:PredatoryInstincts","floor":35.0},{"not_picked":["Koishi:SubterraneanRose","Koishi:BloodcurdlingScream+1"],"picked":"Koishi:StingingMind+1","floor":36.0},{"not_picked":["Koishi:ParalyzingFear+1","Koishi:PhantomStrike+1"],"picked":"Koishi:StingingMind+1","floor":38.0},{"not_picked":["Koishi:Bloodlust","Koishi:UnconsciousUprising+1"],"picked":"Koishi:TremblingHands+1","floor":39.0},{"not_picked":["Koishi:ReflexRadar","Koishi:UnconsciousUprising"],"picked":"Koishi:RacingHeart+1","floor":40.0},{"not_picked":["Koishi:RoseHell","Koishi:Bloodlust"],"picked":"Koishi:GhostParty","floor":41.0},{"not_picked":["Koishi:UnconsciousUprising","Koishi:EmbersOfLove"],"picked":"Koishi:HeartStoppingHorror","floor":44},{"not_picked":["Koishi:SubconsciousSweep+1","Koishi:UnconsciousUprising","Koishi:SprinkleStarAndHeart"],"picked":"Singing Bowl","floor":46},{"not_picked":["Koishi:SubconsciousSweep+1","Koishi:DNAsFlaw+1","Koishi:IdleWhim+1"],"picked":"Singing Bowl","floor":47},{"not_picked":["Koishi:LastRemote+1","Koishi:ReflexRadar","Koishi:EmbryosDream+1"],"picked":"Singing Bowl","floor":48},{"not_picked":["Koishi:FleetingPhantom+1","Koishi:SubterraneanRose"],"picked":"Koishi:ParalyzingFear+1","floor":54}],"player_experience":271583,"relics_obtained":[{"floor":7.0,"key":"War Paint"},{"floor":9.0,"key":"Dream Catcher"},{"floor":11.0,"key":"Kunai"},{"floor":23.0,"key":"Gremlin Horn"},{"floor":26.0,"key":"Toy Ornithopter"},{"floor":28.0,"key":"Koishi:LettersToReimu"},{"floor":40.0,"key":"Regal Pillow"},{"floor":44,"key":"Singing Bowl"},{"floor":47,"key":"Pen Nib"},{"floor":54,"key":"StrikeDummy"}],"event_choices":[{"damage_healed":0.0,"max_hp_gain":0.0,"max_hp_loss":0.0,"gold_gain":0.0,"event_name":"Scrap Ooze","player_choice":"Success","floor":4.0,"gold_loss":0.0,"damage_taken":3.0,"relics_obtained":["Bronze Scales"]},{"cards_removed":["Koishi:BasicStrike"],"damage_healed":0.0,"max_hp_gain":0.0,"max_hp_loss":0.0,"gold_gain":0.0,"event_name":"The Cleric","player_choice":"Card Removal","floor":5.0,"gold_loss":50.0,"damage_taken":0.0},{"damage_healed":0.0,"max_hp_gain":0.0,"max_hp_loss":0.0,"gold_gain":75.0,"event_name":"FaceTrader","player_choice":"Touch","floor":12.0,"gold_loss":0.0,"damage_taken":5.0},{"cards_removed":["Koishi:BasicStrike"],"damage_healed":0.0,"max_hp_gain":0.0,"max_hp_loss":0.0,"gold_gain":0.0,"event_name":"Back to Basics","player_choice":"Elegance","floor":21.0,"gold_loss":0.0,"damage_taken":0.0},{"damage_healed":0.0,"max_hp_gain":0.0,"max_hp_loss":0.0,"gold_gain":0.0,"event_name":"SecretPortal","player_choice":"Ignored","floor":37.0,"gold_loss":0.0,"damage_taken":0.0}],"is_beta":false,"boss_relics":[{"not_picked":["Calling Bell","Sozu"],"picked":"Coffee Dripper"},{"not_picked":["SacredBark","Tiny House"],"picked":"Astrolabe"}],"items_purged_floors":[25],"is_endless":false,"potions_floor_spawned":[1,11,13,14,22,23,24,27,31,35,41,44,47,48,54],"ascension_level":14}}