{"host":"81h68oe4mr04pk3r","time":1613715009,"event":{"mods":["Act Like it!","Aspiration","BaseMod","BetterRewards","Colored Map","Colored Powertips","Conspire","Gensokyo","Hallownest","Hermit","Hubris","Jorbs\u0027s Wanderer Trilogy","Koishi","Marisa????????","Minty Spire (QoL Compilation)","Quick Restart","Reimu??????","Remilia??????","StSLib","The Bug Knight"],"gold_per_floor":[110,110,12,32,52,83,83,83,134,134,134,146,146,146,146,146,146],"floor_reached":16,"language":"ENG","playtime":608,"items_purged":[],"score":98,"play_id":"6f16583c-68d5-440f-abb5-2736911e2de3","local_time":"20210218221009","is_ascension_mode":false,"campfire_choices":[{"floor":7,"key":"REST"},{"floor":11,"key":"REST"},{"floor":13,"key":"REST"},{"data":"hermit:FullyLoaded","floor":15,"key":"SMITH"}],"circlet_count":0,"master_deck":["hermit:Strike_Hermit","hermit:Strike_Hermit","hermit:Strike_Hermit","hermit:Strike_Hermit","hermit:Defend_Hermit","hermit:Defend_Hermit","hermit:Defend_Hermit","hermit:Defend_Hermit","hermit:Snapshot","hermit:Covet","hermit:Desperado","hermit:SprayPray","hermit:LowProfile","hermit:FullyLoaded+1","hermit:Quickdraw","hermit:Headshot","hermit:Malice+1","hermit:ItchyTrigger"],"relics":["hermit:Momento","NeowsBlessing","aspiration:HiddenCompartment","hubris:ToyBattleship","hubris:Icosahedron"],"acts_visited":["Gensokyo:Gensokyo"],"potions_floor_usage":[16],"damage_taken":[{"damage":0,"enemies":"Gensokyo:3_Fairies","floor":1,"turns":2},{"damage":0,"enemies":"Gensokyo:2_Kodama","floor":4,"turns":1},{"damage":0,"enemies":"Gensokyo:Python","floor":5,"turns":1},{"damage":72,"enemies":"Gensokyo:Mamizou","floor":6,"turns":12},{"damage":5,"enemies":"Gensokyo:2_Rabbits","floor":12,"turns":2},{"damage":106,"enemies":"Gensokyo:Reimu","floor":16,"turns":9}],"seed_played":"2687396462628706160","potions_obtained":[{"floor":6,"key":"LiquidBronze"},{"floor":12,"key":"SpeedPotion"}],"is_trial":false,"path_per_floor":["M","?","$","M","M","E","R","?","T","?","R","M","R","?","R","B"],"character_chosen":"HERMIT","items_purchased":["hermit:SprayPray","hermit:LowProfile"],"campfire_rested":3,"item_purchase_floors":[3,3],"current_hp_per_floor":[75,75,75,75,75,3,25,25,25,25,47,42,64,64,64,0,0],"gold":146,"neow_bonus":"THREE_ENEMY_KILL","is_daily":false,"chose_seed":false,"campfire_upgraded":1,"win_rate":0.0,"timestamp":1613715009,"path_taken":["M","?","$","?","M","E","R","?","T","?","R","M","R","?","R","BOSS"],"items_purchased_type":["Card","Card"],"build_version":"2020-12-22","purchased_purges":0,"victory":false,"max_hp_per_floor":[75,75,75,75,75,75,75,75,75,75,75,75,75,75,75,75,75],"card_choices":[{"not_picked":["hermit:TrackingShot","hermit:SprayPray"],"picked":"hermit:Desperado","floor":1},{"not_picked":["hermit:SprayPray","hermit:OverwhelmingPower"],"picked":"hermit:FullyLoaded","floor":4},{"not_picked":["hermit:Maintenance","hermit:Feint"],"picked":"hermit:Quickdraw","floor":5},{"not_picked":["hermit:Misfire","hermit:Desperado"],"picked":"hermit:Headshot","floor":6},{"not_picked":["hermit:Feint","hermit:TakeCover"],"picked":"hermit:ItchyTrigger","floor":12}],"player_experience":208669,"relics_obtained":[{"floor":6,"key":"aspiration:HiddenCompartment"},{"floor":9,"key":"hubris:ToyBattleship"}],"event_choices":[],"is_beta":false,"boss_relics":[],"items_purged_floors":[],"is_endless":false,"potions_floor_spawned":[6,12],"killed_by":"Gensokyo:Reimu","ascension_level":0}}