{"host":"dvpvhz1t6etneyb3","time":1613767336,"event":{"mods":["AchievementEnabler","BaseMod","Colored Map","Highlight Path","Minty Spire (QoL Compilation)","Permanent Neow","Quick Restart"],"gold_per_floor":[116,135,152,164,6,6,6,39,39,56,56,83,95,122,122,193,193,210,49,68,68,84,84,116,132,132,132,34,34,45,78,78,149,149,164,0,14,29,29,29,29,29],"floor_reached":41,"language":"ENG","playtime":2323,"items_purged":["Strike_B"],"score":1011,"play_id":"4f894121-18ad-47ac-a06f-dc23537d3dff","local_time":"20210219154216","is_ascension_mode":true,"campfire_choices":[{"data":"Zap","floor":6.0,"key":"SMITH"},{"floor":11.0,"key":"REST"},{"data":"Dualcast","floor":15.0,"key":"SMITH"},{"data":"Fission","floor":23.0,"key":"SMITH"},{"floor":27.0,"key":"REST"},{"floor":32.0,"key":"REST"},{"data":"White Noise","floor":40,"key":"SMITH"}],"circlet_count":0,"master_deck":["AscendersBane","Strike_B","Strike_B","Strike_B","Defend_B","Defend_B","Defend_B","Defend_B","Zap+1","Dualcast+1","Cold Snap","Cold Snap","FTL","Ball Lightning","Glacier","Compile Driver","Ball Lightning","Fission+1","Chill+1","Glacier","Steam","Beam Cell","White Noise+1","Biased Cognition+1","CurseOfTheBell","Chaos+1","Static Discharge+1"],"relics":["Inserter","Nunchaku","Matryoshka","Akabeko","Ornamental Fan","Orichalcum","Toy Ornithopter","Anchor","Runic Pyramid","Ancient Tea Set","Regal Pillow","Mango","Calling Bell","Bag of Preparation","Frozen Egg 2","Torii","Red Mask"],"acts_visited":["Exordium","TheCity","TheBeyond"],"potions_floor_usage":[41],"damage_taken":[{"damage":2.0,"enemies":"Cultist","floor":1.0,"turns":4.0},{"damage":5.0,"enemies":"Jaw Worm","floor":2.0,"turns":5.0},{"damage":0.0,"enemies":"Small Slimes","floor":3.0,"turns":4.0},{"damage":11.0,"enemies":"Exordium Thugs","floor":4.0,"turns":6.0},{"damage":41.0,"enemies":"Gremlin Nob","floor":8.0,"turns":5.0},{"damage":0.0,"enemies":"2 Fungi Beasts","floor":10.0,"turns":2.0},{"damage":4.0,"enemies":"Blue Slaver","floor":13.0,"turns":3.0},{"damage":11.0,"enemies":"Lagavulin","floor":14.0,"turns":7.0},{"damage":13.0,"enemies":"Hexaghost","floor":16.0,"turns":10.0},{"damage":10.0,"enemies":"Shell Parasite","floor":18.0,"turns":5.0},{"damage":1.0,"enemies":"3 Byrds","floor":20.0,"turns":6.0},{"damage":2.0,"enemies":"Cultist and Chosen","floor":22.0,"turns":7.0},{"damage":34.0,"enemies":"Slavers","floor":24.0,"turns":11.0},{"damage":3.0,"enemies":"Shelled Parasite and Fungi","floor":25.0,"turns":6.0},{"damage":9.0,"enemies":"Snake Plant","floor":30.0,"turns":5.0},{"damage":25.0,"enemies":"Book of Stabbing","floor":31.0,"turns":7.0},{"damage":0.0,"enemies":"Collector","floor":33.0,"turns":15.0},{"damage":2,"enemies":"3 Darklings","floor":35,"turns":9},{"damage":0,"enemies":"Orb Walker","floor":37,"turns":3},{"damage":9,"enemies":"Jaw Worm Horde","floor":38,"turns":4},{"damage":100,"enemies":"Giant Head","floor":41,"turns":8}],"seed_played":"-1684113442849673922","potions_obtained":[{"floor":3.0,"key":"Energy Potion"},{"floor":4.0,"key":"DuplicationPotion"},{"floor":16.0,"key":"Energy Potion"},{"floor":25.0,"key":"DuplicationPotion"},{"floor":37,"key":"FearPotion"}],"is_trial":false,"path_per_floor":["M","M","M","M","$","R","$","E","T","M","R","T","M","E","R","B",null,"M","$","M","?","M","R","E","M","T","R","$","?","M","E","R","B",null,"M","?","M","M","?","R","E"],"character_chosen":"DEFECT","items_purchased":["Nunchaku","Regen Potion","FocusPotion","White Noise"],"campfire_rested":3,"item_purchase_floors":[5,19,28,28],"current_hp_per_floor":[62,57,57,46,46,46,46,5,5,5,26,26,22,16,16,8,55,45,45,44,44,47,47,33,30,30,66,66,46,37,26,68,73,86,84,84,84,75,75,75,0,0],"gold":29,"neow_bonus":"BOSS_RELIC","is_daily":false,"chose_seed":false,"campfire_upgraded":4,"win_rate":0.0,"timestamp":1613767336,"path_taken":["M","M","M","M","?","R","?","E","T","M","R","?","M","E","R","BOSS","M","$","M","?","M","R","E","M","T","R","?","?","M","E","R","BOSS","M","?","M","M","?","R","E"],"items_purchased_type":["Relic","Potion","Potion","Card"],"build_version":"2020-12-22","purchased_purges":1,"victory":false,"max_hp_per_floor":[71,71,71,71,71,71,71,71,71,71,71,71,71,71,71,71,71,71,71,71,71,71,71,71,71,71,71,71,76,76,90,90,90,90,90,90,90,90,90,90,90,90],"card_choices":[{"not_picked":["Defragment","Gash"],"picked":"Cold Snap","floor":1.0},{"not_picked":["Melter","Compile Driver"],"picked":"Cold Snap","floor":2.0},{"not_picked":["Melter","Self Repair"],"picked":"FTL","floor":3.0},{"not_picked":["Sweeping Beam","Leap"],"picked":"Ball Lightning","floor":4.0},{"not_picked":["Recycle","Turbo"],"picked":"Glacier","floor":8.0},{"not_picked":["Sweeping Beam","Undo","Steam"],"picked":"SKIP","floor":10.0},{"not_picked":["Redo","Turbo"],"picked":"Compile Driver","floor":13.0},{"not_picked":["Meteor Strike","Streamline"],"picked":"Ball Lightning","floor":14.0},{"not_picked":["Creative AI","Machine Learning"],"picked":"Fission","floor":16.0},{"not_picked":["Coolheaded","Compile Driver","Cold Snap"],"picked":"SKIP","floor":18.0},{"not_picked":["Heatsinks","Coolheaded"],"picked":"Chill+1","floor":20.0},{"not_picked":["Stack","Rip and Tear"],"picked":"Steam","floor":22.0},{"not_picked":["Barrage","Reinforced Body"],"picked":"Beam Cell","floor":24.0},{"not_picked":["Steam","Undo","Steam Power"],"picked":"SKIP","floor":25.0},{"not_picked":["Chaos","Blizzard","Sweeping Beam"],"picked":"SKIP","floor":30.0},{"not_picked":["White Noise","Machine Learning","Darkness"],"picked":"SKIP","floor":31.0},{"not_picked":["Buffer","Electrodynamics"],"picked":"Biased Cognition","floor":33.0},{"not_picked":["Tempest","Hologram"],"picked":"Chaos+1","floor":35},{"not_picked":["Beam Cell","Compile Driver+1"],"picked":"Static Discharge+1","floor":37},{"not_picked":["Redo","Sweeping Beam","Reprogram"],"picked":"SKIP","floor":38}],"player_experience":2201406,"relics_obtained":[{"floor":8.0,"key":"Matryoshka"},{"floor":9.0,"key":"Akabeko"},{"floor":9.0,"key":"Ornamental Fan"},{"floor":12.0,"key":"Orichalcum"},{"floor":12.0,"key":"Toy Ornithopter"},{"floor":14.0,"key":"Anchor"},{"floor":24.0,"key":"Ancient Tea Set"},{"floor":26.0,"key":"Regal Pillow"},{"floor":31.0,"key":"Mango"},{"floor":34,"key":"Bag of Preparation"},{"floor":34,"key":"Frozen Egg 2"},{"floor":34,"key":"Torii"}],"event_choices":[{"damage_healed":0.0,"max_hp_gain":0.0,"max_hp_loss":0.0,"gold_gain":0.0,"event_name":"Duplicator","player_choice":"Copied","floor":21.0,"gold_loss":0.0,"damage_taken":0.0,"cards_obtained":["Glacier"]},{"damage_healed":0.0,"max_hp_gain":5.0,"max_hp_loss":0.0,"gold_gain":0.0,"event_name":"Forgotten Altar","player_choice":"Shed Blood","floor":29.0,"gold_loss":0.0,"damage_taken":25.0},{"damage_healed":0,"gold_gain":0,"player_choice":"Paid","damage_taken":0,"relics_obtained":["Red Mask"],"max_hp_gain":0,"max_hp_loss":0,"event_name":"Tomb of Lord Red Mask","floor":36,"gold_loss":164},{"damage_healed":0,"gold_gain":0,"player_choice":"Upgraded","damage_taken":0,"max_hp_gain":0,"max_hp_loss":0,"event_name":"Upgrade Shrine","floor":39,"gold_loss":0,"cards_upgraded":["Biased Cognition"]}],"is_beta":false,"boss_relics":[{"not_picked":["Pandora\u0027s Box","SacredBark"],"picked":"Runic Pyramid"},{"not_picked":["Runic Dome","Coffee Dripper"],"picked":"Calling Bell"}],"items_purged_floors":[19],"is_endless":false,"potions_floor_spawned":[3,4,16,25,30,31,37],"killed_by":"Giant Head","ascension_level":20}}