{"host":"adt9pv9dmmkchns7","time":1613726413,"event":{"mods":["AchievementEnabler","Aspiration","BaseMod","Beaked The Cultist","Better Third Choice","Curses Come First","Energized Spire","Minty Spire (QoL Compilation)","Permanent Neow","Potionbrewer","Quick Restart","Reliquary","Replay The Spire","Robot Space Explorer","Shade Mod","Spicy Shops","StSLib","The Blackbeard","The Cursed","The Forsaken","The Gatherer","The Necromancer","Wandering Minibosses"],"gold_per_floor":[118,129,146,160,172,198,198,227,227,282,282,51,67,85,85,182,182,152,152,152],"floor_reached":18,"language":"ENG","playtime":1496,"items_purged":["ReplayTheSpireMod:Splinters"],"score":200,"play_id":"6dddb34f-61c8-4284-9d61-f66d4e87ae62","local_time":"20210219102013","is_ascension_mode":true,"metric_token":1489,"campfire_choices":[{"floor":7,"key":"RECALL"},{"data":"Gatherer:Pollute","floor":11,"key":"SMITH"},{"data":"Gatherer:ColorfulGarden","floor":15,"key":"SMITH"}],"circlet_count":0,"master_deck":["Gatherer:Strike_Gatherer","Gatherer:Strike_Gatherer","Gatherer:Strike_Gatherer","Gatherer:Strike_Gatherer","Gatherer:Defend_Gatherer","Gatherer:Defend_Gatherer","Gatherer:Defend_Gatherer","Gatherer:Defend_Gatherer","Gatherer:Centralize","Gatherer:FlowerWhip","Gatherer:GlowingPlant","Gatherer:RottenStipe","Gatherer:Shadow","Gatherer:Light","Gatherer:VenomBarrier","Gatherer:FlowerFalling","Gatherer:Pollute+1","Gatherer:Snatch","Gatherer:FlamingBottle","Gatherer:FlowerShield","Gatherer:WitheringStrike","Gatherer:CarefulStrike","Gatherer:RottenStipe","Gatherer:FragileHammer","Gatherer:Convert","Gatherer:TacticalStrike","Gatherer:RecipeChange","Gatherer:FeelingFine","Gatherer:ColorfulGarden+1","Gatherer:TacticalStrike","Gatherer:QuickSynthesis","Gatherer:PoisonMastery"],"relics":["Gatherer:AlchemyBag","reliquary:PurpleTingedLeaf","reliquary:PartyBalloon","Replay:Accelerometer","potionbrewer:BoosterPack","reliquary:Craggleroot"],"acts_visited":["Exordium","TheCity"],"potions_floor_usage":[6,14,14],"damage_taken":[{"damage":0,"enemies":"Jaw Worm","floor":1,"turns":3},{"damage":0,"enemies":"Small Slimes","floor":2,"turns":2},{"damage":0,"enemies":"2 Louse","floor":3,"turns":2},{"damage":0,"enemies":"2 Fungi Beasts","floor":4,"turns":3},{"damage":10,"enemies":"Large Slime","floor":5,"turns":4},{"damage":8,"enemies":"Gremlin Nob","floor":6,"turns":3},{"damage":4,"enemies":"Replay:BlueRogue","floor":8,"turns":4},{"damage":0,"enemies":"3 Louse","floor":13,"turns":2},{"damage":2,"enemies":"Blue Slaver","floor":14,"turns":7},{"damage":18,"enemies":"Slime Boss","floor":16,"turns":7},{"damage":10,"enemies":"2 Thieves","floor":18,"turns":2}],"seed_played":"7029202793157224728","potions_obtained":[{"floor":2,"key":"Poison Potion"},{"floor":4,"key":"Elixir"},{"floor":6,"key":"Fire Potion"},{"floor":13,"key":"potionbrewer:CleansingPotion"}],"is_trial":false,"path_per_floor":["M","M","M","M","M","E","R","E","T","?","R","$","M","M","R","B",null,"M"],"character_chosen":"THE_GATHERER","items_purchased":["potionbrewer:BoosterPack"],"campfire_rested":0,"item_purchase_floors":[12],"current_hp_per_floor":[65,65,65,65,55,47,47,44,44,44,44,44,45,44,44,28,65,55,55,55],"gold":152,"neow_bonus":"TRANSFORM_TWO_CARDS","is_daily":false,"chose_seed":false,"campfire_upgraded":2,"win_rate":0.0,"timestamp":1613726413,"path_taken":["M","M","M","M","M","E","R","E","T","?","R","$","M","M","R","BOSS","M"],"items_purchased_type":["Relic"],"build_version":"2020-12-22","purchased_purges":1,"victory":false,"max_hp_per_floor":[65,65,65,65,65,65,65,65,65,65,65,65,65,65,65,65,65,65,65,65],"card_choices":[{"not_picked":["Gatherer:Frenzy","Gatherer:QuickSynthesis"],"picked":"Gatherer:VenomBarrier","floor":1},{"not_picked":["Gatherer:RecipeChange","Gatherer:GatherMaterial"],"picked":"Gatherer:FlowerFalling","floor":2},{"not_picked":["Gatherer:AromaProtection","Gatherer:Nutrients"],"picked":"Gatherer:Pollute","floor":3},{"not_picked":["Gatherer:TreeGrowth","Gatherer:Frenzy"],"picked":"Gatherer:Snatch","floor":4},{"not_picked":["Gatherer:CollectorsShot","Gatherer:UpgradeBag"],"picked":"Gatherer:FlamingBottle","floor":5},{"not_picked":["Gatherer:Snatch","Gatherer:SealedBomb"],"picked":"Gatherer:FlowerShield","floor":6},{"not_picked":["Gatherer:Snatch","Gatherer:ScherryThrow"],"picked":"Gatherer:WitheringStrike","floor":8},{"not_picked":["Gatherer:Herbalism","Gatherer:GatherMaterial"],"picked":"Gatherer:CarefulStrike","floor":10},{"not_picked":["Gatherer:Uplift","Gatherer:Frenzy"],"picked":"Gatherer:RottenStipe","floor":10},{"not_picked":["Gatherer:PotentialSlash","Gatherer:RecipeChange"],"picked":"Gatherer:TacticalStrike","floor":13},{"not_picked":["Gatherer:CollectorsShot","Gatherer:BambuSword"],"picked":"Gatherer:QuickSynthesis","floor":14},{"not_picked":["Gatherer:Photoscythe","Gatherer:BlackTea"],"picked":"Gatherer:PoisonMastery","floor":16}],"player_experience":987326,"relics_obtained":[{"floor":6,"key":"reliquary:PurpleTingedLeaf"},{"floor":8,"key":"reliquary:PartyBalloon"},{"floor":10,"key":"Replay:Accelerometer"}],"event_choices":[],"is_beta":false,"boss_relics":[{"not_picked":["energizedSpire:NeverEndingSparkler","Kintsugi"],"picked":"reliquary:Craggleroot"}],"items_purged_floors":[12],"is_endless":false,"potions_floor_spawned":[2,4,6,13],"killed_by":"2 Thieves","ascension_level":3}}