{"host":"sc0o2qwpf9j16a4i","time":1613743429,"event":{"mods":["AchievementEnabler","BaseMod","BetterRewards","Block Reminder","Colored Map","Colored Powertips","Custom Start","Highlight Path","Minty Spire (QoL Compilation)","Relic Stats"],"gold_per_floor":[117,117,39,58,69,100,100,100,100,100,119,138,158,175,175,279,279,268,268,40,51,11,11,25,54,54,74,93,93,93,93,93],"floor_reached":31,"language":"ENG","playtime":1343,"items_purged":["Regret"],"score":359,"play_id":"3fa9d62f-aae9-4749-95f4-c0bdf9dd546d","local_time":"20210219160349","daily_mods":["Heirloom","Uncertain Future","Binary"],"is_ascension_mode":false,"campfire_choices":[{"data":"Neutralize","floor":7,"key":"SMITH"},{"data":"Well Laid Plans","floor":10,"key":"SMITH"},{"data":"Calculated Gamble","floor":15,"key":"SMITH"},{"data":"Tools of the Trade","floor":23,"key":"SMITH"},{"data":"Infinite Blades","floor":29,"key":"SMITH"}],"circlet_count":0,"master_deck":["Strike_G","Strike_G","Strike_G","Strike_G","Defend_G","Defend_G","Defend_G","Defend_G","Defend_G","Survivor","Neutralize+1","Heel Hook","Finesse","Dash","Well Laid Plans+1","Dagger Spray","Calculated Gamble+1","Bouncing Flask","Dagger Throw","Blade Dance","Tools of the Trade+1","All Out Attack","Infinite Blades+1","Prepared","Footwork","Backstab","Deflect+1","Ghostly","Ghostly","Ghostly","Ghostly","Ghostly"],"relics":["Ring of the Snake","CaptainsWheel","InkBottle","Pantograph","Kunai","HoveringKite","Vajra","PreservedInsect","Shuriken"],"acts_visited":["Exordium","TheCity"],"potions_floor_usage":[16,24,25,25,31],"damage_taken":[{"damage":0,"enemies":"Small Slimes","floor":1,"turns":4},{"damage":0,"enemies":"2 Louse","floor":4,"turns":2},{"damage":0,"enemies":"Jaw Worm","floor":5,"turns":5},{"damage":30,"enemies":"Lagavulin","floor":6,"turns":12},{"damage":0,"enemies":"3 Louse","floor":11,"turns":2},{"damage":0,"enemies":"Looter","floor":12,"turns":4},{"damage":0,"enemies":"Red Slaver","floor":13,"turns":4},{"damage":2,"enemies":"3 Louse","floor":14,"turns":2},{"damage":9,"enemies":"Slime Boss","floor":16,"turns":13},{"damage":14,"enemies":"2 Thieves","floor":18,"turns":4},{"damage":4,"enemies":"Shell Parasite","floor":21,"turns":5},{"damage":15,"enemies":"Centurion and Healer","floor":24,"turns":6},{"damage":0,"enemies":"Book of Stabbing","floor":25,"turns":6},{"damage":17,"enemies":"Shelled Parasite and Fungi","floor":27,"turns":5},{"damage":3,"enemies":"Snecko","floor":28,"turns":4}],"seed_played":"-2284472796580831908","potions_obtained":[{"floor":6,"key":"LiquidBronze"},{"floor":11,"key":"Block Potion"},{"floor":12,"key":"PowerPotion"},{"floor":14,"key":"Regen Potion"},{"floor":16,"key":"EssenceOfSteel"},{"floor":24,"key":"Poison Potion"},{"floor":28,"key":"SteroidPotion"}],"is_trial":true,"path_per_floor":["M","?","$","M","M","E","R","?","T","R","M","M","M","M","R","B",null,"M","?","$","M","$","R","M","E","T","M","M","R","?","M"],"character_chosen":"THE_SILENT","items_purchased":["Dash","Vajra","Infinite Blades"],"campfire_rested":0,"item_purchase_floors":[3,20,22],"current_hp_per_floor":[70,70,70,70,70,40,40,40,40,40,40,40,40,38,38,54,70,56,56,56,52,52,52,52,52,52,35,32,32,32,29,29],"gold":93,"neow_bonus":"","is_daily":false,"chose_seed":false,"campfire_upgraded":5,"win_rate":0.0,"timestamp":1613743429,"path_taken":["M","?","$","?","M","E","R","?","T","R","M","M","M","M","R","BOSS","M","?","$","M","?","R","M","E","T","M","M","R","?","M"],"items_purchased_type":["Card","Relic","Card"],"build_version":"2020-12-22","purchased_purges":1,"victory":false,"max_hp_per_floor":[70,70,70,70,70,70,70,70,70,70,70,70,70,70,70,70,70,70,70,70,70,70,70,70,70,70,70,70,70,35,35,35],"relic_stats":{"counters":[16,83],"Shuriken":[11],"Pantograph":25,"HoveringKite":[24],"PreservedInsect":0,"Kunai":[39],"obtain_stats":[{"CaptainsWheel":0,"Shuriken":26,"Pantograph":8,"HoveringKite":17,"Vajra":20,"PreservedInsect":25,"Kunai":9,"InkBottle":6,"Ring of the Snake":0},{"CaptainsWheel":0,"Shuriken":13,"Pantograph":4,"HoveringKite":9,"Vajra":10,"PreservedInsect":13,"Kunai":4,"InkBottle":4,"Ring of the Snake":0},{"CaptainsWheel":0,"Shuriken":69,"Pantograph":23,"HoveringKite":48,"Vajra":52,"PreservedInsect":69,"Kunai":23,"InkBottle":23,"Ring of the Snake":0}],"InkBottle":[27],"Ring of the Snake":[32]},"card_choices":[{"not_picked":["Dodge and Roll"],"picked":"Heel Hook","floor":1},{"not_picked":["Concentrate"],"picked":"Well Laid Plans","floor":4},{"not_picked":["Poisoned Stab"],"picked":"Dagger Spray","floor":5},{"not_picked":["Cloak And Dagger"],"picked":"Calculated Gamble","floor":6},{"not_picked":["Acrobatics","Choke"],"picked":"SKIP","floor":11},{"not_picked":["Sucker Punch"],"picked":"Bouncing Flask","floor":12},{"not_picked":["Blade Dance"],"picked":"Dagger Throw","floor":13},{"not_picked":["Acrobatics"],"picked":"Blade Dance","floor":14},{"not_picked":["Doppelganger"],"picked":"Tools of the Trade","floor":16},{"not_picked":["Slice","Bane"],"picked":"SKIP","floor":18},{"not_picked":["Quick Slash+1","Deflect"],"picked":"SKIP","floor":21},{"not_picked":["Underhanded Strike"],"picked":"Prepared","floor":24},{"not_picked":["PiercingWail"],"picked":"Footwork","floor":25},{"not_picked":["Backflip"],"picked":"Backstab","floor":27},{"not_picked":["Riddle With Holes"],"picked":"Deflect+1","floor":28}],"player_experience":1474776,"relics_obtained":[{"floor":6,"key":"InkBottle"},{"floor":9,"key":"Kunai"},{"floor":25,"key":"PreservedInsect"},{"floor":26,"key":"Shuriken"}],"event_choices":[{"damage_healed":0,"gold_gain":0,"player_choice":"1 cards matched","damage_taken":0,"max_hp_gain":0,"max_hp_loss":0,"event_name":"Match and Keep!","floor":2,"gold_loss":0,"cards_obtained":["Finesse"]},{"damage_healed":0,"gold_gain":0,"player_choice":"Box","damage_taken":0,"relics_obtained":["Pantograph"],"max_hp_gain":0,"max_hp_loss":0,"event_name":"Big Fish","floor":8,"gold_loss":0,"cards_obtained":["Regret"]},{"damage_healed":0,"gold_gain":0,"cards_transformed":["Strike_G"],"player_choice":"Transformed","damage_taken":0,"max_hp_gain":0,"max_hp_loss":0,"event_name":"Transmorgrifier","floor":19,"gold_loss":0,"cards_obtained":["All Out Attack"]},{"damage_healed":0,"gold_gain":0,"player_choice":"Became a Ghost","damage_taken":0,"max_hp_gain":0,"max_hp_loss":35,"event_name":"Ghosts","floor":30,"gold_loss":0,"cards_obtained":["Ghostly","Ghostly","Ghostly","Ghostly","Ghostly"]}],"is_beta":false,"boss_relics":[{"not_picked":["Busted Crown","Black Star"],"picked":"HoveringKite"}],"items_purged_floors":[20],"is_endless":false,"potions_floor_spawned":[6,11,12,14,16,24,28],"killed_by":"Snake Plant","ascension_level":0}}