{"host":"0utx1lcxgx5vu4k0","time":1613774728,"event":{"mods":["BaseMod","Colored Powertips","Minty Spire (QoL Compilation)","Permanent Neow","StSLib"],"gold_per_floor":[360,360,60,10,10,35,53,87,87,120,120,120,136,150,150,245,245,265,265,294,308,38,38,63,162,162,23,43,43,55,84,84,188,188,202,221,221,248,248,248,277,277,277,330,341,353,385,398,398,398,398,398,11,44,44],"floor_reached":56,"language":"ENG","playtime":4315,"items_purged":["Strike_B"],"score":1533,"play_id":"380abe8c-d957-46ea-b98c-ddccd8060464","local_time":"20210219174528","is_ascension_mode":true,"campfire_choices":[{"floor":11,"key":"REST"},{"data":"Defragment","floor":15,"key":"SMITH"},{"data":"Electrodynamics","floor":23,"key":"SMITH"},{"floor":32,"key":"REST"},{"floor":40,"key":"RECALL"},{"data":"Consume","floor":42,"key":"SMITH"},{"data":"Seek","floor":49,"key":"SMITH"},{"data":"Coolheaded","floor":52,"key":"SMITH"}],"circlet_count":0,"master_deck":["Strike_B+1","Strike_B","Defend_B","Defend_B","Defend_B+1","Zap","Dualcast+1","Defragment+1","Electrodynamics+1","Cold Snap+1","Steam","Coolheaded+1","Seek+1","Cold Snap","Seek","Static Discharge+1","Skim+1","Self Repair","Lockon","Buffer+1","Turbo+1","Consume+1","Madness","Madness","FTL+1","Go for the Eyes+1","Coolheaded+1","Doom and Gloom+1","Loop+1","Leap+1"],"relics":["FrozenCore","Oddly Smooth Stone","War Paint","Gremlin Horn","Omamori","Whetstone","Bottled Lightning","Bag of Marbles","Inserter","Enchiridion","Red Mask","Runic Capacitor","Matryoshka","MawBank","Frozen Egg 2","DataDisk","Bag of Preparation","Regal Pillow","Centennial Puzzle","Mercury Hourglass","Darkstone Periapt","Mango","Sundial","HornCleat","Nunchaku"],"acts_visited":["Exordium","TheCity","TheBeyond","TheEnding"],"potions_floor_usage":[10,24,31,41,47,50,50,54,54],"damage_taken":[{"damage":0.0,"enemies":"2 Louse","floor":1.0,"turns":3.0},{"damage":30.0,"enemies":"Gremlin Nob","floor":6.0,"turns":4.0},{"damage":0.0,"enemies":"Jaw Worm","floor":7.0,"turns":2.0},{"damage":9.0,"enemies":"3 Sentries","floor":8.0,"turns":5.0},{"damage":19,"enemies":"Gremlin Nob","floor":10,"turns":5},{"damage":0,"enemies":"Small Slimes","floor":13,"turns":1},{"damage":0,"enemies":"2 Fungi Beasts","floor":14,"turns":2},{"damage":7,"enemies":"The Guardian","floor":16,"turns":12},{"damage":19,"enemies":"2 Thieves","floor":18,"turns":4},{"damage":14,"enemies":"Masked Bandits","floor":20,"turns":3},{"damage":0,"enemies":"Shell Parasite","floor":21,"turns":5},{"damage":0,"enemies":"Gremlin Leader","floor":24,"turns":5},{"damage":0,"enemies":"Snecko","floor":28,"turns":5},{"damage":0,"enemies":"3 Cultists","floor":30,"turns":2},{"damage":23,"enemies":"Slavers","floor":31,"turns":3},{"damage":1,"enemies":"Automaton","floor":33,"turns":6},{"damage":0,"enemies":"3 Darklings","floor":35,"turns":3},{"damage":0,"enemies":"3 Shapes","floor":36,"turns":3},{"damage":3,"enemies":"Reptomancer","floor":41,"turns":4},{"damage":8,"enemies":"2 Orb Walkers","floor":44,"turns":3},{"damage":0,"enemies":"Spire Growth","floor":45,"turns":5},{"damage":0,"enemies":"3 Darklings","floor":46,"turns":3},{"damage":0,"enemies":"Giant Head","floor":47,"turns":11},{"damage":0,"enemies":"Writhing Mass","floor":48,"turns":6},{"damage":7,"enemies":"Donu and Deca","floor":50,"turns":6},{"damage":3,"enemies":"Shield and Spear","floor":54,"turns":4},{"damage":81,"enemies":"The Heart","floor":55,"turns":10}],"seed_played":"-8272594162208415487","potions_obtained":[{"floor":7.0,"key":"Dexterity Potion"},{"floor":8.0,"key":"EssenceOfSteel"},{"floor":13,"key":"Strength Potion"},{"floor":16,"key":"PotionOfCapacity"},{"floor":20,"key":"LiquidMemories"},{"floor":24,"key":"SteroidPotion"},{"floor":30,"key":"Strength Potion"},{"floor":33,"key":"GamblersBrew"},{"floor":46,"key":"Fire Potion"},{"floor":47,"key":"FocusPotion"}],"is_trial":false,"path_per_floor":["M","?","$","?","$","E","M","E","T","E","R","?","M","M","R","B",null,"M","?","?","M","$","R","E","?","T","$","M","T","M","E","R","B",null,"M","M","?","T","?","R","E","R","T","?","M","M","E","M","R","B",null,"R","$","E","B",null],"character_chosen":"DEFECT","items_purchased":["Oddly Smooth Stone","War Paint","Runic Capacitor","Self Repair","DataDisk","HornCleat","Loop+1","Fire Potion"],"campfire_rested":2,"item_purchase_floors":[3,3,22,22,27,53,53,53],"current_hp_per_floor":[54,59,59,59,59,29,29,20,20,1,25,22,22,22,22,15,80,61,45,31,31,31,31,38,38,38,38,38,38,38,22,61,67,80,80,80,80,80,70,70,67,67,67,80,87,94,94,94,94,94,94,94,94,91,17],"gold":44,"neow_bonus":"TWO_FIFTY_GOLD","is_daily":false,"chose_seed":false,"campfire_upgraded":5,"win_rate":0.0,"timestamp":1613774728,"path_taken":["M","?","$","?","?","E","M","E","T","E","R","?","M","M","R","BOSS","M","?","?","M","$","R","E","?","T","$","M","?","M","E","R","BOSS","M","M","?","?","?","R","E","R","T","?","M","M","E","?","R","BOSS","R","$","E","BOSS"],"items_purchased_type":["Relic","Relic","Relic","Card","Relic","Relic","Card","Potion"],"build_version":"2020-12-22","purchased_purges":1,"victory":true,"max_hp_per_floor":[75,80,80,80,80,80,80,80,80,80,80,80,80,80,80,80,80,80,80,80,80,80,80,80,80,80,80,80,80,80,80,80,80,80,80,80,80,80,80,80,80,80,80,94,94,94,94,94,94,94,94,94,94,94,94],"card_choices":[{"not_picked":["Steam","Turbo"],"picked":"Defragment","floor":1.0},{"not_picked":["Hologram","Sweeping Beam"],"picked":"Electrodynamics","floor":6.0},{"not_picked":["Steam Power","Consume"],"picked":"Cold Snap","floor":7.0},{"not_picked":["Compile Driver","Sweeping Beam"],"picked":"Steam","floor":8.0},{"not_picked":["Blizzard","Leap"],"picked":"Coolheaded","floor":10},{"not_picked":["Streamline","Tempest"],"picked":"Seek","floor":13},{"not_picked":["Go for the Eyes","Force Field"],"picked":"Cold Snap","floor":14},{"not_picked":["Machine Learning","Reboot"],"picked":"Seek","floor":16},{"not_picked":["Rebound","Aggregate"],"picked":"Static Discharge+1","floor":18},{"not_picked":["Tempest","Hyperbeam"],"picked":"Skim+1","floor":21},{"not_picked":["Streamline","Cold Snap+1"],"picked":"Lockon","floor":24},{"not_picked":["Coolheaded","Sweeping Beam+1","Barrage"],"picked":"SKIP","floor":28},{"not_picked":["Doom and Gloom","Rebound","Sweeping Beam"],"picked":"SKIP","floor":30},{"not_picked":["Conserve Battery","Go for the Eyes","Beam Cell"],"picked":"SKIP","floor":31},{"not_picked":["Reboot","Seek"],"picked":"Buffer+1","floor":33},{"not_picked":["Gash+1","Compile Driver"],"picked":"Turbo+1","floor":35},{"not_picked":["BootSequence+1","Barrage"],"picked":"Consume","floor":36},{"not_picked":["Capacitor+1","Barrage"],"picked":"FTL+1","floor":41},{"not_picked":["Recycle","Compile Driver"],"picked":"Go for the Eyes+1","floor":44},{"not_picked":["Ball Lightning","Meteor Strike","Leap+1"],"picked":"SKIP","floor":45},{"not_picked":["Rebound+1","Stack+1"],"picked":"Coolheaded+1","floor":46},{"not_picked":["Beam Cell+1","Hologram"],"picked":"Doom and Gloom+1","floor":47},{"not_picked":["Capacitor+1","Hologram","Gash+1"],"picked":"SKIP","floor":48},{"not_picked":["Coolheaded","Conserve Battery"],"picked":"Leap+1","floor":54}],"player_experience":70214,"relics_obtained":[{"floor":6.0,"key":"Gremlin Horn"},{"floor":8.0,"key":"Omamori"},{"floor":9.0,"key":"Whetstone"},{"floor":10,"key":"Bottled Lightning"},{"floor":19,"key":"Enchiridion"},{"floor":20,"key":"Red Mask"},{"floor":24,"key":"Matryoshka"},{"floor":26,"key":"MawBank"},{"floor":26,"key":"Frozen Egg 2"},{"floor":29,"key":"Bag of Preparation"},{"floor":31,"key":"Regal Pillow"},{"floor":38,"key":"Centennial Puzzle"},{"floor":41,"key":"Mercury Hourglass"},{"floor":43,"key":"Darkstone Periapt"},{"floor":44,"key":"Mango"},{"floor":47,"key":"Sundial"},{"floor":54,"key":"Nunchaku"}],"event_choices":[{"damage_healed":0.0,"max_hp_gain":5.0,"max_hp_loss":0.0,"gold_gain":0.0,"event_name":"Big Fish","player_choice":"Donut","floor":2.0,"gold_loss":0.0,"damage_taken":0.0},{"cards_removed":["Strike_B"],"damage_healed":0.0,"max_hp_gain":0.0,"max_hp_loss":0.0,"gold_gain":0.0,"event_name":"The Cleric","player_choice":"Card Removal","floor":4.0,"gold_loss":50.0,"damage_taken":0.0},{"damage_healed":0,"gold_gain":0,"player_choice":"Success","damage_taken":3,"relics_obtained":["Bag of Marbles"],"max_hp_gain":0,"max_hp_loss":0,"event_name":"Scrap Ooze","floor":12,"gold_loss":0},{"damage_healed":0,"gold_gain":0,"player_choice":"Obtained Book","damage_taken":16,"max_hp_gain":0,"max_hp_loss":0,"event_name":"Cursed Tome","floor":19,"gold_loss":0},{"damage_healed":0,"gold_gain":0,"player_choice":"Fought Bandits","damage_taken":0,"max_hp_gain":0,"max_hp_loss":0,"event_name":"Masked Bandits","floor":20,"gold_loss":0},{"damage_healed":0,"gold_gain":99,"player_choice":"Stole From Cult","damage_taken":0,"max_hp_gain":0,"max_hp_loss":0,"event_name":"Nest","floor":25,"gold_loss":0},{"cards_removed":["Defend_B"],"damage_healed":0,"gold_gain":0,"player_choice":"Removed Skill","damage_taken":0,"max_hp_gain":0,"max_hp_loss":0,"event_name":"Falling","floor":37,"gold_loss":0},{"damage_healed":0,"gold_gain":0,"player_choice":"Embrace Madness","damage_taken":10,"max_hp_gain":0,"max_hp_loss":0,"event_name":"Winding Halls","floor":39,"gold_loss":0,"cards_obtained":["Madness","Madness"]},{"damage_healed":0,"gold_gain":0,"player_choice":"Fight","damage_taken":0,"max_hp_gain":0,"max_hp_loss":0,"event_name":"Mysterious Sphere","floor":44,"gold_loss":0}],"is_beta":false,"boss_relics":[{"not_picked":["Astrolabe","Cursed Key"],"picked":"Inserter"},{"not_picked":["Fusion Hammer","Snecko Eye"],"picked":"FrozenCore"}],"items_purged_floors":[22],"is_endless":false,"potions_floor_spawned":[7,8,13,16,20,24,30,33,36,46,47,48],"ascension_level":4}}