{"host":"c64dsqyrqv0ei9yn","time":1613720593,"event":{"mods":["BaseMod","Bestiary","Colored Map","Colored Powertips","Curses Come First","Koishi","LagranYue(ùfäiòNÅEåé)","MarisaÅiñ∂âJÅ@ñÇóùçπÅj","Minty Spire (QoL Compilation)","Prisma Mod","Random Character Button","ReimuÅiîé??öÎÅj","RemiliaÅiÂQïƒ‰ª?Åj","StSLib","The Alterego","The Marked","The Saiyan","The Senshi","The Servant 0.9.4","The Wild Card","slay the spire mod where everything is the same but ironclad has a cowboy hat"],"gold_per_floor":[118,118,193,158,7,7,33,33,107,136,136,161,161,174,174,271,271,291,146,146,159,179,179,210,210,210,210,228,247,264,287,287,383,383,398,413,413,432,450,450,55,55,55,55,75,75,75,85,85,85,85],"floor_reached":50,"language":"ENG","playtime":2032,"items_purged":["Strike_G","Strike_G"],"score":607,"play_id":"da25baa2-ef2c-4495-bed9-b1542ada6cd6","local_time":"20210219074313","is_ascension_mode":true,"campfire_choices":[{"data":"Footwork","floor":6,"key":"SMITH"},{"data":"Adrenaline","floor":8,"key":"SMITH"},{"data":"Footwork","floor":11,"key":"SMITH"},{"data":"Neutralize","floor":15,"key":"SMITH"},{"data":"Adrenaline","floor":23,"key":"SMITH"},{"floor":25,"key":"DIG"},{"floor":27,"key":"REST"},{"floor":32,"key":"REST"},{"floor":40,"key":"REST"},{"floor":44,"key":"REST"},{"floor":47,"key":"REST"},{"data":"Malaise","floor":49,"key":"SMITH"}],"circlet_count":0,"master_deck":["Strike_G","Strike_G+1","Strike_G","Defend_G","Defend_G","Defend_G","Defend_G","Defend_G+1","Survivor","Neutralize+1","Deflect","Bane+1","Acrobatics","Deadly Poison+1","Footwork+1","Masterful Stab","Dodge and Roll","Caltrops","Poisoned Stab","Adrenaline+1","Footwork+1","Heel Hook","Dagger Spray","Adrenaline+1","Finisher+1","Noxious Fumes","Predator+1","Malaise+1","A Thousand Cuts","Master of Strategy","Parasite"],"relics":["Ring of the Snake","NeowsBlessing","Whetstone","InkBottle","Vajra","theSenshi:SailorFukuRelic","LagranYue:SoulBurningRelic","Shovel","LagranYue:GuideDeadRelic","War Paint","Boot","LagranYue:ContractPerformanceRelic","Chemical X","Nunchaku","MealTicket"],"acts_visited":["Exordium","TheCity","TheBeyond"],"potions_floor_usage":[24,29,29,50,50],"damage_taken":[{"damage":0,"enemies":"2 Louse","floor":1,"turns":1},{"damage":0,"enemies":"Lagavulin","floor":7,"turns":1},{"damage":0,"enemies":"Gremlin Nob","floor":10,"turns":1},{"damage":18,"enemies":"Lagavulin","floor":12,"turns":5},{"damage":0,"enemies":"Small Slimes","floor":14,"turns":3},{"damage":12,"enemies":"Slime Boss","floor":16,"turns":11},{"damage":0,"enemies":"Chosen","floor":18,"turns":3},{"damage":2,"enemies":"Shell Parasite","floor":21,"turns":4},{"damage":0,"enemies":"Centurion and Healer","floor":22,"turns":4},{"damage":37,"enemies":"Slavers","floor":24,"turns":4},{"damage":17,"enemies":"Sentry and Sphere","floor":28,"turns":5},{"damage":0,"enemies":"Snake Plant","floor":29,"turns":1},{"damage":0,"enemies":"Snecko","floor":30,"turns":4},{"damage":0,"enemies":"Champ","floor":33,"turns":10},{"damage":25,"enemies":"3 Darklings","floor":35,"turns":4},{"damage":4,"enemies":"3 Shapes","floor":36,"turns":2},{"damage":12,"enemies":"Spire Growth","floor":38,"turns":4},{"damage":18,"enemies":"4 Shapes","floor":39,"turns":6},{"damage":3,"enemies":"Writhing Mass","floor":45,"turns":5},{"damage":5,"enemies":"Transient","floor":48,"turns":5},{"damage":78,"enemies":"Awakened One","floor":50,"turns":6}],"seed_played":"8723477110369349031","potions_obtained":[{"floor":10,"key":"FearPotion"},{"floor":12,"key":"SpeedPotion"},{"floor":21,"key":"Fire Potion"},{"floor":24,"key":"AttackPotion"},{"floor":33,"key":"BlessingOfTheForge"},{"floor":36,"key":"Fire Potion"}],"is_trial":false,"path_per_floor":["M","?","?","?","$","R","E","R","T","E","R","E","?","M","R","B",null,"M","$","?","M","M","R","E","R","T","R","M","M","M","T","R","B",null,"M","M","?","M","M","R","$","?","T","R","M","?","R","M","R","B"],"character_chosen":"THE_SILENT","items_purchased":["Dodge and Roll","Caltrops","Poisoned Stab","Noxious Fumes","Chemical X","Nunchaku"],"campfire_rested":5,"item_purchase_floors":[5,5,5,19,41,41],"current_hp_per_floor":[70,70,59,70,70,70,70,70,70,70,70,52,52,52,52,40,70,70,70,70,68,68,68,31,31,31,51,34,34,34,34,54,54,70,45,41,41,29,11,31,31,31,31,51,48,48,68,63,63,0,0],"gold":85,"neow_bonus":"THREE_ENEMY_KILL","is_daily":false,"chose_seed":false,"campfire_upgraded":6,"win_rate":0.0,"timestamp":1613720593,"path_taken":["M","?","?","?","$","R","E","R","T","E","R","E","?","?","R","BOSS","M","$","?","M","M","R","E","R","T","R","M","M","M","?","R","BOSS","M","M","?","M","M","R","$","?","T","R","M","?","R","M","R","BOSS"],"items_purchased_type":["Card","Card","Card","Card","Relic","Relic"],"build_version":"2020-12-22","purchased_purges":2,"victory":false,"max_hp_per_floor":[70,70,70,70,70,70,70,70,70,70,70,70,70,70,70,70,70,70,70,70,70,70,70,70,70,70,70,70,70,70,70,70,70,70,70,70,70,70,70,70,70,70,70,70,70,70,70,70,70,70,70],"card_choices":[{"not_picked":["Dodge and Roll","Underhanded Strike"],"picked":"Deflect","floor":1},{"not_picked":["Deadly Poison","Prepared"],"picked":"Adrenaline","floor":7},{"not_picked":["Riddle With Holes","Backstab"],"picked":"Footwork","floor":10},{"not_picked":["Distraction","Dodge and Roll"],"picked":"Heel Hook","floor":12},{"not_picked":["Acrobatics","Deadly Poison"],"picked":"Dagger Spray","floor":14},{"not_picked":["Doppelganger","After Image"],"picked":"Adrenaline","floor":16},{"not_picked":["Deflect+1","Prepared"],"picked":"Finisher+1","floor":18},{"not_picked":["Poisoned Stab+1","Underhanded Strike","Quick Slash"],"picked":"SKIP","floor":21},{"not_picked":["Skewer","Deadly Poison+1","Poisoned Stab"],"picked":"SKIP","floor":22},{"not_picked":["Endless Agony+1","Bouncing Flask"],"picked":"Predator+1","floor":24},{"not_picked":["Quick Slash","PiercingWail","Deadly Poison"],"picked":"SKIP","floor":28},{"not_picked":["Well Laid Plans","PiercingWail+1"],"picked":"Malaise","floor":29},{"not_picked":["Sucker Punch","Flechettes","Infinite Blades"],"picked":"SKIP","floor":30},{"not_picked":["Venomology","Burst"],"picked":"A Thousand Cuts","floor":33},{"not_picked":["Dagger Spray","Outmaneuver+1","Caltrops"],"picked":"SKIP","floor":35},{"not_picked":["Caltrops","Flechettes+1","Quick Slash+1"],"picked":"SKIP","floor":36},{"not_picked":["Madness","Impatience"],"picked":"Master of Strategy","floor":37},{"not_picked":["Bane","Acrobatics","Dagger Throw"],"picked":"SKIP","floor":38},{"not_picked":["Flechettes+1","Quick Slash+1","Underhanded Strike"],"picked":"SKIP","floor":39},{"not_picked":["Dodge and Roll","Dagger Spray+1","Flying Knee+1"],"picked":"SKIP","floor":45},{"not_picked":["Slice","Endless Agony+1","Deflect"],"picked":"SKIP","floor":48}],"player_experience":100399,"relics_obtained":[{"floor":7,"key":"Whetstone"},{"floor":9,"key":"InkBottle"},{"floor":10,"key":"Vajra"},{"floor":12,"key":"theSenshi:SailorFukuRelic"},{"floor":24,"key":"Shovel"},{"floor":25,"key":"LagranYue:GuideDeadRelic"},{"floor":26,"key":"War Paint"},{"floor":31,"key":"Boot"},{"floor":43,"key":"MealTicket"}],"event_choices":[{"damage_healed":0,"gold_gain":75,"player_choice":"Gather Gold","damage_taken":11,"max_hp_gain":0,"max_hp_loss":0,"event_name":"World of Goop","floor":3,"gold_loss":0},{"damage_healed":17,"gold_gain":0,"player_choice":"Healed","damage_taken":0,"max_hp_gain":0,"max_hp_loss":0,"event_name":"The Cleric","floor":4,"gold_loss":35},{"damage_healed":0,"gold_gain":0,"player_choice":"Ignored","damage_taken":0,"max_hp_gain":0,"max_hp_loss":0,"event_name":"Liars Game","floor":13,"gold_loss":0},{"damage_healed":0,"gold_gain":0,"player_choice":"Ignored","damage_taken":0,"max_hp_gain":0,"max_hp_loss":0,"event_name":"Cursed Tome","floor":20,"gold_loss":0},{"damage_healed":0,"gold_gain":0,"player_choice":"Memory 1","damage_taken":0,"max_hp_gain":0,"max_hp_loss":0,"event_name":"SensoryStone","floor":37,"gold_loss":0},{"damage_healed":0,"gold_gain":0,"player_choice":"Ignored","damage_taken":0,"max_hp_gain":0,"max_hp_loss":0,"event_name":"Tomb of Lord Red Mask","floor":42,"gold_loss":0},{"damage_healed":0,"gold_gain":0,"player_choice":"Ignored","damage_taken":0,"max_hp_gain":0,"max_hp_loss":0,"event_name":"Mysterious Sphere","floor":46,"gold_loss":0}],"is_beta":false,"boss_relics":[{"not_picked":["Calling Bell","Coffee Dripper"],"picked":"LagranYue:SoulBurningRelic"},{"not_picked":["SacredBark","Fusion Hammer"],"picked":"LagranYue:ContractPerformanceRelic"}],"items_purged_floors":[19,41],"is_endless":false,"potions_floor_spawned":[10,12,21,22,24,33,36,39,45,48],"killed_by":"Awakened One","ascension_level":1}}