{"host":"1ycuxm9gov0tl9zf","time":1613773516,"event":{"mods":["AchievementEnabler","Act Like it!","BaseMod","Colored Powertips","Downfall","Gensokyo","GifTheSpireLib","Hallownest","Marisa£®ÏF”Í°°ƒß¿Ì…≥£©","Minty Spire (QoL Compilation)","Quick Restart","Remilia£®¿Ÿ√◊¿Ú—«£©","Replay The Spire","Shop Mod","StSLib","The Administrix","The Animator","The Bug Knight"],"gold_per_floor":[115,126,74,89,9,9,21,53,76,94,110,137,149,166,166,263,263,203,203],"floor_reached":18,"language":"ZHS","playtime":1140,"items_purged":[],"score":176,"play_id":"0680c697-1de7-4549-8b07-bcac18750168","local_time":"20210220062516","is_ascension_mode":false,"campfire_choices":[{"data":"A Thousand Cuts","floor":6,"key":"SMITH"},{"data":"Accuracy","floor":15,"key":"SMITH"}],"circlet_count":0,"master_deck":["Strike_G","Strike_G","Strike_G","Strike_G","Strike_G","Defend_G","Defend_G","Defend_G","Defend_G","Defend_G","Survivor","Neutralize","Underhanded Strike","Hidden Blade","Infinite Blades+1","A Thousand Cuts+1","Accuracy+1","Dagger Throw","Footwork","Accuracy","Quick Slash","Caltrops","Dodge and Roll","Backflip","Phantasmal Killer","Sickly","Gensokyo:AllTheWorldsEvil","Sickly"],"relics":["Ring of the Snake","Ancient Tea Set","Bronze Scales","Smiling Mask","Replay:Ancient Bell","Blue Doll","Matryoshka","Peace Pipe"],"acts_visited":["Exordium","TheCity"],"potions_floor_usage":[16],"damage_taken":[{"damage":0,"enemies":"Cultist","floor":1,"turns":5},{"damage":0,"enemies":"Jaw Worm","floor":2,"turns":3},{"damage":0,"enemies":"2 Louse","floor":4,"turns":2},{"damage":9,"enemies":"Looter","floor":7,"turns":4},{"damage":13,"enemies":"3 Sentries","floor":8,"turns":5},{"damage":0,"enemies":"Lots of Slimes","floor":10,"turns":4},{"damage":5,"enemies":"Exordium Wildlife","floor":11,"turns":2},{"damage":11,"enemies":"Lagavulin","floor":12,"turns":7},{"damage":0,"enemies":"Large Slime","floor":13,"turns":5},{"damage":6,"enemies":"Looter","floor":14,"turns":2},{"damage":12,"enemies":"Hexaghost","floor":16,"turns":7},{"damage":14,"enemies":"2 Thieves","floor":18,"turns":3}],"seed_played":"3941038738493808724","potions_obtained":[{"floor":8,"key":"DuplicationPotion"},{"floor":10,"key":"champ:CounterPotion"},{"floor":12,"key":"SkillPotion"}],"is_trial":false,"path_per_floor":["M","M","$","M","$","R","M","E","T","M","M","E","M","M","R","B",null,"M"],"character_chosen":"THE_SILENT","items_purchased":["Infinite Blades+1","Accuracy"],"campfire_rested":0,"item_purchase_floors":[3,5],"current_hp_per_floor":[77,77,77,77,77,77,68,55,55,55,50,39,39,33,33,21,77,63,63],"gold":203,"neow_bonus":"TEN_PERCENT_HP_BONUS","is_daily":false,"chose_seed":false,"campfire_upgraded":2,"win_rate":0.0,"timestamp":1613773516,"path_taken":["M","M","$","M","?","R","M","E","T","M","?","E","M","?","R","BOSS","M"],"items_purchased_type":["Card","Card"],"build_version":"2020-12-22","purchased_purges":0,"victory":false,"max_hp_per_floor":[77,77,77,77,77,77,77,77,77,77,77,77,77,77,77,77,77,77,77],"card_choices":[{"not_picked":["Quick Slash","Blade Dance"],"picked":"Underhanded Strike","floor":1},{"not_picked":["Riddle With Holes","Heel Hook"],"picked":"Hidden Blade","floor":2},{"not_picked":["Dodge and Roll","Terror"],"picked":"A Thousand Cuts","floor":4},{"not_picked":["PiercingWail","Hidden Blade"],"picked":"Dagger Throw","floor":7},{"not_picked":["Deflect","Well Laid Plans"],"picked":"Footwork","floor":8},{"not_picked":["Finisher","Prepared"],"picked":"Accuracy","floor":10},{"not_picked":["Dagger Spray","Phantasmal Killer"],"picked":"Quick Slash","floor":11},{"not_picked":["Escape Plan","PiercingWail"],"picked":"Caltrops","floor":12},{"not_picked":["Backflip","Reflex"],"picked":"Dodge and Roll","floor":13},{"not_picked":["Escape Plan","Quick Slash"],"picked":"Backflip","floor":14},{"not_picked":["Venomology","ReplayTheSpireMod:From All Sides"],"picked":"Phantasmal Killer","floor":16},{"not_picked":["animator:Curse_Dizziness","Parasite"],"picked":"Sickly","floor":17},{"not_picked":["Pain","Languid"],"picked":"Gensokyo:AllTheWorldsEvil","floor":17},{"not_picked":["downfall:Malfunctioning","ReplayTheSpireMod:Restless Dread"],"picked":"Sickly","floor":17}],"player_experience":106267,"relics_obtained":[{"floor":8,"key":"Ancient Tea Set"},{"floor":9,"key":"Bronze Scales"},{"floor":12,"key":"Smiling Mask"}],"event_choices":[],"is_beta":false,"boss_relics":[{"not_picked":["Honey Jar","bronze:MakeshiftBattery"],"picked":"Replay:Ancient Bell"},{"not_picked":["Art of War","Orichalcum"],"picked":"Blue Doll"},{"not_picked":["HollowMod:StagPassRelic","Snack Pack"],"picked":"Matryoshka"},{"not_picked":["Mango","Replay:Kaleidoscope"],"picked":"Peace Pipe"}],"items_purged_floors":[],"is_endless":false,"potions_floor_spawned":[8,10,12],"killed_by":"2 Thieves","ascension_level":0}}