{"host":"w5thk1acqacem6ba","time":1613710587,"event":{"mods":["AchievementEnabler","BaseMod","Colored Map","KOR Keyword Fix","Minty Spire (QoL Compilation)","SuperFastMode"],"gold_per_floor":[99,99,99,24,24,24,24,24,24,24,24,24,24,24,24,24,24,24,24,24,24,24,24,24,24,24,24,24,24,24,24,24,24,24,24,24,24,24,24,24,24,24,24,24,24,24,24,24,24,24],"floor_reached":51,"language":"KOR","playtime":2310,"items_purged":["Defend_P"],"score":895,"play_id":"35c94804-a751-4209-8a71-f1eaa9510a06","local_time":"20210219135627","is_ascension_mode":true,"campfire_choices":[{"data":"Eruption","floor":6.0,"key":"SMITH"},{"data":"Vigilance","floor":8.0,"key":"SMITH"},{"floor":11.0,"key":"REST"},{"floor":15.0,"key":"REST"},{"floor":23.0,"key":"REST"},{"floor":25.0,"key":"REST"},{"data":"Defend_P","floor":32.0,"key":"SMITH"},{"data":"MasterReality","floor":40.0,"key":"SMITH"},{"floor":42.0,"key":"REST"},{"data":"Consecrate","floor":44.0,"key":"SMITH"},{"floor":49.0,"key":"REST"}],"circlet_count":0,"master_deck":["Strike_P+1","Strike_P+1","Defend_P+1","Defend_P+1","Eruption+1","Vigilance+1","DeceiveReality+1","Blasphemy+1","Fasting2+1","Omniscience+1","Consecrate+1","SignatureMove+1","DevaForm+1","FlurryOfBlows+1","Consecrate+1","Halt+1","Crescendo+1","MasterReality+1","Consecrate+1","JustLucky+1","Consecrate+1","FearNoEvil+1","BattleHymn+1"],"relics":["Ectoplasm","Toxic Egg 2","Anchor","Whetstone","Art of War","Astrolabe","MutagenicStrength","Letter Opener","Matryoshka","Runic Pyramid","Regal Pillow","Omamori","Lantern"],"acts_visited":["Exordium","TheCity","TheBeyond"],"potions_floor_usage":[50,50,50,50,50,50],"damage_taken":[{"damage":2.0,"enemies":"Jaw Worm","floor":1.0,"turns":3.0},{"damage":2.0,"enemies":"Small Slimes","floor":5.0,"turns":5.0},{"damage":0.0,"enemies":"2 Louse","floor":7.0,"turns":2.0},{"damage":10.0,"enemies":"Lots of Slimes","floor":10.0,"turns":3.0},{"damage":3.0,"enemies":"2 Fungi Beasts","floor":12.0,"turns":3.0},{"damage":1.0,"enemies":"3 Sentries","floor":13.0,"turns":4.0},{"damage":54.0,"enemies":"Hexaghost","floor":16.0,"turns":9.0},{"damage":10.0,"enemies":"Spheric Guardian","floor":18.0,"turns":4.0},{"damage":2.0,"enemies":"Shell Parasite","floor":21.0,"turns":2.0},{"damage":0.0,"enemies":"Shelled Parasite and Fungi","floor":24.0,"turns":2.0},{"damage":0.0,"enemies":"Sentry and Sphere","floor":28.0,"turns":2.0},{"damage":0.0,"enemies":"Chosen and Byrds","floor":29.0,"turns":3.0},{"damage":0.0,"enemies":"Snake Plant","floor":30.0,"turns":2.0},{"damage":0.0,"enemies":"Cultist and Chosen","floor":31.0,"turns":3.0},{"damage":44.0,"enemies":"Champ","floor":33.0,"turns":9.0},{"damage":0.0,"enemies":"3 Shapes","floor":35.0,"turns":3.0},{"damage":14.0,"enemies":"3 Darklings","floor":37.0,"turns":4.0},{"damage":0.0,"enemies":"Transient","floor":38.0,"turns":5.0},{"damage":0.0,"enemies":"Sphere and 2 Shapes","floor":39.0,"turns":2.0},{"damage":8.0,"enemies":"Giant Head","floor":41.0,"turns":6.0},{"damage":41.0,"enemies":"Writhing Mass","floor":45.0,"turns":4.0},{"damage":0.0,"enemies":"3 Darklings","floor":47.0,"turns":3.0},{"damage":62,"enemies":"Awakened One","floor":50,"turns":11}],"seed_played":"-4122635202621733864","potions_obtained":[{"floor":7.0,"key":"FearPotion"},{"floor":12.0,"key":"DuplicationPotion"},{"floor":13.0,"key":"Swift Potion"},{"floor":21.0,"key":"Block Potion"},{"floor":30.0,"key":"EntropicBrew"},{"floor":45.0,"key":"EssenceOfSteel"}],"is_trial":false,"path_per_floor":["M","?","T","$","M","R","M","R","T","M","R","M","E","?","R","B",null,"M","?","?","M","?","R","M","R","T","T","M","M","M","M","R","B",null,"M","?","M","M","M","R","E","R","T","R","M","?","M","?","R","B",null],"character_chosen":"WATCHER","items_purchased":[],"campfire_rested":6,"item_purchase_floors":[],"current_hp_per_floor":[70,67,67,67,65,65,65,65,65,55,72,69,68,54,72,18,59,49,49,49,47,34,57,57,77,77,77,77,77,77,77,77,33,66,66,66,52,52,52,52,44,77,77,77,36,36,36,36,74,12],"gold":24,"neow_bonus":"BOSS_RELIC","is_daily":false,"chose_seed":false,"campfire_upgraded":5,"win_rate":0.0,"timestamp":1613710587,"path_taken":["M","?","?","$","M","R","M","R","T","M","R","M","E","?","R","BOSS","M","?","?","?","?","R","M","R","T","?","M","M","M","M","R","BOSS","M","?","M","?","M","R","E","R","T","R","M","?","?","?","R","BOSS"],"items_purchased_type":[],"build_version":"2020-12-22","purchased_purges":1,"victory":true,"max_hp_per_floor":[72,72,72,72,72,72,72,72,72,72,72,72,72,72,72,72,72,72,72,72,72,77,77,77,77,77,77,77,77,77,77,77,77,77,77,77,77,77,77,77,77,77,77,77,77,77,77,77,77,77],"card_choices":[{"not_picked":["JustLucky","DeceiveReality","Fasting2"],"picked":"SKIP","floor":1.0},{"not_picked":["InnerPeace+1","BowlingBash","EmptyFist"],"picked":"SKIP","floor":5.0},{"not_picked":["Evaluate+1","FlyingSleeves","WheelKick"],"picked":"SKIP","floor":7.0},{"not_picked":["Evaluate+1","CarveReality"],"picked":"DeceiveReality+1","floor":10.0},{"not_picked":["PathToVictory+1","Halt+1"],"picked":"Blasphemy+1","floor":12.0},{"not_picked":["Evaluate+1","Omniscience+1"],"picked":"Fasting2","floor":13.0},{"not_picked":["LessonLearned","Brilliance"],"picked":"Omniscience+1","floor":16.0},{"not_picked":["SashWhip","FlurryOfBlows","BattleHymn"],"picked":"SKIP","floor":18.0},{"not_picked":["SashWhip","BattleHymn"],"picked":"FlurryOfBlows","floor":18.0},{"not_picked":["Meditate+1","Worship+1","CrushJoints"],"picked":"SKIP","floor":21.0},{"not_picked":["Prostrate+1","WheelKick","CutThroughFate+1"],"picked":"SKIP","floor":24.0},{"not_picked":["FlurryOfBlows","BowlingBash"],"picked":"Consecrate+1","floor":28.0},{"not_picked":["Prostrate+1","Consecrate"],"picked":"Halt+1","floor":29.0},{"not_picked":["Swivel+1","BowlingBash","CrushJoints"],"picked":"SKIP","floor":30.0},{"not_picked":["CarveReality","EmptyFist"],"picked":"Crescendo+1","floor":31.0},{"not_picked":["Omniscience+1","Ragnarok"],"picked":"MasterReality","floor":33.0},{"not_picked":["Evaluate+1","Pray+1"],"picked":"Consecrate","floor":35.0},{"not_picked":["FlyingSleeves","InnerPeace+1"],"picked":"JustLucky+1","floor":37.0},{"not_picked":["CutThroughFate","InnerPeace+1","Evaluate+1"],"picked":"SKIP","floor":38.0},{"not_picked":["PathToVictory+1","CutThroughFate"],"picked":"Consecrate+1","floor":39.0},{"not_picked":["SignatureMove+1","JustLucky+1"],"picked":"FearNoEvil+1","floor":41.0},{"not_picked":["Crescendo+1","EmptyFist","Evaluate+1"],"picked":"SKIP","floor":45.0},{"not_picked":["Tantrum","DeceiveReality+1"],"picked":"BattleHymn+1","floor":47.0}],"player_experience":415561,"relics_obtained":[{"floor":3.0,"key":"Anchor"},{"floor":9.0,"key":"Whetstone"},{"floor":13.0,"key":"Art of War"},{"floor":26.0,"key":"Letter Opener"},{"floor":27.0,"key":"Matryoshka"},{"floor":41.0,"key":"Regal Pillow"},{"floor":43.0,"key":"Omamori"},{"floor":43.0,"key":"Lantern"}],"event_choices":[{"damage_healed":0.0,"max_hp_gain":0.0,"max_hp_loss":0.0,"gold_gain":0.0,"event_name":"Scrap Ooze","player_choice":"Success","floor":2.0,"gold_loss":0.0,"damage_taken":3.0,"relics_obtained":["Toxic Egg 2"]},{"damage_healed":0.0,"max_hp_gain":0.0,"max_hp_loss":0.0,"gold_gain":0.0,"event_name":"Shining Light","player_choice":"Entered Light","floor":14.0,"gold_loss":0.0,"damage_taken":14.0,"cards_upgraded":["Fasting2","Defend_P"]},{"damage_healed":0.0,"max_hp_gain":0.0,"max_hp_loss":0.0,"gold_gain":0.0,"event_name":"Drug Dealer","player_choice":"Inject Mutagens","floor":19.0,"gold_loss":0.0,"damage_taken":0.0,"relics_obtained":["MutagenicStrength"]},{"damage_healed":0.0,"max_hp_gain":0.0,"max_hp_loss":0.0,"gold_gain":0.0,"event_name":"Accursed Blacksmith","player_choice":"Forge","floor":20.0,"gold_loss":0.0,"damage_taken":0.0,"cards_upgraded":["FlurryOfBlows"]},{"damage_healed":0.0,"max_hp_gain":5.0,"max_hp_loss":0.0,"gold_gain":0.0,"event_name":"Forgotten Altar","player_choice":"Shed Blood","floor":22.0,"gold_loss":0.0,"damage_taken":18.0},{"damage_healed":0.0,"max_hp_gain":0.0,"max_hp_loss":0.0,"gold_gain":100.0,"event_name":"Golden Shrine","player_choice":"Pray","floor":36.0,"gold_loss":0.0,"damage_taken":0.0},{"damage_healed":0.0,"max_hp_gain":0.0,"max_hp_loss":0.0,"gold_gain":0.0,"event_name":"Lab","player_choice":"Got Potions","floor":46.0,"gold_loss":0.0,"damage_taken":0.0},{"damage_healed":0.0,"max_hp_gain":0.0,"max_hp_loss":0.0,"gold_gain":0.0,"event_name":"Mysterious Sphere","player_choice":"Ignored","floor":48.0,"gold_loss":0.0,"damage_taken":0.0}],"is_beta":false,"boss_relics":[{"not_picked":["SacredBark","Coffee Dripper"],"picked":"Astrolabe"},{"not_picked":["Sozu","VioletLotus"],"picked":"Runic Pyramid"}],"items_purged_floors":[4],"is_endless":false,"potions_floor_spawned":[7,12,13,21,29,30,37,38,45,47],"ascension_level":5}}