{"host":"4qkvkh7pd9qr2mca","time":1613748151,"event":{"mods":["AchievementEnabler","Act Like it!","BaseMod","Colored Map","Colored Powertips","Highlight Path","Minty Spire (QoL Compilation)","Pale of the Ancients","Permanent Neow","Quick Restart","Relic Stats","StSLib","SuperFastMode"],"gold_per_floor":[20,36,36,111,123,123,158,158,158,185,185,205,205,231,231,306,306,285,10,10,20,35,62,81,108,135,135,170,170,203,216,216,294,294,307,325,343,343,357,357,383,383,383,410,15,15,15,315,315,315,315],"floor_reached":52,"language":"ENG","playtime":3517,"items_purged":["Strike_B","Strike_B"],"score":2212,"play_id":"4a88059a-5578-4dc9-afe6-a4ba9e680592","local_time":"20210219162231","is_ascension_mode":true,"campfire_choices":[{"data":"Apotheosis","floor":6.0,"key":"SMITH"},{"floor":8.0,"key":"REST"},{"floor":13.0,"key":"REST"},{"data":"Buffer","floor":15.0,"key":"SMITH"},{"data":"Defragment","floor":27.0,"key":"SMITH"},{"data":"Seek","floor":32.0,"key":"SMITH"},{"data":"Echo Form","floor":40.0,"key":"SMITH"},{"data":"Defragment","floor":42.0,"key":"SMITH"},{"data":"Defragment","floor":49.0,"key":"SMITH"}],"circlet_count":0,"master_deck":["AscendersBane","Defend_B","Defend_B","Defend_B","Defend_B","Zap","Dualcast","Apotheosis+1","Turbo","Buffer+1","Glacier","Genetic Algorithm","Recycle","Self Repair","Hologram","Core Surge","Gash","Go for the Eyes","Buffer+1","Scrape+1","White Noise","Barrage","Hologram","Defragment+1","Defragment+1","Gash","Machine Learning","Seek+1","Echo Form+1","Beam Cell","Stack","Hologram","Chill","Defragment+1","Echo Form+1","Panache"],"relics":["Cracked Core","Calipers","Mercury Hourglass","Omamori","White Beast Statue","InkBottle","Coffee Dripper","ClockworkSouvenir","Oddly Smooth Stone","Mango","Ancient Tea Set","Regal Pillow","Ornamental Fan","Inserter","Art of War","TungstenRod","Orichalcum","DollysMirror"],"acts_visited":["Exordium","TheCity","TheBeyond"],"potions_floor_usage":[51],"damage_taken":[{"damage":4.0,"enemies":"Jaw Worm","floor":1.0,"turns":3.0},{"damage":5.0,"enemies":"Small Slimes","floor":2.0,"turns":3.0},{"damage":0.0,"enemies":"Cultist","floor":5.0,"turns":3.0},{"damage":14.0,"enemies":"3 Sentries","floor":7.0,"turns":8.0},{"damage":16.0,"enemies":"Gremlin Nob","floor":10.0,"turns":5.0},{"damage":0.0,"enemies":"Large Slime","floor":12.0,"turns":3.0},{"damage":6.0,"enemies":"Lagavulin","floor":14.0,"turns":10.0},{"damage":58.0,"enemies":"Slime Boss","floor":16.0,"turns":16.0},{"damage":1.0,"enemies":"2 Thieves","floor":18.0,"turns":4.0},{"damage":0.0,"enemies":"Shell Parasite","floor":21.0,"turns":7.0},{"damage":0.0,"enemies":"Centurion and Healer","floor":22.0,"turns":7.0},{"damage":31.0,"enemies":"Book of Stabbing","floor":23.0,"turns":8.0},{"damage":0.0,"enemies":"Cultist and Chosen","floor":24.0,"turns":5.0},{"damage":40.0,"enemies":"Slavers","floor":25.0,"turns":8.0},{"damage":0.0,"enemies":"Gremlin Leader","floor":28.0,"turns":9.0},{"damage":27.0,"enemies":"Slavers","floor":30.0,"turns":7.0},{"damage":14.0,"enemies":"3 Cultists","floor":31.0,"turns":5.0},{"damage":0.0,"enemies":"Automaton","floor":33.0,"turns":9.0},{"damage":0.0,"enemies":"3 Shapes","floor":35.0,"turns":5.0},{"damage":8.0,"enemies":"Orb Walker","floor":36.0,"turns":6.0},{"damage":4.0,"enemies":"Sphere and 2 Shapes","floor":37.0,"turns":6.0},{"damage":0.0,"enemies":"Jaw Worm Horde","floor":39.0,"turns":6.0},{"damage":0.0,"enemies":"Giant Head","floor":41.0,"turns":9.0},{"damage":27.0,"enemies":"Reptomancer","floor":44.0,"turns":10.0},{"damage":12.0,"enemies":"Donu and Deca","floor":50.0,"turns":8.0},{"damage":13,"enemies":"Awakened One","floor":51,"turns":10}],"seed_played":"5512852556270237792","potions_obtained":[{"floor":2.0,"key":"LiquidBronze"},{"floor":12.0,"key":"Strength Potion"},{"floor":14.0,"key":"Strength Potion"},{"floor":16.0,"key":"Fruit Juice"},{"floor":22.0,"key":"Swift Potion"},{"floor":23.0,"key":"Fruit Juice"},{"floor":25.0,"key":"AttackPotion"},{"floor":28.0,"key":"Block Potion"},{"floor":30.0,"key":"FocusPotion"},{"floor":31.0,"key":"Explosive Potion"},{"floor":33.0,"key":"SpeedPotion"},{"floor":35.0,"key":"Fruit Juice"},{"floor":36.0,"key":"SkillPotion"},{"floor":41.0,"key":"SkillPotion"},{"floor":44.0,"key":"FearPotion"}],"is_trial":false,"path_per_floor":["M","M","$","?","M","R","E","R","T","E","T","M","R","E","R","B",null,"M","$","?","M","M","E","M","E","T","R","E","?","E","M","R","B",null,"M","M","M","?","M","R","E","R","T","E","$","?","$","?","R","B","B",null],"character_chosen":"DEFECT","items_purchased":["ClockworkSouvenir","Go for the Eyes","Defragment","DollysMirror","DuplicationPotion"],"campfire_rested":2,"item_purchase_floors":[19,19,45,45,45],"current_hp_per_floor":[60,55,55,44,44,44,30,51,51,35,35,35,56,60,60,12,56,62,62,62,69,69,50,57,43,43,43,50,50,33,19,19,29,79,86,100,100,100,100,100,100,100,100,93,93,93,93,93,93,100,100],"gold":315,"neow_bonus":"RANDOM_COLORLESS_2","is_daily":false,"chose_seed":false,"campfire_upgraded":7,"win_rate":0.0,"timestamp":1613748151,"path_taken":["M","M","$","?","M","R","E","R","T","E","?","M","R","E","R","BOSS","M","$","?","M","M","E","?","E","T","R","E","?","E","M","R","BOSS","M","M","M","?","M","R","E","R","T","E","$","?","?","?","R","BOSS","BOSS"],"items_purchased_type":["Relic","Card","Card","Relic","Potion"],"build_version":"2020-12-22","purchased_purges":2,"victory":true,"max_hp_per_floor":[71,71,71,71,71,71,71,71,71,71,71,71,71,71,71,71,71,71,71,71,71,71,76,76,95,95,95,95,95,95,95,95,95,95,95,100,100,100,100,100,100,100,100,100,100,100,100,100,100,100,100],"relic_stats":{"Regal Pillow":0,"Inserter":[30],"counters":[26,179],"Ornamental Fan":[112],"Art of War":[3],"Orichalcum":[12],"obtain_stats":[{"Regal Pillow":28,"Calipers":7,"Inserter":34,"Oddly Smooth Stone":23,"Mango":25,"Omamori":10,"Orichalcum":44,"Ancient Tea Set":26,"White Beast Statue":11,"Mercury Hourglass":9,"ClockworkSouvenir":19,"Ornamental Fan":30,"DollysMirror":45,"Coffee Dripper":17,"Art of War":41,"Cracked Core":0,"InkBottle":14,"TungstenRod":43},{"Regal Pillow":15,"Calipers":4,"Inserter":18,"Oddly Smooth Stone":12,"Mango":14,"Omamori":5,"Orichalcum":24,"Ancient Tea Set":14,"White Beast Statue":5,"Mercury Hourglass":4,"ClockworkSouvenir":9,"Ornamental Fan":16,"DollysMirror":24,"Coffee Dripper":8,"Art of War":23,"Cracked Core":0,"InkBottle":7,"TungstenRod":23},{"Regal Pillow":99,"Calipers":17,"Inserter":120,"Oddly Smooth Stone":77,"Mango":90,"Omamori":22,"Orichalcum":162,"Ancient Tea Set":90,"White Beast Statue":22,"Mercury Hourglass":17,"ClockworkSouvenir":55,"Ornamental Fan":106,"DollysMirror":162,"Coffee Dripper":51,"Art of War":152,"Cracked Core":0,"InkBottle":35,"TungstenRod":152}],"InkBottle":[73],"TungstenRod":5,"Mercury Hourglass":[724]},"card_choices":[{"not_picked":["Chrysalis","Transmutation"],"picked":"Apotheosis","floor":0.0},{"not_picked":["Cold Snap","Sweeping Beam"],"picked":"Turbo","floor":1.0},{"not_picked":["Reinforced Body","Go for the Eyes"],"picked":"Buffer","floor":2.0},{"not_picked":["Loop","Coolheaded"],"picked":"Glacier","floor":5.0},{"not_picked":["Chill","Beam Cell"],"picked":"Genetic Algorithm","floor":7.0},{"not_picked":["Redo","Conserve Battery"],"picked":"Recycle","floor":10.0},{"not_picked":["Coolheaded","Capacitor"],"picked":"Self Repair","floor":12.0},{"not_picked":["Capacitor","White Noise"],"picked":"Hologram","floor":14.0},{"not_picked":["Amplify","All For One"],"picked":"Core Surge","floor":16.0},{"not_picked":["Stack","Turbo"],"picked":"Gash","floor":18.0},{"not_picked":["Rebound","Steam Power"],"picked":"Scrape+1","floor":21.0},{"not_picked":["Stack","Conserve Battery"],"picked":"White Noise","floor":22.0},{"not_picked":["Cold Snap+1","Beam Cell"],"picked":"Barrage","floor":23.0},{"not_picked":["Barrage+1","Sweeping Beam"],"picked":"Hologram","floor":24.0},{"not_picked":["Static Discharge","Fusion"],"picked":"Defragment","floor":25.0},{"not_picked":["Sweeping Beam","Recycle"],"picked":"Defragment","floor":28.0},{"not_picked":["Rip and Tear","Leap","Streamline"],"picked":"SKIP","floor":30.0},{"not_picked":["Rip and Tear","Auto Shields"],"picked":"Seek","floor":31.0},{"not_picked":["Machine Learning","Creative AI"],"picked":"Echo Form","floor":33.0},{"not_picked":["Conserve Battery","Rebound","Steam Power"],"picked":"SKIP","floor":35.0},{"not_picked":["Sweeping Beam","Go for the Eyes"],"picked":"Beam Cell","floor":36.0},{"not_picked":["Streamline","Recycle"],"picked":"Stack","floor":37.0},{"not_picked":["Cold Snap","Redo"],"picked":"Hologram","floor":39.0},{"not_picked":["Go for the Eyes","Coolheaded"],"picked":"Chill","floor":41.0},{"not_picked":["Chill+1","Conserve Battery","Compile Driver"],"picked":"SKIP","floor":44.0},{"not_picked":["Finesse","Dark Shackles"],"picked":"Panache","floor":46.0}],"player_experience":643198,"relics_obtained":[{"floor":7.0,"key":"Calipers"},{"floor":9.0,"key":"Mercury Hourglass"},{"floor":10.0,"key":"Omamori"},{"floor":11.0,"key":"White Beast Statue"},{"floor":14.0,"key":"InkBottle"},{"floor":23.0,"key":"Oddly Smooth Stone"},{"floor":25.0,"key":"Mango"},{"floor":26.0,"key":"Ancient Tea Set"},{"floor":28.0,"key":"Regal Pillow"},{"floor":30.0,"key":"Ornamental Fan"},{"floor":41.0,"key":"Art of War"},{"floor":43.0,"key":"TungstenRod"},{"floor":44.0,"key":"Orichalcum"}],"event_choices":[{"damage_healed":0.0,"max_hp_gain":0.0,"max_hp_loss":0.0,"gold_gain":75.0,"event_name":"World of Goop","player_choice":"Gather Gold","floor":4.0,"gold_loss":0.0,"damage_taken":11.0},{"damage_healed":0.0,"max_hp_gain":0.0,"max_hp_loss":0.0,"gold_gain":0.0,"event_name":"Duplicator","player_choice":"Copied","floor":20.0,"gold_loss":0.0,"damage_taken":0.0,"cards_obtained":["Buffer"]},{"damage_healed":0.0,"max_hp_gain":0.0,"max_hp_loss":0.0,"gold_gain":0.0,"cards_transformed":["Strike_B","Strike_B"],"event_name":"Drug Dealer","player_choice":"Became Test Subject","floor":29.0,"gold_loss":0.0,"damage_taken":0.0,"cards_obtained":["Gash","Machine Learning"]},{"damage_healed":0.0,"max_hp_gain":0.0,"max_hp_loss":0.0,"gold_gain":0.0,"event_name":"Tomb of Lord Red Mask","player_choice":"Ignored","floor":38.0,"gold_loss":0.0,"damage_taken":0.0},{"damage_healed":0.0,"max_hp_gain":0.0,"max_hp_loss":0.0,"gold_gain":0.0,"event_name":"SensoryStone","player_choice":"Memory 1","floor":46.0,"gold_loss":0.0,"damage_taken":0.0},{"damage_healed":0.0,"max_hp_gain":0.0,"max_hp_loss":0.0,"gold_gain":300.0,"event_name":"Wheel of Change","player_choice":"Gold","floor":48.0,"gold_loss":0.0,"damage_taken":0.0}],"is_beta":false,"boss_relics":[{"not_picked":["Runic Dome","Busted Crown"],"picked":"Coffee Dripper"},{"not_picked":["Runic Pyramid","Black Star"],"picked":"Inserter"}],"items_purged_floors":[19,45],"is_endless":false,"potions_floor_spawned":[2,12,14,16,18,21,22,23,24,25,28,30,31,33,35,36,37,39,41,44],"ascension_level":20}}