{"host":"cfv8orgc8997ql4r","time":1613750817,"event":{"mods":["AchievementEnabler","BaseMod","DeckTracker","Keyboard Shortcuts","Minty Spire (QoL Compilation)"],"gold_per_floor":[112,130,130,27,44,44,79,90,90,40,40,57,57,157,157,257,257,269,45,144,197,221,233,265,277,313,325,371,406,418,418],"floor_reached":30,"language":"KOR","playtime":777,"items_purged":["Strike_G"],"score":335,"play_id":"8e920547-cade-4ec1-8869-d6ae37634c5b","local_time":"20210220010657","is_ascension_mode":true,"campfire_choices":[{"data":"Envenom","floor":6.0,"key":"SMITH"},{"data":"Strike_G","floor":15.0,"key":"PURGE"},{"data":"Strike_G","floor":23.0,"key":"PURGE"},{"data":"Strike_G","floor":25.0,"key":"PURGE"},{"data":"Defend_G","floor":27.0,"key":"PURGE"}],"circlet_count":0,"master_deck":["Strike_G","Defend_G","Defend_G","Defend_G","Survivor","Neutralize","Backflip","Blade Dance","Envenom+1","Acrobatics","Blade Dance","Grand Finale","Grand Finale","Corpse Explosion","Acrobatics","Expertise"],"relics":["Ring of the Snake","NeowsBlessing","Akabeko","Ornamental Fan","Peace Pipe","Runic Pyramid","PreservedInsect","MawBank","CeramicFish","Smiling Mask"],"acts_visited":["Exordium","TheCity"],"potions_floor_usage":[],"damage_taken":[{"damage":0.0,"enemies":"Small Slimes","floor":1.0,"turns":1.0},{"damage":0.0,"enemies":"Cultist","floor":2.0,"turns":1.0},{"damage":0.0,"enemies":"Jaw Worm","floor":5.0,"turns":1.0},{"damage":35.0,"enemies":"Gremlin Nob","floor":7.0,"turns":4.0},{"damage":2.0,"enemies":"Red Slaver","floor":8.0,"turns":4.0},{"damage":0.0,"enemies":"Exordium Thugs","floor":12.0,"turns":4.0},{"damage":26.0,"enemies":"The Guardian","floor":16.0,"turns":12.0},{"damage":3.0,"enemies":"Chosen","floor":18.0,"turns":2.0},{"damage":6.0,"enemies":"Shell Parasite","floor":22.0,"turns":4.0},{"damage":9.0,"enemies":"Snecko","floor":24.0,"turns":5.0},{"damage":21.0,"enemies":"Slavers","floor":28.0,"turns":2.0},{"damage":0.0,"enemies":"Centurion and Healer","floor":29.0,"turns":1.0},{"damage":8,"enemies":"Chosen and Byrds","floor":30,"turns":4}],"seed_played":"-298402309722266520","potions_obtained":[{"floor":5.0,"key":"ColorlessPotion"},{"floor":7.0,"key":"CultistPotion"},{"floor":8.0,"key":"PowerPotion"},{"floor":12.0,"key":"LiquidBronze"},{"floor":18.0,"key":"FearPotion"},{"floor":24.0,"key":"GamblersBrew"},{"floor":28.0,"key":"Block Potion"}],"is_trial":false,"path_per_floor":["M","M","?","$","M","R","E","M","T","?","?","M","$","?","R","B",null,"M","$","?","T","M","R","M","R","T","R","E","M","M"],"character_chosen":"THE_SILENT","items_purchased":["FairyPotion","PreservedInsect"],"campfire_rested":0,"item_purchase_floors":[4,19],"current_hp_per_floor":[63,63,63,63,63,63,28,26,26,26,26,26,26,26,26,21,58,55,55,55,55,49,49,40,40,40,40,19,19,11,11],"gold":418,"neow_bonus":"THREE_ENEMY_KILL","is_daily":false,"chose_seed":false,"campfire_upgraded":1,"win_rate":0.0,"timestamp":1613750817,"path_taken":["M","M","?","$","?","R","E","M","T","?","?","M","$","?","R","BOSS","M","$","?","?","?","R","M","R","T","R","E","M","M"],"items_purchased_type":["Potion","Relic"],"build_version":"2020-12-22","purchased_purges":1,"victory":false,"max_hp_per_floor":[70,70,70,70,70,70,70,70,70,70,70,70,70,70,70,70,70,70,70,70,70,70,70,70,70,70,70,70,70,70,70],"card_choices":[{"not_picked":["Predator","Flying Knee"],"picked":"Backflip","floor":1.0},{"not_picked":["Slice","Acrobatics"],"picked":"Blade Dance","floor":2.0},{"not_picked":["Dagger Spray","Poisoned Stab"],"picked":"Blade Dance","floor":5.0},{"not_picked":["Quick Slash","Deflect","Eviscerate"],"picked":"SKIP","floor":7.0},{"not_picked":["Concentrate","Slice","Distraction"],"picked":"SKIP","floor":8.0},{"not_picked":["Bane","Acrobatics"],"picked":"Grand Finale","floor":12.0},{"not_picked":["Die Die Die","Night Terror"],"picked":"Grand Finale","floor":16.0},{"not_picked":["Underhanded Strike+1","Slice","Dodge and Roll"],"picked":"SKIP","floor":18.0},{"not_picked":["Deadly Poison","All Out Attack"],"picked":"Corpse Explosion","floor":22.0},{"not_picked":["Outmaneuver","Sucker Punch","PiercingWail"],"picked":"SKIP","floor":24.0},{"not_picked":["Well Laid Plans","Backflip"],"picked":"Acrobatics","floor":28.0},{"not_picked":["Flying Knee","Bouncing Flask+1"],"picked":"Expertise","floor":29.0}],"player_experience":201166,"relics_obtained":[{"floor":7.0,"key":"Akabeko"},{"floor":9.0,"key":"Ornamental Fan"},{"floor":21.0,"key":"MawBank"},{"floor":26.0,"key":"CeramicFish"},{"floor":28.0,"key":"Smiling Mask"}],"event_choices":[{"damage_healed":0.0,"max_hp_gain":0.0,"max_hp_loss":0.0,"gold_gain":0.0,"event_name":"Match and Keep!","player_choice":"2 cards matched","floor":3.0,"gold_loss":0.0,"damage_taken":0.0,"cards_obtained":["Envenom","Acrobatics"]},{"cards_removed":["Defend_G"],"damage_healed":0.0,"max_hp_gain":0.0,"max_hp_loss":0.0,"gold_gain":0.0,"event_name":"The Cleric","player_choice":"Card Removal","floor":10.0,"gold_loss":50.0,"damage_taken":0.0},{"damage_healed":0.0,"max_hp_gain":0.0,"max_hp_loss":0.0,"gold_gain":0.0,"event_name":"Dead Adventurer","player_choice":"Searched \u00272\u0027 times","floor":11.0,"gold_loss":0.0,"damage_taken":0.0,"relics_obtained":["Peace Pipe"]},{"damage_healed":0.0,"max_hp_gain":0.0,"max_hp_loss":0.0,"gold_gain":100.0,"event_name":"Golden Shrine","player_choice":"Pray","floor":14.0,"gold_loss":0.0,"damage_taken":0.0},{"damage_healed":0.0,"max_hp_gain":0.0,"max_hp_loss":0.0,"gold_gain":99.0,"event_name":"Nest","player_choice":"Stole From Cult","floor":20.0,"gold_loss":0.0,"damage_taken":0.0}],"is_beta":false,"boss_relics":[{"not_picked":["Fusion Hammer","WristBlade"],"picked":"Runic Pyramid"}],"items_purged_floors":[19],"is_endless":false,"potions_floor_spawned":[5,7,8,12,18,24,28],"killed_by":"Chosen and Byrds","ascension_level":7}}