{"host":"FrkA","time":1613721841,"event":{"mods":["Aspiration","BaseMod","Energized Spire","Minty Spire (QoL Compilation)","Relic Stats","RumiaBox-露米娅的神秘盒子","Shop Mod","StSLib","SuperFastMode","Uncapped","noobMod"],"gold_per_floor":[111,121,134,59,75,107,107,150,224,257,270,284,284,284,284,405,405,425,82,82,82,82,115,115,130,130,165,165,206,206,229,229,359,359,382,715,590,570,588,613,214,214,287,317,317,329,356,332,332,332,332,332,20,47,47],"floor_reached":56,"language":"ZHS","playtime":923,"items_purged":["Strike_B","Defend_B","Defend_B","Strike_B","Defend_B"],"score":2149,"play_id":"a1584059-863d-4e35-8fe1-b5ce16102949","local_time":"20210219160401","is_ascension_mode":true,"campfire_choices":[{"data":"Double Energy","floor":15,"key":"SMITH"},{"data":"Turbo","floor":24,"key":"SMITH"},{"floor":32,"key":"RECALL"},{"data":"Fission","floor":42,"key":"SMITH"},{"data":"Double Energy","floor":45,"key":"SMITH"},{"data":"Turbo","floor":49,"key":"SMITH"},{"data":"Turbo","floor":52,"key":"SMITH"}],"circlet_count":0,"master_deck":["Strike_B","Defend_B","Zap","Dualcast","Turbo+1","Double Energy+1","Turbo+1","Turbo+1","Double Energy+1","Fission+1","Fission"],"relics":["Cracked Core","ice","NeowsBlessing","Baka","Bag of Preparation","GodSword6","Odd Mushroom","Nuclear Battery","GodSword4","aspiration:ChemicalBlood","GodSword1","Matryoshka","aspiration:RitualStick","Omamori","Bag of Marbles","Inserter","Molten Egg 2","Cables","The Courier","Lizard Tail","GodSword5","Ccalipers","Toy Ornithopter"],"acts_visited":["Exordium","TheCity","TheBeyond","TheEnding"],"potions_floor_usage":[16,33,33,50,55,55,55,55,55,55,55],"damage_taken":[{"damage":0,"enemies":"Cultist","floor":1,"turns":1},{"damage":0,"enemies":"Jaw Worm","floor":2,"turns":1},{"damage":0,"enemies":"Small Slimes","floor":3,"turns":1},{"damage":0,"enemies":"Looter","floor":5,"turns":1},{"damage":0,"enemies":"3 Sentries","floor":6,"turns":2},{"damage":0,"enemies":"Gremlin Nob","floor":8,"turns":2},{"damage":0,"enemies":"The Mushroom Lair","floor":10,"turns":1},{"damage":0,"enemies":"Blue Slaver","floor":11,"turns":1},{"damage":0,"enemies":"2 Fungi Beasts","floor":12,"turns":1},{"damage":0,"enemies":"Large Slime","floor":14,"turns":1},{"damage":0,"enemies":"Hexaghost","floor":16,"turns":2},{"damage":0,"enemies":"Chosen","floor":18,"turns":1},{"damage":0,"enemies":"Gremlin Leader","floor":23,"turns":2},{"damage":0,"enemies":"2 Thieves","floor":25,"turns":1},{"damage":0,"enemies":"Slavers","floor":27,"turns":1},{"damage":0,"enemies":"Book of Stabbing","floor":29,"turns":1},{"damage":0,"enemies":"Centurion and Healer","floor":31,"turns":1},{"damage":0,"enemies":"Champ","floor":33,"turns":1},{"damage":0,"enemies":"3 Darklings","floor":35,"turns":1},{"damage":12,"enemies":"3 Shapes","floor":39,"turns":1},{"damage":0,"enemies":"Reptomancer","floor":40,"turns":1},{"damage":13,"enemies":"Giant Head","floor":44,"turns":2},{"damage":0,"enemies":"Writhing Mass","floor":46,"turns":1},{"damage":0,"enemies":"Reptomancer","floor":47,"turns":1},{"damage":4,"enemies":"4 Shapes","floor":48,"turns":1},{"damage":0,"enemies":"Awakened One","floor":50,"turns":2},{"damage":0,"enemies":"Shield and Spear","floor":54,"turns":1},{"damage":89,"enemies":"The Heart","floor":55,"turns":6}],"seed_played":"630780899770140942","potions_obtained":[{"floor":5,"key":"EssenceOfSteel"},{"floor":10,"key":"FearPotion"},{"floor":12,"key":"SkillPotion"},{"floor":16,"key":"DuplicationPotion"},{"floor":18,"key":"Energy Potion"},{"floor":35,"key":"Swift Potion"},{"floor":38,"key":"PowerPotion"},{"floor":40,"key":"DuplicationPotion"},{"floor":44,"key":"SteroidPotion"},{"floor":55,"key":"AttackPotion"},{"floor":55,"key":"Regen Potion"},{"floor":55,"key":"FocusPotion"}],"is_trial":false,"path_per_floor":["M","M","M","$","M","E","?","E","T","?","M","M","?","M","R","B",null,"M","$","?","?","$","E","R","M","T","E","?","E","?","M","R","B",null,"M","?","$","?","M","E","$","R","T","E","R","M","E","M","R","B",null,"R","$","E","B",null],"character_chosen":"DEFECT","items_purchased":["GodSword4","Cables","Ccalipers","Fission"],"campfire_rested":0,"item_purchase_floors":[19,41,53,53],"current_hp_per_floor":[34,34,34,34,34,34,25,25,25,25,25,25,18,18,18,18,32,32,32,28,28,28,28,28,28,28,28,20,20,20,20,20,20,37,37,37,37,37,25,25,25,25,25,12,12,12,12,8,8,8,40,40,40,40,56],"gold":47,"neow_bonus":"THREE_ENEMY_KILL","is_daily":false,"chose_seed":false,"campfire_upgraded":6,"win_rate":0.0,"timestamp":1613721841,"path_taken":["M","M","M","$","?","E","?","E","T","?","M","M","?","M","R","BOSS","M","$","?","?","$","E","R","M","T","E","?","E","?","?","R","BOSS","M","?","$","?","?","E","?","R","T","E","R","M","E","M","R","BOSS","R","$","E","BOSS"],"items_purchased_type":["Relic","Relic","Relic","Card"],"build_version":"2020-12-18","purchased_purges":5,"victory":true,"max_hp_per_floor":[37,37,37,37,37,37,37,37,37,37,37,37,37,37,37,37,37,37,37,42,42,42,42,42,42,42,42,42,42,42,42,42,42,42,42,42,42,42,42,42,42,42,42,42,42,42,42,42,42,42,42,42,42,42,60],"relic_stats":{"Lizard Tail":0,"Inserter":[8],"counters":[28,39],"Bag of Preparation":[46],"obtain_stats":[{"Inserter":34,"NeowsBlessing":0,"Golden Idol":7,"The Courier":43,"ice":0,"Baka":1,"Bag of Preparation":6,"Omamori":29,"Odd Mushroom":10,"aspiration:RitualStick":28,"Nuclear Battery":17,"Cables":41,"Lizard Tail":44,"Matryoshka":27,"Ccalipers":53,"Molten Egg 2":40,"GodSword6":8,"Bag of Marbles":30,"GodSword5":47,"GodSword4":19,"Cracked Core":0,"Toy Ornithopter":54,"aspiration:ChemicalBlood":23,"GodSword1":26},{"Inserter":18,"NeowsBlessing":0,"Golden Idol":5,"The Courier":21,"ice":0,"Baka":1,"Bag of Preparation":5,"Omamori":16,"Odd Mushroom":7,"aspiration:RitualStick":15,"Nuclear Battery":11,"Cables":21,"Lizard Tail":22,"Matryoshka":15,"Ccalipers":26,"Molten Egg 2":21,"GodSword6":6,"Bag of Marbles":16,"GodSword5":24,"GodSword4":12,"Cracked Core":0,"Toy Ornithopter":27,"aspiration:ChemicalBlood":13,"GodSword1":14},{"Inserter":22,"NeowsBlessing":0,"Golden Idol":6,"The Courier":25,"ice":0,"Baka":1,"Bag of Preparation":6,"Omamori":20,"Odd Mushroom":9,"aspiration:RitualStick":19,"Nuclear Battery":14,"Cables":25,"Lizard Tail":27,"Matryoshka":19,"Ccalipers":32,"Molten Egg 2":25,"GodSword6":8,"Bag of Marbles":20,"GodSword5":29,"GodSword4":15,"Cracked Core":0,"Toy Ornithopter":33,"aspiration:ChemicalBlood":17,"GodSword1":18}],"aspiration:RitualStick":[0],"Toy Ornithopter":17,"Cables":[1,1,0,0,0]},"card_choices":[{"not_picked":["Stack","Redo","Coolheaded"],"picked":"SKIP","floor":1},{"not_picked":["Sweeping Beam","Coolheaded","Aggregate"],"picked":"SKIP","floor":2},{"not_picked":["Stack","Doom and Gloom"],"picked":"Turbo","floor":3},{"not_picked":["Barrage","Darkness"],"picked":"Double Energy","floor":5},{"not_picked":["Hello World","Barrage","Sweeping Beam"],"picked":"SKIP","floor":6},{"not_picked":["Static Discharge","Capacitor","Melter"],"picked":"SKIP","floor":8},{"not_picked":["Tempest","Go for the Eyes","White Noise"],"picked":"SKIP","floor":11},{"not_picked":["Beam Cell","Ball Lightning"],"picked":"Turbo","floor":12},{"not_picked":["Recycle","Compile Driver","Redo"],"picked":"SKIP","floor":14},{"not_picked":["Rebound","Gash"],"picked":"Turbo","floor":18},{"not_picked":["Capacitor","Turbo","Rebound"],"picked":"SKIP","floor":23},{"not_picked":["Fusion","Barrage","Stack"],"picked":"SKIP","floor":25},{"not_picked":["White Noise","Go for the Eyes","Hologram+1"],"picked":"SKIP","floor":27},{"not_picked":["Steam","Consume","Amplify"],"picked":"SKIP","floor":29},{"not_picked":["White Noise","Sweeping Beam","Hologram"],"picked":"SKIP","floor":31},{"not_picked":["Multi-Cast","All For One"],"picked":"Fission","floor":33},{"not_picked":["Skim+1","Hologram+1","Blizzard+1"],"picked":"SKIP","floor":35},{"not_picked":["Coolheaded+1","Go for the Eyes+1","Gash"],"picked":"SKIP","floor":39},{"not_picked":["FTL+1","Streamline+1","Consume+1"],"picked":"SKIP","floor":40},{"not_picked":["Chaos+1","Darkness+1","Sweeping Beam+1"],"picked":"SKIP","floor":44},{"not_picked":["Blizzard+1","Steam","Compile Driver+1"],"picked":"SKIP","floor":46},{"not_picked":["Glacier+1","Compile Driver+1","Rebound+1"],"picked":"SKIP","floor":47},{"not_picked":["Reprogram+1","Leap+1","Conserve Battery"],"picked":"SKIP","floor":48},{"not_picked":["Go for the Eyes+1","Ball Lightning+1","Steam+1"],"picked":"SKIP","floor":54}],"player_experience":63353,"relics_obtained":[{"floor":1,"key":"Baka"},{"floor":6,"key":"Bag of Preparation"},{"floor":8,"key":"GodSword6"},{"floor":10,"key":"Odd Mushroom"},{"floor":23,"key":"aspiration:ChemicalBlood"},{"floor":26,"key":"GodSword1"},{"floor":27,"key":"Matryoshka"},{"floor":29,"key":"Omamori"},{"floor":40,"key":"Molten Egg 2"},{"floor":43,"key":"The Courier"},{"floor":44,"key":"Lizard Tail"},{"floor":47,"key":"GodSword5"},{"floor":54,"key":"Toy Ornithopter"}],"event_choices":[{"damage_healed":0,"gold_gain":0,"player_choice":"Take Damage","damage_taken":9,"relics_obtained":["Golden Idol"],"max_hp_gain":0,"max_hp_loss":0,"event_name":"Golden Idol","floor":7,"gold_loss":0},{"damage_healed":0,"gold_gain":0,"player_choice":"Fought Mushrooms","damage_taken":0,"max_hp_gain":0,"max_hp_loss":0,"event_name":"Mushrooms","floor":10,"gold_loss":0},{"cards_removed":["Strike_B"],"damage_healed":0,"gold_gain":0,"player_choice":"Card Removal","damage_taken":7,"max_hp_gain":0,"max_hp_loss":0,"event_name":"Golden Wing","floor":13,"gold_loss":0},{"damage_healed":0,"gold_gain":0,"player_choice":"Shed Blood","damage_taken":9,"max_hp_gain":5,"max_hp_loss":0,"event_name":"Forgotten Altar","floor":20,"gold_loss":0},{"damage_healed":0,"gold_gain":0,"player_choice":"Read","damage_taken":0,"max_hp_gain":0,"max_hp_loss":0,"event_name":"The Library","floor":21,"gold_loss":0,"cards_obtained":["Double Energy"]},{"damage_healed":0,"gold_gain":0,"player_choice":"Stole Relic","damage_taken":0,"relics_obtained":["Bag of Marbles"],"max_hp_gain":0,"max_hp_loss":0,"event_name":"Addict","floor":30,"gold_loss":0,"cards_obtained":["Shame"]},{"damage_healed":0,"gold_gain":333,"player_choice":"Gave Idol","damage_taken":0,"max_hp_gain":0,"max_hp_loss":0,"event_name":"The Moai Head","floor":36,"relics_lost":["Golden Idol"],"gold_loss":0},{"damage_healed":0,"gold_gain":0,"player_choice":"Bought 1 Potion","damage_taken":0,"max_hp_gain":0,"max_hp_loss":0,"event_name":"The Woman in Blue","floor":38,"gold_loss":0}],"is_beta":true,"boss_relics":[{"not_picked":["aspiration:PoetsPen_weak","Runic Pyramid"],"picked":"Nuclear Battery"},{"not_picked":["aspiration:BursterCore","Velvet Choker"],"picked":"Inserter"}],"items_purged_floors":[4,19,37,41,53],"is_endless":false,"potions_floor_spawned":[5,10,12,14,16,18,25,35,44,46,48],"ascension_level":6}}