{"host":"61s3c1o1s4fng5dr","time":1613707332,"event":{"mods":["AchievementEnabler","Alarm Clock","AlwaysNeverKeys","BaseMod","Bestiary","Block Reminder","Colored Map","Googly Eyes","Highlight Path","Minty Spire (QoL Compilation)","Permanent Neow","Quick Restart","Random Character Button","Spire Birthday Party"],"gold_per_floor":[111,128,145,66,86,86,113,113,113,113,163,163,182,33,33,133,133,151,177,447,457,457,457,66,83,83,95,130,147,174,174,174,174,174],"floor_reached":33,"language":"ENG","playtime":2169,"items_purged":["Defend_B"],"score":265,"play_id":"b0207d30-c45f-4306-af2e-aa34c543f7bb","local_time":"20210218230212","is_ascension_mode":false,"campfire_choices":[{"data":"Apotheosis","floor":6.0,"key":"SMITH"},{"floor":8.0,"key":"REST"},{"data":"Seek","floor":15.0,"key":"SMITH"},{"floor":23.0,"key":"REST"},{"floor":32,"key":"REST"}],"circlet_count":0,"master_deck":["Strike_B","Strike_B","Strike_B","Defend_B","Defend_B","Zap","Dualcast","Apotheosis+1","Turbo","Meteor Strike","Seek+1","Meteor Strike","Capacitor","Seek","Master of Strategy","Self Repair+1"],"relics":["FrozenCore","MealTicket","Pen Nib","Nunchaku","StrikeDummy","Shuriken","Lantern"],"acts_visited":["TheCity"],"potions_floor_usage":[31,31,31],"damage_taken":[{"damage":0.0,"enemies":"2 Louse","floor":1.0,"turns":2.0},{"damage":7.0,"enemies":"Small Slimes","floor":2.0,"turns":3.0},{"damage":0.0,"enemies":"Cultist","floor":3.0,"turns":3.0},{"damage":6.0,"enemies":"Large Slime","floor":5.0,"turns":6.0},{"damage":10.0,"enemies":"Lagavulin","floor":7.0,"turns":7.0},{"damage":17.0,"enemies":"Gremlin Gang","floor":13.0,"turns":6.0},{"damage":18.0,"enemies":"The Guardian","floor":16.0,"turns":9.0},{"damage":0.0,"enemies":"Shell Parasite","floor":18.0,"turns":2.0},{"damage":33.0,"enemies":"3 Byrds","floor":21.0,"turns":6.0},{"damage":15.0,"enemies":"Shelled Parasite and Fungi","floor":25.0,"turns":4.0},{"damage":10.0,"enemies":"Centurion and Healer","floor":27.0,"turns":2.0},{"damage":24.0,"enemies":"Slavers","floor":28.0,"turns":4.0},{"damage":0.0,"enemies":"Snake Plant","floor":29.0,"turns":2.0},{"damage":2,"enemies":"Colosseum Slavers","floor":31,"turns":2},{"damage":43,"enemies":"Automaton","floor":33,"turns":6}],"seed_played":"-954521708358758100","potions_obtained":[{"floor":1.0,"key":"BlessingOfTheForge"},{"floor":16.0,"key":"DistilledChaos"},{"floor":18.0,"key":"SteroidPotion"},{"floor":25.0,"key":"Swift Potion"},{"floor":29.0,"key":"FearPotion"}],"is_trial":false,"path_per_floor":["M","M","M","$","M","R","E","R","T","?","?","?","M","$","R","B",null,"M","T","?","M","?","R","$","M","T","M","E","M","T","?","R","B"],"character_chosen":"DEFECT","items_purchased":["Meteor Strike","Seek","Seek","Master of Strategy"],"campfire_rested":3,"item_purchase_floors":[4,14,24,24],"current_hp_per_floor":[75,68,68,68,62,62,52,74,74,74,74,74,57,72,72,54,75,75,75,48,15,15,37,52,37,37,27,3,3,3,11,33,0,0],"gold":174,"neow_bonus":"RANDOM_COLORLESS_2","is_daily":false,"chose_seed":false,"campfire_upgraded":2,"win_rate":0.0,"timestamp":1613707332,"path_taken":["M","M","M","$","M","R","E","R","T","?","?","?","M","$","R","BOSS","M","?","?","?","?","R","$","M","T","M","E","?","?","?","R","BOSS"],"items_purchased_type":["Card","Card","Card","Card"],"build_version":"2020-12-22","purchased_purges":1,"victory":false,"max_hp_per_floor":[75,75,75,75,75,75,75,75,75,75,75,75,75,75,75,75,75,75,75,75,75,75,75,75,75,75,75,75,75,75,75,75,75,75],"card_choices":[{"not_picked":["Magnetism","Metamorphosis"],"picked":"Apotheosis","floor":0.0},{"not_picked":["Ball Lightning","Conserve Battery","Steam"],"picked":"SKIP","floor":1.0},{"not_picked":["Sweeping Beam","Blizzard"],"picked":"Turbo","floor":2.0},{"not_picked":["Compile Driver","Chaos","Rebound"],"picked":"SKIP","floor":3.0},{"not_picked":["Consume","Turbo","Rebound"],"picked":"SKIP","floor":5.0},{"not_picked":["Conserve Battery","Undo","Sunder"],"picked":"SKIP","floor":7.0},{"not_picked":["Compile Driver","Gash","Cold Snap"],"picked":"SKIP","floor":13.0},{"not_picked":["Hyperbeam","Reboot"],"picked":"Meteor Strike","floor":16.0},{"not_picked":["Barrage","Undo","Compile Driver+1"],"picked":"SKIP","floor":18.0},{"not_picked":["Static Discharge","Ball Lightning+1"],"picked":"Capacitor","floor":21.0},{"not_picked":["Streamline","Turbo","Rip and Tear"],"picked":"SKIP","floor":25.0},{"not_picked":["Capacitor","Beam Cell","Glacier"],"picked":"SKIP","floor":27.0},{"not_picked":["Ball Lightning","Go for the Eyes+1","Compile Driver"],"picked":"SKIP","floor":28.0},{"not_picked":["Fusion","Force Field"],"picked":"Self Repair+1","floor":29.0}],"player_experience":485849,"relics_obtained":[{"floor":7.0,"key":"MealTicket"},{"floor":9.0,"key":"Pen Nib"},{"floor":19.0,"key":"Nunchaku"},{"floor":26.0,"key":"StrikeDummy"},{"floor":28.0,"key":"Shuriken"},{"floor":30.0,"key":"Lantern"}],"event_choices":[{"cards_removed":["Normality"],"damage_healed":0.0,"max_hp_gain":0.0,"max_hp_loss":0.0,"gold_gain":0.0,"event_name":"Living Wall","player_choice":"Forget","floor":10.0,"gold_loss":0.0,"damage_taken":0.0},{"damage_healed":0.0,"max_hp_gain":0.0,"max_hp_loss":0.0,"gold_gain":50.0,"event_name":"Golden Wing","player_choice":"Gained Gold","floor":11.0,"gold_loss":0.0,"damage_taken":0.0},{"cards_removed":["Strike_B"],"damage_healed":0.0,"max_hp_gain":0.0,"max_hp_loss":0.0,"gold_gain":0.0,"event_name":"Bonfire Elementals","player_choice":"Offered Basic","floor":12.0,"gold_loss":0.0,"damage_taken":0.0},{"damage_healed":0.0,"max_hp_gain":0.0,"max_hp_loss":0.0,"gold_gain":270.0,"event_name":"Knowing Skull","player_choice":"GOLD GOLD GOLD ","floor":20.0,"potions_obtained":[],"gold_loss":0.0,"damage_taken":27.0,"cards_obtained":[]},{"cards_removed":["Defend_B"],"damage_healed":0.0,"max_hp_gain":0.0,"max_hp_loss":0.0,"gold_gain":0.0,"event_name":"Purifier","player_choice":"Purged","floor":22.0,"gold_loss":0.0,"damage_taken":0.0},{"damage_healed":0,"gold_gain":0,"player_choice":"Fight","damage_taken":0,"max_hp_gain":0,"max_hp_loss":0,"event_name":"Colosseum","floor":31,"gold_loss":0},{"damage_healed":0,"gold_gain":0,"player_choice":"Fled From Nobs","damage_taken":0,"max_hp_gain":0,"max_hp_loss":0,"event_name":"Colosseum","floor":31,"gold_loss":0}],"is_beta":false,"boss_relics":[{"not_picked":["Busted Crown","Ectoplasm"],"picked":"FrozenCore"}],"items_purged_floors":[24],"is_endless":false,"potions_floor_spawned":[1,16,18,25,29,31],"killed_by":"Automaton","ascension_level":0}}