{"host":"hb254truj5uxpodn","time":1613723145,"event":{"mods":["2.2 Compatiblity","AchievementEnabler","Aspiration","BaseMod","Bestiary","Better Altar","Better Match","Better Note","Better Sensory Stone","Better Skull","Better Third Choice","Better Vampires","BetterRewards","CapriCore","Colored Map","Colored Powertips","Conspire","Downfall","Energized Spire","Friendly Minions","GifTheSpireLib","Glutton Mod","Highlight Path","Hubris","Infinite Spire","Minty Spire (QoL Compilation)","Permanent Neow","Practice Mode","Quick Restart","Relic Stats","Replay The Spire","Shop Mod","Spicy Shops","StSLib","SuperFastMode","Uncapped"],"gold_per_floor":[118,118,136,152,168,168,93,93,116,133,147,181,181,191,182,182,112,127,127,142,17,17,17,17,29,29,29,29,29,70,89,89,186,186,196,196,206,56,56,56,68,68,68,68,81,81,91,91,91,194,194,245,245,300,310,310,310,310,310,363,376,391,391,402,416,416,416,416,416,276,352,352],"floor_reached":72,"language":"ENG","playtime":25199,"items_purged":["Glutton:Flail","Glutton:Strike","Glutton:Strike","Glutton:Tumor","Glutton:Strike","Glutton:Strike","Glutton:Defend"],"score":1266,"play_id":"0c5f6c3c-799e-42e1-a6f8-bcb0d2d346a7","local_time":"20210219002545","is_ascension_mode":false,"campfire_choices":[{"floor":6.0,"key":"RECALL"},{"data":"Glutton:Yearn","floor":8.0,"key":"SMITH"},{"data":"Glutton:Inversion","floor":15.0,"key":"SMITH"},{"data":"Pot Of Greed","floor":22,"key":"SMITH"},{"data":"infinitespire:Punishment","floor":28,"key":"SMITH"},{"data":"Pot Of Greed","floor":39,"key":"SMITH"},{"data":"Glutton:BellySlam","floor":41,"key":"SMITH"},{"data":"Glutton:FeverVisions","floor":45,"key":"SMITH"},{"data":"Glutton:Reminisce","floor":56,"key":"SMITH"},{"data":"Thinking Ahead","floor":58,"key":"SMITH"},{"data":"Glutton:Treasure","floor":62,"key":"SMITH"},{"data":"Pot Of Greed","floor":65,"key":"SMITH"},{"data":"Glutton:Misery","floor":68,"key":"SMITH"}],"circlet_count":0,"master_deck":["Glutton:Defend","Glutton:Defend","Glutton:Clot+1","Glutton:GuardStance","Glutton:BellySlam+1","Glutton:Yearn+1","Glutton:Scab","Glutton:Thrombosis","Glutton:Bite","Glutton:GuardStance","Pot Of Greed+1","Pot Of Greed+1","Glutton:FeverVisions+1","Glutton:Reminisce+1","Thinking Ahead+1","Glutton:Inversion+1","Glutton:Thrombosis","Glutton:Misery+1","Pot Of Greed+1","infinitespire:Punishment+1","Glutton:Revivification","Glutton:Vitality","Glutton:ToxicResidue","Glutton:Feed","Glutton:ToxicResidue","Glutton:Rest+1","Glutton:Yearn","Glutton:Treasure+1","Glutton:Thrombosis","Glutton:Dispepsia+1","Glutton:Rest+1","Pot Of Greed+1"],"relics":["Glutton:EternalHunger","Chameleon Ring","Gambling Chip","Blood Vial","infinitespire:Blanks Blanky","hexamod:BolsterEngine","Grinning Jar","hubris:Icosahedron","Dream Catcher","hexamod:Sixitude","SacredBark","Sundial","The Courier","Eternal Feather","Orichalcum","hubris:RunicObelisk","ReplayFunnel","hubris:SlimyHat","conspire:Dentures"],"acts_visited":["Exordium","Exordium","Exordium","TheCity","TheBeyond","TheEnding"],"potions_floor_usage":[71,71],"damage_taken":[{"damage":13.0,"enemies":"conspire:RoseBush","floor":1.0,"turns":3.0},{"damage":13.0,"enemies":"Cultist","floor":3.0,"turns":3.0},{"damage":19.0,"enemies":"Jaw Worm","floor":4.0,"turns":5.0},{"damage":24.0,"enemies":"Exordium Wildlife","floor":5.0,"turns":5.0},{"damage":10.0,"enemies":"3 Louse","floor":10.0,"turns":4.0},{"damage":17.0,"enemies":"2 Fungi Beasts","floor":11.0,"turns":4.0},{"damage":78.0,"enemies":"Replay:BlueRogue","floor":12.0,"turns":9.0},{"damage":46.0,"enemies":"Lots of Slimes","floor":13.0,"turns":5.0},{"damage":20.0,"enemies":"Jaw Worm","floor":13.0,"turns":3.0},{"damage":2,"enemies":"Cultist","floor":17,"turns":2},{"damage":11,"enemies":"Jaw Worm","floor":19,"turns":2},{"damage":1,"enemies":"conspire:RoseBush","floor":24,"turns":1},{"damage":19,"enemies":"conspire:2 RoseBushes","floor":30,"turns":4},{"damage":55,"enemies":"The Guardian","floor":32,"turns":7},{"damage":21,"enemies":"3 Byrds","floor":34,"turns":3},{"damage":50,"enemies":"Shell Parasite","floor":36,"turns":5},{"damage":27,"enemies":"Shelled Parasite and Fungi","floor":40,"turns":4},{"damage":38,"enemies":"Snake Plant","floor":44,"turns":4},{"damage":43,"enemies":"conspire:HollyBat","floor":46,"turns":6},{"damage":41,"enemies":"Champ","floor":49,"turns":7},{"damage":18,"enemies":"3 Shapes","floor":51,"turns":3},{"damage":65,"enemies":"3 Darklings","floor":53,"turns":5},{"damage":53,"enemies":"Transient","floor":54,"turns":5},{"damage":13,"enemies":"Maw","floor":60,"turns":5},{"damage":34,"enemies":"Spire Growth","floor":61,"turns":3},{"damage":3,"enemies":"Jaw Worm Horde","floor":63,"turns":2},{"damage":20,"enemies":"4 Shapes","floor":64,"turns":3},{"damage":170,"enemies":"Time Eater","floor":66,"turns":8},{"damage":100,"enemies":"Shield and Spear","floor":70,"turns":5},{"damage":133,"enemies":"The Heart","floor":71,"turns":6}],"seed_played":"-407437456574107269","potions_obtained":[{"floor":3.0,"key":"BlessingOfTheForge"},{"floor":4.0,"key":"Swift Potion"},{"floor":11.0,"key":"Block Potion"},{"floor":34,"key":"Regen Potion"}],"is_trial":false,"path_per_floor":["M","?","M","M","M","R","$","R","T","M","M","E","M","M","$","R","B","M","?","M","$","?","R","?","M","T","$","?","R","?","M","R_BF","B",null,"M","T","M","$","T","R","M","R","T","?","M","R","M","AVR","R_BF","B",null,"M","$","M","M","AVR","R","?","R","T","M","M","R","M","M","R","B",null,"R","$","E","B",null],"character_chosen":"GLUTTON","items_purchased":["BargainBundle","Blood Vial","Regal Pillow","hexamod:BolsterEngine","Grinning Jar","Glutton:FeverVisions","Glutton:Reminisce","Thinking Ahead","Glutton:Inversion","Strength Potion"],"campfire_rested":0,"item_purchase_floors":[14,14,14,14,14,14,14,14,14,14],"current_hp_per_floor":[119,119,107,97,82,82,82,82,82,73,70,25,0,100,100,100,141,140,140,138,138,138,138,138,139,139,139,105,105,105,119,143,131,144,134,134,119,119,119,119,113,113,113,113,94,112,112,112,130,137,150,150,150,134,128,128,146,146,154,154,155,142,159,156,157,161,68,162,162,162,119,159],"gold":352,"neow_bonus":"ONE_RARE_RELIC","is_daily":false,"chose_seed":false,"campfire_upgraded":12,"win_rate":0.0,"timestamp":1613723145,"path_taken":["M","?","M","M","M","R","?","R","T","M","M","E","M","$","R","BOSS","M","?","M","$","?","R","?","?","T","$","?","R","?","M","R_BF","BOSS","M","?","M","?","?","R","?","R","T","?","M","R","M","AVR","R_BF","BOSS","M","$","?","M","AVR","R","?","R","T","?","M","R","M","M","R","BOSS","R","$","E","BOSS"],"items_purchased_type":["Relic","Relic","Relic","Relic","Relic","Card","Card","Card","Card","Potion"],"build_version":"2020-12-22","purchased_purges":7,"victory":true,"max_hp_per_floor":[132,132,133,134,135,135,135,135,135,136,137,138,139,140,140,140,141,141,141,142,142,142,142,142,142,142,142,142,142,142,143,143,144,144,145,145,146,146,146,146,147,147,147,147,148,148,149,149,149,150,150,152,152,153,154,154,154,154,154,154,155,159,159,159,161,161,162,162,162,162,163,164],"relic_stats":{"Blood Vial":25,"Dream Catcher":1,"counters":[29,128],"Sundial":[12],"Gambling Chip":[19],"Eternal Feather":83,"Orichalcum":[108],"obtain_stats":[{"Glutton:EternalHunger":0,"ReplayFunnel":55,"conspire:Dentures":70,"Regal Pillow":0,"SacredBark":33,"hexamod:Sixitude":29,"Eternal Feather":42,"The Courier":38,"hubris:SlimyHat":59,"infinitespire:Blanks Blanky":21,"Orichalcum":47,"hubris:RunicObelisk":50,"Blood Vial":0,"Dream Catcher":25,"Chameleon Ring":12,"hubris:Icosahedron":18,"Sundial":35,"Gambling Chip":0,"hexamod:BolsterEngine":0,"Grinning Jar":0},{"Glutton:EternalHunger":0,"ReplayFunnel":22,"conspire:Dentures":28,"Regal Pillow":0,"SacredBark":13,"hexamod:Sixitude":11,"Eternal Feather":16,"The Courier":15,"hubris:SlimyHat":22,"infinitespire:Blanks Blanky":10,"Orichalcum":18,"hubris:RunicObelisk":19,"Blood Vial":0,"Dream Catcher":11,"Chameleon Ring":7,"hubris:Icosahedron":9,"Sundial":14,"Gambling Chip":0,"hexamod:BolsterEngine":0,"Grinning Jar":0},{"Glutton:EternalHunger":0,"ReplayFunnel":96,"conspire:Dentures":122,"Regal Pillow":0,"SacredBark":54,"hexamod:Sixitude":43,"Eternal Feather":66,"The Courier":62,"hubris:SlimyHat":96,"infinitespire:Blanks Blanky":42,"Orichalcum":76,"hubris:RunicObelisk":83,"Blood Vial":0,"Dream Catcher":43,"Chameleon Ring":33,"hubris:Icosahedron":40,"Sundial":57,"Gambling Chip":0,"hexamod:BolsterEngine":0,"Grinning Jar":0}]},"card_choices":[{"not_picked":["Glutton:Demolish","Glutton:Salivate"],"picked":"Glutton:Clot","floor":1.0},{"not_picked":["Glutton:PainMeditation","Glutton:Bite"],"picked":"Glutton:GuardStance","floor":3.0},{"not_picked":["Glutton:Thrombosis","Glutton:Chrysosphagy"],"picked":"Glutton:BellySlam","floor":4.0},{"not_picked":["Glutton:Regurgitate","Glutton:SelfFlagellate"],"picked":"Glutton:Yearn","floor":5.0},{"not_picked":["Glutton:GnawingHunger","Glutton:ObsessiveGreed"],"picked":"Glutton:Scab","floor":10.0},{"not_picked":["Glutton:ShareWeakness","Glutton:GuardStance"],"picked":"Glutton:Thrombosis","floor":11.0},{"not_picked":["Glutton:GuardStance","Glutton:Salivate"],"picked":"Glutton:Bite","floor":12.0},{"not_picked":["Glutton:DistilledAgony","Glutton:Rapacity"],"picked":"Glutton:GuardStance","floor":13.0},{"not_picked":["Glutton:FeverVisions","Glutton:Inversion"],"picked":"Glutton:Thrombosis","floor":17},{"not_picked":["Glutton:KneeJerk","Glutton:Yearn"],"picked":"Glutton:Misery","floor":19},{"not_picked":["Glutton:Treat","Glutton:GoldenArmor","Glutton:Slam"],"picked":"SKIP","floor":24},{"not_picked":["ReplayTheSpireMod:Echo Chamber","ReplayTheSpireMod:Black Plague"],"picked":"infinitespire:Punishment","floor":27},{"not_picked":["Glutton:Malignancy","Glutton:Borborygmi","Glutton:PainMeditation"],"picked":"SKIP","floor":30},{"not_picked":["Glutton:Yearn","Glutton:GuardStance"],"picked":"Glutton:Revivification","floor":31},{"not_picked":["Glutton:Fast","Glutton:EatAlive"],"picked":"Glutton:Vitality","floor":32},{"not_picked":["Glutton:LashOut+1","Glutton:Slam"],"picked":"Glutton:ToxicResidue","floor":34},{"not_picked":["Glutton:LashOut","Glutton:Devour"],"picked":"Glutton:Feed","floor":36},{"not_picked":["Glutton:KneeJerk","Glutton:Profligacy"],"picked":"Glutton:ToxicResidue","floor":40},{"not_picked":["Glutton:Chrysosphagy","Glutton:Feed"],"picked":"Glutton:Rest+1","floor":44},{"not_picked":["Glutton:GoldenArmor","Glutton:Devour"],"picked":"Glutton:Yearn","floor":46},{"not_picked":["Glutton:Reminisce","Glutton:StarvationMode"],"picked":"Glutton:Treasure","floor":49},{"not_picked":["Glutton:Fever","Glutton:Demolish"],"picked":"Glutton:Thrombosis","floor":51},{"not_picked":["Glutton:Tantrum","Glutton:Mug"],"picked":"Glutton:Dispepsia+1","floor":53},{"not_picked":["Glutton:Loot+1","Glutton:Chrysosphagy","Glutton:Brace"],"picked":"SKIP","floor":54},{"not_picked":["Glutton:Toxicity","Glutton:Masochism+1","Glutton:Profligacy+1"],"picked":"SKIP","floor":60},{"not_picked":["Glutton:Brace+1","Glutton:Borborygmi+1","Glutton:Excrescence"],"picked":"SKIP","floor":61},{"not_picked":["Glutton:Borborygmi+1","Glutton:Profligacy","Glutton:LashOut"],"picked":"SKIP","floor":63},{"not_picked":["Glutton:Feed+1","Glutton:Salivate+1"],"picked":"Glutton:Rest+1","floor":64},{"not_picked":["Glutton:BloodyKnuckle+1","Glutton:Fever+1","Glutton:Slam"],"picked":"SKIP","floor":70}],"player_experience":1135043,"relics_obtained":[{"floor":12.0,"key":"Chameleon Ring"},{"floor":25,"key":"Dream Catcher"},{"floor":29,"key":"hexamod:Sixitude"},{"floor":35,"key":"Sundial"},{"floor":38,"key":"The Courier"},{"floor":42,"key":"Eternal Feather"},{"floor":59,"key":"hubris:SlimyHat"},{"floor":70,"key":"conspire:Dentures"}],"event_choices":[{"damage_healed":0.0,"max_hp_gain":0.0,"max_hp_loss":0.0,"gold_gain":0.0,"event_name":"Upgrade Shrine","player_choice":"Upgraded","floor":2.0,"gold_loss":0.0,"damage_taken":0.0,"cards_upgraded":["Glutton:Clot"]},{"damage_healed":0,"gold_gain":0,"cards_transformed":["Glutton:Strike"],"player_choice":"Transformed","damage_taken":0,"max_hp_gain":0,"max_hp_loss":0,"event_name":"Transmorgrifier","floor":23,"gold_loss":0,"cards_obtained":["Glutton:Tumor"]},{"cards_removed":["infinitespire:Punishment"],"damage_healed":0,"gold_gain":0,"player_choice":"Give","damage_taken":0,"max_hp_gain":0,"max_hp_loss":0,"event_name":"betterNote:BetterNote","floor":43,"gold_loss":0,"cards_obtained":["None"]},{"cards_removed":["Glutton:Strike"],"damage_healed":0,"gold_gain":0,"player_choice":"Purged","damage_taken":0,"max_hp_gain":0,"max_hp_loss":0,"event_name":"Purifier","floor":57,"gold_loss":0}],"is_beta":false,"boss_relics":[{"not_picked":["Replay:Bronze Core","energizedSpire:CursedPentagram"],"picked":"SacredBark"},{"not_picked":["hubris:TerracottaHorce","energizedSpire:EnergizedDie"],"picked":"hubris:RunicObelisk"}],"items_purged_floors":[7,14,20,37,47,55,69],"is_endless":false,"potions_floor_spawned":[3,4,11,13,19,24,34,36,49,51,60,63],"ascension_level":0}}