{"host":"1poy056mauca3bbh","time":1613746375,"event":{"mods":["Ascension Unlocker","BaseMod","Bestiary","Block Reminder","Colored Map","Colored Powertips","Curses Come First","Highlight Path","Minty Spire (QoL Compilation)","Permanent Neow","Quick Restart","Rare Cards Sparkle","Relic Stats","Smile Girya","StSLib","UnlockEverythingMod"],"gold_per_floor":[112,71,221,221,241,273,273,301,369,369,382,382,382,5,5,5,5],"floor_reached":16,"language":"ENG","playtime":1197,"items_purged":[],"score":262,"play_id":"014249d5-949c-4ac9-9287-566d8c88bea7","local_time":"20210219095255","is_ascension_mode":true,"campfire_choices":[{"data":"Footwork","floor":7.0,"key":"SMITH"},{"floor":10.0,"key":"REST"},{"data":"Crippling Poison","floor":12.0,"key":"SMITH"},{"floor":15.0,"key":"REST"}],"circlet_count":0,"master_deck":["AscendersBane","Strike_G","Strike_G","Strike_G","Strike_G","Strike_G","Defend_G","Defend_G","Defend_G","Defend_G","Defend_G","Survivor","Neutralize","Cloak And Dagger","Footwork+1","Skewer","Blade Dance","Crippling Poison+1","Injury","Caltrops"],"relics":["Ring of the Snake","NeowsBlessing","Bag of Preparation","Pocketwatch","Ninja Scroll","Golden Idol","Gambling Chip"],"acts_visited":["Exordium"],"potions_floor_usage":[16],"damage_taken":[{"damage":0.0,"enemies":"Cultist","floor":1.0,"turns":1.0},{"damage":0.0,"enemies":"2 Louse","floor":5.0,"turns":1.0},{"damage":0.0,"enemies":"Gremlin Nob","floor":6.0,"turns":1.0},{"damage":29.0,"enemies":"3 Sentries","floor":8.0,"turns":12.0},{"damage":0.0,"enemies":"Small Slimes","floor":11.0,"turns":4.0},{"damage":65,"enemies":"Slime Boss","floor":16,"turns":17}],"seed_played":"8035152028217928940","potions_obtained":[{"floor":8.0,"key":"GamblersBrew"}],"is_trial":false,"path_per_floor":["M","$","?","?","M","E","R","E","T","R","M","R","?","$","R","B"],"character_chosen":"THE_SILENT","items_purchased":["Footwork","Gambling Chip","Caltrops"],"campfire_rested":2,"item_purchase_floors":[2,14,14],"current_hp_per_floor":[59,59,59,52,52,52,52,23,23,42,42,42,42,42,61,0,0],"gold":5,"neow_bonus":"THREE_ENEMY_KILL","is_daily":false,"chose_seed":false,"campfire_upgraded":2,"win_rate":0.0,"timestamp":1613746375,"path_taken":["M","?","?","?","?","E","R","E","T","R","M","R","?","$","R","BOSS"],"items_purchased_type":["Card","Relic","Card"],"build_version":"2020-12-22","purchased_purges":0,"victory":false,"max_hp_per_floor":[66,66,66,66,66,66,66,66,66,66,66,66,66,66,66,66,66],"relic_stats":{"counters":[6,36],"Golden Idol":0,"Gambling Chip":[14],"Bag of Preparation":[2],"obtain_stats":[{"NeowsBlessing":0,"Ninja Scroll":9,"Golden Idol":13,"Gambling Chip":14,"Bag of Preparation":6,"Ring of the Snake":0,"Pocketwatch":8},{"NeowsBlessing":0,"Ninja Scroll":4,"Golden Idol":5,"Gambling Chip":5,"Bag of Preparation":3,"Ring of the Snake":0,"Pocketwatch":4},{"NeowsBlessing":0,"Ninja Scroll":15,"Golden Idol":19,"Gambling Chip":19,"Bag of Preparation":3,"Ring of the Snake":0,"Pocketwatch":15}],"Ring of the Snake":[12],"Pocketwatch":[21]},"card_choices":[{"not_picked":["Prepared","PiercingWail"],"picked":"Cloak And Dagger","floor":1.0},{"not_picked":["Riddle With Holes","Dagger Throw"],"picked":"Skewer","floor":5.0},{"not_picked":["Dagger Throw","Underhanded Strike"],"picked":"Blade Dance","floor":6.0},{"not_picked":["Blur","Dagger Spray"],"picked":"Crippling Poison","floor":8.0},{"not_picked":["Reflex","Sucker Punch","Predator"],"picked":"SKIP","floor":11.0}],"player_experience":159027,"relics_obtained":[{"floor":6.0,"key":"Bag of Preparation"},{"floor":8.0,"key":"Pocketwatch"},{"floor":9.0,"key":"Ninja Scroll"}],"event_choices":[{"damage_healed":0.0,"max_hp_gain":0.0,"max_hp_loss":0.0,"gold_gain":150.0,"event_name":"Liars Game","player_choice":"AGREE","floor":3.0,"gold_loss":0.0,"damage_taken":0.0,"cards_obtained":["Doubt"]},{"cards_removed":["Doubt"],"damage_healed":0.0,"max_hp_gain":0.0,"max_hp_loss":0.0,"gold_gain":0.0,"event_name":"Golden Wing","player_choice":"Card Removal","floor":4.0,"gold_loss":0.0,"damage_taken":7.0},{"damage_healed":0.0,"max_hp_gain":0.0,"max_hp_loss":0.0,"gold_gain":0.0,"event_name":"Golden Idol","player_choice":"Take Wound","floor":13.0,"gold_loss":0.0,"damage_taken":0.0,"relics_obtained":["Golden Idol"],"cards_obtained":["Injury"]}],"is_beta":false,"boss_relics":[],"items_purged_floors":[],"is_endless":false,"potions_floor_spawned":[8],"killed_by":"Slime Boss","ascension_level":20}}