{"host":"7rmsgc3rayi00cdt","time":1613758221,"event":{"mods":["BaseMod","Minty Spire (QoL Compilation)"],"gold_per_floor":[109,109,120,195,107,141,141,151,151,80,155,181,181,211,211,315,315,329,344,344,344,344,344,372,471,471,490,41,61,79,91,91,192,192,209,31,46,66,0,27,47,47,47,47,63,63,98,98,98,98],"floor_reached":51,"language":"ENG","playtime":2150,"items_purged":[],"score":1116,"play_id":"3a4f0797-9dc2-49f2-a941-eadb6cb8730c","local_time":"20210219181021","is_ascension_mode":true,"campfire_choices":[{"data":"Flash of Steel","floor":7,"key":"SMITH"},{"floor":13,"key":"REST"},{"data":"Shrug It Off","floor":15,"key":"SMITH"},{"data":"Dropkick","floor":23,"key":"SMITH"},{"floor":32,"key":"REST"},{"floor":42,"key":"REST"},{"floor":49,"key":"REST"}],"circlet_count":0,"master_deck":["Strike_R","Strike_R","Strike_R","Strike_R","Defend_R+1","Defend_R","Defend_R","Defend_R","Bash","Flash of Steel+1","Headbutt","Warcry","Impatience+1","Anger","Limit Break","Shrug It Off+1","Feed","Iron Wave+1","Flex+1","Battle Trance","Power Through+1","Flash of Steel","Sword Boomerang+1","True Grit","Pommel Strike","Twin Strike+1","Shrug It Off+1"],"relics":["Burning Blood","Mercury Hourglass","Akabeko","Kunai","Shuriken","MutagenicStrength","Magic Flower","Regal Pillow","Ice Cream","Matryoshka","Busted Crown","War Paint","Red Mask","Juzu Bracelet","Orichalcum","Bottled Flame","Thread and Needle"],"acts_visited":["Exordium","TheCity","TheBeyond"],"potions_floor_usage":[6,16,24,27,30,33,33,40,50],"damage_taken":[{"damage":11,"enemies":"Small Slimes","floor":1,"turns":5},{"damage":1,"enemies":"Cultist","floor":3,"turns":4},{"damage":15,"enemies":"Gremlin Nob","floor":6,"turns":3},{"damage":0,"enemies":"2 Louse","floor":8,"turns":3},{"damage":30,"enemies":"Lagavulin","floor":12,"turns":5},{"damage":0,"enemies":"Gremlin Nob","floor":14,"turns":2},{"damage":9,"enemies":"The Guardian","floor":16,"turns":12},{"damage":23,"enemies":"2 Thieves","floor":18,"turns":4},{"damage":12,"enemies":"Spheric Guardian","floor":19,"turns":4},{"damage":37,"enemies":"Book of Stabbing","floor":24,"turns":6},{"damage":7,"enemies":"Shelled Parasite and Fungi","floor":27,"turns":2},{"damage":6,"enemies":"Snake Plant","floor":29,"turns":4},{"damage":0,"enemies":"Snecko","floor":30,"turns":2},{"damage":2,"enemies":"Cultist and Chosen","floor":31,"turns":4},{"damage":73,"enemies":"Collector","floor":33,"turns":9},{"damage":14,"enemies":"3 Darklings","floor":35,"turns":5},{"damage":15,"enemies":"3 Shapes","floor":37,"turns":5},{"damage":4,"enemies":"Sphere and 2 Shapes","floor":38,"turns":5},{"damage":58,"enemies":"Reptomancer","floor":40,"turns":6},{"damage":12,"enemies":"4 Shapes","floor":41,"turns":3},{"damage":15,"enemies":"Maw","floor":45,"turns":5},{"damage":7,"enemies":"Nemesis","floor":47,"turns":7},{"damage":87,"enemies":"Time Eater","floor":50,"turns":13}],"seed_played":"2557903490780434308","potions_obtained":[{"floor":1,"key":"Swift Potion"},{"floor":3,"key":"SteroidPotion"},{"floor":14,"key":"Block Potion"},{"floor":24,"key":"SteroidPotion"},{"floor":27,"key":"Explosive Potion"},{"floor":29,"key":"LiquidBronze"},{"floor":30,"key":"Block Potion"},{"floor":35,"key":"EssenceOfSteel"},{"floor":40,"key":"Energy Potion"},{"floor":41,"key":"Block Potion"}],"is_trial":false,"path_per_floor":["M","?","M","?","$","E","R","M","T","$","?","E","R","E","R","B",null,"M","M","?","?","?","R","E","?","T","M","$","M","M","M","R","B",null,"M","$","M","M","?","E","M","R","T","?","M","$","E","?","R","B",null],"character_chosen":"IRONCLAD","items_purchased":["Impatience","Dropkick","Flash of Steel","FairyPotion","Matryoshka","Pommel Strike","War Paint"],"campfire_rested":4,"item_purchase_floors":[5,10,28,28,28,36,36],"current_hp_per_floor":[67,60,65,57,57,48,48,54,54,54,43,19,43,49,49,46,72,55,49,49,49,49,49,21,21,21,28,28,31,40,52,86,22,70,65,65,59,69,69,20,17,58,58,58,52,52,59,59,92,14],"gold":98,"neow_bonus":"RANDOM_COLORLESS","is_daily":false,"chose_seed":false,"campfire_upgraded":3,"win_rate":0.0,"timestamp":1613758221,"path_taken":["M","?","M","?","$","E","R","?","T","?","?","E","R","E","R","BOSS","M","M","?","?","?","R","E","?","T","M","?","M","?","M","R","BOSS","M","$","M","M","?","E","M","R","T","?","M","?","E","?","R","BOSS"],"items_purchased_type":["Card","Card","Card","Potion","Relic","Card","Relic"],"build_version":"2020-12-22","purchased_purges":0,"victory":true,"max_hp_per_floor":[80,80,80,80,80,80,80,80,80,80,80,80,80,80,80,80,80,80,80,80,80,80,80,80,80,80,83,83,83,83,86,86,86,86,86,86,86,89,89,89,89,89,89,89,89,89,92,92,92,92],"card_choices":[{"not_picked":["Panacea","Deep Breath"],"picked":"Flash of Steel","floor":0},{"not_picked":["Uppercut","Sword Boomerang"],"picked":"Headbutt","floor":1},{"not_picked":["Clothesline","Iron Wave"],"picked":"Warcry","floor":3},{"not_picked":["Intimidate","Hemokinesis"],"picked":"Anger","floor":6},{"not_picked":["Battle Trance","Armaments"],"picked":"Limit Break","floor":8},{"not_picked":["True Grit","Dual Wield"],"picked":"Shrug It Off","floor":12},{"not_picked":["Rage","Cleave","Iron Wave"],"picked":"SKIP","floor":14},{"not_picked":["Immolate","Reaper"],"picked":"Feed","floor":16},{"not_picked":["Hemokinesis+1","Headbutt"],"picked":"Iron Wave+1","floor":18},{"not_picked":["Rupture","Shockwave"],"picked":"Flex+1","floor":19},{"not_picked":["Shrug It Off","Pummel"],"picked":"Battle Trance","floor":24},{"not_picked":["Clash","Cleave"],"picked":"Power Through+1","floor":27},{"not_picked":["Cleave","Thunderclap"],"picked":"Sword Boomerang+1","floor":29},{"not_picked":["Power Through+1","Clothesline"],"picked":"True Grit","floor":30},{"not_picked":["Combust","Entrench","Blood for Blood"],"picked":"SKIP","floor":31},{"not_picked":["Wild Strike"],"picked":"SKIP","floor":35},{"not_picked":[],"picked":"Twin Strike+1","floor":37},{"not_picked":["Shrug It Off"],"picked":"SKIP","floor":38},{"not_picked":["Hemokinesis+1"],"picked":"SKIP","floor":40},{"not_picked":["Sword Boomerang"],"picked":"SKIP","floor":41},{"not_picked":["Warcry"],"picked":"SKIP","floor":45},{"not_picked":[],"picked":"Shrug It Off+1","floor":47}],"player_experience":825175,"relics_obtained":[{"floor":6,"key":"Mercury Hourglass"},{"floor":9,"key":"Akabeko"},{"floor":12,"key":"Kunai"},{"floor":14,"key":"Shuriken"},{"floor":24,"key":"Regal Pillow"},{"floor":26,"key":"Ice Cream"},{"floor":40,"key":"Juzu Bracelet"},{"floor":43,"key":"Orichalcum"},{"floor":43,"key":"Bottled Flame"},{"floor":47,"key":"Thread and Needle"}],"event_choices":[{"cards_removed":["Strike_R"],"damage_healed":0,"gold_gain":0,"player_choice":"Card Removal","damage_taken":7,"max_hp_gain":0,"max_hp_loss":0,"event_name":"Golden Wing","floor":2,"gold_loss":0},{"damage_healed":0,"gold_gain":75,"player_choice":"Touch","damage_taken":8,"max_hp_gain":0,"max_hp_loss":0,"event_name":"FaceTrader","floor":4,"gold_loss":0},{"damage_healed":0,"gold_gain":75,"player_choice":"Gather Gold","damage_taken":11,"max_hp_gain":0,"max_hp_loss":0,"event_name":"World of Goop","floor":11,"gold_loss":0},{"damage_healed":0,"gold_gain":0,"player_choice":"Ignored","damage_taken":0,"max_hp_gain":0,"max_hp_loss":0,"event_name":"Vampires","floor":20,"gold_loss":0},{"damage_healed":0,"gold_gain":0,"player_choice":"Inject Mutagens","damage_taken":0,"relics_obtained":["MutagenicStrength"],"max_hp_gain":0,"max_hp_loss":0,"event_name":"Drug Dealer","floor":21,"gold_loss":0},{"damage_healed":0,"gold_gain":0,"player_choice":"Opened","damage_taken":0,"relics_obtained":["Magic Flower"],"max_hp_gain":0,"max_hp_loss":0,"event_name":"The Mausoleum","floor":22,"gold_loss":0},{"damage_healed":0,"gold_gain":99,"player_choice":"Stole From Cult","damage_taken":0,"max_hp_gain":0,"max_hp_loss":0,"event_name":"Nest","floor":25,"gold_loss":0},{"damage_healed":0,"gold_gain":0,"player_choice":"Paid","damage_taken":0,"relics_obtained":["Red Mask"],"max_hp_gain":0,"max_hp_loss":0,"event_name":"Tomb of Lord Red Mask","floor":39,"gold_loss":66},{"damage_healed":0,"gold_gain":0,"player_choice":"Ignored","damage_taken":0,"max_hp_gain":0,"max_hp_loss":0,"event_name":"Mysterious Sphere","floor":44,"gold_loss":0},{"cards_removed":["Dropkick"],"damage_healed":0,"gold_gain":0,"player_choice":"Removed Attack","damage_taken":0,"max_hp_gain":0,"max_hp_loss":0,"event_name":"Falling","floor":48,"gold_loss":0}],"is_beta":false,"boss_relics":[{"not_picked":["Runic Pyramid","Runic Dome","Ectoplasm"]},{"not_picked":["Pandora\u0027s Box","SacredBark"],"picked":"Busted Crown"}],"items_purged_floors":[],"is_endless":false,"potions_floor_spawned":[1,3,14,24,27,29,30,35,40,41],"ascension_level":9}}