{"host":"dscols65uipasqd2","time":1613718291,"event":{"mods":["2.2 Compatiblity","AchievementEnabler","Aspiration","BaseMod","Colored Powertips","Downfall","Energized Spire","GifTheSpireLib","Hermit","Hubris","Infinite Spire","Jorbs\u0027s Wanderer Trilogy","Minty Spire (QoL Compilation)","Rare Cards Sparkle","Relic Stats","Replay The Spire","Robot Space Explorer","Shade Mod","StSLib","Stuff the Spire","The Blue Laboratory","The Cursed","The Disciple","The Forsaken","The Hierophant","The Judge","The Jungle","The Mystic","The Runesmith","TheFirefly","Wandering Minibosses"],"gold_per_floor":[199,218,218,493,137,37,91,109,141,126,126,126,126],"floor_reached":11,"language":"ENG","playtime":424,"items_purged":[],"score":93,"play_id":"8fd37a3e-aac5-4a72-bc28-e344d6cf1a9f","local_time":"20210219020451","is_ascension_mode":true,"campfire_choices":[{"floor":1,"key":"RECALL"},{"floor":6,"key":"REST"}],"circlet_count":0,"master_deck":["sneckomod:Strike","sneckomod:Strike","sneckomod:Strike","sneckomod:Defend","sneckomod:Defend","sneckomod:Defend","sneckomod:TailWhip","sneckomod:SnekBite","sneckomod:Unknown","sneckomod:Unknown","sneckomod:UnknownDexterity","Regret","sneckomod:UnknownCommonAttack","expansioncontent:DashGenerateEvil","sneckomod:UnknownClassBLUE","sneckomod:Nope","sneckomod:Unknown2Cost"],"relics":["sneckomod:SneckoSoul","hubris:Icosahedron","infinitespire:Lucky Rock","downfall:HeartBlessingRed","Vajra"],"acts_visited":["Exordium"],"potions_floor_usage":[11],"damage_taken":[{"damage":10,"enemies":"Small Slimes","floor":2,"turns":4},{"damage":3,"enemies":"downfall:FleeingMerchant","floor":5,"turns":4},{"damage":7,"enemies":"Cultist","floor":8,"turns":3},{"damage":39,"enemies":"Lagavulin","floor":9,"turns":6},{"damage":10,"enemies":"downfall:FleeingMerchant","floor":10,"turns":4},{"damage":38,"enemies":"Gremlin Nob","floor":11,"turns":5}],"seed_played":"5164371848892662023","potions_obtained":[{"floor":2,"key":"Swift Potion"}],"is_trial":false,"path_per_floor":["R","M","?","?","$","R","T","M","E","$","E"],"character_chosen":"THE_SNECKO","items_purchased":["infinitespire:Lucky Rock","expansioncontent:DashGenerateEvil"],"campfire_rested":1,"item_purchase_floors":[5,5],"current_hp_per_floor":[81,71,71,71,75,90,90,83,44,34,0,0,0],"gold":126,"neow_bonus":"HUNDRED_GOLD","is_daily":false,"chose_seed":false,"campfire_upgraded":0,"win_rate":0.0,"timestamp":1613718291,"path_taken":["R","M","?","?","$","R","T","M","E","$","E"],"items_purchased_type":["Relic","Card"],"build_version":"2020-12-22","purchased_purges":0,"victory":false,"max_hp_per_floor":[90,90,90,90,90,90,90,90,90,90,90,90,90],"relic_stats":{"counters":[6,26],"obtain_stats":[{"hubris:Icosahedron":3,"downfall:HeartBlessingRed":6,"Vajra":9,"infinitespire:Lucky Rock":5,"sneckomod:SneckoSoul":0},{"hubris:Icosahedron":1,"downfall:HeartBlessingRed":2,"Vajra":4,"infinitespire:Lucky Rock":2,"sneckomod:SneckoSoul":0},{"hubris:Icosahedron":4,"downfall:HeartBlessingRed":8,"Vajra":17,"infinitespire:Lucky Rock":8,"sneckomod:SneckoSoul":0}]},"card_choices":[{"not_picked":["sneckomod:UnknownVulnerable","sneckomod:RainOfDice"],"picked":"sneckomod:UnknownDexterity","floor":2},{"not_picked":["sneckomod:Mudshield","sneckomod:MixItUp"],"picked":"sneckomod:UnknownCommonAttack","floor":5},{"not_picked":["sneckomod:UnknownStrength","sneckomod:UnknownClassRED"],"picked":"sneckomod:UnknownClassBLUE","floor":8},{"not_picked":["sneckomod:UnknownClassRUNESMITH_BEIGE","sneckomod:UnknownClassBLESSING"],"picked":"sneckomod:Nope","floor":9},{"not_picked":["sneckomod:DangerNoodle","sneckomod:UnknownClassBLESSING"],"picked":"sneckomod:Unknown2Cost","floor":10}],"player_experience":648626,"relics_obtained":[{"floor":9,"key":"Vajra"}],"event_choices":[],"is_beta":false,"boss_relics":[],"items_purged_floors":[],"is_endless":false,"potions_floor_spawned":[2],"killed_by":"Gremlin Nob","ascension_level":7}}