{"host":"jgl9m63d23sfproq","time":1613705161,"event":{"mods":["Act Like it!","Aspiration","BaseMod","Colored Map","Conspire","Downfall","Hermit","Minty Spire (QoL Compilation)","Replay The Spire","Robot Space Explorer","StSLib","The Bug Knight","The Cursed","The Jungle","The Runesmith","The Servant 0.9.4"],"gold_per_floor":[115,129,142,142,142,176,176,190,190,190,290,301,321,333,333,435,435,452,465,465,483,483,483,503,538,550,13,27,27,27],"floor_reached":29,"language":"ZHS","playtime":1004,"items_purged":["Strike_G"],"score":249,"play_id":"95188691-ba2c-4e6f-aa41-d8b6ff0659f1","local_time":"20210219112601","is_ascension_mode":false,"campfire_choices":[{"floor":7,"key":"REST"},{"floor":10,"key":"REST"},{"floor":15,"key":"RECALL"},{"floor":23,"key":"REST"}],"circlet_count":0,"master_deck":["Strike_G","Strike_G","Strike_G","Strike_G","Defend_G","Defend_G","Defend_G","Defend_G","Defend_G","Survivor","Neutralize","Bouncing Flask","Blade Dance","Replay:Poison Smokescreen","Blade Dance","Blade Dance","ReplayTheSpireMod:Speed Training","Prepared","Calculated Gamble","Die Die Die","ReplayTheSpireMod:Speed Training","Hidden Blade","Accuracy","Infinite Blades","Accuracy","Cloak And Dagger","Dodge and Roll"],"relics":["Ring of the Snake","NeowsBlessing","Replay:Kaleidoscope","Replay:PocketPolymizer","HollowMod:LifeEnderRelic","Painkiller Herb","MawBank","Basket Of Snakes"],"acts_visited":["Exordium","TheCity"],"potions_floor_usage":[6,21,21,24,25,25,28,28],"damage_taken":[{"damage":0,"enemies":"Cultist","floor":1,"turns":1},{"damage":0,"enemies":"Jaw Worm","floor":2,"turns":1},{"damage":0,"enemies":"Small Slimes","floor":3,"turns":1},{"damage":31,"enemies":"3 Sentries","floor":6,"turns":6},{"damage":19,"enemies":"Exordium Thugs","floor":8,"turns":3},{"damage":10,"enemies":"Looter","floor":12,"turns":3},{"damage":1,"enemies":"Blue Slaver","floor":13,"turns":3},{"damage":0,"enemies":"2 Fungi Beasts","floor":14,"turns":3},{"damage":26,"enemies":"Hexaghost","floor":16,"turns":9},{"damage":12,"enemies":"Shell Parasite","floor":18,"turns":4},{"damage":24,"enemies":"Spheric Guardian","floor":19,"turns":5},{"damage":17,"enemies":"Snecko","floor":21,"turns":5},{"damage":8,"enemies":"Centurion and Healer","floor":24,"turns":6},{"damage":28,"enemies":"Gremlin Leader","floor":25,"turns":5},{"damage":6,"enemies":"Sentry and Sphere","floor":28,"turns":4},{"damage":2,"enemies":"conspire:HollyBat","floor":29,"turns":2}],"seed_played":"-2752658963347481551","potions_obtained":[{"floor":1,"key":"ColorlessPotion"},{"floor":3,"key":"Swift Potion"},{"floor":13,"key":"EntropicBrew"},{"floor":25,"key":"Strength Potion"},{"floor":28,"key":"Poison Potion"}],"is_trial":false,"path_per_floor":["M","M","M","?","?","E","R","M","T","R","?","M","M","M","R","B",null,"?","?","?","?","?","T","?","E","T","T","?","?"],"character_chosen":"THE_SILENT","items_purchased":["Accuracy","Cloak And Dagger","Basket Of Snakes","Block Potion"],"campfire_rested":3,"item_purchase_floors":[27,27,27,27],"current_hp_per_floor":[70,70,70,75,63,32,54,35,35,57,57,47,46,46,46,20,75,63,39,39,22,22,44,36,8,8,8,2,0,0],"gold":27,"neow_bonus":"THREE_ENEMY_KILL","is_daily":false,"chose_seed":false,"campfire_upgraded":0,"win_rate":0.0,"timestamp":1613705161,"path_taken":["M","M","M","?","?","E","R","M","T","R","?","?","M","M","R","BOSS","?","?","?","?","?","T","?","E","T","T","?","?"],"items_purchased_type":["Card","Card","Relic","Potion"],"build_version":"2020-12-22","purchased_purges":1,"victory":false,"max_hp_per_floor":[70,70,70,75,75,75,75,75,75,75,75,75,75,75,75,75,75,75,75,75,75,75,75,75,75,75,75,75,75,75],"card_choices":[{"not_picked":["Sneak Up","Choke"],"picked":"Bouncing Flask","floor":1},{"not_picked":["Backflip","Outmaneuver"],"picked":"Blade Dance","floor":2},{"not_picked":["Quick Slash","Poisoned Stab"],"picked":"Replay:Poison Smokescreen","floor":3},{"not_picked":["Flying Knee","Phantasmal Killer"],"picked":"Blade Dance","floor":6},{"not_picked":["Eviscerate","Distraction"],"picked":"Blade Dance","floor":8},{"not_picked":["Choke","Masterful Stab"],"picked":"ReplayTheSpireMod:Speed Training","floor":12},{"not_picked":["Quick Slash","Bane"],"picked":"Prepared","floor":13},{"not_picked":["Deadly Poison","Dodge and Roll"],"picked":"Calculated Gamble","floor":14},{"not_picked":["ReplayTheSpireMod:From All Sides","Unload"],"picked":"Die Die Die","floor":16},{"not_picked":["conspire:PoisonWeapons","Calculated Gamble"],"picked":"ReplayTheSpireMod:Speed Training","floor":18},{"not_picked":["Acrobatics+1","Poisoned Stab+1","Deadly Poison"],"picked":"SKIP","floor":19},{"not_picked":["Distraction+1","Prepared"],"picked":"Hidden Blade","floor":21},{"not_picked":["Blur","Outmaneuver"],"picked":"Accuracy","floor":24},{"not_picked":["ReplayTheSpireMod:Shiv Toss+1","Atom Bomb"],"picked":"Infinite Blades","floor":25},{"not_picked":["Bouncing Flask","Backstab"],"picked":"Dodge and Roll","floor":28}],"player_experience":29141,"relics_obtained":[{"floor":6,"key":"Replay:PocketPolymizer"},{"floor":9,"key":"HollowMod:LifeEnderRelic"},{"floor":25,"key":"MawBank"}],"event_choices":[{"damage_healed":0,"gold_gain":0,"player_choice":"Donut","damage_taken":0,"max_hp_gain":5,"max_hp_loss":0,"event_name":"Big Fish","floor":4,"gold_loss":0},{"damage_healed":0,"gold_gain":0,"player_choice":"Success","damage_taken":12,"relics_obtained":["Replay:Kaleidoscope"],"max_hp_gain":0,"max_hp_loss":0,"event_name":"Scrap Ooze","floor":5,"gold_loss":0},{"damage_healed":0,"gold_gain":100,"player_choice":"Pray","damage_taken":0,"max_hp_gain":0,"max_hp_loss":0,"event_name":"Golden Shrine","floor":11,"gold_loss":0},{"damage_healed":0,"gold_gain":0,"player_choice":"Ignored","damage_taken":0,"max_hp_gain":0,"max_hp_loss":0,"event_name":"Vampires","floor":20,"gold_loss":0},{"damage_healed":0,"gold_gain":0,"player_choice":"Leave","damage_taken":0,"max_hp_gain":0,"max_hp_loss":0,"event_name":"conspire:Investor","floor":22,"gold_loss":0}],"is_beta":false,"boss_relics":[{"not_picked":["Coffee Dripper","Ring of Chaos"],"picked":"Painkiller Herb"}],"items_purged_floors":[27],"is_endless":false,"potions_floor_spawned":[1,3,13,25,28],"killed_by":"conspire:HollyBat","ascension_level":0}}