{"host":"ox77rn1xcurm2t5a","time":1613768016,"event":{"mods":["2.2 Compatiblity","AchievementEnabler","Act Like it!","Aspiration","BaseMod","Best Route Mod","Better Match","Better Note","Better Sensory Stone","Block Reminder","Colored Map","Colored Powertips","Conjunction","Conspire","Custom Start","Energized Spire","GifTheSpireLib","Gold Saver","Gremlin Skip","Halation","Highlight Path","Hubris","Infinite Spire","Minty Spire (QoL Compilation)","Pale of the Ancients","Quick Restart","Reliquary","Replay The Spire","Reworked Bosses","ShortenTheSpire","Spire Exporter","StSLib","Stuff the Spire","Wandering Minibosses"],"gold_per_floor":[1383,549,631,608,608,608,634,634,634,668,682,693,693,720,720,720,720],"floor_reached":16,"language":"ENG","playtime":779,"items_purged":["Strike_R"],"score":165,"play_id":"993f6d8d-d62b-4c6e-9ec2-c88f0fdaf499","local_time":"20210219225336","is_ascension_mode":true,"campfire_choices":[{"floor":6.0,"key":"RECALL"},{"floor":8.0,"key":"REST"},{"floor":15,"key":"REST"}],"circlet_count":0,"master_deck":["Strike_R","Strike_R","Strike_R","Strike_R","Defend_R","Defend_R","Defend_R","Defend_R","Bash","Headbutt","Dropkick","Uppercut+1","Sword Boomerang","Cleave","Headbutt","Thunderclap","Perfected Strike"],"relics":["Burning Blood","reliquary:TridentHead","Replay:Multitool","Orrery","halation:SelfBoilingWater","infinitespire:PuzzleCube","Meat on the Bone"],"acts_visited":["Exordium"],"potions_floor_usage":[16],"damage_taken":[{"damage":1.0,"enemies":"2 Louse","floor":1.0,"turns":3.0},{"damage":9.0,"enemies":"Jaw Worm","floor":3.0,"turns":5.0},{"damage":70.0,"enemies":"Lagavulin","floor":7.0,"turns":7.0},{"damage":26.0,"enemies":"Gremlin Nob","floor":10.0,"turns":4.0},{"damage":1.0,"enemies":"Cultist","floor":11.0,"turns":3.0},{"damage":0.0,"enemies":"2 Fungi Beasts","floor":12.0,"turns":1.0},{"damage":27,"enemies":"3 Sentries","floor":14,"turns":5},{"damage":45,"enemies":"Fading Forest","floor":16,"turns":9}],"seed_played":"-7703535056955848614","potions_obtained":[{"floor":0.0,"key":"Weak Potion"},{"floor":0.0,"key":"DuplicationPotion"},{"floor":0.0,"key":"Fruit Juice"},{"floor":12.0,"key":"ElixirPotion"},{"floor":14,"key":"LiquidMemories"}],"is_trial":false,"path_per_floor":["M","$","M","?","?","R","E","R","T","E","M","M","?","E","R","B"],"character_chosen":"IRONCLAD","items_purchased":["reliquary:TridentHead","Dropkick","Replay:Multitool","Orrery"],"campfire_rested":2,"item_purchase_floors":[2,2,2,2],"current_hp_per_floor":[82,82,79,79,79,79,15,40,40,20,25,31,31,10,35,0,0],"gold":720,"neow_bonus":"THREE_SMALL_POTIONS","is_daily":false,"chose_seed":false,"campfire_upgraded":0,"win_rate":0.0,"timestamp":1613768016,"path_taken":["M","$","M","?","?","R","E","R","T","E","M","?","?","E","R","BOSS"],"items_purchased_type":["Relic","Card","Relic","Relic"],"build_version":"2020-12-22","purchased_purges":1,"victory":false,"max_hp_per_floor":[85,85,85,85,85,85,85,85,85,85,85,85,85,85,85,85,85],"card_choices":[{"not_picked":["Armaments","StuffTheSpire:Incineration"],"picked":"Headbutt","floor":1.0},{"not_picked":["StuffTheSpire:Slingshot","Defy Death"],"picked":"Uppercut","floor":2.0},{"not_picked":["StuffTheSpire:RockThrow","ReplayTheSpireMod:Strike From Hell"],"picked":"Sword Boomerang","floor":2.0},{"not_picked":["Headbutt","Replay:Undeath\u0027s Touch"],"picked":"Cleave","floor":2.0},{"not_picked":["Run Through","Armaments"],"picked":"Headbutt","floor":2.0},{"not_picked":["Rupture","Run Through","Replay:Undeath\u0027s Touch"],"picked":"SKIP","floor":3.0},{"not_picked":["Flex","Whirlwind","conspire:ExplosiveBarrier"],"picked":"SKIP","floor":7.0},{"not_picked":["Anger","Combust"],"picked":"Thunderclap","floor":10.0},{"not_picked":["Clash","Twin Strike"],"picked":"Perfected Strike","floor":11.0},{"not_picked":["ReplayTheSpireMod:Strike From Hell","Massacre","Ghostly Armor"],"picked":"SKIP","floor":12.0},{"not_picked":["Flex","Fire Breathing","Entrench"],"picked":"SKIP","floor":14}],"player_experience":3157933,"relics_obtained":[{"floor":7.0,"key":"halation:SelfBoilingWater"},{"floor":10.0,"key":"infinitespire:PuzzleCube"},{"floor":14,"key":"Meat on the Bone"}],"event_choices":[{"damage_healed":0.0,"max_hp_gain":0.0,"max_hp_loss":0.0,"gold_gain":0.0,"event_name":"World of Goop","player_choice":"Left Gold","floor":4.0,"gold_loss":23.0,"damage_taken":0.0},{"damage_healed":0.0,"max_hp_gain":0.0,"max_hp_loss":0.0,"gold_gain":0.0,"event_name":"FaceTrader","player_choice":"Leave","floor":5.0,"gold_loss":0.0,"damage_taken":0.0},{"damage_healed":0.0,"max_hp_gain":0.0,"max_hp_loss":0.0,"gold_gain":0.0,"event_name":"Upgrade Shrine","player_choice":"Upgraded","floor":13.0,"gold_loss":0.0,"damage_taken":0.0,"cards_upgraded":["Uppercut"]}],"is_beta":false,"boss_relics":[],"items_purged_floors":[2],"is_endless":false,"potions_floor_spawned":[12,14],"killed_by":"Fading Forest","ascension_level":8}}