{"host":"am0cr9xwekqmrere","time":1613752364,"event":{"mods":["AchievementEnabler","Act Like it!","BaseMod","Better Altar","Better Match","Better Note","Better Sensory Stone","Better Skull","Better Third Choice","BetterRewards","Conspire","Downfall","Hubris","Infinite Spire","Marisa????????","Minty Spire (QoL Compilation)","Rare Cards Sparkle","Spicy Shops","StSLib","The Servant 0.9.4","Unceasing Turn Reminder"],"gold_per_floor":[119,138,138,413,423,423,450,450,450,625,625,625,12,12,12,136,136,157,176,176,196,210,210,243,267,293,293,5,5,31,31,31,138,147,176,176,198,198,224,224,267,285,285,353,353,353,382,391,391,391,391,391,144,182,182],"floor_reached":56,"language":"ENG","playtime":2785,"items_purged":["Regret","Wraith"],"score":1616,"play_id":"d06deabe-595f-48f0-af03-9961f3353c54","local_time":"20210219103244","is_ascension_mode":false,"campfire_choices":[{"floor":6,"key":"RECALL"},{"data":"Deny","floor":12,"key":"SMITH"},{"data":"Contraction","floor":15,"key":"SMITH"},{"floor":23,"key":"REST"},{"data":"1","floor":27,"key":"LIFT"},{"data":"2","floor":32,"key":"LIFT"},{"data":"SilverBlades","floor":40,"key":"SMITH"},{"data":"conspire:Banana","floor":45,"key":"SMITH"},{"data":"3","floor":49,"key":"LIFT"},{"data":"Foresight","floor":52,"key":"SMITH"}],"circlet_count":0,"master_deck":["Hightail+1","Strike_S+1","Strike_S+1","Strike_S+1","Strike_S","Defend_S","Defend_S","Defend_S","Defend_S+1","KidneyShot","TimeWarp+1","Deny+1","Rewind","Contraction+1","BestPractice+1","KillingDoll","DualDimension","MurderousAura+1","Embodiment+1","Spin","Rearm+1","MurderousAura+1","Foresight+1","ShiftingGears","FlawlessForm+1","BottledTime+1","Initiator","CurseOfTheBell","ShatteredReality","SilverBlades+1","Rearm","BottledTime+1","Bandage Up","conspire:Banana+1","Sunlight+1","DualDimension+1","Starlight","WasteNot","SilverBlades+1","DoubleEdge+1"],"relics":["SplendidAttire","Mummified Hand","PocketWatch","bronze:DonusWashers","champ:Barbells","Incense Burner","Lee\u0027s Waffle","betterAltar:BloodRelic","Omamori","Mercury Hourglass","Lizard Tail","Shuriken","Juzu Bracelet","Pan","Bloody Idol","Girya","CeramicFish","hubris:64BitClover","Calling Bell","Anchor","Pantograph","StoneCalendar","hubris:Potato","conspire:GiftBox","DollysMirror","sneckomod:BlankCard"],"acts_visited":["Exordium","TheCity","TheBeyond","TheEnding"],"potions_floor_usage":[2,24,33,37,44,47,50,54],"damage_taken":[{"damage":1,"enemies":"Jaw Worm","floor":1,"turns":6},{"damage":0,"enemies":"conspire:RoseBush","floor":2,"turns":4},{"damage":0,"enemies":"2 Louse","floor":5,"turns":4},{"damage":10,"enemies":"3 Sentries","floor":7,"turns":12},{"damage":10,"enemies":"The Guardian","floor":16,"turns":12},{"damage":7,"enemies":"3 Byrds","floor":18,"turns":6},{"damage":0,"enemies":"2 Thieves","floor":19,"turns":3},{"damage":15,"enemies":"conspire:HollyBat","floor":21,"turns":8},{"damage":0,"enemies":"Snecko","floor":22,"turns":3},{"damage":5,"enemies":"conspire:SneckoGhost","floor":24,"turns":6},{"damage":0,"enemies":"Centurion and Healer","floor":25,"turns":5},{"damage":2,"enemies":"Shelled Parasite and Fungi","floor":30,"turns":4},{"damage":0,"enemies":"Automaton","floor":33,"turns":8},{"damage":0,"enemies":"3 Shapes","floor":35,"turns":5},{"damage":0,"enemies":"3 Darklings","floor":37,"turns":4},{"damage":0,"enemies":"4 Shapes","floor":39,"turns":6},{"damage":0,"enemies":"Giant Head","floor":41,"turns":6},{"damage":5,"enemies":"Mind Bloom Boss Battle","floor":44,"turns":4},{"damage":0,"enemies":"Spire Growth","floor":47,"turns":3},{"damage":37,"enemies":"Donu and Deca","floor":50,"turns":6},{"damage":71,"enemies":"Shield and Spear","floor":54,"turns":5},{"damage":16,"enemies":"The Heart","floor":55,"turns":9}],"seed_played":"-3747742662065897298","potions_obtained":[{"floor":1,"key":"Fire Potion"},{"floor":16,"key":"DuplicationPotion"},{"floor":21,"key":"PowerPotion"},{"floor":22,"key":"EssenceOfSteel"},{"floor":30,"key":"Swift Potion"},{"floor":33,"key":"SpeedPotion"},{"floor":35,"key":"Energy Potion"},{"floor":44,"key":"champ:CounterPotion"},{"floor":47,"key":"Swift Potion"}],"is_trial":false,"path_per_floor":["M","M","?","?","M","R","E","?","T","?","T","R","$","?","R","B",null,"M","M","?","M","M","R","E","M","T","R","$","?","M","?","R","B",null,"M","AVR","M","?","M","R","E","?","T","?","R","?","M","?","R","B",null,"R","$","E","B",null],"character_chosen":"THE_SERVANT","items_purchased":["Mummified Hand","PocketWatch","bronze:DonusWashers","champ:Barbells","Lee\u0027s Waffle","TimeWarp","Rewind","MurderousAura","Shuriken","Juzu Bracelet","Pan","hubris:64BitClover","WasteNot","DollysMirror"],"campfire_rested":1,"item_purchase_floors":[0,0,0,0,0,0,0,13,13,13,13,28,53,53],"current_hp_per_floor":[71,71,71,71,71,71,61,61,61,61,61,61,61,61,61,53,72,65,67,67,54,56,72,67,69,69,69,69,64,72,72,72,72,72,72,72,72,75,75,75,75,75,75,76,76,76,76,76,76,45,78,78,78,23,45],"gold":182,"neow_bonus":"","is_daily":false,"chose_seed":false,"campfire_upgraded":5,"win_rate":0.0,"timestamp":1613752364,"path_taken":["M","M","?","?","?","R","E","?","T","?","?","R","$","?","R","BOSS","M","M","?","M","M","R","E","M","T","R","?","?","M","?","R","BOSS","M","AVR","M","?","M","R","E","?","T","?","R","?","M","?","R","BOSS","R","$","E","BOSS"],"items_purchased_type":["Relic","Relic","Relic","Relic","Relic","Card","Card","Card","Relic","Relic","Relic","Relic","Card","Relic"],"build_version":"2020-12-22","purchased_purges":2,"victory":true,"max_hp_per_floor":[72,72,72,72,72,72,72,72,72,72,72,72,72,72,72,72,72,72,72,72,72,72,72,72,72,72,72,72,72,72,72,72,72,72,72,72,72,75,75,75,75,75,75,76,76,76,76,76,76,78,78,78,78,80,82],"card_choices":[{"not_picked":["Revamp","Moondial"],"picked":"Contraction","floor":1},{"not_picked":["Defy","ShatteredReality"],"picked":"BestPractice","floor":2},{"not_picked":["ShatteredReality","Rewind"],"picked":"KillingDoll","floor":5},{"not_picked":["ShatteredReality","Alleviate"],"picked":"DualDimension","floor":7},{"not_picked":["Deny","Solidify"],"picked":"Embodiment","floor":16},{"not_picked":["ShiftingGears+1","Ricochet"],"picked":"Spin","floor":18},{"not_picked":["Starlight","FastForward"],"picked":"Rearm+1","floor":19},{"not_picked":["Starlight","FastForward"],"picked":"Foresight","floor":21},{"not_picked":["ShatteredReality+1","TimeWarp"],"picked":"ShiftingGears","floor":22},{"not_picked":["Rewind","FastForward","TimeWarp"],"picked":"SKIP","floor":24},{"not_picked":["Alleviate","Ricochet"],"picked":"FlawlessForm","floor":25},{"not_picked":["DoubleEdge","Advance+1"],"picked":"BottledTime+1","floor":30},{"not_picked":["KillingDoll","Embodiment"],"picked":"Initiator","floor":33},{"not_picked":["Rewind","TimeWarp"],"picked":"ShatteredReality","floor":35},{"not_picked":["WasteNot","BottledTime+1"],"picked":"SilverBlades","floor":37},{"not_picked":["Spin","ShatteredReality+1"],"picked":"Rearm","floor":39},{"not_picked":["Deny","Hightail"],"picked":"BottledTime+1","floor":41},{"not_picked":["Jack Of All Trades","The Bomb"],"picked":"Bandage Up","floor":42},{"not_picked":["Dramatic Entrance","Mind Blast"],"picked":"conspire:Banana","floor":42},{"not_picked":["KillingDoll","FlawlessForm"],"picked":"Sunlight","floor":44},{"not_picked":["Alleviate+1","Rewind"],"picked":"DualDimension+1","floor":44},{"not_picked":["Alleviate+1","TimeWarp"],"picked":"Starlight","floor":47},{"not_picked":["BottledTime+1","Alleviate+1"],"picked":"DoubleEdge+1","floor":54}],"player_experience":2836894,"relics_obtained":[{"floor":7,"key":"Blood Vial"},{"floor":8,"key":"Omamori"},{"floor":9,"key":"Mercury Hourglass"},{"floor":11,"key":"Lizard Tail"},{"floor":24,"key":"Girya"},{"floor":26,"key":"CeramicFish"},{"floor":34,"key":"Anchor"},{"floor":34,"key":"Pantograph"},{"floor":34,"key":"StoneCalendar"},{"floor":41,"key":"hubris:Potato"},{"floor":44,"key":"conspire:GiftBox"},{"floor":54,"key":"sneckomod:BlankCard"}],"event_choices":[{"damage_healed":0,"gold_gain":0,"player_choice":"Grow","damage_taken":0,"max_hp_gain":0,"max_hp_loss":0,"event_name":"Living Wall","floor":3,"gold_loss":0,"cards_upgraded":["BestPractice"]},{"damage_healed":0,"gold_gain":275,"player_choice":"Desecrate","damage_taken":0,"max_hp_gain":0,"max_hp_loss":0,"event_name":"Golden Shrine","floor":4,"gold_loss":0,"cards_obtained":["Regret"]},{"damage_healed":0,"gold_gain":175,"player_choice":"AGREE","damage_taken":450,"max_hp_gain":0,"max_hp_loss":0,"event_name":"betterThird:BetterSerpent","floor":10,"gold_loss":0},{"damage_healed":0,"gold_gain":0,"player_choice":"Take Wound","damage_taken":0,"relics_obtained":["Golden Idol"],"max_hp_gain":0,"max_hp_loss":0,"event_name":"Golden Idol","floor":14,"gold_loss":0,"cards_obtained":["Injury"]},{"cards_removed":["Rearm"],"damage_healed":0,"gold_gain":0,"player_choice":"Take \u0026 Give","damage_taken":0,"max_hp_gain":0,"max_hp_loss":0,"event_name":"betterNote:BetterNote","floor":20,"gold_loss":0,"cards_obtained":["MurderousAura"]},{"damage_healed":0,"gold_gain":0,"player_choice":" RottenVial GoldIdol ","damage_taken":5,"relics_obtained":["betterAltar:BloodRelic","Bloody Idol"],"max_hp_gain":69,"max_hp_loss":64,"event_name":"betterAltar:BetterAltar","floor":29,"potions_obtained":[],"relics_lost":["Blood Vial","Golden Idol"],"gold_loss":0},{"damage_healed":0,"gold_gain":0,"player_choice":"Ignored","damage_taken":0,"max_hp_gain":0,"max_hp_loss":0,"event_name":"Vampires","floor":31,"gold_loss":0},{"damage_healed":0,"gold_gain":3,"player_choice":"1","damage_taken":0,"max_hp_gain":0,"max_hp_loss":0,"event_name":"betterStone:BetterStone","floor":42,"gold_loss":0},{"damage_healed":0,"gold_gain":0,"player_choice":"Fight","damage_taken":0,"max_hp_gain":0,"max_hp_loss":0,"event_name":"MindBloom","floor":44,"gold_loss":0},{"damage_healed":0,"gold_gain":0,"player_choice":"Ignored","damage_taken":0,"max_hp_gain":0,"max_hp_loss":0,"event_name":"OrinTheCat","floor":48,"gold_loss":0}],"is_beta":false,"boss_relics":[{"not_picked":["hubris:RunicObelisk","hubris:BlackHole"],"picked":"SplendidAttire"},{"not_picked":["conspire:RunicOctahedron","hubris:Stopwatch"],"picked":"Calling Bell"}],"items_purged_floors":[36,53],"is_endless":false,"potions_floor_spawned":[1,16,21,22,30,33,35,44,47],"ascension_level":0}}