{"host":"z37g2hkgkh2zjyzk","time":1613763812,"event":{"mods":["2.2 Compatiblity","AchievementEnabler","BaseMod","Bestiary","Colored Map","Colored Powertips","Curses Come First","Keyboard Shortcuts","Minty Spire (QoL Compilation)","Relic Stats","StSLib","SuperFastMode"],"gold_per_floor":[111,186,186,261,37,37,71,91,116,116,135,135,161,179,179,282,282,294,294,294,4,18,18,43,43,43,78,88,88,27,40,40,142,142,158,175,193,193,76,101,101,134,215,97,130,130,180,180,180,180,180,180,36,64,64],"floor_reached":56,"language":"ENG","playtime":8008,"items_purged":["Strike_G+1"],"score":1709,"play_id":"a3a07a78-5b00-4fd8-b26c-c9f4b75d9c51","local_time":"20210219204332","is_ascension_mode":true,"campfire_choices":[{"data":"Acrobatics","floor":6.0,"key":"SMITH"},{"floor":10.0,"key":"REST"},{"data":"Corpse Explosion","floor":12.0,"key":"SMITH"},{"data":"Riddle With Holes","floor":15.0,"key":"SMITH"},{"data":"Outmaneuver","floor":23.0,"key":"SMITH"},{"data":"Ghostly","floor":29.0,"key":"SMITH"},{"data":"Ghostly","floor":32.0,"key":"SMITH"},{"floor":41.0,"key":"REST"},{"floor":46.0,"key":"RECALL"},{"data":"Burst","floor":49.0,"key":"SMITH"},{"data":"Ghostly","floor":52,"key":"SMITH"}],"circlet_count":0,"master_deck":["Strike_G+1","Strike_G+1","Defend_G+1","Defend_G+1","Defend_G+1","Defend_G+1","Defend_G+1","Survivor","Neutralize","Acrobatics+1","Bullet Time+1","Corpse Explosion+1","Backstab","Riddle With Holes+1","Escape Plan","Tools of the Trade","Blade Dance","Dodge and Roll","Night Terror","Outmaneuver+1","Backflip","Ghostly+1","Ghostly+1","Ghostly+1","Ghostly+1","Ghostly","Underhanded Strike","Cloak And Dagger","Well Laid Plans+1","Burst+1","Infinite Blades+1","Leg Sweep+1","Noxious Fumes+1","Accuracy+1","Footwork+1","Backstab+1","Caltrops+1","Catalyst","Acrobatics+1"],"relics":["HoveringKite","Anchor","Oddly Smooth Stone","Snake Skull","Toy Ornithopter","Black Star","Bag of Preparation","TwistedFunnel","Shuriken","Nunchaku","Frozen Egg 2","Centennial Puzzle","The Courier","WristBlade","Omamori","Blue Candle","Bottled Tornado","Vajra","War Paint","Blood Vial","Pen Nib","FossilizedHelix","Dead Branch","Lantern"],"acts_visited":["Exordium","TheCity","TheBeyond","TheEnding"],"potions_floor_usage":[55],"damage_taken":[{"damage":2.0,"enemies":"Jaw Worm","floor":1.0,"turns":5.0},{"damage":12.0,"enemies":"3 Sentries","floor":7.0,"turns":12.0},{"damage":0.0,"enemies":"Small Slimes","floor":8.0,"turns":2.0},{"damage":0.0,"enemies":"Cultist","floor":11.0,"turns":3.0},{"damage":13.0,"enemies":"Gremlin Nob","floor":13.0,"turns":5.0},{"damage":0.0,"enemies":"3 Louse","floor":14.0,"turns":1.0},{"damage":27.0,"enemies":"Slime Boss","floor":16.0,"turns":14.0},{"damage":5.0,"enemies":"2 Thieves","floor":18.0,"turns":4.0},{"damage":0.0,"enemies":"Spheric Guardian","floor":22.0,"turns":4.0},{"damage":0.0,"enemies":"Slavers","floor":24.0,"turns":2.0},{"damage":0.0,"enemies":"Gremlin Leader","floor":27.0,"turns":6.0},{"damage":0.0,"enemies":"Centurion and Healer","floor":28.0,"turns":5.0},{"damage":3.0,"enemies":"Chosen and Byrds","floor":31.0,"turns":6.0},{"damage":18.0,"enemies":"Champ","floor":33.0,"turns":9.0},{"damage":4.0,"enemies":"3 Darklings","floor":35.0,"turns":5.0},{"damage":0.0,"enemies":"Orb Walker","floor":36.0,"turns":4.0},{"damage":10.0,"enemies":"3 Darklings","floor":37.0,"turns":3.0},{"damage":24.0,"enemies":"Nemesis","floor":40.0,"turns":7.0},{"damage":0.0,"enemies":"Giant Head","floor":42.0,"turns":7.0},{"damage":3.0,"enemies":"Nemesis","floor":45.0,"turns":7.0},{"damage":5.0,"enemies":"Mind Bloom Boss Battle","floor":47.0,"turns":4.0},{"damage":0.0,"enemies":"Donu and Deca","floor":50.0,"turns":6.0},{"damage":0,"enemies":"Shield and Spear","floor":54,"turns":7},{"damage":21,"enemies":"The Heart","floor":55,"turns":9}],"seed_played":"-5601901638356996192","potions_obtained":[{"floor":7.0,"key":"Regen Potion"},{"floor":8.0,"key":"DistilledChaos"},{"floor":13.0,"key":"GamblersBrew"},{"floor":18.0,"key":"FearPotion"},{"floor":27.0,"key":"Regen Potion"},{"floor":31.0,"key":"Poison Potion"},{"floor":37.0,"key":"FearPotion"},{"floor":40.0,"key":"SmokeBomb"},{"floor":47.0,"key":"ColorlessPotion"},{"floor":54,"key":"Weak Potion"}],"is_trial":false,"path_per_floor":["M","?","?","?","$","R","E","M","T","R","M","R","E","M","R","B",null,"M","?","?","$","M","R","E","?","T","E","M","R","$","M","R","B",null,"M","M","M","?","$","E","R","E","T","$","E","R","?","?","R","B",null,"R","$","E","B",null],"character_chosen":"THE_SILENT","items_purchased":["Bullet Time","Anchor","Bag of Preparation","TwistedFunnel","Well Laid Plans+1","Noxious Fumes+1","Accuracy+1","War Paint","Caltrops+1","Catalyst"],"campfire_rested":2,"item_purchase_floors":[5,5,21,21,30,39,39,44,53,53],"current_hp_per_floor":[68,57,43,36,36,36,24,24,24,45,45,45,32,32,32,15,56,51,51,51,51,51,51,51,35,35,35,35,35,35,32,32,22,32,28,28,18,18,18,13,23,23,23,23,20,20,17,26,26,33,35,35,35,35,14],"gold":64,"neow_bonus":"BOSS_RELIC","is_daily":false,"chose_seed":false,"campfire_upgraded":8,"win_rate":0.0,"timestamp":1613763812,"path_taken":["M","?","?","?","$","R","E","?","T","R","M","R","E","M","R","BOSS","M","?","?","$","M","R","E","?","T","E","M","R","?","M","R","BOSS","M","M","M","?","$","E","R","E","T","$","E","R","?","?","R","BOSS","R","$","E","BOSS"],"items_purchased_type":["Card","Relic","Relic","Relic","Card","Card","Card","Relic","Card","Card"],"build_version":"2020-12-22","purchased_purges":1,"victory":true,"max_hp_per_floor":[70,70,70,70,70,70,70,70,70,70,70,70,70,70,70,70,70,70,70,70,70,70,70,70,35,35,35,35,35,35,35,35,35,35,35,35,35,35,35,35,35,35,35,35,35,35,35,35,35,35,35,35,35,35,35],"relic_stats":{"counters":[24,137],"Blue Candle":[0],"Dead Branch":[21],"HoveringKite":[81],"Snake Skull":[88],"Pen Nib":[6],"Bag of Preparation":[32],"War Paint":["Bullet Time","Ghostly"],"Blood Vial":4,"Nunchaku":[19],"Centennial Puzzle":[24],"Shuriken":[33],"Black Star":6,"obtain_stats":[{"TwistedFunnel":21,"Lantern":54,"HoveringKite":0,"Vajra":42,"Snake Skull":9,"Bag of Preparation":21,"Bottled Tornado":42,"Blood Vial":45,"Nunchaku":24,"Centennial Puzzle":27,"WristBlade":34,"Ring of the Snake":0,"Blue Candle":40,"Dead Branch":54,"Oddly Smooth Stone":7,"The Courier":27,"Pen Nib":45,"Omamori":40,"Frozen Egg 2":26,"War Paint":44,"Anchor":5,"Shuriken":24,"Black Star":17,"Toy Ornithopter":13,"FossilizedHelix":47},{"TwistedFunnel":8,"Lantern":23,"HoveringKite":0,"Vajra":19,"Snake Skull":3,"Bag of Preparation":8,"Bottled Tornado":19,"Blood Vial":20,"Nunchaku":10,"Centennial Puzzle":11,"WristBlade":14,"Ring of the Snake":0,"Blue Candle":18,"Dead Branch":23,"Oddly Smooth Stone":2,"The Courier":11,"Pen Nib":20,"Omamori":18,"Frozen Egg 2":10,"War Paint":19,"Anchor":1,"Shuriken":10,"Black Star":7,"Toy Ornithopter":5,"FossilizedHelix":21},{"TwistedFunnel":46,"Lantern":128,"HoveringKite":0,"Vajra":104,"Snake Skull":19,"Bag of Preparation":46,"Bottled Tornado":104,"Blood Vial":111,"Nunchaku":52,"Centennial Puzzle":58,"WristBlade":78,"Ring of the Snake":0,"Blue Candle":97,"Dead Branch":128,"Oddly Smooth Stone":17,"The Courier":58,"Pen Nib":111,"Omamori":97,"Frozen Egg 2":52,"War Paint":104,"Anchor":5,"Shuriken":52,"Black Star":42,"Toy Ornithopter":27,"FossilizedHelix":115}],"Toy Ornithopter":33},"card_choices":[{"not_picked":["Dagger Throw","Distraction"],"picked":"Acrobatics","floor":1.0},{"not_picked":["PiercingWail","Skewer"],"picked":"Corpse Explosion","floor":7.0},{"not_picked":["Blade Dance","Outmaneuver"],"picked":"Backstab","floor":8.0},{"not_picked":["Deadly Poison","Concentrate"],"picked":"Riddle With Holes","floor":11.0},{"not_picked":["Poisoned Stab","Expertise"],"picked":"Escape Plan","floor":13.0},{"not_picked":["Prepared","Slice","Dagger Throw"],"picked":"SKIP","floor":14.0},{"not_picked":["Phantasmal Killer","Grand Finale"],"picked":"Tools of the Trade","floor":16.0},{"not_picked":["Dagger Throw+1","Slice"],"picked":"Blade Dance","floor":18.0},{"not_picked":["Dash","Deflect"],"picked":"Outmaneuver","floor":22.0},{"not_picked":["Flechettes","Phantasmal Killer"],"picked":"Backflip","floor":24.0},{"not_picked":["Skewer","Dagger Spray"],"picked":"Underhanded Strike","floor":27.0},{"not_picked":["Bane","Backflip"],"picked":"Cloak And Dagger","floor":28.0},{"not_picked":["Backflip","Bouncing Flask+1","Heel Hook+1"],"picked":"SKIP","floor":31.0},{"not_picked":["Die Die Die","Bullet Time"],"picked":"Burst","floor":33.0},{"not_picked":["Sucker Punch","Prepared+1","Poisoned Stab"],"picked":"SKIP","floor":35.0},{"not_picked":["Flying Knee","Heel Hook+1"],"picked":"Infinite Blades+1","floor":36.0},{"not_picked":["Glass Knife","Bane"],"picked":"Leg Sweep+1","floor":37.0},{"not_picked":["Flechettes","Dagger Spray","Dagger Throw"],"picked":"SKIP","floor":40.0},{"not_picked":["Blade Dance","Dagger Throw"],"picked":"Footwork+1","floor":42.0},{"not_picked":["Blur+1","Night Terror"],"picked":"Backstab+1","floor":45.0},{"not_picked":["Bouncing Flask+1","Deflect+1"],"picked":"Acrobatics+1","floor":54}],"player_experience":127187,"relics_obtained":[{"floor":7.0,"key":"Oddly Smooth Stone"},{"floor":9.0,"key":"Snake Skull"},{"floor":13.0,"key":"Toy Ornithopter"},{"floor":24.0,"key":"Shuriken"},{"floor":24.0,"key":"Nunchaku"},{"floor":26.0,"key":"Frozen Egg 2"},{"floor":27.0,"key":"Centennial Puzzle"},{"floor":27.0,"key":"The Courier"},{"floor":40.0,"key":"Omamori"},{"floor":40.0,"key":"Blue Candle"},{"floor":42.0,"key":"Bottled Tornado"},{"floor":42.0,"key":"Vajra"},{"floor":45.0,"key":"Blood Vial"},{"floor":45.0,"key":"Pen Nib"},{"floor":47.0,"key":"FossilizedHelix"},{"floor":54,"key":"Dead Branch"},{"floor":54,"key":"Lantern"}],"event_choices":[{"damage_healed":0.0,"max_hp_gain":0.0,"max_hp_loss":0.0,"gold_gain":75.0,"event_name":"World of Goop","player_choice":"Gather Gold","floor":2.0,"gold_loss":0.0,"damage_taken":11.0},{"damage_healed":0.0,"max_hp_gain":0.0,"max_hp_loss":0.0,"gold_gain":0.0,"event_name":"Shining Light","player_choice":"Entered Light","floor":3.0,"gold_loss":0.0,"damage_taken":14.0,"cards_upgraded":["Defend_G","Strike_G"]},{"damage_healed":0.0,"max_hp_gain":0.0,"max_hp_loss":0.0,"gold_gain":75.0,"event_name":"FaceTrader","player_choice":"Touch","floor":4.0,"gold_loss":0.0,"damage_taken":7.0},{"damage_healed":0.0,"max_hp_gain":0.0,"max_hp_loss":0.0,"gold_gain":0.0,"cards_transformed":["Strike_G","Strike_G"],"event_name":"Drug Dealer","player_choice":"Became Test Subject","floor":19.0,"gold_loss":0.0,"damage_taken":0.0,"cards_obtained":["Dodge and Roll","Night Terror"]},{"damage_healed":0.0,"max_hp_gain":0.0,"max_hp_loss":0.0,"gold_gain":0.0,"event_name":"Back to Basics","player_choice":"Simplicity","floor":20.0,"gold_loss":0.0,"damage_taken":0.0,"cards_upgraded":["Strike_G","Strike_G","Defend_G","Defend_G","Defend_G","Defend_G"]},{"damage_healed":0.0,"max_hp_gain":0.0,"max_hp_loss":35.0,"gold_gain":0.0,"event_name":"Ghosts","player_choice":"Became a Ghost","floor":25.0,"gold_loss":0.0,"damage_taken":0.0,"cards_obtained":["Ghostly","Ghostly","Ghostly","Ghostly","Ghostly"]},{"damage_healed":0.0,"max_hp_gain":0.0,"max_hp_loss":0.0,"gold_gain":0.0,"event_name":"Tomb of Lord Red Mask","player_choice":"Ignored","floor":38.0,"gold_loss":0.0,"damage_taken":0.0},{"damage_healed":0.0,"max_hp_gain":0.0,"max_hp_loss":0.0,"gold_gain":0.0,"event_name":"MindBloom","player_choice":"Fight","floor":47.0,"gold_loss":0.0,"damage_taken":0.0},{"damage_healed":9.0,"max_hp_gain":0.0,"max_hp_loss":0.0,"gold_gain":0.0,"event_name":"Winding Halls","player_choice":"Writhe","floor":48.0,"gold_loss":0.0,"damage_taken":0.0,"cards_obtained":["Writhe"]}],"is_beta":false,"boss_relics":[{"not_picked":["Snecko Eye","Ectoplasm"],"picked":"Black Star"},{"not_picked":["Calling Bell","Runic Dome"],"picked":"WristBlade"}],"items_purged_floors":[53],"is_endless":false,"potions_floor_spawned":[7,8,13,18,27,31,37,40,47,54],"ascension_level":5}}