{"host":"siagz6a7l016lv9o","time":1613758756,"event":{"mods":["AchievementEnabler","BaseMod","Colored Map","Downfall","Minty Spire (QoL Compilation)","Quick Restart","StSLib"],"gold_per_floor":[114,114,130,130,146,171,171,196,272,288,306,155,191,191,191,288,288,288],"floor_reached":17,"language":"ENG","playtime":635,"items_purged":["Strike_B"],"score":167,"play_id":"4fd97874-9441-40a3-b99e-2f552f19eddb","local_time":"20210219191916","is_ascension_mode":false,"campfire_choices":[{"data":"Dualcast","floor":7,"key":"SMITH"},{"floor":15,"key":"REST"}],"circlet_count":0,"master_deck":["Strike_B","Strike_B","Strike_B","Defend_B","Defend_B","Defend_B","Defend_B","Zap","Dualcast+1","Cold Snap","Blizzard","Barrage","Beam Cell","Steam","Capacitor","Barrage","Buffer","CurseOfTheBell"],"relics":["Cracked Core","NeowsBlessing","Blue Candle","Unceasing Top","PreservedInsect","Letter Opener","Lizard Tail","Calling Bell","Happy Flower","Eternal Feather","Girya"],"acts_visited":["Exordium","TheCity"],"potions_floor_usage":[6,13,16,16],"damage_taken":[{"damage":0.0,"enemies":"Small Slimes","floor":1.0,"turns":1.0},{"damage":0,"enemies":"Cultist","floor":3,"turns":1},{"damage":0,"enemies":"Jaw Worm","floor":5,"turns":1},{"damage":24,"enemies":"Gremlin Nob","floor":6,"turns":4},{"damage":30,"enemies":"Lagavulin","floor":8,"turns":7},{"damage":0,"enemies":"Looter","floor":10,"turns":3},{"damage":0,"enemies":"2 Fungi Beasts","floor":11,"turns":2},{"damage":9,"enemies":"Blue Slaver","floor":13,"turns":3},{"damage":22,"enemies":"Slime Boss","floor":16,"turns":9}],"seed_played":"4557537614440600959","potions_obtained":[{"floor":5,"key":"Explosive Potion"},{"floor":6,"key":"FocusPotion"},{"floor":8,"key":"ColorlessPotion"},{"floor":11,"key":"Slimebound:ThreeZeroPotion"},{"floor":13,"key":"PowerPotion"}],"is_trial":false,"path_per_floor":["M","?","M","?","M","E","R","E","T","M","M","$","M","T","R","B",null],"character_chosen":"DEFECT","items_purchased":["Capacitor"],"campfire_rested":1,"item_purchase_floors":[12],"current_hp_per_floor":[75,70,70,70,70,46,46,16,16,16,16,16,7,7,29,7,75,75],"gold":288,"neow_bonus":"THREE_ENEMY_KILL","is_daily":false,"chose_seed":false,"campfire_upgraded":1,"win_rate":0.0,"timestamp":1613758756,"path_taken":["M","?","M","?","?","E","R","E","T","M","M","$","M","?","R","BOSS"],"items_purchased_type":["Card"],"build_version":"2020-12-22","purchased_purges":1,"victory":false,"max_hp_per_floor":[75,75,75,75,75,75,75,75,75,75,75,75,75,75,75,75,75,75],"card_choices":[{"not_picked":["Hologram","Redo"],"picked":"Cold Snap","floor":1.0},{"not_picked":["Skim","Go for the Eyes"],"picked":"Blizzard","floor":3},{"not_picked":["Auto Shields","Gash"],"picked":"Barrage","floor":5},{"not_picked":["Scrape","Compile Driver","Storm"],"picked":"SKIP","floor":6},{"not_picked":["Streamline","Gash","Leap"],"picked":"SKIP","floor":8},{"not_picked":["Go for the Eyes","Chaos"],"picked":"Beam Cell","floor":10},{"not_picked":["Gash","Genetic Algorithm"],"picked":"Steam","floor":11},{"not_picked":["Gash","Genetic Algorithm"],"picked":"Barrage","floor":13},{"not_picked":["Amplify","Thunder Strike"],"picked":"Buffer","floor":16}],"player_experience":5297,"relics_obtained":[{"floor":6,"key":"Unceasing Top"},{"floor":8,"key":"PreservedInsect"},{"floor":9,"key":"Letter Opener"},{"floor":14,"key":"Lizard Tail"},{"floor":17,"key":"Happy Flower"},{"floor":17,"key":"Eternal Feather"},{"floor":17,"key":"Girya"}],"event_choices":[{"damage_healed":0,"gold_gain":0,"player_choice":"0 cards matched","damage_taken":0,"max_hp_gain":0,"max_hp_loss":0,"event_name":"Match and Keep!","floor":4,"gold_loss":0,"cards_obtained":[]}],"is_beta":false,"boss_relics":[{"not_picked":["Snecko Eye","Tiny House"],"picked":"Calling Bell"}],"items_purged_floors":[12],"is_endless":false,"potions_floor_spawned":[5,6,8,11,13],"ascension_level":0}}