{"host":"Tuck","time":1613711419,"event":{"mods":["BaseMod","Minty Spire (QoL Compilation)","StSLib"],"gold_per_floor":[114,114,271,371,388,388,421,433,485,495,29,63,74,89,89,186,186,196,190,203,544,568,598,617,645,645,657,673,686,686,717,717,820,820,840,853,873,498,516,547,547,577,604,604,635,646,696,673,673,673,673,673,286,313,313],"floor_reached":56,"language":"ENG","playtime":3425,"items_purged":["Regret","Strike_G","Strike_G","Strike_G"],"score":1827,"play_id":"b4efc63a-7880-41f3-9471-e2dff00da70e","local_time":"20210218221019","is_ascension_mode":true,"campfire_choices":[{"data":"Adrenaline","floor":6,"key":"SMITH"},{"data":"Noxious Fumes","floor":15,"key":"SMITH"},{"data":"Tactician","floor":30,"key":"SMITH"},{"data":"Tactician","floor":32,"key":"SMITH"},{"data":"Envenom","floor":41,"key":"SMITH"},{"data":"Adrenaline","floor":49,"key":"SMITH"},{"data":"Night Terror","floor":52,"key":"SMITH"}],"circlet_count":0,"master_deck":["Survivor","Neutralize","Adrenaline+1","Riddle With Holes","Quick Slash","Caltrops","Outmaneuver","Riddle With Holes","Caltrops","Cloak And Dagger","Noxious Fumes+1","Blade Dance","Accuracy","Accuracy","Backflip","Envenom+1","Acrobatics","Backflip","Sadistic Nature","Tactician+1","Panache","Footwork","Tactician+1","Reflex","Blade Dance","Acrobatics+1","Night Terror+1","Predator","Slice","Glass Knife","Reflex","Backstab","Deflect","Adrenaline+1","After Image","Deflect","Leg Sweep","Secret Technique","Footwork+1"],"relics":["Ring of the Snake","OrangePellets","TungstenRod","Potion Belt","Shuriken","Toy Ornithopter","WristBlade","Question Card","Regal Pillow","Ninja Scroll","Pear","Mercury Hourglass","Happy Flower","Pandora\u0027s Box","TwistedFunnel","Vajra","WingedGreaves","Omamori","Art of War","Ornamental Fan","Ginger","Lantern","Strawberry"],"acts_visited":["Exordium","TheCity","TheBeyond","TheEnding"],"potions_floor_usage":[7,10,55,55,55],"damage_taken":[{"damage":0,"enemies":"2 Louse","floor":1,"turns":2},{"damage":0,"enemies":"Jaw Worm","floor":5,"turns":3},{"damage":16,"enemies":"3 Sentries","floor":7,"turns":11},{"damage":0,"enemies":"Cultist","floor":8,"turns":3},{"damage":0,"enemies":"Gremlin Gang","floor":10,"turns":4},{"damage":15,"enemies":"Gremlin Nob","floor":12,"turns":3},{"damage":2,"enemies":"Red Slaver","floor":13,"turns":4},{"damage":0,"enemies":"Exordium Thugs","floor":14,"turns":4},{"damage":0,"enemies":"Slime Boss","floor":16,"turns":8},{"damage":0,"enemies":"Shell Parasite","floor":18,"turns":3},{"damage":1,"enemies":"3 Byrds","floor":20,"turns":4},{"damage":0,"enemies":"Gremlin Leader","floor":23,"turns":4},{"damage":1,"enemies":"Shelled Parasite and Fungi","floor":24,"turns":2},{"damage":0,"enemies":"Slavers","floor":25,"turns":2},{"damage":0,"enemies":"Centurion and Healer","floor":27,"turns":2},{"damage":0,"enemies":"Snake Plant","floor":28,"turns":2},{"damage":0,"enemies":"Chosen and Byrds","floor":29,"turns":3},{"damage":0,"enemies":"Gremlin Leader","floor":31,"turns":3},{"damage":0,"enemies":"Champ","floor":33,"turns":2},{"damage":0,"enemies":"3 Shapes","floor":35,"turns":2},{"damage":1,"enemies":"Orb Walker","floor":36,"turns":2},{"damage":0,"enemies":"Jaw Worm Horde","floor":37,"turns":2},{"damage":0,"enemies":"4 Shapes","floor":39,"turns":3},{"damage":0,"enemies":"Reptomancer","floor":40,"turns":4},{"damage":0,"enemies":"Nemesis","floor":42,"turns":1},{"damage":0,"enemies":"Reptomancer","floor":45,"turns":2},{"damage":9,"enemies":"Spire Growth","floor":46,"turns":3},{"damage":0,"enemies":"Mind Bloom Boss Battle","floor":47,"turns":3},{"damage":0,"enemies":"Awakened One","floor":50,"turns":8},{"damage":1,"enemies":"Shield and Spear","floor":54,"turns":3},{"damage":0,"enemies":"The Heart","floor":55,"turns":5}],"seed_played":"2357573323622711394","potions_obtained":[{"floor":5,"key":"ColorlessPotion"},{"floor":7,"key":"DistilledChaos"},{"floor":16,"key":"CultistPotion"},{"floor":18,"key":"FearPotion"},{"floor":24,"key":"Block Potion"},{"floor":25,"key":"Poison Potion"},{"floor":27,"key":"Strength Potion"},{"floor":39,"key":"SkillPotion"}],"is_trial":false,"path_per_floor":["M","?","$","?","M","R","E","M","T","M","$","E","M","M","R","B",null,"M","$","M","$","T","E","M","E","T","M","M","M","R","E","R","B",null,"M","M","M","$","M","E","R","E","T","?","E","M","?","$","R","B",null,"R","$","E","B",null],"character_chosen":"THE_SILENT","items_purchased":["Caltrops","OrangePellets","TungstenRod","Outmaneuver","Shuriken","Blade Dance","Accuracy","Acrobatics","Backflip","Question Card","Sadistic Nature","Panache","Adrenaline","TwistedFunnel","Vajra","Deflect","Leg Sweep","Lantern","Secret Technique"],"campfire_rested":0,"item_purchase_floors":[3,3,3,3,11,11,11,19,19,19,19,21,38,38,38,48,53,53,53],"current_hp_per_floor":[70,70,70,70,70,70,54,54,54,54,54,39,37,37,37,37,70,70,70,69,69,69,69,68,78,78,78,78,78,78,78,78,78,80,80,79,79,79,79,79,79,79,79,79,79,70,70,70,70,70,80,80,80,86,87],"gold":313,"neow_bonus":"THREE_RARE_CARDS","is_daily":false,"chose_seed":false,"campfire_upgraded":7,"win_rate":0.0,"timestamp":1613711419,"path_taken":["M","?","$","?","M","R","E","M","T","M","$","E","?","M","R","BOSS","M","$","?","$","?","E","M","E","T","M","M","M","R","E","R","BOSS","M","M","M","$","M","E","R","E","T","?","E","M","?","$","R","BOSS","R","$","E","BOSS"],"items_purchased_type":["Card","Relic","Relic","Card","Relic","Card","Card","Card","Card","Relic","Card","Card","Card","Relic","Relic","Card","Card","Relic","Card"],"build_version":"2020-12-18","purchased_purges":4,"victory":true,"max_hp_per_floor":[70,70,70,70,70,70,70,70,70,70,70,70,70,70,70,70,70,70,70,70,70,70,70,70,80,80,80,80,80,80,80,80,80,80,80,80,80,80,80,80,80,80,80,80,80,80,80,80,80,80,80,80,80,87,87],"card_choices":[{"not_picked":["Phantasmal Killer","Glass Knife"],"picked":"Adrenaline","floor":0},{"not_picked":["Poisoned Stab","Crippling Poison"],"picked":"Riddle With Holes","floor":1},{"not_picked":["Concentrate","Deflect"],"picked":"Riddle With Holes","floor":5},{"not_picked":["Endless Agony","Dagger Throw"],"picked":"Caltrops","floor":7},{"not_picked":["Underhanded Strike","Slice"],"picked":"Cloak And Dagger","floor":8},{"not_picked":["Deadly Poison","Caltrops"],"picked":"Noxious Fumes","floor":10},{"not_picked":["PiercingWail","All Out Attack"],"picked":"Accuracy","floor":12},{"not_picked":["Quick Slash","Sucker Punch"],"picked":"Backflip","floor":13},{"not_picked":["Dagger Spray","Flying Knee","Dagger Throw"],"picked":"SKIP","floor":14},{"not_picked":["Unload","Grand Finale"],"picked":"Envenom","floor":16},{"not_picked":["Skewer","Riddle With Holes","Dagger Throw+1"],"picked":"SKIP","floor":18},{"not_picked":["Skewer","Riddle With Holes","Dagger Throw+1"],"picked":"SKIP","floor":18},{"not_picked":["Deflect","Eviscerate","Underhanded Strike"],"picked":"Tactician","floor":20},{"not_picked":["Slice","Cloak And Dagger","Unload","Quick Slash"],"picked":"SKIP","floor":23},{"not_picked":["Prepared","Flechettes","Underhanded Strike+1"],"picked":"Footwork","floor":24},{"not_picked":["Deflect+1","Deadly Poison","Choke+1"],"picked":"Tactician","floor":25},{"not_picked":["Slice+1","Bane","Dagger Spray"],"picked":"Reflex","floor":27},{"not_picked":["Unload","Choke","Deadly Poison","Poisoned Stab"],"picked":"SKIP","floor":28},{"not_picked":["PiercingWail","Cloak And Dagger","Caltrops"],"picked":"Blade Dance","floor":29},{"not_picked":["Heel Hook","Dagger Spray","Catalyst"],"picked":"Acrobatics+1","floor":31},{"not_picked":["Unload","Doppelganger","Malaise"],"picked":"Night Terror","floor":33},{"not_picked":["Backflip+1","Sucker Punch+1","Quick Slash","Flying Knee"],"picked":"SKIP","floor":35},{"not_picked":["Terror","Deflect","Dagger Throw+1","Deadly Poison"],"picked":"SKIP","floor":36},{"not_picked":["Underhanded Strike+1","Dodge and Roll+1","Blade Dance+1","Dagger Throw"],"picked":"SKIP","floor":37},{"not_picked":["Riddle With Holes","Cloak And Dagger+1","Blade Dance"],"picked":"After Image","floor":39},{"not_picked":["Dodge and Roll","Deflect+1","Bane","Terror"],"picked":"SKIP","floor":40},{"not_picked":["Grand Finale","Quick Slash","Riddle With Holes+1","All Out Attack"],"picked":"SKIP","floor":42},{"not_picked":["Backflip+1","Dagger Spray","Heel Hook+1","Outmaneuver+1"],"picked":"SKIP","floor":45},{"not_picked":["Acrobatics+1","Dodge and Roll","Deadly Poison","Slice+1"],"picked":"SKIP","floor":46},{"not_picked":["Accuracy+1","Blade Dance","Doppelganger"],"picked":"Footwork+1","floor":54}],"player_experience":2437371,"relics_obtained":[{"floor":7,"key":"Potion Belt"},{"floor":12,"key":"Toy Ornithopter"},{"floor":22,"key":"Regal Pillow"},{"floor":23,"key":"Ninja Scroll"},{"floor":25,"key":"Pear"},{"floor":26,"key":"Mercury Hourglass"},{"floor":31,"key":"Happy Flower"},{"floor":40,"key":"WingedGreaves"},{"floor":42,"key":"Omamori"},{"floor":43,"key":"Art of War"},{"floor":45,"key":"Ornamental Fan"},{"floor":47,"key":"Ginger"},{"floor":54,"key":"Strawberry"}],"event_choices":[{"damage_healed":0,"gold_gain":0,"cards_transformed":["Strike_G"],"player_choice":"Change","damage_taken":0,"max_hp_gain":0,"max_hp_loss":0,"event_name":"Living Wall","floor":2,"gold_loss":0,"cards_obtained":["Quick Slash"]},{"damage_healed":0,"gold_gain":100,"player_choice":"Gold","damage_taken":0,"max_hp_gain":0,"max_hp_loss":0,"event_name":"Wheel of Change","floor":4,"gold_loss":0},{"damage_healed":0,"gold_gain":0,"player_choice":"Ignored","damage_taken":0,"max_hp_gain":0,"max_hp_loss":0,"event_name":"Tomb of Lord Red Mask","floor":44,"gold_loss":0},{"damage_healed":0,"gold_gain":0,"player_choice":"Fight","damage_taken":0,"max_hp_gain":0,"max_hp_loss":0,"event_name":"MindBloom","floor":47,"gold_loss":0}],"is_beta":true,"boss_relics":[{"not_picked":["Runic Dome","Fusion Hammer"],"picked":"WristBlade"},{"not_picked":["Cursed Key","Velvet Choker"],"picked":"Pandora\u0027s Box"}],"items_purged_floors":[3,11,19,21],"is_endless":false,"potions_floor_spawned":[5,7,16,18,24,25,27,39,40,45],"ascension_level":1}}