{"host":"o1scrl1hgy598kuq","time":1613714960,"event":{"mods":["BaseMod","Colored Map","Colored Powertips","Minty Spire (QoL Compilation)","Remilia??????","Replay The Spire","Shop Mod","StSLib","The Jungle","The Marked","The Servant 0.9.4"],"gold_per_floor":[112,112,31,51,65,65,93,116,140,65,65,99,110,57,57,57,57],"floor_reached":16,"language":"ENG","playtime":628,"items_purged":[],"score":130,"play_id":"1a33d75a-ed66-4bf4-a792-0b348d549e2d","local_time":"20210219000920","is_ascension_mode":true,"campfire_choices":[{"data":"Tempest","floor":6,"key":"SMITH"},{"data":"Recycle","floor":11,"key":"SMITH"},{"floor":15,"key":"DIG"}],"circlet_count":0,"master_deck":["Strike_B+2","Strike_B","Strike_B+1","Defend_B+1","Defend_B","Defend_B","Defend_B","Zap","Dualcast","Tempest+1","Auto Shields","ReplaySolidLightProjector","Capacitor","FIFO Queue","ReplayGash","Recycle+1","Storm","Conserve Battery"],"relics":["Cracked Core","NeowsBlessing","Whetstone","Odd Mushroom","Oddly Smooth Stone","ReplayFunnel","Simple Rune","Replay:Baseball"],"acts_visited":["Exordium"],"potions_floor_usage":[7,7,12,13],"damage_taken":[{"damage":0,"enemies":"Jaw Worm","floor":1,"turns":1},{"damage":0,"enemies":"Cultist","floor":4,"turns":1},{"damage":0,"enemies":"Small Slimes","floor":5,"turns":1},{"damage":27,"enemies":"3 Sentries","floor":7,"turns":6},{"damage":27,"enemies":"The Mushroom Lair","floor":8,"turns":5},{"damage":12,"enemies":"Replay:BlueRogue","floor":12,"turns":5},{"damage":13,"enemies":"Exordium Wildlife","floor":13,"turns":6},{"damage":36,"enemies":"The Guardian","floor":16,"turns":2}],"seed_played":"-8764893142139187585","potions_obtained":[{"floor":1,"key":"Energy Potion"},{"floor":5,"key":"Adrenaline Potion"},{"floor":8,"key":"Fruit Juice"},{"floor":12,"key":"Regen Potion"}],"is_trial":false,"path_per_floor":["M","?","$","M","M","R","E","?","T","$","R","E","M","?","R_BF","B"],"character_chosen":"DEFECT","items_purchased":["ReplaySolidLightProjector","Recycle"],"campfire_rested":0,"item_purchase_floors":[3,10],"current_hp_per_floor":[75,75,75,75,75,75,48,21,21,21,21,14,16,16,16,0,0],"gold":57,"neow_bonus":"THREE_ENEMY_KILL","is_daily":false,"chose_seed":false,"campfire_upgraded":2,"win_rate":0.0,"timestamp":1613714960,"path_taken":["M","?","$","?","M","R","E","?","T","?","R","E","?","?","R_BF","BOSS"],"items_purchased_type":["Card","Card"],"build_version":"2020-12-22","purchased_purges":0,"victory":false,"max_hp_per_floor":[75,75,75,75,75,75,75,75,75,75,75,80,80,80,80,80,80],"card_choices":[{"not_picked":["Barrage","Compile Driver"],"picked":"Tempest","floor":1},{"not_picked":["Hologram","Go for the Eyes"],"picked":"Capacitor","floor":4},{"not_picked":["Scrape","BasicCrystalCard"],"picked":"FIFO Queue","floor":5},{"not_picked":["Chaos","Steam","Rebound"],"picked":"SKIP","floor":7},{"not_picked":["Melter","Rainbow"],"picked":"ReplayGash","floor":8},{"not_picked":["Go for the Eyes","Redo"],"picked":"Storm","floor":12},{"not_picked":["Steam Power","Redo"],"picked":"Conserve Battery","floor":13}],"player_experience":266166,"relics_obtained":[{"floor":7,"key":"Whetstone"},{"floor":8,"key":"Odd Mushroom"},{"floor":9,"key":"Oddly Smooth Stone"},{"floor":12,"key":"ReplayFunnel"},{"floor":15,"key":"Replay:Baseball"}],"event_choices":[{"damage_healed":0,"gold_gain":0,"cards_transformed":["Strike_B"],"player_choice":"Transformed","damage_taken":0,"max_hp_gain":0,"max_hp_loss":0,"event_name":"Transmorgrifier","floor":2,"gold_loss":0,"cards_obtained":["Auto Shields"]},{"damage_healed":0,"gold_gain":0,"player_choice":"Fought Mushrooms","damage_taken":0,"max_hp_gain":0,"max_hp_loss":0,"event_name":"Mushrooms","floor":8,"gold_loss":0},{"damage_healed":0,"gold_gain":0,"player_choice":"Paid Gold","damage_taken":0,"relics_obtained":["Simple Rune"],"max_hp_gain":0,"max_hp_loss":0,"event_name":"WeMeetAgain","floor":14,"gold_loss":53}],"is_beta":false,"boss_relics":[],"items_purged_floors":[],"is_endless":false,"potions_floor_spawned":[1,5,8,12],"killed_by":"The Guardian","ascension_level":4}}