{"host":"lvglfvqy3xrupc2a","time":1613706642,"event":{"mods":["Act Like it!","Aspiration","BaseMod","Better Altar","Better Match","Better Note","Better Sensory Stone","Better Skull","Better Third Choice","BetterRewards","Conspire","Friendly Minions","Gensokyo","Grow up Mod","Hubris","HumanHunterMod(????mod)","Humility","Infinite Spire","Lobotomy","LobotomyExtend","Mimic Mod","Minty Spire (QoL Compilation)","MostiFishMod","Remove Card Discount Mod","Replay The Spire","Reworked Bosses","Ruina","Spicy Shops","StSLib","The Blue Laboratory","The Necromancer","Uncapped","[IsaacMod]????"],"gold_per_floor":[112,112,123,49,26,26,26,57,102,102,102],"floor_reached":10,"language":"ENG","playtime":357,"items_purged":[],"score":159,"play_id":"6931b24a-ee8a-4c6d-94c1-314ebd7afc9b","local_time":"20210218215042","is_ascension_mode":true,"campfire_choices":[{"data":"Bone_Wall","floor":6,"key":"SMITH"}],"circlet_count":0,"master_deck":["AscendersBane","Strike_W","Strike_W","Strike_W","Strike_W","Defend_W","Defend_W","Defend_W","Defend_W","Negative_Energy_Arrows","Bone_Wall+1","OSAHOGD","Bone_Bullets","Bone_Spikes","Vampiric_Strike","UniverseFragment","Spectral_Armor"],"relics":["Vampire_Amulet","HushsDoor","DaveBox","CogitoBucket","RabbitCall","TheBible","BionicSphere","SynthV:TestCard","LetterFromLob","Eternal Feather","aspiration:Lifesprig","Lantern","StoneCalendar","MealTicket"],"acts_visited":["Exordium"],"potions_floor_usage":[],"damage_taken":[{"damage":27.0,"enemies":"Cultist","floor":1.0,"turns":7.0},{"damage":22.0,"enemies":"Jaw Worm","floor":3.0,"turns":8.0},{"damage":59,"enemies":"Gremlin Nob","floor":8,"turns":5},{"damage":0,"enemies":"3 Sentries","floor":10,"turns":2}],"seed_played":"6996232977057464687","potions_obtained":[{"floor":1.0,"key":"FearPotion"}],"is_trial":false,"path_per_floor":["M","?","M","?","$","R","T","E","T","E"],"character_chosen":"NECROMANCER","items_purchased":["Vampiric_Strike"],"campfire_rested":0,"item_purchase_floors":[5],"current_hp_per_floor":[59,44,34,44,54,73,83,38,48,48,48],"gold":102,"neow_bonus":"","is_daily":false,"chose_seed":false,"campfire_upgraded":1,"win_rate":0.0,"timestamp":1613706642,"path_taken":["M","?","M","?","$","R","?","E","T","E"],"items_purchased_type":["Card"],"build_version":"2020-12-22","purchased_purges":0,"victory":false,"max_hp_per_floor":[91,101,111,121,131,141,151,161,171,171,171],"card_choices":[{"not_picked":["FairyFestival","Bloodbath","BeautyBeast"],"picked":"Singing Bowl","floor":1.0},{"not_picked":["MeltingLove","PunishingBird"],"picked":"OSAHOGD","floor":1.0},{"not_picked":["Bone_Shift","Slay_Living"],"picked":"Bone_Bullets","floor":1.0},{"not_picked":["Woodsman","FairyFestival","LittleHelper"],"picked":"Singing Bowl","floor":3.0},{"not_picked":["Toxic_Smoke_Screen","Finger_Of_Death","Blood_Curse","Death_Coil"],"picked":"Bone_Spikes","floor":3.0},{"not_picked":["Variant","CherryBlossoms"],"picked":"UniverseFragment","floor":8},{"not_picked":["Death_March_Dance","Death_Coil","Stop_Heart","Bone_Armor"],"picked":"Spectral_Armor","floor":8}],"player_experience":1316421,"relics_obtained":[{"floor":1.0,"key":"SynthV:TestCard"},{"floor":1.0,"key":"LetterFromLob"},{"floor":7,"key":"Lantern"},{"floor":8,"key":"StoneCalendar"},{"floor":9,"key":"MealTicket"}],"event_choices":[{"damage_healed":0.0,"max_hp_gain":0.0,"max_hp_loss":0.0,"gold_gain":0.0,"event_name":"betterThird:BetterScrap","player_choice":"Relic ","floor":2.0,"gold_loss":0.0,"damage_taken":25.0,"cards_obtained":["MostiFishMod:GoodWordForIt"]},{"damage_healed":0,"gold_gain":0,"player_choice":"Paid Gold","damage_taken":0,"relics_obtained":["aspiration:Lifesprig"],"max_hp_gain":0,"max_hp_loss":0,"event_name":"WeMeetAgain","floor":4,"gold_loss":74}],"is_beta":false,"boss_relics":[],"items_purged_floors":[],"is_endless":false,"potions_floor_spawned":[1],"killed_by":"3 Sentries","ascension_level":14,"is_humility":true}}