{"host":"qheym18ww6mhskxf","time":1613709858,"event":{"mods":["100% Spire Juice","BaseMod","CapriCore","Friendly Minions","GungeonMod","KOR Keyword Fix","Kiyohime£¨?ýï£©","Minty Spire (QoL Compilation)","Prisma Mod","Quick Restart","Rare Cards Sparkle","Shop Mod","Spicy Shops","StSLib","Td1madao Mod","The Dragon Tamer","Username Fix"],"gold_per_floor":[116,266,266,65,65,65,65,77,101,101,128,128,154,5,5,82,82,102,85,355,355,355],"floor_reached":21,"language":"KOR","playtime":349,"items_purged":["Bash"],"score":612,"play_id":"b728d5a3-db7a-43dd-b13c-3f76e476a1b3","local_time":"20210219134418","daily_mods":["Heirloom","Time Dilation","Flight","DeadlyEvents","Elite Swarm"],"is_ascension_mode":true,"campfire_choices":[{"data":"PrismaMod:ChloeExcalibur","floor":6.0,"key":"SMITH"},{"data":"Defend_R","floor":7.0,"key":"SMITH"},{"data":"PrismaMod:ChloeRhongomyniad","floor":10.0,"key":"SMITH"},{"data":"Defend_R","floor":12.0,"key":"SMITH"},{"data":"Panacea","floor":15.0,"key":"SMITH"}],"circlet_count":0,"master_deck":["AscendersBane","Strike_R","Strike_R","Strike_R","Strike_R+1","Strike_R","Defend_R+1","Defend_R+1","Defend_R","Defend_R+1","PrismaMod:ChloeExcalibur+1","PrismaMod:ChloeRhongomyniad+1","Panacea+1"],"relics":["Burning Blood","Unceasing Top","MerchantsRug","Oddly Smooth Stone","Blood Vial","StoneCalendar","Medical Kit"],"acts_visited":["Exordium","TheCity"],"potions_floor_usage":[],"damage_taken":[{"damage":4.0,"enemies":"Jaw Worm","floor":1.0,"turns":5.0},{"damage":6.0,"enemies":"2 Louse","floor":8.0,"turns":3.0},{"damage":10.0,"enemies":"Lagavulin","floor":11.0,"turns":3.0},{"damage":0.0,"enemies":"Gremlin Nob","floor":13.0,"turns":2.0},{"damage":14.0,"enemies":"Hexaghost","floor":16.0,"turns":7.0},{"damage":22.0,"enemies":"Shell Parasite","floor":18.0,"turns":4.0},{"damage":14,"enemies":"Gremlin Leader","floor":21,"turns":4}],"seed_played":"-6387841843162420305","potions_obtained":[{"floor":13.0,"key":"Dexterity Potion"},{"floor":16.0,"key":"AttackPotion"}],"is_trial":true,"path_per_floor":["M","?","?","$","?","R","R","M","T","R","E","R","E","$","R","B",null,"M","$","?","E"],"character_chosen":"IRONCLAD","items_purchased":["MerchantsRug","PrismaMod:ChloeExcalibur","Panacea","Medical Kit"],"campfire_rested":0,"item_purchase_floors":[4,4,14,19],"current_hp_per_floor":[70,70,70,70,47,47,47,47,47,47,43,43,51,51,51,45,68,54,54,27,15,15],"gold":355,"neow_bonus":"","is_daily":false,"chose_seed":false,"campfire_upgraded":5,"win_rate":0.0,"timestamp":1613709858,"path_taken":["M","?","?","$","?","R","R","?","T","R","?","R","?","$","R","BOSS","M","$","?","?"],"items_purchased_type":["Relic","Card","Card","Relic"],"build_version":"2020-12-22","purchased_purges":1,"victory":false,"max_hp_per_floor":[75,75,75,75,75,75,75,75,75,75,75,75,75,75,75,75,75,75,75,75,75,75],"card_choices":[{"not_picked":["Warcry","Reckless Charge","Dual Wield"],"picked":"SKIP","floor":1.0},{"not_picked":["Anger","Havoc"],"picked":"PrismaMod:ChloeRhongomyniad","floor":8.0},{"not_picked":["PrismaMod:ChloeCarnivalAttack","PrismaMod:ChloeDevil","Immolate"],"picked":"SKIP","floor":11.0},{"not_picked":["PrismaMod:ChloeUnlimitedBladeWorks","Bludgeon","Exhume"],"picked":"SKIP","floor":13.0},{"not_picked":["PrismaMod:ChloeUncommonAttack","Armaments+1","Sword Boomerang"],"picked":"SKIP","floor":18.0}],"player_experience":510586,"relics_obtained":[{"floor":9.0,"key":"Oddly Smooth Stone"},{"floor":11.0,"key":"Blood Vial"},{"floor":13.0,"key":"StoneCalendar"}],"event_choices":[{"damage_healed":0.0,"max_hp_gain":0.0,"max_hp_loss":0.0,"gold_gain":150.0,"event_name":"Liars Game","player_choice":"AGREE","floor":2.0,"gold_loss":0.0,"damage_taken":0.0,"cards_obtained":["Doubt"]},{"cards_removed":["Doubt"],"damage_healed":0.0,"max_hp_gain":0.0,"max_hp_loss":0.0,"gold_gain":0.0,"event_name":"Living Wall","player_choice":"Forget","floor":3.0,"gold_loss":0.0,"damage_taken":0.0},{"damage_healed":0.0,"max_hp_gain":0.0,"max_hp_loss":0.0,"gold_gain":0.0,"event_name":"Shining Light","player_choice":"Entered Light","floor":5.0,"gold_loss":0.0,"damage_taken":23.0,"cards_upgraded":["Strike_R","Defend_R"]},{"damage_healed":0.0,"max_hp_gain":0.0,"max_hp_loss":0.0,"gold_gain":270.0,"event_name":"Knowing Skull","player_choice":"GOLD GOLD GOLD ","floor":20.0,"potions_obtained":[],"gold_loss":0.0,"damage_taken":27.0,"cards_obtained":[]}],"is_beta":false,"boss_relics":[{"not_picked":["Pandora\u0027s Box","Velvet Choker"],"picked":"Cursed Key"}],"items_purged_floors":[14],"is_endless":true,"potions_floor_spawned":[13,16],"killed_by":"Gremlin Leader","ascension_level":20}}