{"host":"f5gffvlv6a66yqkd","time":1613714963,"event":{"mods":["2.2 Compatiblity","BaseMod","Colored Map","Custom Start","DeckTracker","Keyboard Shortcuts","Minty Spire (QoL Compilation)","Permanent Neow","Quick Restart","Relic Stats","StSLib","SuperFastMode"],"gold_per_floor":[119,139,149,149,161,161,172,172,254,254,272,286,286,297,297,375,375,387,414,426,426,426,426],"floor_reached":22,"language":"KOR","playtime":648,"items_purged":[],"score":324,"play_id":"d127333e-4980-47ea-99c5-7949bff44b66","local_time":"20210219150923","is_ascension_mode":true,"campfire_choices":[{"data":"Wallop","floor":6.0,"key":"SMITH"},{"data":"Prostrate","floor":8.0,"key":"SMITH"},{"data":"Adaptation","floor":10.0,"key":"SMITH"},{"data":"Worship","floor":13.0,"key":"SMITH"},{"data":"MentalFortress","floor":15.0,"key":"SMITH"}],"circlet_count":0,"master_deck":["AscendersBane","Strike_P","Strike_P","Defend_P","Defend_P","Defend_P","Defend_P","Eruption+1","Vigilance","Trip","EmptyFist+1","Worship+1","Wallop+1","Adaptation+1","Prostrate+1","InnerPeace","MentalFortress+1","FearNoEvil","Judgement"],"relics":["PureWater","White Beast Statue","Empty Cage","Red Mask"],"acts_visited":["Exordium","TheCity"],"potions_floor_usage":[19,20],"damage_taken":[{"damage":0.0,"enemies":"Small Slimes","floor":1.0,"turns":2.0},{"damage":0.0,"enemies":"Cultist","floor":2.0,"turns":3.0},{"damage":0.0,"enemies":"Jaw Worm","floor":3.0,"turns":2.0},{"damage":4.0,"enemies":"Exordium Thugs","floor":5.0,"turns":2.0},{"damage":4.0,"enemies":"2 Fungi Beasts","floor":7.0,"turns":4.0},{"damage":3.0,"enemies":"Red Slaver","floor":11.0,"turns":4.0},{"damage":0.0,"enemies":"Large Slime","floor":12.0,"turns":6.0},{"damage":7.0,"enemies":"Exordium Thugs","floor":14.0,"turns":5.0},{"damage":14.0,"enemies":"Hexaghost","floor":16.0,"turns":10.0},{"damage":9.0,"enemies":"Shell Parasite","floor":18.0,"turns":3.0},{"damage":30,"enemies":"Masked Bandits","floor":19,"turns":5},{"damage":8,"enemies":"Chosen","floor":20,"turns":5},{"damage":0,"enemies":"Snake Plant","floor":22,"turns":3}],"seed_played":"-5369723238032099001","potions_obtained":[{"floor":1.0,"key":"Swift Potion"},{"floor":2.0,"key":"Ambrosia"},{"floor":7.0,"key":"SteroidPotion"},{"floor":12.0,"key":"Ambrosia"},{"floor":18.0,"key":"Fruit Juice"},{"floor":19,"key":"FearPotion"},{"floor":20,"key":"Dexterity Potion"}],"is_trial":false,"path_per_floor":["M","M","M","?","M","R","M","R","T","R","M","M","R","M","R","B",null,"M","?","M","?","M"],"character_chosen":"WATCHER","items_purchased":[],"campfire_rested":0,"item_purchase_floors":[],"current_hp_per_floor":[61,61,61,61,57,57,53,53,53,53,50,50,50,43,43,29,58,49,19,16,16,16,16],"gold":426,"neow_bonus":"RANDOM_COLORLESS","is_daily":false,"chose_seed":false,"campfire_upgraded":5,"win_rate":0.0,"timestamp":1613714963,"path_taken":["M","M","M","?","?","R","M","R","T","R","?","M","R","?","R","BOSS","M","?","M","?","M"],"items_purchased_type":[],"build_version":"2020-12-22","purchased_purges":0,"victory":false,"max_hp_per_floor":[68,68,68,68,68,68,68,68,68,68,68,68,68,68,68,68,68,68,68,73,73,73,73],"relic_stats":{"counters":[13,54],"obtain_stats":[{"Red Mask":19,"PureWater":0,"Empty Cage":17,"White Beast Statue":9},{"Red Mask":11,"PureWater":0,"Empty Cage":9,"White Beast Statue":5},{"Red Mask":46,"PureWater":0,"Empty Cage":38,"White Beast Statue":13}]},"card_choices":[{"not_picked":["Discovery","PanicButton"],"picked":"Trip","floor":0.0},{"not_picked":["Study","PathToVictory"],"picked":"EmptyFist","floor":1.0},{"not_picked":["ThirdEye","Wireheading"],"picked":"Worship","floor":2.0},{"not_picked":["PathToVictory","JustLucky"],"picked":"Wallop","floor":3.0},{"not_picked":["Worship","CarveReality"],"picked":"Adaptation","floor":5.0},{"not_picked":["ReachHeaven","Swivel"],"picked":"Prostrate","floor":7.0},{"not_picked":["Collect","FlyingSleeves"],"picked":"InnerPeace","floor":11.0},{"not_picked":["FlurryOfBlows","FlyingSleeves"],"picked":"MentalFortress","floor":12.0},{"not_picked":["Halt","Wallop"],"picked":"FearNoEvil","floor":14.0},{"not_picked":["Blasphemy","Alpha"],"picked":"Judgement","floor":16.0},{"not_picked":["FlyingSleeves","ReachHeaven","PathToVictory"],"picked":"SKIP","floor":18.0},{"not_picked":["FearNoEvil","SashWhip","FlyingSleeves"],"picked":"SKIP","floor":20}],"player_experience":1501603,"relics_obtained":[{"floor":9.0,"key":"White Beast Statue"},{"floor":19,"key":"Red Mask"}],"event_choices":[{"damage_healed":0.0,"max_hp_gain":0.0,"max_hp_loss":0.0,"gold_gain":0.0,"event_name":"Upgrade Shrine","player_choice":"Upgraded","floor":4.0,"gold_loss":0.0,"damage_taken":0.0,"cards_upgraded":["Eruption"]},{"damage_healed":0,"gold_gain":0,"player_choice":"Fought Bandits","damage_taken":0,"max_hp_gain":0,"max_hp_loss":0,"event_name":"Masked Bandits","floor":19,"gold_loss":0},{"damage_healed":0,"gold_gain":0,"player_choice":"Forge","damage_taken":0,"max_hp_gain":0,"max_hp_loss":0,"event_name":"Accursed Blacksmith","floor":21,"gold_loss":0,"cards_upgraded":["EmptyFist"]}],"is_beta":false,"boss_relics":[{"not_picked":["Cursed Key","SlaversCollar"],"picked":"Empty Cage"}],"items_purged_floors":[],"is_endless":false,"potions_floor_spawned":[1,2,7,11,12,14,16,18,19,20],"killed_by":"Snake Plant","ascension_level":16}}