{"host":"8is2j71l4wmybkoi","time":1613709565,"event":{"mods":["AchievementEnabler","BaseMod","Colored Map","DeckTracker","Minty Spire (QoL Compilation)","Rare Cards Sparkle","Relic Stats","StSLib","SuperFastMode"],"gold_per_floor":[17,33,33,108,108,147,18,18,45,45,69,108,127,0,0,99,99,115,115,115],"floor_reached":19,"language":"KOR","playtime":546,"items_purged":["Strike_B","Defend_B"],"score":306,"play_id":"118e7286-fa71-44fd-9293-32f83c673ef8","local_time":"20210219133925","is_ascension_mode":true,"campfire_choices":[{"data":"Zap","floor":8,"key":"SMITH"},{"floor":10,"key":"REST"},{"floor":15,"key":"REST"}],"circlet_count":0,"master_deck":["AscendersBane","Strike_B","Strike_B","Strike_B","Defend_B","Defend_B","Defend_B","Zap+1","Dualcast","Chill","Gash","Conserve Battery","Sweeping Beam","Hologram","Aggregate","White Noise","Recycle","Echo Form","Turbo+1"],"relics":["Cracked Core","Lizard Tail","Golden Idol","Akabeko","Art of War","Smiling Mask","Inserter"],"acts_visited":["Exordium","TheCity"],"potions_floor_usage":[6,12,12],"damage_taken":[{"damage":0,"enemies":"Small Slimes","floor":1,"turns":3},{"damage":11,"enemies":"Jaw Worm","floor":2,"turns":4},{"damage":26,"enemies":"Lagavulin","floor":6,"turns":8},{"damage":0,"enemies":"2 Louse","floor":11,"turns":2},{"damage":21,"enemies":"Gremlin Nob","floor":12,"turns":4},{"damage":2,"enemies":"Exordium Wildlife","floor":13,"turns":4},{"damage":57,"enemies":"Slime Boss","floor":16,"turns":12},{"damage":27,"enemies":"Chosen","floor":18,"turns":6},{"damage":27,"enemies":"Masked Bandits","floor":19,"turns":2}],"seed_played":"-4501217857249831719","potions_obtained":[{"floor":2,"key":"FearPotion"},{"floor":6,"key":"Block Potion"},{"floor":11,"key":"DistilledChaos"},{"floor":16,"key":"Energy Potion"}],"is_trial":false,"path_per_floor":["M","M","?","?","?","E","$","R","T","R","M","E","M","$","R","B",null,"M","?"],"character_chosen":"DEFECT","items_purchased":["Sweeping Beam","Recycle"],"campfire_rested":2,"item_purchase_floors":[7,14],"current_hp_per_floor":[64,53,53,42,42,16,16,16,16,35,35,14,12,12,31,13,51,24,0,0],"gold":115,"neow_bonus":"ONE_RARE_RELIC","is_daily":false,"chose_seed":false,"campfire_upgraded":1,"win_rate":0.0,"timestamp":1613709565,"path_taken":["M","M","?","?","?","E","?","R","T","R","?","E","M","$","R","BOSS","M","?"],"items_purchased_type":["Card","Card"],"build_version":"2020-12-22","purchased_purges":2,"victory":false,"max_hp_per_floor":[71,71,64,64,64,64,64,64,64,64,64,64,64,64,64,64,64,64,64,64],"relic_stats":{"Lizard Tail":32,"Inserter":[4],"counters":[9,45],"Golden Idol":55,"Art of War":[4],"Smiling Mask":50,"obtain_stats":[{"Lizard Tail":0,"Inserter":17,"Golden Idol":3,"Art of War":9,"Cracked Core":0,"Smiling Mask":12,"Akabeko":6},{"Lizard Tail":0,"Inserter":7,"Golden Idol":2,"Art of War":3,"Cracked Core":0,"Smiling Mask":5,"Akabeko":3},{"Lizard Tail":0,"Inserter":37,"Golden Idol":7,"Art of War":15,"Cracked Core":0,"Smiling Mask":21,"Akabeko":15}]},"card_choices":[{"not_picked":["Leap","Gash"],"picked":"Chill","floor":1},{"not_picked":["Static Discharge","Scrape"],"picked":"Gash","floor":2},{"not_picked":["Steam","Reprogram"],"picked":"Conserve Battery","floor":6},{"not_picked":["Stack","Coolheaded"],"picked":"Hologram","floor":11},{"not_picked":["Coolheaded","Machine Learning"],"picked":"Aggregate","floor":12},{"not_picked":["Storm","Cold Snap"],"picked":"White Noise","floor":13},{"not_picked":["Thunder Strike","Hyperbeam"],"picked":"Echo Form","floor":16},{"not_picked":["Conserve Battery","Beam Cell"],"picked":"Turbo+1","floor":18}],"player_experience":1233727,"relics_obtained":[{"floor":6,"key":"Akabeko"},{"floor":9,"key":"Art of War"},{"floor":12,"key":"Smiling Mask"}],"event_choices":[{"damage_healed":0,"gold_gain":0,"player_choice":"Lose Max HP","damage_taken":0,"relics_obtained":["Golden Idol"],"max_hp_gain":0,"max_hp_loss":7,"event_name":"Golden Idol","floor":3,"gold_loss":0},{"damage_healed":0,"gold_gain":75,"player_choice":"Gather Gold","damage_taken":11,"max_hp_gain":0,"max_hp_loss":0,"event_name":"World of Goop","floor":4,"gold_loss":0},{"damage_healed":0,"gold_gain":0,"player_choice":"Ignored","damage_taken":0,"max_hp_gain":0,"max_hp_loss":0,"event_name":"Liars Game","floor":5,"gold_loss":0},{"damage_healed":0,"gold_gain":0,"player_choice":"Fought Bandits","damage_taken":0,"max_hp_gain":0,"max_hp_loss":0,"event_name":"Masked Bandits","floor":19,"gold_loss":0}],"is_beta":false,"boss_relics":[{"not_picked":["Ectoplasm","Runic Dome"],"picked":"Inserter"}],"items_purged_floors":[7,14],"is_endless":false,"potions_floor_spawned":[2,6,11,16],"killed_by":"Masked Bandits","ascension_level":15}}