{"host":"gf8hyl7jhl0is674","time":1613703357,"event":{"mods":["2.2 Compatiblity","Act Like it!","BaseMod","CapriCore","Chen","Colored Map","Gensokyo","Hallownest","KinomotoSakuraMod(????)","Koishi","Marisa????????","Minty Spire (QoL Compilation)","Permanent Neow","Reimu??????","StSLib","The Administrix","The Blue Laboratory","The Immortal","The Servant 0.9.4","Waifu the Spire"],"gold_per_floor":[109,109,34,51,67,67,98,98,98,28,28,47,63,79,79,180,180,199,199,159,59,70,20,46,66,66,85,101,121,149,160,160,264,264,280,280,280,280,280,280,155,155,205,231,251,251,266,285,285,285,285,285,63,88,88,88],"floor_reached":55,"language":"ENG","playtime":3272,"items_purged":["Chen:Strike","Chen:Strike","Chen:Strike","Chen:Strike+1"],"score":719,"play_id":"26b4aa60-45e8-4197-a7c5-5c8a71bb4551","local_time":"20210218195556","is_ascension_mode":false,"campfire_choices":[{"data":"Chen:GlitterPoke","floor":6,"key":"SMITH"},{"data":"Chen:Impale","floor":8,"key":"SMITH"},{"data":"Chen:Sneak","floor":11,"key":"SMITH"},{"data":"Chen:PounceTurnTail","floor":15,"key":"SMITH"},{"floor":32,"key":"RECALL"},{"data":"Chen:StudySharpen","floor":40,"key":"SMITH"},{"data":"Chen:Defend","floor":42,"key":"SMITH"},{"data":"Chen:Strike","floor":46,"key":"SMITH"},{"data":"Chen:Deceitful","floor":49,"key":"SMITH"}],"circlet_count":0,"master_deck":["Chen:Strike+1","Chen:Defend+1","Chen:Defend+1","Chen:PounceTurnTail+1","Chen:Sneak+1","Chen:Panic+1","Chen:Instinct+1","Chen:Impale+1","Chen:Panic+1","Chen:Unpredictable+1","Chen:ShikigamiForm+1","Chen:Sneak+1","Chen:ResistTemptation+1","Chen:CurlUp+1","Chen:UnstableBoundary+1","Chen:Unpredictable+1","Chen:StudySharpen+1","Chen:Frivolous+1","Chen:DazzleFlash+1","Chen:Exploit+1","Chen:Flit+1","Chen:Deceitful+1","Chen:FollowUp"],"relics":["Chen:Catnip","Torii","Toxic Egg 2","Kunai","Meat on the Bone","Sozu","Mummified Hand","Mastiff:ReiMu","Lizard Tail","Coffee Dripper","Ginger","Gensokyo:EmptyGrave","Nunchaku","Thread and Needle","Ornamental Fan"],"acts_visited":["Gensokyo:Gensokyo","Gensokyo:Gensokyoer","Gensokyo:Gensokyoest","TheEnding"],"potions_floor_usage":[7,55],"damage_taken":[{"damage":0,"enemies":"Gensokyo:2_Kodama","floor":1,"turns":4},{"damage":4,"enemies":"Gensokyo:Python","floor":4,"turns":4},{"damage":0,"enemies":"Gensokyo:3_Fairies","floor":5,"turns":4},{"damage":8,"enemies":"Gensokyo:Aya","floor":7,"turns":6},{"damage":9,"enemies":"Gensokyo:CorruptedTreant","floor":12,"turns":3},{"damage":0,"enemies":"Gensokyo:LivingMonolith","floor":13,"turns":3},{"damage":0,"enemies":"Gensokyo:2_Rabbits","floor":14,"turns":3},{"damage":17,"enemies":"Gensokyo:Kokoro","floor":16,"turns":8},{"damage":4,"enemies":"Gensokyo:Chomper","floor":18,"turns":4},{"damage":0,"enemies":"Gensokyo:AngelMirror","floor":22,"turns":2},{"damage":0,"enemies":"Gensokyo:Wraith","floor":25,"turns":5},{"damage":19,"enemies":"Gensokyo:Swordslinger","floor":27,"turns":5},{"damage":23,"enemies":"Gensokyo:3_Gloops","floor":28,"turns":4},{"damage":0,"enemies":"Gensokyo:Monolith_and_Dog","floor":29,"turns":5},{"damage":0,"enemies":"Gensokyo:Tenshi","floor":30,"turns":6},{"damage":0,"enemies":"Gensokyo:Wraith","floor":31,"turns":3},{"damage":20,"enemies":"Gensokyo:Kaguya","floor":33,"turns":9},{"damage":15,"enemies":"Gensokyo:AncientGuardian","floor":35,"turns":4},{"damage":2,"enemies":"Gensokyo:Doremy","floor":44,"turns":4},{"damage":2,"enemies":"Gensokyo:3_Bats","floor":45,"turns":4},{"damage":0,"enemies":"Gensokyo:AtlasGolem","floor":47,"turns":5},{"damage":0,"enemies":"Gensokyo:4_Bats","floor":48,"turns":4},{"damage":8,"enemies":"Gensokyo:Scarlet_Devils","floor":50,"turns":6},{"damage":0,"enemies":"Shield and Spear","floor":54,"turns":5},{"damage":171,"enemies":"The Heart","floor":55,"turns":5}],"seed_played":"-2293681819023423927","potions_obtained":[{"floor":1,"key":"blueLaboratory:EnragingPotion"},{"floor":12,"key":"blueLaboratory:StoneskinPotion"},{"floor":14,"key":"FairyPotion"},{"floor":16,"key":"AttackPotion"}],"is_trial":false,"path_per_floor":["M","?","$","M","M","R","E","R","T","?","R","M","M","M","R","B",null,"M","?","?","$","M","$","T","M","T","M","M","M","E","M","R","B",null,"M","?","?","?","?","R","$","R","T","E","M","R","M","M","R","B",null,"R","$","E","B"],"character_chosen":"CHEN","items_purchased":["Chen:ResistTemptation+1","Chen:FollowUp"],"campfire_rested":0,"item_purchase_floors":[23,53],"current_hp_per_floor":[49,35,35,31,31,31,23,23,23,23,23,26,38,38,38,33,70,66,65,65,65,65,65,65,65,65,46,35,35,35,35,35,27,65,50,24,24,24,24,24,54,54,54,52,50,50,50,50,50,42,60,60,60,60,0,0],"gold":88,"neow_bonus":"ONE_RARE_RELIC","is_daily":false,"chose_seed":false,"campfire_upgraded":8,"win_rate":0.0,"timestamp":1613703356,"path_taken":["M","?","?","M","M","R","E","R","T","?","R","M","?","M","R","BOSS","M","?","?","$","M","?","?","M","T","M","M","M","E","M","R","BOSS","M","?","?","?","?","R","$","R","T","E","M","R","M","?","R","BOSS","R","$","E","BOSS"],"items_purchased_type":["Card","Card"],"build_version":"2020-12-22","purchased_purges":4,"victory":false,"max_hp_per_floor":[70,70,70,70,70,70,70,70,70,70,70,70,70,70,70,70,70,70,65,65,65,65,65,65,65,65,65,65,65,65,65,65,65,65,65,65,65,60,60,60,60,60,60,60,60,60,60,60,60,60,60,60,60,60,60,60],"card_choices":[{"not_picked":["Chen:SurpriseAttack","Chen:Scratch"],"picked":"Chen:Sneak","floor":1},{"not_picked":["Chen:ResistTemptation+1","Chen:Shot"],"picked":"Chen:Panic+1","floor":4},{"not_picked":["Chen:Sweep","Chen:Flicker+1"],"picked":"Chen:Instinct+1","floor":5},{"not_picked":["Chen:Scratch","Chen:Gash"],"picked":"Chen:Impale","floor":7},{"not_picked":["Chen:Scratch","Chen:Tear","Chen:PentagramFlight+1"],"picked":"SKIP","floor":12},{"not_picked":["Chen:Flit+1","Chen:Spray"],"picked":"Chen:Panic+1","floor":13},{"not_picked":["Chen:Sidestep+1","Chen:RecklessLeap"],"picked":"Chen:Unpredictable+1","floor":14},{"not_picked":["Chen:Shapeshift+1","Chen:FlankingStrike"],"picked":"Chen:ShikigamiForm","floor":16},{"not_picked":["Chen:BlueOniRedOni+1","Chen:Shot","Chen:Honk+1"],"picked":"SKIP","floor":18},{"not_picked":["Chen:Instinct+1","Chen:Sidestep+1"],"picked":"Chen:Sneak+1","floor":22},{"not_picked":["Chen:Panic+1","Chen:RecklessLeap","Chen:PentagramFlight+1"],"picked":"SKIP","floor":25},{"not_picked":["Chen:CatPunch","Chen:Exploit"],"picked":"Chen:CurlUp+1","floor":27},{"not_picked":["Chen:Panic+1","Chen:RecklessLeap"],"picked":"Chen:UnstableBoundary+1","floor":28},{"not_picked":["Chen:Tear","Chen:MisdirectSwipe+1"],"picked":"Chen:Unpredictable+1","floor":29},{"not_picked":["Chen:UnstableBoundary+1","Chen:Instinct+1"],"picked":"Chen:StudySharpen","floor":30},{"not_picked":["Chen:Rush+1","Chen:Tear"],"picked":"Chen:Frivolous+1","floor":31},{"not_picked":["Chen:WhateverWorks+1","Chen:Gash"],"picked":"Chen:DazzleFlash+1","floor":33},{"not_picked":["Chen:Shot","Chen:Flit+1"],"picked":"Chen:Exploit+1","floor":35},{"not_picked":["Chen:RecklessLeap","Chen:Sneak+1","Chen:SelfControl"],"picked":"SKIP","floor":44},{"not_picked":["Chen:Honk+1","Chen:Frivolous","Chen:TauntHiss+1"],"picked":"SKIP","floor":45},{"not_picked":["Chen:Scratch","Chen:BlueOniRedOni+1"],"picked":"Chen:Flit+1","floor":47},{"not_picked":["Chen:CatPunch+1","Chen:Lacerate"],"picked":"Chen:Deceitful","floor":48},{"not_picked":["Chen:FlankingStrike","Chen:CatPunch+1","Chen:Barrier+1"],"picked":"SKIP","floor":54}],"player_experience":463398,"relics_obtained":[{"floor":7,"key":"Kunai"},{"floor":9,"key":"Meat on the Bone"},{"floor":26,"key":"Mastiff:ReiMu"},{"floor":30,"key":"Lizard Tail"},{"floor":43,"key":"Nunchaku"},{"floor":44,"key":"Thread and Needle"},{"floor":54,"key":"Ornamental Fan"}],"event_choices":[],"is_beta":false,"boss_relics":[{"not_picked":["SlaversCollar","Astrolabe"],"picked":"Sozu"},{"not_picked":["SacredBark","Runic Dome"],"picked":"Coffee Dripper"}],"items_purged_floors":[3,21,41,53],"is_endless":false,"potions_floor_spawned":[1,12,14,16,25,27,28,29,31,45,47,48],"killed_by":"The Heart","ascension_level":0}}