{"host":"ryfs09562e7ibkuk","time":1613773538,"event":{"mods":["BaseMod","Colored Powertips","Marisa£®ÏF”Í°°ƒß¿Ì…≥£©","Minty Spire (QoL Compilation)","Quick Restart","StSLib","The Bug Knight","Youmu£®ªÍ∆«—˝√Œ£©"],"gold_per_floor":[114,130,130,140,151,180,195,195,195,213,213,8,18,38,38,38,38],"floor_reached":16,"language":"ZHS","playtime":1243,"items_purged":[],"score":106,"play_id":"c4eab5ca-a22e-471c-9117-66a2cb05742a","local_time":"20210220062538","is_ascension_mode":false,"campfire_choices":[{"data":"HollowMod:FocusHealStart","floor":8,"key":"SMITH"},{"data":"HollowMod:HuntersJournal","floor":11,"key":"SMITH"},{"data":"HollowMod:PogoStrike","floor":15,"key":"SMITH"}],"circlet_count":0,"master_deck":["HollowMod:NailStrikeStart","HollowMod:NailStrikeStart","HollowMod:NailStrikeStart","HollowMod:NailStrikeStart","HollowMod:QuickDashStart","HollowMod:QuickDashStart","HollowMod:QuickDashStart","HollowMod:QuickDashStart","HollowMod:FocusHealStart+1","HollowMod:PogoStrike+1","HollowMod:SharpenedNail","Regret","HollowMod:HuntersJournal+1","HollowMod:WraithStrike+1","HollowMod:SoulMaster","HollowMod:BaldurShell","HollowMod:BaldurShell","HollowMod:NewLittleFool+1","HollowMod:DashSlash+1"],"relics":["HollowMod:VesselMask","NeowsBlessing","Molten Egg 2","TungstenRod","HollowMod:MillibellesNoteRelic"],"acts_visited":["Exordium"],"potions_floor_usage":[6,16],"damage_taken":[{"damage":0,"enemies":"2 Louse","floor":1,"turns":1},{"damage":0,"enemies":"Jaw Worm","floor":2,"turns":1},{"damage":0,"enemies":"Small Slimes","floor":4,"turns":1},{"damage":17,"enemies":"Gremlin Gang","floor":5,"turns":6},{"damage":17,"enemies":"Gremlin Nob","floor":6,"turns":5},{"damage":13,"enemies":"2 Fungi Beasts","floor":7,"turns":4},{"damage":14,"enemies":"3 Louse","floor":10,"turns":4},{"damage":9,"enemies":"Exordium Wildlife","floor":13,"turns":5},{"damage":7,"enemies":"Lots of Slimes","floor":14,"turns":4},{"damage":53,"enemies":"HollowMod:FalseKnight","floor":16,"turns":6}],"seed_played":"1350904488536981597","potions_obtained":[{"floor":4,"key":"Block Potion"},{"floor":7,"key":"Energy Potion"},{"floor":10,"key":"AttackPotion"},{"floor":13,"key":"SteroidPotion"},{"floor":14,"key":"FearPotion"}],"is_trial":false,"path_per_floor":["M","M","?","M","M","E","M","R","T","M","R","$","M","M","R","B"],"character_chosen":"THE_BUGKNIGHT","items_purchased":["HollowMod:MillibellesNoteRelic","HollowMod:NewLittleFool+1"],"campfire_rested":0,"item_purchase_floors":[12,12],"current_hp_per_floor":[75,75,75,75,68,51,38,38,38,34,34,34,31,34,34,0,0],"gold":38,"neow_bonus":"THREE_ENEMY_KILL","is_daily":false,"chose_seed":false,"campfire_upgraded":3,"win_rate":0.0,"timestamp":1613773538,"path_taken":["M","M","?","M","M","E","M","R","T","M","R","$","M","M","R","BOSS"],"items_purchased_type":["Relic","Card"],"build_version":"2020-12-22","purchased_purges":0,"victory":false,"max_hp_per_floor":[75,75,75,75,75,75,75,75,75,75,75,75,75,75,75,75,75],"card_choices":[{"not_picked":["HollowMod:ShadowDash","HollowMod:QuirrelsAssistance"],"picked":"HollowMod:SharpenedNail","floor":1},{"not_picked":["HollowMod:InfectionAssault","HollowMod:AbyssShriek","HollowMod:CloakDash"],"picked":"SKIP","floor":2},{"not_picked":["HollowMod:SoulStrike+1","HollowMod:LifebloodCocoon"],"picked":"HollowMod:HuntersJournal","floor":4},{"not_picked":["HollowMod:SiblingsShadow","HollowMod:SoulVessel"],"picked":"HollowMod:WraithStrike+1","floor":5},{"not_picked":["HollowMod:SoulSplash","HollowMod:CornifersMapStart"],"picked":"HollowMod:SoulMaster","floor":6},{"not_picked":["HollowMod:NewJinnsSoul","HollowMod:Grubsong"],"picked":"HollowMod:BaldurShell","floor":7},{"not_picked":["HollowMod:MonarchWings","HollowMod:CornifersMapStart"],"picked":"HollowMod:BaldurShell","floor":10},{"not_picked":["HollowMod:SoulSplash","HollowMod:DoubleDash"],"picked":"HollowMod:DashSlash+1","floor":13},{"not_picked":["HollowMod:InfectedCysts+1","HollowMod:ShadowDash","HollowMod:GoodIntentions"],"picked":"SKIP","floor":14}],"player_experience":173193,"relics_obtained":[{"floor":6,"key":"TungstenRod"}],"event_choices":[{"damage_healed":0,"gold_gain":0,"player_choice":"Box","damage_taken":0,"relics_obtained":["Molten Egg 2"],"max_hp_gain":0,"max_hp_loss":0,"event_name":"Big Fish","floor":3,"gold_loss":0,"cards_obtained":["Regret"]}],"is_beta":false,"boss_relics":[],"items_purged_floors":[],"is_endless":false,"potions_floor_spawned":[4,7,10,13,14],"killed_by":"HollowMod:FalseKnight","ascension_level":0}}