{"host":"nsc6ozq3atyrdr3m","time":1613774439,"event":{"mods":["BaseMod","Colored Map","Minty Spire (QoL Compilation)"],"gold_per_floor":[109,128,92,108,33,33,43,76,122,122,156,174,107,107,107,203,203,213,213,213,128,218,218,237,237,237,237,254,265,265,284,284,389,389,399,410,194,211,130,130,130,130,153,153,153,3,21,21,21,21,21],"floor_reached":50,"language":"FRA","playtime":1118,"items_purged":[],"score":680,"play_id":"fb279b7d-7325-40e4-ac45-9bfaac0350f9","local_time":"20210219234039","is_ascension_mode":true,"campfire_choices":[{"data":"Scrape","floor":6,"key":"SMITH"},{"data":"Sunder","floor":10,"key":"SMITH"},{"data":"Storm","floor":15,"key":"SMITH"},{"data":"Storm","floor":23,"key":"SMITH"},{"data":"Echo Form","floor":25,"key":"SMITH"},{"data":"Heatsinks","floor":27,"key":"SMITH"},{"floor":30,"key":"REST"},{"data":"White Noise","floor":32,"key":"SMITH"},{"data":"Defragment","floor":40,"key":"SMITH"},{"data":"Electrodynamics","floor":45,"key":"SMITH"},{"floor":49,"key":"REST"}],"circlet_count":0,"master_deck":["Strike_B","Strike_B","Strike_B","Defend_B","Defend_B","Defend_B","Defend_B","Zap","Dualcast","Leap","Rebound","White Noise+1","Tempest","Scrape+1","Echo Form+1","Sunder+1","Storm+1","Hello World","Storm+1","Biased Cognition","Gash","Heatsinks+1","Glacier+1","Conserve Battery+1","Heatsinks","Electrodynamics+1","Conserve Battery","Amplify","Machine Learning+1","FTL+1","Defragment+1"],"relics":["Cracked Core","NeowsBlessing","Meat on the Bone","Boot","Juzu Bracelet","Sozu","Anchor","Bottled Tornado","Busted Crown","Bronze Scales","Blood Vial"],"acts_visited":["Exordium","TheCity","TheBeyond"],"potions_floor_usage":[11,29,50],"damage_taken":[{"damage":0,"enemies":"Cultist","floor":1,"turns":1},{"damage":0,"enemies":"2 Louse","floor":2,"turns":1},{"damage":0,"enemies":"Jaw Worm","floor":4,"turns":1},{"damage":12,"enemies":"Looter","floor":7,"turns":3},{"damage":20,"enemies":"Gremlin Nob","floor":8,"turns":4},{"damage":0,"enemies":"Lagavulin","floor":11,"turns":4},{"damage":9,"enemies":"Red Slaver","floor":12,"turns":3},{"damage":0,"enemies":"Slime Boss","floor":16,"turns":6},{"damage":0,"enemies":"Spheric Guardian","floor":18,"turns":2},{"damage":14,"enemies":"3 Byrds","floor":24,"turns":3},{"damage":2,"enemies":"Cultist and Chosen","floor":28,"turns":3},{"damage":34,"enemies":"3 Cultists","floor":29,"turns":5},{"damage":11,"enemies":"Shelled Parasite and Fungi","floor":31,"turns":4},{"damage":36,"enemies":"Collector","floor":33,"turns":10},{"damage":15,"enemies":"3 Darklings","floor":35,"turns":3},{"damage":10,"enemies":"3 Shapes","floor":36,"turns":3},{"damage":3,"enemies":"Sphere and 2 Shapes","floor":38,"turns":3},{"damage":8,"enemies":"Writhing Mass","floor":47,"turns":3},{"damage":69,"enemies":"Time Eater","floor":50,"turns":5}],"seed_played":"-2011844796774399049","potions_obtained":[{"floor":2,"key":"FearPotion"},{"floor":8,"key":"Ancient Potion"},{"floor":16,"key":"SneckoOil"}],"is_trial":false,"path_per_floor":["M","M","$","M","$","R","M","E","T","R","E","M","$","?","R","B",null,"M","?","$","?","?","R","M","R","T","R","M","M","R","M","R","B",null,"M","M","$","M","$","R","?","?","T","?","R","$","M","?","R","B"],"character_chosen":"DEFECT","items_purchased":["White Noise","Scrape","Storm","Amplify","Machine Learning","Defragment","Blood Vial"],"campfire_rested":2,"item_purchase_floors":[3,5,13,37,37,39,46],"current_hp_per_floor":[68,68,68,68,68,68,56,36,36,36,48,39,39,64,64,64,72,72,72,72,72,60,60,46,46,46,46,44,22,44,45,45,21,62,47,49,49,46,46,46,46,46,46,46,46,46,40,40,62,0,0],"gold":21,"neow_bonus":"THREE_ENEMY_KILL","is_daily":false,"chose_seed":false,"campfire_upgraded":9,"win_rate":0.0,"timestamp":1613774439,"path_taken":["M","M","?","M","$","R","M","E","T","R","E","M","$","?","R","BOSS","M","?","$","?","?","R","M","R","T","R","M","M","R","M","R","BOSS","M","M","$","M","$","R","?","?","T","?","R","?","M","?","R","BOSS"],"items_purchased_type":["Card","Card","Card","Card","Card","Card","Relic"],"build_version":"2020-12-22","purchased_purges":0,"victory":false,"max_hp_per_floor":[75,75,75,75,75,75,75,75,75,75,75,75,75,75,75,75,75,75,75,75,75,75,75,75,75,75,75,75,75,75,75,75,75,75,75,75,75,75,75,75,75,75,75,75,75,75,75,75,75,75,75],"card_choices":[{"not_picked":["Force Field","Go for the Eyes"],"picked":"Leap","floor":1},{"not_picked":["Doom and Gloom","Turbo"],"picked":"Rebound","floor":2},{"not_picked":["Turbo","Redo"],"picked":"Tempest","floor":4},{"not_picked":["Stack","Fusion"],"picked":"Echo Form","floor":7},{"not_picked":["Recycle","Ball Lightning"],"picked":"Sunder","floor":8},{"not_picked":["Sweeping Beam","Redo"],"picked":"Storm","floor":11},{"not_picked":["Barrage","Coolheaded"],"picked":"Hello World","floor":12},{"not_picked":["Amplify","Core Surge"],"picked":"Biased Cognition","floor":16},{"not_picked":["Streamline","Go for the Eyes"],"picked":"Gash","floor":18},{"not_picked":["Compile Driver","Doom and Gloom"],"picked":"Glacier+1","floor":24},{"not_picked":["Darkness","Rebound"],"picked":"Conserve Battery+1","floor":28},{"not_picked":["Redo","Streamline"],"picked":"Heatsinks","floor":29},{"not_picked":["Heatsinks","Recycle","Ball Lightning+1"],"picked":"SKIP","floor":31},{"not_picked":["Multi-Cast","Machine Learning"],"picked":"Electrodynamics","floor":33},{"not_picked":[],"picked":"Conserve Battery","floor":35},{"not_picked":["Undo+1"],"picked":"SKIP","floor":36},{"not_picked":[],"picked":"FTL+1","floor":38},{"not_picked":["Chill"],"picked":"SKIP","floor":47}],"player_experience":432198,"relics_obtained":[{"floor":8,"key":"Meat on the Bone"},{"floor":9,"key":"Boot"},{"floor":11,"key":"Juzu Bracelet"},{"floor":26,"key":"Bottled Tornado"},{"floor":43,"key":"Bronze Scales"}],"event_choices":[{"damage_healed":25,"gold_gain":0,"player_choice":"Banana","damage_taken":0,"max_hp_gain":0,"max_hp_loss":0,"event_name":"Big Fish","floor":14,"gold_loss":0},{"damage_healed":0,"gold_gain":0,"player_choice":"Read","damage_taken":0,"max_hp_gain":0,"max_hp_loss":0,"event_name":"The Library","floor":19,"gold_loss":0,"cards_obtained":["Heatsinks"]},{"damage_healed":0,"gold_gain":0,"player_choice":"Obtained Relic","damage_taken":0,"relics_obtained":["Anchor"],"max_hp_gain":0,"max_hp_loss":0,"event_name":"Addict","floor":21,"gold_loss":85},{"damage_healed":0,"gold_gain":90,"player_choice":"GOLD ","damage_taken":12,"max_hp_gain":0,"max_hp_loss":0,"event_name":"Knowing Skull","floor":22,"potions_obtained":[],"gold_loss":0,"cards_obtained":[]},{"damage_healed":0,"gold_gain":0,"player_choice":"Ignored","damage_taken":0,"max_hp_gain":0,"max_hp_loss":0,"event_name":"SecretPortal","floor":41,"gold_loss":0},{"damage_healed":0,"gold_gain":0,"player_choice":"Ignored","damage_taken":0,"max_hp_gain":0,"max_hp_loss":0,"event_name":"Transmorgrifier","floor":42,"gold_loss":0},{"cards_removed":["Strike_B"],"damage_healed":0,"gold_gain":0,"player_choice":"Offered Basic","damage_taken":0,"max_hp_gain":0,"max_hp_loss":0,"event_name":"Bonfire Elementals","floor":44,"gold_loss":0},{"damage_healed":0,"gold_gain":0,"player_choice":"Forge","damage_taken":0,"max_hp_gain":0,"max_hp_loss":0,"event_name":"Accursed Blacksmith","floor":48,"gold_loss":0,"cards_upgraded":["Machine Learning"]}],"is_beta":false,"boss_relics":[{"not_picked":["Velvet Choker","Inserter"],"picked":"Sozu"},{"not_picked":["Astrolabe","FrozenCore"],"picked":"Busted Crown"}],"items_purged_floors":[],"is_endless":false,"potions_floor_spawned":[2,8,16,24,29,36],"killed_by":"Time Eater","ascension_level":6}}