{"host":"e8rlfedn69rz2s07","time":1613751173,"event":{"mods":["AchievementEnabler","BaseMod","Minty Spire (QoL Compilation)","Permanent Neow","Relic Stats"],"gold_per_floor":[39,39,75,75,1,60,60,141,141,201,252,33,33,33,33,185,185,251,346,346,38,135,160,160],"floor_reached":23,"language":"ENG","playtime":1107,"items_purged":["Strike_P"],"score":259,"play_id":"d89459ab-4fed-42bc-a584-ea00cd428e41","local_time":"20210219181253","is_ascension_mode":true,"campfire_choices":[{"floor":7.0,"key":"REST"},{"data":"Wish","floor":13,"key":"SMITH"},{"floor":15,"key":"REST"}],"circlet_count":0,"master_deck":["Strike_P","Strike_P","Strike_P","Defend_P","Defend_P","Defend_P","Defend_P","Eruption","Vigilance+1","Wish","EmptyFist+1","ForeignInfluence","Indignation","Wish+1","Halt","FearNoEvil","Vengeance","EmptyFist","Wish","Protect","TalkToTheHand","Ragnarok","ConjureBlade","Vault","InnerPeace+1","ForeignInfluence","ThirdEye"],"relics":["PureWater","Meat on the Bone","Yang","Dream Catcher","Blue Candle","Art of War","Sling","Velvet Choker","Orrery"],"acts_visited":["Exordium","TheCity"],"potions_floor_usage":[11,19,19],"damage_taken":[{"damage":9.0,"enemies":"Jaw Worm","floor":1.0,"turns":7.0},{"damage":1.0,"enemies":"Small Slimes","floor":3.0,"turns":4.0},{"damage":18.0,"enemies":"Gremlin Nob","floor":6.0,"turns":3.0},{"damage":36,"enemies":"3 Sentries","floor":8,"turns":11},{"damage":0,"enemies":"2 Louse","floor":10,"turns":5},{"damage":18,"enemies":"Gremlin Nob","floor":11,"turns":3},{"damage":38,"enemies":"Slime Boss","floor":16,"turns":12},{"damage":13,"enemies":"Spheric Guardian","floor":18,"turns":4},{"damage":8,"enemies":"2 Thieves","floor":19,"turns":5},{"damage":6,"enemies":"Snecko","floor":22,"turns":6},{"damage":45,"enemies":"Gremlin Leader","floor":23,"turns":5}],"seed_played":"5774286638395778821","potions_obtained":[{"floor":8,"key":"LiquidMemories"},{"floor":16,"key":"BlessingOfTheForge"},{"floor":18,"key":"Energy Potion"}],"is_trial":false,"path_per_floor":["M","?","M","?","$","E","R","E","T","M","E","$","R","?","R","B",null,"M","M","?","$","M","E"],"character_chosen":"WATCHER","items_purchased":["Indignation","Sling","Ragnarok","Orrery"],"campfire_rested":2,"item_purchase_floors":[5,12,21,21],"current_hp_per_floor":[63,49,48,41,41,35,56,32,32,44,38,38,38,43,66,40,68,55,47,47,47,41,0,0],"gold":160,"neow_bonus":"THREE_RARE_CARDS","is_daily":false,"chose_seed":false,"campfire_upgraded":1,"win_rate":0.0,"timestamp":1613751173,"path_taken":["M","?","M","?","$","E","R","E","T","M","E","$","R","?","R","BOSS","M","M","?","$","M","E"],"items_purchased_type":["Card","Relic","Card","Relic"],"build_version":"2020-12-22","purchased_purges":1,"victory":false,"max_hp_per_floor":[72,72,72,72,72,72,72,72,72,72,72,72,72,77,77,77,77,77,77,77,77,77,77,77],"relic_stats":{"Dream Catcher":1,"counters":[11,65],"Blue Candle":[0],"Yang":[78],"Art of War":[5],"obtain_stats":[{"Dream Catcher":8,"Blue Candle":9,"Velvet Choker":17,"Orrery":21,"Yang":6,"Art of War":11,"PureWater":0,"Sling":12,"Meat on the Bone":4},{"Dream Catcher":4,"Blue Candle":4,"Velvet Choker":7,"Orrery":9,"Yang":3,"Art of War":6,"PureWater":0,"Sling":6,"Meat on the Bone":2},{"Dream Catcher":25,"Blue Candle":25,"Velvet Choker":45,"Orrery":54,"Yang":14,"Art of War":33,"PureWater":0,"Sling":33,"Meat on the Bone":11}],"Meat on the Bone":60},"card_choices":[{"not_picked":["Alpha","DeusExMachina"],"picked":"Wish","floor":0.0},{"not_picked":["ThirdEye","PathToVictory"],"picked":"EmptyFist","floor":1.0},{"not_picked":["CutThroughFate","Fasting2"],"picked":"ForeignInfluence","floor":3.0},{"not_picked":["SandsOfTime","EmptyBody"],"picked":"Wish","floor":6.0},{"not_picked":["WheelKick","Judgement"],"picked":"Halt","floor":8},{"not_picked":["Sanctity","WindmillStrike"],"picked":"FearNoEvil","floor":10},{"not_picked":["Collect","SignatureMove"],"picked":"Vengeance","floor":11},{"not_picked":["ClearTheMind","PathToVictory"],"picked":"EmptyFist","floor":15},{"not_picked":["MasterReality","SpiritShield"],"picked":"Wish","floor":16},{"not_picked":["Prostrate","PathToVictory","CrushJoints"],"picked":"SKIP","floor":18},{"not_picked":["SignatureMove","EmptyFist"],"picked":"Protect","floor":19},{"not_picked":["EmptyBody+1","Consecrate"],"picked":"ConjureBlade","floor":21},{"not_picked":["Conclude+1","Protect"],"picked":"Vault","floor":21},{"not_picked":["EmptyFist","Halt"],"picked":"InnerPeace+1","floor":21},{"not_picked":["FlyingSleeves","FollowUp"],"picked":"ForeignInfluence","floor":21},{"not_picked":["Alpha","FollowUp"],"picked":"ThirdEye","floor":22}],"player_experience":1099418,"relics_obtained":[{"floor":6.0,"key":"Yang"},{"floor":8,"key":"Dream Catcher"},{"floor":9,"key":"Blue Candle"},{"floor":11,"key":"Art of War"}],"event_choices":[{"damage_healed":0.0,"max_hp_gain":0.0,"max_hp_loss":0.0,"gold_gain":0.0,"event_name":"Shining Light","player_choice":"Entered Light","floor":2.0,"gold_loss":0.0,"damage_taken":14.0,"cards_upgraded":["EmptyFist","Vigilance"]},{"damage_healed":0.0,"max_hp_gain":0.0,"max_hp_loss":0.0,"gold_gain":0.0,"event_name":"Scrap Ooze","player_choice":"Success","floor":4.0,"gold_loss":0.0,"damage_taken":7.0,"relics_obtained":["Meat on the Bone"]},{"damage_healed":0,"gold_gain":0,"player_choice":"Donut","damage_taken":0,"max_hp_gain":5,"max_hp_loss":0,"event_name":"Big Fish","floor":14,"gold_loss":0},{"damage_healed":0,"gold_gain":0,"player_choice":"Read","damage_taken":0,"max_hp_gain":0,"max_hp_loss":0,"event_name":"The Library","floor":20,"gold_loss":0,"cards_obtained":["TalkToTheHand"]}],"is_beta":false,"boss_relics":[{"not_picked":["Runic Pyramid","Calling Bell"],"picked":"Velvet Choker"}],"items_purged_floors":[12],"is_endless":false,"potions_floor_spawned":[8,16,18],"killed_by":"Gremlin Leader","ascension_level":5}}