{"host":"o3b7ow6d1xe49css","time":1613718965,"event":{"mods":["Act Like it!","Aspiration","BaseMod","Bestiary","Better Altar","Better Match","Better Note","Better Sensory Stone","Better Skull","Better Third Choice","Colored Powertips","Conspire","Energized Spire","Force Act Four","GifTheSpireLib","Halation","Hermit","Hubris","Infinite Spire","Lobotomy","Minty Spire (QoL Compilation)","Quick Restart","Rare Cards Sparkle","Relic Filter Mod","Reliquary","Replay The Spire","Spicy Shops","Spikes Relics","StSLib","Stuff the Spire","The Blue Laboratory","The Hierophant","The Jungle","Wandering Minibosses"],"gold_per_floor":[112,128,128,138,153,179,179,212,212,212,250,294,143,64,64,64,64],"floor_reached":16,"language":"ENG","playtime":567,"items_purged":[],"score":191,"play_id":"6614d5a2-8966-4d08-98f9-1271120bd09c","local_time":"20210218221605","daily_mods":["Heirloom","Flight"],"is_ascension_mode":true,"campfire_choices":[{"data":"Cloak And Dagger","floor":7,"key":"SMITH"},{"floor":15,"key":"DIG"}],"circlet_count":0,"master_deck":["Strike_G","Strike_G","Strike_G","Strike_G","Strike_G","Defend_G","Defend_G","Defend_G","Defend_G","Defend_G","Survivor","Neutralize","UniverseFragment","Cloak And Dagger+1","Scorched","Accuracy","Predator","Injury","Acrobatics"],"relics":["Ring of the Snake","Ring of Chaos","hubris:Zylophone","CogitoBucket","Kunai","infinitespire:ShieldingShard","Golden Egg","Golden Idol","Pen Nib","reliquary:PurpleTingedLeaf","SnailShell","Replay:Wax Seal","Bottled Tornado"],"acts_visited":["Exordium"],"potions_floor_usage":[6,6,8],"damage_taken":[{"damage":0,"enemies":"2 Louse","floor":1,"turns":3},{"damage":0,"enemies":"Small Slimes","floor":2,"turns":4},{"damage":2,"enemies":"Cultist","floor":4,"turns":5},{"damage":1,"enemies":"Large Slime","floor":5,"turns":8},{"damage":0,"enemies":"3 Sentries","floor":6,"turns":4},{"damage":27,"enemies":"Gremlin Nob","floor":8,"turns":5},{"damage":15,"enemies":"Lagavulin","floor":11,"turns":9},{"damage":7,"enemies":"3 Sentries","floor":12,"turns":4},{"damage":8,"enemies":"The Guardian","floor":16,"turns":11}],"seed_played":"-9024995354694083391","potions_obtained":[{"floor":1,"key":"blueLaboratory:NinjaPotion"},{"floor":2,"key":"Adrenaline Potion"},{"floor":6,"key":"Swift Potion"}],"is_trial":true,"path_per_floor":["M","M","$","M","M","E","R","E","T","?","E","E","$","$","R","B"],"character_chosen":"THE_SILENT","items_purchased":["SnailShell","Replay:Wax Seal"],"campfire_rested":0,"item_purchase_floors":[13,14],"current_hp_per_floor":[70,70,70,68,67,67,67,40,40,40,25,18,18,18,18,13,13],"gold":64,"neow_bonus":"","is_daily":false,"chose_seed":false,"campfire_upgraded":1,"win_rate":0.0,"timestamp":1613718965,"path_taken":["M","M","$","M","M","E","R","E","T","?","E","E","$","$","R","BOSS"],"items_purchased_type":["Relic","Relic"],"build_version":"2020-12-22","purchased_purges":0,"victory":false,"max_hp_per_floor":[70,70,70,70,70,70,70,70,70,70,70,70,70,70,70,70,70],"card_choices":[{"not_picked":["LongBird","MHz"],"picked":"UniverseFragment","floor":1},{"not_picked":["Blur","Dagger Spray","ReplayTheSpireMod:The Works"],"picked":"SKIP","floor":1},{"not_picked":["CherryBlossoms","SnowQueen","FairyFestival"],"picked":"Singing Bowl","floor":2},{"not_picked":["Deflect","Quick Slash","ShadowRift"],"picked":"SKIP","floor":2},{"not_picked":["Bane","Choke","Poison Darts"],"picked":"SKIP","floor":4},{"not_picked":["Hidden Blade","StuffTheSpire:ClusterCrunch"],"picked":"Cloak And Dagger","floor":5},{"not_picked":["LongBird","Woodsman"],"picked":"Scorched","floor":5},{"not_picked":["StuffTheSpire:ReptileScales","Sucker Punch"],"picked":"Accuracy","floor":6},{"not_picked":["hubris:TrickCloak","hubris:Sniper"],"picked":"Predator","floor":8},{"not_picked":["ReplayTheSpireMod:Tripwire","Sucker Punch","Skewer"],"picked":"SKIP","floor":11},{"not_picked":["StuffTheSpire:Injection","ReplayTheSpireMod:Shiv Toss"],"picked":"Acrobatics","floor":12}],"player_experience":1418417,"relics_obtained":[{"floor":6,"key":"Kunai"},{"floor":8,"key":"infinitespire:ShieldingShard"},{"floor":9,"key":"Golden Egg"},{"floor":11,"key":"Pen Nib"},{"floor":12,"key":"reliquary:PurpleTingedLeaf"},{"floor":15,"key":"Bottled Tornado"}],"event_choices":[{"damage_healed":0,"gold_gain":0,"player_choice":"Take Wound","damage_taken":0,"relics_obtained":["Golden Idol"],"max_hp_gain":0,"max_hp_loss":0,"event_name":"Golden Idol","floor":10,"gold_loss":0,"cards_obtained":["Injury"]}],"is_beta":false,"boss_relics":[],"items_purged_floors":[],"is_endless":false,"potions_floor_spawned":[1,2,6],"killed_by":"The Guardian","ascension_level":5}}