{"host":"19r1ww88x2tc73i0","time":1613717148,"event":{"mods":["BaseMod","BetterRewards","Colored Map","Minty Spire (QoL Compilation)","Relic Stats","StSLib","SuperFastMode","slay the spire mod where everything is the same but ironclad has a cowboy hat"],"gold_per_floor":[114,126,126,145,145,145,171,171,171,171,206,165,195,228,228,228,228],"floor_reached":16,"language":"ENG","playtime":567,"items_purged":["Strike_R"],"score":232,"play_id":"1e8ec685-884b-4669-97db-4a62026b2299","local_time":"25640219134548","is_ascension_mode":true,"campfire_choices":[{"data":"Bash","floor":6,"key":"SMITH"},{"data":"Flex","floor":8,"key":"SMITH"},{"data":"Disarm","floor":10,"key":"SMITH"},{"floor":15,"key":"REST"}],"circlet_count":0,"master_deck":["AscendersBane","Strike_R","Strike_R","Strike_R","Strike_R","Defend_R","Defend_R","Defend_R","Defend_R","Bash+1","Pummel","Disarm+1","Pommel Strike","Thunderclap","Cleave","Flame Barrier","Flex+1","Bludgeon","Inflame","Shrug It Off"],"relics":["Burning Blood","Prayer Wheel","Strange Spoon","Art of War","Bottled Lightning","Centennial Puzzle","Ornamental Fan","Dream Catcher"],"acts_visited":["Exordium"],"potions_floor_usage":[],"damage_taken":[{"damage":7.0,"enemies":"Small Slimes","floor":1.0,"turns":5.0},{"damage":7.0,"enemies":"Jaw Worm","floor":2.0,"turns":3.0},{"damage":3,"enemies":"2 Louse","floor":4,"turns":4},{"damage":30,"enemies":"Lagavulin","floor":7,"turns":9},{"damage":27,"enemies":"3 Sentries","floor":11,"turns":7},{"damage":24,"enemies":"Gremlin Nob","floor":14,"turns":4},{"damage":35,"enemies":"Hexaghost","floor":16,"turns":11}],"seed_played":"8484053369609041642","potions_obtained":[{"floor":1.0,"key":"SneckoOil"},{"floor":14,"key":"Fire Potion"}],"is_trial":false,"path_per_floor":["M","M","?","M","?","R","E","R","T","R","E","$","?","E","R","B"],"character_chosen":"IRONCLAD","items_purchased":["Prayer Wheel","Strange Spoon","Art of War","Inflame"],"campfire_rested":1,"item_purchase_floors":[0,0,0,12],"current_hp_per_floor":[67,66,66,69,74,74,50,50,50,50,29,29,29,11,35,0,0],"gold":228,"neow_bonus":"","is_daily":false,"chose_seed":false,"campfire_upgraded":3,"win_rate":0.0,"timestamp":1613717148,"path_taken":["M","M","?","M","?","R","E","R","T","R","E","?","?","E","R","BOSS"],"items_purchased_type":["Relic","Relic","Relic","Card"],"build_version":"2020-12-22","purchased_purges":1,"victory":false,"max_hp_per_floor":[75,75,75,75,80,80,80,80,80,80,80,80,80,80,80,80,80],"relic_stats":{"Strange Spoon":[2],"Centennial Puzzle":[9],"Dream Catcher":1,"counters":[13,73],"Ornamental Fan":[8],"Prayer Wheel":3,"Art of War":[8],"obtain_stats":[{"Strange Spoon":0,"Centennial Puzzle":9,"Dream Catcher":14,"Happy Flower":6,"Ornamental Fan":11,"Prayer Wheel":0,"Art of War":0,"Chemical X":0,"Bottled Lightning":7,"Question Card":0,"Burning Blood":0,"Paper Frog":0},{"Strange Spoon":6,"Centennial Puzzle":10,"Dream Catcher":12,"Happy Flower":5,"Ornamental Fan":11,"Prayer Wheel":6,"Art of War":6,"Chemical X":0,"Bottled Lightning":10,"Question Card":0,"Burning Blood":0,"Paper Frog":0},{"Strange Spoon":30,"Centennial Puzzle":51,"Dream Catcher":62,"Happy Flower":26,"Ornamental Fan":58,"Prayer Wheel":30,"Art of War":30,"Chemical X":0,"Bottled Lightning":51,"Question Card":0,"Burning Blood":0,"Paper Frog":0}],"Burning Blood":66},"card_choices":[{"not_picked":["Body Slam","Flame Barrier"],"picked":"Pummel","floor":1.0},{"not_picked":["Heavy Blade","Searing Blow"],"picked":"Disarm","floor":1.0},{"not_picked":["Burning Pact","Body Slam"],"picked":"Pommel Strike","floor":2.0},{"not_picked":["Pommel Strike","Rage"],"picked":"Thunderclap","floor":2.0},{"not_picked":["Twin Strike","Infernal Blade"],"picked":"Cleave","floor":4},{"not_picked":["Clash","Carnage"],"picked":"Flame Barrier","floor":4},{"not_picked":["Rage","Shrug It Off"],"picked":"Flex","floor":7},{"not_picked":["Iron Wave","Berserk"],"picked":"Bludgeon","floor":11},{"not_picked":["Clothesline","Wild Strike","Burning Pact"],"picked":"SKIP","floor":14},{"not_picked":["Body Slam","Pommel Strike"],"picked":"Shrug It Off","floor":15}],"player_experience":1129274,"relics_obtained":[{"floor":7,"key":"Bottled Lightning"},{"floor":9,"key":"Centennial Puzzle"},{"floor":11,"key":"Ornamental Fan"},{"floor":14,"key":"Dream Catcher"}],"event_choices":[{"damage_healed":0,"gold_gain":0,"player_choice":"Fled","damage_taken":0,"max_hp_gain":0,"max_hp_loss":0,"event_name":"Scrap Ooze","floor":3,"gold_loss":0},{"damage_healed":0,"gold_gain":0,"player_choice":"Donut","damage_taken":0,"max_hp_gain":5,"max_hp_loss":0,"event_name":"Big Fish","floor":5,"gold_loss":0},{"damage_healed":0,"gold_gain":30,"player_choice":"Searched \u00271\u0027 times","damage_taken":0,"max_hp_gain":0,"max_hp_loss":0,"event_name":"Dead Adventurer","floor":13,"gold_loss":0}],"is_beta":false,"boss_relics":[],"items_purged_floors":[0],"is_endless":false,"potions_floor_spawned":[1,14],"killed_by":"Hexaghost","ascension_level":20}}