{"host":"36t3qd3wjvajtu1z","time":1613707838,"event":{"mods":["2.2 Compatiblity","AchievementEnabler","BaseMod","Bestiary","Block Reminder","Colored Powertips","Curses Come First","Filter the Spire","Highlight Path","Minty Spire (QoL Compilation)","Permanent Neow","Quick Restart","Random Character Button","Rare Cards Sparkle","Relic Stats","Slay-I","StSLib","Unknown Chances"],"gold_per_floor":[112,24,24,44,62,62,77,117,117,160,185,185,185,228,228,323,323,341,355,355,374,37,37,73,73,73,123,143,143,168,203,203,203,203],"floor_reached":33,"language":"ENG","playtime":1964,"items_purged":[],"score":564,"play_id":"cadb6232-ab54-478e-88d2-d56119d4f6c7","local_time":"20210218201038","is_ascension_mode":true,"campfire_choices":[{"data":"Zap","floor":6.0,"key":"SMITH"},{"data":"Ball Lightning","floor":12.0,"key":"SMITH"},{"data":"Machine Learning","floor":15.0,"key":"SMITH"},{"data":"Fission","floor":23.0,"key":"SMITH"},{"data":"Creative AI","floor":25.0,"key":"SMITH"},{"data":"Reboot","floor":29.0,"key":"SMITH"},{"floor":32,"key":"REST"}],"circlet_count":0,"master_deck":["AscendersBane","Strike_B","Strike_B","Strike_B","Defend_B","Defend_B","Defend_B","Defend_B","Zap+1","Dualcast","Reboot+1","Self Repair","FTL","Ball Lightning+1","Go for the Eyes","Conserve Battery","Cold Snap","Machine Learning+1","Electrodynamics","Creative AI+1","Capacitor","Self Repair","Fission+1","Stack","Capacitor","Seek"],"relics":["Cracked Core","Golden Idol","Omamori","Question Card","Bottled Lightning","Orichalcum","SlaversCollar","Lee\u0027s Waffle","Blood Vial","Cables","Bag of Preparation"],"acts_visited":["Exordium","TheCity"],"potions_floor_usage":[31,31],"damage_taken":[{"damage":2.0,"enemies":"Cultist","floor":1.0,"turns":4.0},{"damage":5.0,"enemies":"Small Slimes","floor":4.0,"turns":3.0},{"damage":4.0,"enemies":"2 Louse","floor":5.0,"turns":2.0},{"damage":6.0,"enemies":"Lots of Slimes","floor":7.0,"turns":3.0},{"damage":23.0,"enemies":"Lagavulin","floor":8.0,"turns":5.0},{"damage":21.0,"enemies":"Gremlin Nob","floor":10.0,"turns":4.0},{"damage":7.0,"enemies":"Red Slaver","floor":11.0,"turns":3.0},{"damage":11.0,"enemies":"Lagavulin","floor":14.0,"turns":7.0},{"damage":44.0,"enemies":"Hexaghost","floor":16.0,"turns":12.0},{"damage":22.0,"enemies":"Shell Parasite","floor":18.0,"turns":7.0},{"damage":5.0,"enemies":"3 Byrds","floor":19.0,"turns":3.0},{"damage":20.0,"enemies":"Centurion and Healer","floor":21.0,"turns":7.0},{"damage":25.0,"enemies":"Book of Stabbing","floor":24.0,"turns":5.0},{"damage":32.0,"enemies":"Snecko","floor":28.0,"turns":11.0},{"damage":35.0,"enemies":"3 Cultists","floor":30.0,"turns":5.0},{"damage":33,"enemies":"Gremlin Leader","floor":31,"turns":7},{"damage":61,"enemies":"Automaton","floor":33,"turns":6}],"seed_played":"-1500365081242068063","potions_obtained":[{"floor":4.0,"key":"SteroidPotion"},{"floor":10.0,"key":"FairyPotion"},{"floor":11.0,"key":"Regen Potion"},{"floor":16.0,"key":"EssenceOfDarkness"},{"floor":21.0,"key":"Strength Potion"},{"floor":24.0,"key":"EntropicBrew"}],"is_trial":false,"path_per_floor":["M","$","?","M","M","R","M","E","T","E","M","R","?","E","R","B",null,"M","M","$","M","$","R","E","R","T","?","M","R","M","E","R","B"],"character_chosen":"DEFECT","items_purchased":["FTL","Lee\u0027s Waffle","Fission"],"campfire_rested":1,"item_purchase_floors":[2,22,22],"current_hp_per_floor":[62,62,62,64,64,64,64,48,48,34,34,34,34,45,45,8,50,35,37,37,24,71,71,60,60,60,60,37,37,18,25,46,0,0],"gold":203,"neow_bonus":"ONE_RANDOM_RARE_CARD","is_daily":false,"chose_seed":false,"campfire_upgraded":6,"win_rate":0.0,"timestamp":1613707838,"path_taken":["M","?","?","M","M","R","M","E","T","E","M","R","?","E","R","BOSS","M","M","?","?","$","R","E","R","T","?","M","R","M","E","R","BOSS"],"items_purchased_type":["Card","Relic","Card"],"build_version":"2020-12-22","purchased_purges":0,"victory":false,"max_hp_per_floor":[71,71,64,64,64,64,64,64,64,64,64,64,64,64,64,64,64,64,64,64,64,71,71,71,71,71,71,71,71,71,71,71,71,71],"relic_stats":{"Blood Vial":8,"Lee\u0027s Waffle":47,"counters":[17,94],"Golden Idol":95,"Bag of Preparation":[2],"Orichalcum":[108],"Question Card":11,"obtain_stats":[{"Blood Vial":24,"SlaversCollar":17,"Lee\u0027s Waffle":22,"Golden Idol":3,"Omamori":8,"Bag of Preparation":31,"Bottled Lightning":10,"Orichalcum":14,"Cracked Core":0,"Question Card":9,"Cables":26},{"Blood Vial":13,"SlaversCollar":9,"Lee\u0027s Waffle":12,"Golden Idol":1,"Omamori":5,"Bag of Preparation":16,"Bottled Lightning":6,"Orichalcum":8,"Cracked Core":0,"Question Card":5,"Cables":13},{"Blood Vial":65,"SlaversCollar":43,"Lee\u0027s Waffle":60,"Golden Idol":4,"Omamori":17,"Bag of Preparation":88,"Bottled Lightning":21,"Orichalcum":31,"Cracked Core":0,"Question Card":17,"Cables":65}],"Cables":[24,15,9,0,0]},"card_choices":[{"not_picked":["Stack","Barrage"],"picked":"Self Repair","floor":1.0},{"not_picked":["Hologram","Chaos"],"picked":"Ball Lightning","floor":4.0},{"not_picked":["Steam","Recycle"],"picked":"Go for the Eyes","floor":5.0},{"not_picked":["Steam","Leap"],"picked":"Conserve Battery","floor":7.0},{"not_picked":["Chaos","Tempest"],"picked":"Cold Snap","floor":8.0},{"not_picked":["Leap","Blizzard","Redo","Hologram"],"picked":"SKIP","floor":10.0},{"not_picked":["Consume","Sweeping Beam","Barrage"],"picked":"Machine Learning","floor":11.0},{"not_picked":["Stack","Hologram","Sweeping Beam"],"picked":"Electrodynamics","floor":14.0},{"not_picked":["Hyperbeam","Thunder Strike","All For One"],"picked":"Creative AI","floor":16.0},{"not_picked":["Steam Power","Hello World+1","Streamline","Stack"],"picked":"SKIP","floor":18.0},{"not_picked":["Rebound","Loop","Steam"],"picked":"Capacitor","floor":19.0},{"not_picked":["Hologram","Compile Driver","Rip and Tear"],"picked":"Self Repair","floor":21.0},{"not_picked":["Streamline","Go for the Eyes","Darkness"],"picked":"Stack","floor":24.0},{"not_picked":["Coolheaded","Machine Learning","Barrage+1"],"picked":"Capacitor","floor":28.0},{"not_picked":["Blizzard","Streamline","Rebound","Tempest"],"picked":"SKIP","floor":30.0},{"not_picked":["Steam","Go for the Eyes","FTL+1"],"picked":"Seek","floor":31}],"player_experience":553927,"relics_obtained":[{"floor":8.0,"key":"Omamori"},{"floor":9.0,"key":"Question Card"},{"floor":10.0,"key":"Bottled Lightning"},{"floor":14.0,"key":"Orichalcum"},{"floor":24.0,"key":"Blood Vial"},{"floor":26.0,"key":"Cables"},{"floor":31,"key":"Bag of Preparation"}],"event_choices":[{"damage_healed":0.0,"max_hp_gain":0.0,"max_hp_loss":7.0,"gold_gain":0.0,"event_name":"Golden Idol","player_choice":"Lose Max HP","floor":3.0,"gold_loss":0.0,"damage_taken":0.0,"relics_obtained":["Golden Idol"]},{"cards_removed":["Strike_B"],"damage_healed":0.0,"max_hp_gain":0.0,"max_hp_loss":0.0,"gold_gain":0.0,"event_name":"Bonfire Elementals","player_choice":"Offered Basic","floor":13.0,"gold_loss":0.0,"damage_taken":0.0},{"damage_healed":0.0,"max_hp_gain":0.0,"max_hp_loss":0.0,"gold_gain":50.0,"event_name":"Golden Shrine","player_choice":"Pray","floor":27.0,"gold_loss":0.0,"damage_taken":0.0}],"is_beta":false,"boss_relics":[{"not_picked":["Ectoplasm","Runic Pyramid"],"picked":"SlaversCollar"}],"items_purged_floors":[],"is_endless":false,"potions_floor_spawned":[4,10,11,16,21,24,28,30],"killed_by":"Automaton","ascension_level":17}}