{"host":"1ycuxm9gov0tl9zf","time":1613696658,"event":{"mods":["AchievementEnabler","Act Like it!","BaseMod","Colored Powertips","Downfall","Gensokyo","GifTheSpireLib","Hallownest","Marisa£®ÏF”Í°°ƒß¿Ì…≥£©","Minty Spire (QoL Compilation)","Quick Restart","Remilia£®¿Ÿ√◊¿Ú—«£©","Replay The Spire","Shop Mod","StSLib","The Administrix","The Animator","The Bug Knight"],"gold_per_floor":[118,129,129,146,166,200,200,200,226,237,20,30,45,15,15,119,119,133,150,33,33,33],"floor_reached":21,"language":"ZHS","playtime":1599,"items_purged":[],"score":183,"play_id":"3249f846-de2f-4a63-b695-ae3691d34b3f","local_time":"20210219090418","is_ascension_mode":false,"campfire_choices":[{"data":"Tools of the Trade","floor":7,"key":"SMITH"},{"floor":15,"key":"REST"}],"circlet_count":0,"master_deck":["Strike_G","Strike_G","Strike_G","Strike_G","Strike_G","Defend_G","Defend_G","Defend_G","Defend_G","Defend_G","Survivor","Neutralize+1","Dagger Throw","Quick Slash+1","Backflip","Sucker Punch","Tools of the Trade+1","Toxin Wave","Infinite Blades","Underhanded Strike","Backflip","Accuracy","A Thousand Cuts","Blade Dance","Cloak And Dagger","Finisher+1","Fluid Movement"],"relics":["Ring of the Snake","Replay:Baseball","PreservedInsect","Blue Doll","Black Star"],"acts_visited":["Exordium","TheCity"],"potions_floor_usage":[5,6,16,21],"damage_taken":[{"damage":0,"enemies":"Small Slimes","floor":1,"turns":5},{"damage":0,"enemies":"Jaw Worm","floor":2,"turns":6},{"damage":0,"enemies":"Cultist","floor":4,"turns":3},{"damage":0,"enemies":"Gremlin Gang","floor":5,"turns":2},{"damage":26,"enemies":"Gremlin Nob","floor":6,"turns":5},{"damage":4,"enemies":"Blue Slaver","floor":10,"turns":4},{"damage":0,"enemies":"Red Slaver","floor":12,"turns":4},{"damage":0,"enemies":"3 Louse","floor":13,"turns":3},{"damage":22,"enemies":"Fading Forest","floor":16,"turns":11},{"damage":28,"enemies":"Shell Parasite","floor":18,"turns":6},{"damage":17,"enemies":"Chosen","floor":19,"turns":6},{"damage":32,"enemies":"Centurion and Healer","floor":21,"turns":5}],"seed_played":"-3527037367019106261","potions_obtained":[{"floor":4,"key":"Explosive Potion"},{"floor":5,"key":"Weak Potion"},{"floor":6,"key":"Energy Potion"},{"floor":12,"key":"DistilledChaos"},{"floor":16,"key":"EntropicBrew"},{"floor":19,"key":"Milkshake"}],"is_trial":false,"path_per_floor":["M","M","?","M","M","E","R","?","T","M","$","M","M","$","R","B",null,"M","M","$","M"],"character_chosen":"THE_SILENT","items_purchased":["Blue Doll","Infinite Blades","Accuracy","Finisher+1","Fluid Movement"],"campfire_rested":1,"item_purchase_floors":[11,11,14,20,20],"current_hp_per_floor":[77,77,59,59,59,33,33,18,18,14,14,14,14,14,37,25,77,49,32,32,0,0],"gold":33,"neow_bonus":"TEN_PERCENT_HP_BONUS","is_daily":false,"chose_seed":false,"campfire_upgraded":1,"win_rate":0.0,"timestamp":1613696658,"path_taken":["M","M","?","M","M","E","R","?","T","?","?","M","M","$","R","BOSS","M","?","$","M"],"items_purchased_type":["Relic","Card","Card","Card","Card"],"build_version":"2020-12-22","purchased_purges":0,"victory":false,"max_hp_per_floor":[77,77,77,77,77,77,77,77,77,77,77,77,77,77,77,77,77,77,77,77,77,77],"card_choices":[{"not_picked":["Deflect","Sucker Punch"],"picked":"Dagger Throw","floor":1},{"not_picked":["Sucker Punch","Escape Plan"],"picked":"Quick Slash","floor":2},{"not_picked":["PiercingWail","Dagger Throw"],"picked":"Backflip","floor":4},{"not_picked":["ReplayTheSpireMod:The Works","Dagger Spray"],"picked":"Sucker Punch","floor":5},{"not_picked":["Sneak Up","Deflect"],"picked":"Tools of the Trade","floor":6},{"not_picked":["Catalyst","Blade Dance"],"picked":"Toxin Wave","floor":10},{"not_picked":["All Out Attack","Poisoned Stab"],"picked":"Underhanded Strike","floor":12},{"not_picked":["Blade Dance","Escape Plan"],"picked":"Backflip","floor":13},{"not_picked":["Replay:Bag of Tricks","Glass Knife"],"picked":"A Thousand Cuts","floor":16},{"not_picked":["Slice+1","Bane+1"],"picked":"Blade Dance","floor":18},{"not_picked":["Choke","Acrobatics"],"picked":"Cloak And Dagger","floor":19}],"player_experience":46750,"relics_obtained":[{"floor":6,"key":"PreservedInsect"}],"event_choices":[{"damage_healed":0,"gold_gain":0,"player_choice":"Success","damage_taken":18,"relics_obtained":["Replay:Baseball"],"max_hp_gain":0,"max_hp_loss":0,"event_name":"Scrap Ooze","floor":3,"gold_loss":0},{"damage_healed":0,"gold_gain":0,"player_choice":"Entered Light","damage_taken":15,"max_hp_gain":0,"max_hp_loss":0,"event_name":"Shining Light","floor":8,"gold_loss":0,"cards_upgraded":["Quick Slash","Neutralize"]}],"is_beta":false,"boss_relics":[{"not_picked":["ReplayTheSpireMod:DimensionalGlitch","Abe\u0027s Treasure"],"picked":"Black Star"}],"items_purged_floors":[],"is_endless":false,"potions_floor_spawned":[4,5,6,12,16,19],"killed_by":"Centurion and Healer","ascension_level":0}}