{"host":"ox77rn1xcurm2t5a","time":1613726348,"event":{"mods":["2.2 Compatiblity","AchievementEnabler","Act Like it!","Aspiration","BaseMod","Best Route Mod","Better Match","Better Note","Better Sensory Stone","Block Reminder","Colored Map","Colored Powertips","Conjunction","Conspire","Custom Start","Energized Spire","GifTheSpireLib","Gold Saver","Gremlin Skip","Halation","Highlight Path","Hubris","Infinite Spire","Minty Spire (QoL Compilation)","Pale of the Ancients","Quick Restart","Reliquary","Replay The Spire","Reworked Bosses","ShortenTheSpire","Spire Exporter","StSLib","Stuff the Spire","Wandering Minibosses"],"gold_per_floor":[114,130,143,63,63,92,92,118,118,118,135,153,1,1,1,1,1],"floor_reached":16,"language":"ENG","playtime":254,"items_purged":[],"score":154,"play_id":"8b2803ff-6101-4d49-b3ea-e40fbfca93f7","local_time":"20210219111908","is_ascension_mode":true,"campfire_choices":[{"data":"Demon Form","floor":10,"key":"SMITH"},{"data":"Limit Break","floor":15,"key":"SMITH"}],"circlet_count":0,"master_deck":["Strike_R","Strike_R","Strike_R","Strike_R","Strike_R","Defend_R","Defend_R","Defend_R","Defend_R","Bash","Heavy Blade","Thunderclap","Limit Break+1","Injury","Cleave+1","Demon Form+1","Twin Strike+1"],"relics":["Burning Blood","NeowsBlessing","Molten Egg 2","StuffTheSpire:EmeraldSignet","Ginger","aspiration:Nostalgia","Replay:M_SmolderingBlood"],"acts_visited":["Exordium"],"potions_floor_usage":[6,8,8],"damage_taken":[{"damage":0,"enemies":"Jaw Worm","floor":1,"turns":1},{"damage":0,"enemies":"conspire:RoseBush","floor":2,"turns":1},{"damage":0,"enemies":"Cultist","floor":3,"turns":1},{"damage":36,"enemies":"Gremlin Nob","floor":6,"turns":4},{"damage":44,"enemies":"Replay:BlueRogue","floor":8,"turns":6},{"damage":8,"enemies":"Large Slime","floor":11,"turns":6},{"damage":5,"enemies":"2 Fungi Beasts","floor":12,"turns":3},{"damage":15,"enemies":"Hexaghost","floor":16,"turns":4}],"seed_played":"6833016082946398670","potions_obtained":[{"floor":2,"key":"SpeedPotion"},{"floor":3,"key":"BlessingOfTheForge"},{"floor":6,"key":"Swift Potion"}],"is_trial":false,"path_per_floor":["M","M","M","$","?","E","?","E","T","R","M","M","$","?","R","B"],"character_chosen":"IRONCLAD","items_purchased":["Limit Break","aspiration:Nostalgia"],"campfire_rested":0,"item_purchase_floors":[4,13],"current_hp_per_floor":[78,80,80,80,80,50,50,12,12,12,10,11,11,11,11,0,0],"gold":1,"neow_bonus":"THREE_ENEMY_KILL","is_daily":false,"chose_seed":false,"campfire_upgraded":2,"win_rate":0.0,"timestamp":1613726348,"path_taken":["M","M","M","$","?","E","?","E","T","R","?","M","?","?","R","BOSS"],"items_purchased_type":["Card","Relic"],"build_version":"2020-12-22","purchased_purges":0,"victory":false,"max_hp_per_floor":[80,80,80,80,80,80,80,80,80,80,80,80,80,80,80,80,80],"card_choices":[{"not_picked":["Anger","Iron Wave"],"picked":"Heavy Blade","floor":1},{"not_picked":["Iron Wave","Heavy Blade"],"picked":"Thunderclap","floor":2},{"not_picked":["Armaments","Sword Boomerang","Intimidate"],"picked":"SKIP","floor":3},{"not_picked":["True Grit","Shrug It Off"],"picked":"Cleave+1","floor":6},{"not_picked":["Reaper+1","Inflame"],"picked":"Demon Form","floor":8},{"not_picked":["True Grit","Power Through","StuffTheSpire:Incineration+1"],"picked":"SKIP","floor":11},{"not_picked":["True Grit","Run Through+1"],"picked":"Twin Strike+1","floor":12}],"player_experience":3157933,"relics_obtained":[{"floor":6,"key":"StuffTheSpire:EmeraldSignet"},{"floor":8,"key":"Ginger"}],"event_choices":[{"damage_healed":0,"gold_gain":0,"player_choice":"Bought 0 Potions","damage_taken":0,"max_hp_gain":0,"max_hp_loss":0,"event_name":"The Woman in Blue","floor":7,"gold_loss":0}],"is_beta":false,"boss_relics":[],"items_purged_floors":[],"is_endless":false,"potions_floor_spawned":[2,3,6],"killed_by":"Hexaghost","ascension_level":8}}