{"host":"lnfs5t5iydkm2lft","time":1613759638,"event":{"mods":["AchievementEnabler","Aspiration","BaseMod","Better Third Choice","BetterRewards","Colored Powertips","Downfall","Hermit","Hubris","Infinite Spire","Marisa????????","Minty Spire (QoL Compilation)","Quick Restart","Replay The Spire","StSLib","The Runesmith","The Senshi","TheBandit","everything is the same but u backflip on backflip"],"gold_per_floor":[119,132,132,159,159,159,13,13,40,52,62,76,89,108,108,108,108],"floor_reached":16,"language":"ENG","playtime":900,"items_purged":[],"score":118,"play_id":"802903d1-f482-4e7f-a212-003f62f7ecab","local_time":"20210219123358","is_ascension_mode":true,"campfire_choices":[{"data":"Replay:Sssssssssshield","floor":6,"key":"SMITH"},{"data":"Dramatic Entrance","floor":8,"key":"SMITH"},{"data":"Spot Weakness","floor":15,"key":"SMITH"}],"circlet_count":0,"master_deck":["Strike_R+1","Strike_R+1","Strike_R","Strike_R","Strike_R","Defend_R","Defend_R","Defend_R+1","Defend_R+1","Bash","Dramatic Entrance+1","Replay:Sssssssssshield+1","Exhume","Spot Weakness+1"],"relics":["Burning Blood","infinitespire:Satchel","aspiration:Nostalgia","theSenshi:TransformationBroochRelic","War Paint"],"acts_visited":["Exordium"],"potions_floor_usage":[13,14,16,16],"damage_taken":[{"damage":12,"enemies":"Jaw Worm","floor":1,"turns":2},{"damage":0,"enemies":"Cultist","floor":2,"turns":2},{"damage":0,"enemies":"Small Slimes","floor":10,"turns":1},{"damage":0,"enemies":"Exordium Thugs","floor":11,"turns":3},{"damage":0,"enemies":"2 Fungi Beasts","floor":12,"turns":3},{"damage":0,"enemies":"Blue Slaver","floor":13,"turns":2},{"damage":2,"enemies":"Exordium Thugs","floor":14,"turns":5},{"damage":0,"enemies":"Fading Forest","floor":16,"turns":4}],"seed_played":"4076638874596967341","potions_obtained":[{"floor":2,"key":"BlessingOfTheForge"},{"floor":12,"key":"Fruit Juice"},{"floor":13,"key":"AttackPotion"},{"floor":14,"key":"Venom Potion"}],"is_trial":false,"path_per_floor":["M","M","?","T","?","R","$","R","T","M","M","M","M","M","R","B"],"character_chosen":"IRONCLAD","items_purchased":["aspiration:Nostalgia"],"campfire_rested":0,"item_purchase_floors":[7],"current_hp_per_floor":[74,80,64,64,64,64,64,64,64,70,76,80,85,85,85,85,85],"gold":108,"neow_bonus":"RANDOM_COLORLESS","is_daily":false,"chose_seed":false,"campfire_upgraded":3,"win_rate":0.0,"timestamp":1613759638,"path_taken":["M","M","?","?","?","R","$","R","T","M","M","M","M","?","R","BOSS"],"items_purchased_type":["Relic"],"build_version":"2020-12-22","purchased_purges":0,"victory":false,"max_hp_per_floor":[80,80,80,80,80,80,80,80,80,80,80,80,85,85,85,85,85],"card_choices":[{"not_picked":["Replay:BasicMightCard","Mind Blast"],"picked":"Dramatic Entrance","floor":0},{"not_picked":["Rage","Run Through","Replay:Undeath\u0027s Touch"],"picked":"SKIP","floor":1},{"not_picked":["Headbutt","Armaments","Blood for Blood"],"picked":"SKIP","floor":2},{"not_picked":["Flex","Defy Death","ReplayTheSpireMod:Corrosion Curse"],"picked":"SKIP","floor":10},{"not_picked":["Wild Strike","Pommel Strike"],"picked":"Exhume","floor":11},{"not_picked":["Havoc","Seeing Red"],"picked":"Spot Weakness","floor":12},{"not_picked":["Clash","Seeing Red","hubris:SharpeningStone"],"picked":"SKIP","floor":13},{"not_picked":["Combust","Armaments","Iron Wave"],"picked":"SKIP","floor":14}],"player_experience":400714,"relics_obtained":[{"floor":4,"key":"infinitespire:Satchel"},{"floor":9,"key":"War Paint"}],"event_choices":[{"damage_healed":80,"gold_gain":0,"player_choice":"Upgrade","damage_taken":16,"max_hp_gain":0,"max_hp_loss":80,"event_name":"betterThird:BetterShining","floor":3,"gold_loss":0,"cards_upgraded":["Strike_R","Strike_R"]},{"damage_healed":0,"gold_gain":0,"player_choice":"1 cards matched","damage_taken":0,"max_hp_gain":0,"max_hp_loss":0,"event_name":"Match and Keep!","floor":5,"gold_loss":0,"cards_obtained":["Replay:Sssssssssshield"]}],"is_beta":false,"boss_relics":[],"items_purged_floors":[],"is_endless":false,"potions_floor_spawned":[2,12,13,14],"killed_by":"Fading Forest","ascension_level":5}}