{"host":"ababi7n1w04ome7c","time":1613694895,"event":{"mods":["AchievementEnabler","BaseMod","Colored Map","Minty Spire (QoL Compilation)","Permanent Neow","StSLib","everything is the same but u backflip on backflip"],"gold_per_floor":[119,69,85,85,100,100,120,120,120,132,132,146,157,173,173,277,277,277,277],"floor_reached":18,"language":"KOR","playtime":489,"items_purged":[],"score":164,"play_id":"86c61dc2-466b-447c-a2e9-ce5660295119","local_time":"20210219093455","is_ascension_mode":true,"campfire_choices":[{"data":"Eruption","floor":6.0,"key":"SMITH"},{"data":"Adaptation","floor":8.0,"key":"SMITH"},{"floor":15,"key":"REST"}],"circlet_count":0,"master_deck":["Strike_P","Strike_P","Strike_P","Defend_P","Defend_P","Defend_P","Eruption+1","Vigilance","Adaptation+1","Adaptation","FearNoEvil"],"relics":["PureWater","Kunai","Damaru","Cursed Key"],"acts_visited":["Exordium","TheCity"],"potions_floor_usage":[16],"damage_taken":[{"damage":0.0,"enemies":"2 Louse","floor":1.0,"turns":2.0},{"damage":2.0,"enemies":"Small Slimes","floor":3.0,"turns":2.0},{"damage":10.0,"enemies":"Jaw Worm","floor":5.0,"turns":4.0},{"damage":7.0,"enemies":"Gremlin Gang","floor":7.0,"turns":3.0},{"damage":11.0,"enemies":"Large Slime","floor":10.0,"turns":3.0},{"damage":5,"enemies":"Looter","floor":12,"turns":4},{"damage":14,"enemies":"Exordium Thugs","floor":13,"turns":4},{"damage":2,"enemies":"Blue Slaver","floor":14,"turns":3},{"damage":18,"enemies":"Hexaghost","floor":16,"turns":7},{"damage":0,"enemies":"3 Byrds","floor":18,"turns":1}],"seed_played":"-2931418196398202302","potions_obtained":[{"floor":3.0,"key":"EntropicBrew"},{"floor":7.0,"key":"CultistPotion"},{"floor":14,"key":"BlessingOfTheForge"},{"floor":16,"key":"Block Potion"}],"is_trial":false,"path_per_floor":["M","?","M","?","M","R","M","R","T","M","?","M","M","M","R","B",null,"M"],"character_chosen":"WATCHER","items_purchased":[],"campfire_rested":1,"item_purchase_floors":[],"current_hp_per_floor":[72,72,70,70,60,60,53,53,53,42,35,30,16,14,35,17,72,72,72],"gold":277,"neow_bonus":"REMOVE_CARD","is_daily":false,"chose_seed":false,"campfire_upgraded":2,"win_rate":0.0,"timestamp":1613694895,"path_taken":["M","?","M","?","M","R","M","R","T","M","?","M","?","M","R","BOSS","M"],"items_purchased_type":[],"build_version":"2020-12-22","purchased_purges":0,"victory":false,"max_hp_per_floor":[72,72,72,72,72,72,72,72,72,72,72,72,72,72,72,72,72,72,72],"card_choices":[{"not_picked":["Prostrate","FollowUp","Swivel"],"picked":"SKIP","floor":1.0},{"not_picked":["Evaluate","Prostrate","FlurryOfBlows"],"picked":"SKIP","floor":3.0},{"not_picked":["EmptyMind","EmptyFist"],"picked":"Adaptation","floor":5.0},{"not_picked":["ClearTheMind","Crescendo","JustLucky"],"picked":"SKIP","floor":7.0},{"not_picked":["Alpha","Crescendo"],"picked":"Adaptation","floor":10.0},{"not_picked":["JustLucky","Protect","SashWhip"],"picked":"SKIP","floor":12},{"not_picked":["Protect","ClearTheMind","PathToVictory"],"picked":"SKIP","floor":13},{"not_picked":["MasterReality","SashWhip"],"picked":"FearNoEvil","floor":14}],"player_experience":343703,"relics_obtained":[{"floor":9.0,"key":"Damaru"}],"event_choices":[{"cards_removed":["Strike_P"],"damage_healed":0.0,"max_hp_gain":0.0,"max_hp_loss":0.0,"gold_gain":0.0,"event_name":"The Cleric","player_choice":"Card Removal","floor":2.0,"gold_loss":50.0,"damage_taken":0.0},{"damage_healed":0.0,"max_hp_gain":0.0,"max_hp_loss":0.0,"gold_gain":0.0,"event_name":"Big Fish","player_choice":"Box","floor":4.0,"gold_loss":0.0,"damage_taken":0.0,"relics_obtained":["Kunai"],"cards_obtained":["Regret"]},{"cards_removed":["Regret"],"damage_healed":0.0,"max_hp_gain":0.0,"max_hp_loss":0.0,"gold_gain":0.0,"event_name":"Golden Wing","player_choice":"Card Removal","floor":11.0,"gold_loss":0.0,"damage_taken":7.0}],"is_beta":false,"boss_relics":[{"not_picked":["HolyWater","Ectoplasm"],"picked":"Cursed Key"}],"items_purged_floors":[],"is_endless":false,"potions_floor_spawned":[3,7,14,16],"killed_by":"3 Byrds","ascension_level":1}}