{"host":"gttgmv2wah99hzdm","time":1613762438,"event":{"mods":["AchievementEnabler","BaseMod","Bestiary","Block Reminder","Minty Spire (QoL Compilation)","Permanent Neow","Relic Stats","Weighted Paths","ojb\u0027s Info Mod"],"gold_per_floor":[119,133,50,50,69,69,99,99,99,131,149,161,194,213,213,287,287,299,299,331,67,67,98,98,130,181,208,208,208,222,235,235,307,307,326,80,90,109,134,167,167,167,193,193,234,234,266,282,282,282,282,282,282,56,88,88,88],"floor_reached":56,"language":"ENG","playtime":3117,"items_purged":["Strike_R+1"],"score":2022,"play_id":"70202eb6-9bd2-41ff-b197-4f89e3f643ba","local_time":"20210219132038","is_ascension_mode":true,"campfire_choices":[{"data":"Bash","floor":6.0,"key":"SMITH"},{"data":"Hemokinesis","floor":8.0,"key":"SMITH"},{"floor":15.0,"key":"DIG"},{"floor":24.0,"key":"DIG"},{"floor":29.0,"key":"DIG"},{"floor":32.0,"key":"DIG"},{"floor":42.0,"key":"DIG"},{"floor":44.0,"key":"RECALL"},{"floor":49.0,"key":"DIG"},{"floor":53.0,"key":"DIG"}],"circlet_count":0,"master_deck":["AscendersBane","Strike_R+1","Strike_R+1","Strike_R+1","Defend_R+1","Defend_R+1","Defend_R+1","Defend_R+1","Bash+1","Pommel Strike","Battle Trance","Impervious","Pain","Thunderclap","Hemokinesis+1","Power Through","Clothesline","Burning Pact","Sever Soul","Flame Barrier+1","Immolate","Evolve+1","Uppercut","Fiend Fire","Second Wind+1","Flame Barrier","Battle Trance+1","Reaper","Flame Barrier","Shockwave","Sentinel+1","Shockwave"],"relics":["Burning Blood","NeowsBlessing","WarpedTongs","Shovel","TungstenRod","Eternal Feather","Mummified Hand","Blue Candle","Fusion Hammer","Red Mask","White Beast Statue","MealTicket","Pantograph","Matryoshka","Red Skull","Bronze Scales","Ornamental Fan","Lantern","Snecko Eye","Centennial Puzzle","Magic Flower","Blood Vial","War Paint","Happy Flower","Bag of Marbles","CeramicFish","Art of War","Pear","Bottled Lightning","Vajra","Boot"],"acts_visited":["TheCity","TheBeyond","TheEnding"],"potions_floor_usage":[56,56],"damage_taken":[{"damage":0.0,"enemies":"Small Slimes","floor":1.0,"turns":1.0},{"damage":0.0,"enemies":"Cultist","floor":2.0,"turns":1.0},{"damage":0.0,"enemies":"2 Louse","floor":5.0,"turns":1.0},{"damage":12.0,"enemies":"Lagavulin","floor":7.0,"turns":6.0},{"damage":3.0,"enemies":"Gremlin Nob","floor":10.0,"turns":3.0},{"damage":11.0,"enemies":"Looter","floor":11.0,"turns":3.0},{"damage":11.0,"enemies":"Exordium Wildlife","floor":12.0,"turns":3.0},{"damage":23.0,"enemies":"3 Sentries","floor":13.0,"turns":8.0},{"damage":1.0,"enemies":"Large Slime","floor":14.0,"turns":4.0},{"damage":26.0,"enemies":"Slime Boss","floor":16.0,"turns":10.0},{"damage":0.0,"enemies":"3 Byrds","floor":18.0,"turns":2.0},{"damage":10.0,"enemies":"Masked Bandits","floor":20.0,"turns":4.0},{"damage":13.0,"enemies":"Slavers","floor":23.0,"turns":5.0},{"damage":40.0,"enemies":"Gremlin Leader","floor":25.0,"turns":8.0},{"damage":33.0,"enemies":"Book of Stabbing","floor":27.0,"turns":4.0},{"damage":1.0,"enemies":"2 Thieves","floor":30.0,"turns":3.0},{"damage":0.0,"enemies":"Centurion and Healer","floor":31.0,"turns":4.0},{"damage":74.0,"enemies":"Collector","floor":33.0,"turns":8.0},{"damage":0.0,"enemies":"3 Darklings","floor":35.0,"turns":4.0},{"damage":12.0,"enemies":"3 Shapes","floor":37.0,"turns":5.0},{"damage":6.0,"enemies":"Maw","floor":38.0,"turns":8.0},{"damage":7.0,"enemies":"Mind Bloom Boss Battle","floor":39.0,"turns":6.0},{"damage":27.0,"enemies":"Reptomancer","floor":40.0,"turns":5.0},{"damage":22.0,"enemies":"Giant Head","floor":45.0,"turns":7.0},{"damage":41.0,"enemies":"Reptomancer","floor":47.0,"turns":5.0},{"damage":1.0,"enemies":"3 Darklings","floor":48.0,"turns":3.0},{"damage":52.0,"enemies":"Awakened One","floor":50.0,"turns":17.0},{"damage":12.0,"enemies":"Donu and Deca","floor":51.0,"turns":9.0},{"damage":16.0,"enemies":"Shield and Spear","floor":55.0,"turns":6.0},{"damage":91,"enemies":"The Heart","floor":56,"turns":6}],"seed_played":"-6557464020549065780","potions_obtained":[{"floor":2.0,"key":"SkillPotion"},{"floor":5.0,"key":"PowerPotion"},{"floor":7.0,"key":"PowerPotion"},{"floor":13.0,"key":"SkillPotion"},{"floor":23.0,"key":"FearPotion"},{"floor":25.0,"key":"CultistPotion"},{"floor":28.0,"key":"Fruit Juice"},{"floor":28.0,"key":"Fire Potion"},{"floor":31.0,"key":"DistilledChaos"},{"floor":33.0,"key":"SmokeBomb"},{"floor":35.0,"key":"Fire Potion"},{"floor":37.0,"key":"FearPotion"},{"floor":40.0,"key":"LiquidMemories"},{"floor":45.0,"key":"Swift Potion"},{"floor":47.0,"key":"PowerPotion"}],"is_trial":false,"path_per_floor":["M","M","$","?","M","R","E","R","T","E","M","M","E","M","R","B",null,"M","?","?","$","?","E","R","E","T","E","?","R","M","M","R","B",null,"M","$","M","M","?","E","?","R","T","R","E","?","E","M","R","B","B",null,"R","$","E","B"],"character_chosen":"IRONCLAD","items_purchased":["Impervious","White Beast Statue","Centennial Puzzle","Vajra","PowerPotion"],"campfire_rested":0,"item_purchase_floors":[3,21,36,54,54],"current_hp_per_floor":[74,75,75,75,75,75,69,69,69,72,67,62,45,50,62,42,67,73,73,69,69,69,62,75,41,41,14,19,34,39,45,60,12,63,75,80,80,80,79,61,61,79,79,80,67,67,48,80,90,47,88,90,90,90,89,0,0],"gold":88,"neow_bonus":"THREE_ENEMY_KILL","is_daily":false,"chose_seed":false,"campfire_upgraded":2,"win_rate":0.0,"timestamp":1613762438,"path_taken":["M","M","$","?","?","R","E","R","T","E","M","M","E","M","R","BOSS","M","?","?","?","?","E","R","E","T","E","?","R","M","M","R","BOSS","M","$","?","M","?","E","?","R","T","R","E","?","E","M","R","BOSS","BOSS","R","$","E","BOSS"],"items_purchased_type":["Card","Relic","Relic","Relic","Potion"],"build_version":"2020-12-22","purchased_purges":1,"victory":false,"max_hp_per_floor":[75,75,75,75,75,75,75,75,75,75,75,75,75,75,75,75,75,75,75,75,75,75,75,75,75,75,75,80,80,80,80,80,80,80,80,80,80,80,80,80,80,80,80,80,80,80,80,80,90,90,90,90,90,90,90,90,90],"relic_stats":{"Happy Flower":[17],"counters":[30,159],"Blue Candle":[20],"CeramicFish":9,"Magic Flower":[43],"Eternal Feather":74,"War Paint":["Flame Barrier","Second Wind"],"Boot":[0],"Burning Blood":172,"WarpedTongs":[148],"Blood Vial":10,"Centennial Puzzle":[33],"Shovel":7,"Mummified Hand":[32],"Ornamental Fan":[136],"Pantograph":58,"Bronze Scales":[366],"Snecko Eye":[179,168,166,172],"MealTicket":5,"Art of War":[5],"obtain_stats":[{"Lantern":32,"CeramicFish":45,"Magic Flower":39,"Vajra":54,"Boot":55,"Burning Blood":0,"Blood Vial":40,"Centennial Puzzle":36,"Shovel":7,"Matryoshka":25,"Mummified Hand":13,"Pantograph":24,"MealTicket":23,"Fusion Hammer":17,"Red Mask":20,"Red Skull":26,"Pear":49,"NeowsBlessing":0,"Happy Flower":43,"Blue Candle":15,"Eternal Feather":10,"War Paint":42,"White Beast Statue":21,"WarpedTongs":4,"Ornamental Fan":29,"Bronze Scales":27,"Snecko Eye":34,"Bag of Marbles":43,"Art of War":47,"Bottled Lightning":53,"TungstenRod":9},{"Lantern":17,"CeramicFish":24,"Magic Flower":22,"Vajra":28,"Boot":29,"Burning Blood":0,"Blood Vial":23,"Centennial Puzzle":19,"Shovel":4,"Matryoshka":14,"Mummified Hand":8,"Pantograph":13,"MealTicket":13,"Fusion Hammer":10,"Red Mask":12,"Red Skull":14,"Pear":26,"NeowsBlessing":0,"Happy Flower":23,"Blue Candle":9,"Eternal Feather":5,"War Paint":23,"White Beast Statue":12,"WarpedTongs":2,"Ornamental Fan":15,"Bronze Scales":15,"Snecko Eye":18,"Bag of Marbles":23,"Art of War":25,"Bottled Lightning":28,"TungstenRod":4},{"Lantern":70,"CeramicFish":113,"Magic Flower":101,"Vajra":147,"Boot":153,"Burning Blood":0,"Blood Vial":106,"Centennial Puzzle":82,"Shovel":9,"Matryoshka":59,"Mummified Hand":26,"Pantograph":51,"MealTicket":51,"Fusion Hammer":40,"Red Mask":46,"Red Skull":59,"Pear":121,"NeowsBlessing":0,"Happy Flower":106,"Blue Candle":30,"Eternal Feather":12,"War Paint":106,"White Beast Statue":46,"WarpedTongs":2,"Ornamental Fan":63,"Bronze Scales":63,"Snecko Eye":78,"Bag of Marbles":106,"Art of War":118,"Bottled Lightning":147,"TungstenRod":9}],"TungstenRod":179},"card_choices":[{"not_picked":["Dark Embrace","Flex"],"picked":"Pommel Strike","floor":1.0},{"not_picked":["Clothesline","Anger"],"picked":"Battle Trance","floor":2.0},{"not_picked":["Dark Embrace","Flex"],"picked":"Thunderclap","floor":5.0},{"not_picked":["Sever Soul","Cleave"],"picked":"Hemokinesis","floor":7.0},{"not_picked":["Fire Breathing","Body Slam"],"picked":"Power Through","floor":10.0},{"not_picked":["Dropkick","Wild Strike"],"picked":"Clothesline","floor":11.0},{"not_picked":["Warcry","Twin Strike"],"picked":"Burning Pact","floor":12.0},{"not_picked":["Flex","Body Slam"],"picked":"Sever Soul","floor":13.0},{"not_picked":["Barricade","Rampage"],"picked":"Flame Barrier","floor":14.0},{"not_picked":["Demon Form","Barricade"],"picked":"Immolate","floor":16.0},{"not_picked":["Cleave","Clash"],"picked":"Evolve","floor":18.0},{"not_picked":["Warcry","Perfected Strike"],"picked":"Uppercut","floor":20.0},{"not_picked":["Double Tap","Blood for Blood"],"picked":"Second Wind","floor":23.0},{"not_picked":["Pummel+1","Fire Breathing","Reckless Charge"],"picked":"SKIP","floor":25.0},{"not_picked":["True Grit","Carnage","Pommel Strike"],"picked":"SKIP","floor":27.0},{"not_picked":["Carnage","Searing Blow+1"],"picked":"Flame Barrier","floor":30.0},{"not_picked":["Carnage","Wild Strike"],"picked":"Battle Trance+1","floor":31.0},{"not_picked":["Corruption","Demon Form"],"picked":"Reaper","floor":33.0},{"not_picked":["Twin Strike","True Grit"],"picked":"Flame Barrier","floor":35.0},{"not_picked":["Perfected Strike","Cleave","Armaments"],"picked":"SKIP","floor":37.0},{"not_picked":["Rage","Thunderclap","True Grit"],"picked":"SKIP","floor":38.0},{"not_picked":["Clothesline","Hemokinesis"],"picked":"Shockwave","floor":39.0},{"not_picked":["Infernal Blade","Seeing Red"],"picked":"Sentinel+1","floor":40.0},{"not_picked":["Headbutt","Exhume"],"picked":"Shockwave","floor":45.0},{"not_picked":["Combust","Bloodletting","Warcry+1"],"picked":"SKIP","floor":47.0},{"not_picked":["Twin Strike","Perfected Strike","Cleave"],"picked":"SKIP","floor":48.0},{"not_picked":["Battle Trance","Cleave","Entrench"],"picked":"SKIP","floor":55.0}],"player_experience":1114670,"relics_obtained":[{"floor":7.0,"key":"Shovel"},{"floor":9.0,"key":"TungstenRod"},{"floor":10.0,"key":"Eternal Feather"},{"floor":13.0,"key":"Mummified Hand"},{"floor":15.0,"key":"Blue Candle"},{"floor":20.0,"key":"Red Mask"},{"floor":23.0,"key":"MealTicket"},{"floor":24.0,"key":"Pantograph"},{"floor":25.0,"key":"Matryoshka"},{"floor":26.0,"key":"Red Skull"},{"floor":27.0,"key":"Bronze Scales"},{"floor":29.0,"key":"Ornamental Fan"},{"floor":32.0,"key":"Lantern"},{"floor":39.0,"key":"Magic Flower"},{"floor":40.0,"key":"Blood Vial"},{"floor":42.0,"key":"War Paint"},{"floor":43.0,"key":"Happy Flower"},{"floor":43.0,"key":"Bag of Marbles"},{"floor":45.0,"key":"CeramicFish"},{"floor":47.0,"key":"Art of War"},{"floor":49.0,"key":"Pear"},{"floor":53.0,"key":"Bottled Lightning"},{"floor":55.0,"key":"Boot"}],"event_choices":[{"damage_healed":0.0,"max_hp_gain":0.0,"max_hp_loss":0.0,"gold_gain":0.0,"event_name":"Accursed Blacksmith","player_choice":"Rummage","floor":4.0,"gold_loss":0.0,"damage_taken":0.0,"relics_obtained":["WarpedTongs"],"cards_obtained":["Pain"]},{"damage_healed":0.0,"max_hp_gain":0.0,"max_hp_loss":0.0,"gold_gain":0.0,"event_name":"Back to Basics","player_choice":"Simplicity","floor":19.0,"gold_loss":0.0,"damage_taken":0.0,"cards_upgraded":["Strike_R","Strike_R","Strike_R","Strike_R","Strike_R","Defend_R","Defend_R","Defend_R","Defend_R"]},{"damage_healed":0.0,"max_hp_gain":0.0,"max_hp_loss":0.0,"gold_gain":0.0,"event_name":"Masked Bandits","player_choice":"Fought Bandits","floor":20.0,"gold_loss":0.0,"damage_taken":0.0},{"damage_healed":0.0,"max_hp_gain":0.0,"max_hp_loss":0.0,"gold_gain":0.0,"event_name":"The Library","player_choice":"Read","floor":22.0,"gold_loss":0.0,"damage_taken":0.0,"cards_obtained":["Fiend Fire"]},{"damage_healed":0.0,"max_hp_gain":0.0,"max_hp_loss":0.0,"gold_gain":0.0,"event_name":"Lab","player_choice":"Got Potions","floor":28.0,"gold_loss":0.0,"damage_taken":0.0},{"damage_healed":0.0,"max_hp_gain":0.0,"max_hp_loss":0.0,"gold_gain":0.0,"event_name":"MindBloom","player_choice":"Fight","floor":39.0,"gold_loss":0.0,"damage_taken":0.0},{"cards_removed":["Strike_R"],"damage_healed":0.0,"max_hp_gain":0.0,"max_hp_loss":0.0,"gold_gain":0.0,"event_name":"Falling","player_choice":"Removed Attack","floor":41.0,"gold_loss":0.0,"damage_taken":0.0},{"damage_healed":0.0,"max_hp_gain":0.0,"max_hp_loss":0.0,"gold_gain":0.0,"event_name":"Upgrade Shrine","player_choice":"Upgraded","floor":46.0,"gold_loss":0.0,"damage_taken":0.0,"cards_upgraded":["Evolve"]}],"is_beta":false,"boss_relics":[{"not_picked":["Velvet Choker","SlaversCollar"],"picked":"Fusion Hammer"},{"not_picked":["Mark of Pain","Philosopher\u0027s Stone"],"picked":"Snecko Eye"}],"items_purged_floors":[36],"is_endless":false,"potions_floor_spawned":[2,5,7,13,23,25,27,30,31,33,35,37,38,39,40,45,47,48,55],"killed_by":"The Heart","ascension_level":20}}