{"host":"x5w9zppki4gdwvc7","time":1613761509,"event":{"mods":["AchievementEnabler","BaseMod","Colored Powertips","DeckTracker","Minty Spire (QoL Compilation)","SuperFastMode"],"gold_per_floor":[112,112,12,187,208,208,208,208,208],"floor_reached":8,"language":"ENG","playtime":297,"items_purged":["Injury"],"score":44,"play_id":"11bbe451-d6a4-4d09-8d13-34b8e2106eb7","local_time":"20210219200509","is_ascension_mode":false,"campfire_choices":[{"data":"Zap","floor":6,"key":"SMITH"}],"circlet_count":0,"master_deck":["Strike_B","Strike_B","Strike_B","Strike_B","Defend_B","Defend_B","Defend_B","Defend_B","Zap+1","Dualcast","CurseOfTheBell","Ball Lightning","Capacitor"],"relics":["Calling Bell","Smiling Mask","Blue Candle","Incense Burner","Golden Idol"],"acts_visited":["Exordium"],"potions_floor_usage":[8],"damage_taken":[{"damage":2,"enemies":"Small Slimes","floor":1,"turns":4},{"damage":12,"enemies":"Jaw Worm","floor":5,"turns":5},{"damage":58,"enemies":"3 Sentries","floor":8,"turns":10}],"seed_played":"6895795529714774746","potions_obtained":[{"floor":1,"key":"Strength Potion"}],"is_trial":false,"path_per_floor":["M","?","$","?","M","R","?","E"],"character_chosen":"DEFECT","items_purchased":["Dexterity Potion"],"campfire_rested":0,"item_purchase_floors":[3],"current_hp_per_floor":[73,73,73,73,61,61,54,0,0],"gold":208,"neow_bonus":"BOSS_RELIC","is_daily":false,"chose_seed":false,"campfire_upgraded":1,"win_rate":0.0,"timestamp":1613761509,"path_taken":["M","?","$","?","M","R","?","E"],"items_purchased_type":["Potion"],"build_version":"2020-12-22","purchased_purges":1,"victory":false,"max_hp_per_floor":[75,75,75,75,75,75,75,75,75],"card_choices":[{"not_picked":["Conserve Battery","Turbo"],"picked":"Ball Lightning","floor":1},{"not_picked":["Turbo","Rebound"],"picked":"Capacitor","floor":5}],"player_experience":670313,"relics_obtained":[{"floor":0,"key":"Smiling Mask"},{"floor":0,"key":"Blue Candle"},{"floor":0,"key":"Incense Burner"}],"event_choices":[{"damage_healed":0,"gold_gain":0,"player_choice":"Take Wound","damage_taken":0,"relics_obtained":["Golden Idol"],"max_hp_gain":0,"max_hp_loss":0,"event_name":"Golden Idol","floor":2,"gold_loss":0,"cards_obtained":["Injury"]},{"damage_healed":0,"gold_gain":175,"player_choice":"AGREE","damage_taken":0,"max_hp_gain":0,"max_hp_loss":0,"event_name":"Liars Game","floor":4,"gold_loss":0,"cards_obtained":["Doubt"]},{"cards_removed":["Doubt"],"damage_healed":0,"gold_gain":0,"player_choice":"Card Removal","damage_taken":7,"max_hp_gain":0,"max_hp_loss":0,"event_name":"Golden Wing","floor":7,"gold_loss":0}],"is_beta":false,"boss_relics":[],"items_purged_floors":[3],"is_endless":false,"potions_floor_spawned":[1],"killed_by":"3 Sentries","ascension_level":0}}