{"host":"Koishi","time":1613711451,"event":{"mods":["2.2 Compatiblity","AchievementEnabler","Act Like it!","BaseMod","Better Match","Better Note","Better Sensory Stone","Better Third Choice","Colored Powertips","Gensokyo","Good Game Mod","Hermit","Koishi","Lobotomy","LobotomyExtend","Marisa（霧雨　魔理沙）","Minty Spire (QoL Compilation)","Monster B Gone","Quick Restart","Rare Cards Sparkle","Reimu（博??梦）","Relic Filter Mod","Relic Stats","Ruina","Spicy Shops","StSLib","The Construct"],"gold_per_floor":[118,68,68,83,100,100,117,117,117,146,146,146,146,178,178,280,280,291,216,216,227,246,275,287,304,304,51,62,62,90,90,90,195,195,205,69,84,98,118,118,151,168,168,203,128,68,68,68,68,68],"floor_reached":51,"language":"ENG","playtime":2409,"items_purged":[],"score":822,"play_id":"e6fb3ff5-8c64-4971-8bbe-74a8e2fda0e0","local_time":"20210219001051","is_ascension_mode":true,"campfire_choices":[{"data":"GoldRush","floor":6,"key":"SMITH"},{"data":"MysteriousBeam","floor":12,"key":"SMITH"},{"data":"Singularity","floor":15,"key":"SMITH"},{"data":"FinalSpark","floor":29,"key":"SMITH"},{"data":"MagicChant","floor":32,"key":"SMITH"},{"data":"BlazeAway","floor":40,"key":"SMITH"},{"data":"CasketOfStar","floor":47,"key":"SMITH"},{"data":"EarthLightRay","floor":49,"key":"SMITH"}],"circlet_count":0,"master_deck":["LongBird","Strike_MRS+1","Strike_MRS+1","Strike_MRS+1","Defend_MRS","Defend_MRS","Defend_MRS","Defend_MRS","MasterSpark+1","UpSweep+1","GoldRush+1","DoubleSpark+1","MHz","Gensokyo:BlessingOfFortitude+1","WallGazer","Singularity+1","RedShoes","OneTimeOff+1","OSAHOGD","MysteriousBeam+1","MagicChant+1","FinalSpark+1","MagicAbsorber+1","ruina:Smile+1","Acceleration","MillisecondPulsars","DragonMeteor+1","UniverseFragment","Singularity+1","ShyLook","BlazeAway+1","SporeBomb","CasketOfStar+1","CENSORED","EarthLightRay+1","SnowQueen","FieryBird","ManaConvection+1","QueenOfHatred","MysteriousBeam+1","ChargingUp+1","CollectingQuirk+1","Gensokyo:CustomPotion"],"relics":["MiniHakkero","REME:ComplimentaryCards","CogitoBucket","LetterFromLob","Meat on the Bone","Blue Candle","Potion Belt","Black Star","LuminousBracelet","construct:FoamFinger","Whetstone","AdjustmentMirror","Kunai","Pantograph","Unceasing Top","InspiredRelic","Heaven_r","SlaversCollar","SimpleLauncher","Justitia_r","AspirationHeart","Letter Opener","Bottled Lightning","Pear","FossilizedHelix","Pocketwatch"],"acts_visited":["Gensokyo:Gensokyo","ruina:Briah","Gensokyo:Gensokyoest"],"potions_floor_usage":[23,25,37,37,37,51,51,51],"damage_taken":[{"damage":9,"enemies":"Gensokyo:Gryphon","floor":1,"turns":3},{"damage":0,"enemies":"Gensokyo:Python","floor":4,"turns":2},{"damage":0,"enemies":"Gensokyo:2_Kodama","floor":5,"turns":1},{"damage":17,"enemies":"Gensokyo:CorruptedTreant","floor":7,"turns":3},{"damage":27,"enemies":"Gensokyo:Mamizou","floor":10,"turns":8},{"damage":6,"enemies":"Gensokyo:Aya","floor":14,"turns":3},{"damage":19,"enemies":"Gensokyo:Yukari","floor":16,"turns":5},{"damage":32,"enemies":"ruina:Nosferatu","floor":18,"turns":4},{"damage":2,"enemies":"ruina:2_Scarecrows","floor":21,"turns":3},{"damage":4,"enemies":"ruina:KnightOfDespair","floor":22,"turns":2},{"damage":11,"enemies":"ruina:ServantOfWrath","floor":23,"turns":3},{"damage":16,"enemies":"ruina:3_Scarecrows","floor":24,"turns":3},{"damage":33,"enemies":"ruina:QueenOfHate","floor":25,"turns":5},{"damage":6,"enemies":"ruina:Woodsman","floor":28,"turns":2},{"damage":12,"enemies":"ruina:RoadHome","floor":30,"turns":3},{"damage":78,"enemies":"ruina:RoadHome","floor":31,"turns":5},{"damage":23,"enemies":"ruina:Ozma","floor":33,"turns":7},{"damage":12,"enemies":"Gensokyo:3_Boulders","floor":35,"turns":4},{"damage":80,"enemies":"Gensokyo:3_Bats","floor":37,"turns":6},{"damage":26,"enemies":"Gensokyo:Sharpion","floor":38,"turns":3},{"damage":51,"enemies":"Gensokyo:Rafflesia","floor":39,"turns":6},{"damage":45,"enemies":"Gensokyo:Kasen","floor":41,"turns":5},{"damage":12,"enemies":"Gensokyo:SeedOfUnknown","floor":42,"turns":3},{"damage":36,"enemies":"Gensokyo:Marisa","floor":44,"turns":2},{"damage":30,"enemies":"Gensokyo:Shinki","floor":50,"turns":6},{"damage":59,"enemies":"Malkuth","floor":51,"turns":6},{"damage":26,"enemies":"Yesod","floor":51,"turns":2},{"damage":82,"enemies":"Chesed","floor":51,"turns":4},{"damage":270,"enemies":"Binah","floor":51,"turns":10}],"seed_played":"6362856697389467288","potions_obtained":[{"floor":5,"key":"Swift Potion"},{"floor":7,"key":"AttackPotion"},{"floor":16,"key":"FearPotion"},{"floor":22,"key":"Energy Potion"},{"floor":24,"key":"DuplicationPotion"},{"floor":28,"key":"Swift Potion"},{"floor":30,"key":"FairyPotion"},{"floor":33,"key":"DuplicationPotion"},{"floor":38,"key":"LiquidBronze"},{"floor":39,"key":"PowerPotion"}],"is_trial":false,"path_per_floor":["M","?","?","M","M","R","M","M","T","E","?","R","?","E","R","B",null,"M","?","?","M","M","E","M","M","T","$","M","R","E","?","R","B",null,"M","COS","M","M","M","R","E","M","T","E","?","?","R","?","R","B",null],"character_chosen":"MARISA","items_purchased":["Kunai"],"campfire_rested":0,"item_purchase_floors":[27],"current_hp_per_floor":[66,66,44,44,44,44,27,49,49,34,34,34,42,48,48,41,75,58,58,58,56,56,51,50,45,45,45,51,51,53,60,60,58,70,58,58,40,39,31,31,38,47,57,45,45,45,45,45,45,59],"gold":68,"neow_bonus":"","is_daily":false,"chose_seed":false,"campfire_upgraded":8,"win_rate":0.0,"timestamp":1613711451,"path_taken":["M","?","?","M","M","R","M","?","T","E","?","R","?","E","R","BOSS","M","?","?","M","?","E","M","M","T","$","M","R","E","?","R","BOSS","M","COS","M","M","M","R","E","M","T","E","?","?","R","?","R","BOSS"],"items_purchased_type":["Relic"],"build_version":"2020-12-18","purchased_purges":0,"victory":true,"max_hp_per_floor":[75,75,75,75,75,75,75,75,75,75,75,75,75,75,75,75,75,90,90,90,90,90,90,90,90,90,90,90,90,90,70,70,70,70,70,70,80,80,80,80,80,80,90,90,90,90,90,90,90,90],"relic_stats":{"counters":[33,123],"Blue Candle":[0],"Pantograph":60,"Black Star":4,"Whetstone":["UpSweep","ruina:Smile"],"Kunai":[52],"Letter Opener":[120],"obtain_stats":[{"construct:FoamFinger":23,"LuminousBracelet":18,"Whetstone":23,"AdjustmentMirror":25,"Frozen Eye":21,"CogitoBucket":0,"Pantograph":30,"Kunai":27,"SimpleLauncher":36,"Potion Belt":14,"Pear":43,"Blue Candle":10,"AspirationHeart":37,"Letter Opener":41,"Heaven_r":31,"SlaversCollar":34,"REME:ComplimentaryCards":0,"LetterFromLob":1,"Black Star":17,"MiniHakkero":0,"Bottled Lightning":41,"InspiredRelic":31,"Unceasing Top":30,"Justitia_r":37,"FossilizedHelix":44,"Meat on the Bone":9,"Pocketwatch":44},{"construct:FoamFinger":12,"LuminousBracelet":9,"Whetstone":12,"AdjustmentMirror":15,"Frozen Eye":9,"CogitoBucket":0,"Pantograph":17,"Kunai":15,"SimpleLauncher":20,"Potion Belt":6,"Pear":26,"Blue Candle":5,"AspirationHeart":22,"Letter Opener":25,"Heaven_r":18,"SlaversCollar":19,"REME:ComplimentaryCards":0,"LetterFromLob":1,"Black Star":7,"MiniHakkero":0,"Bottled Lightning":25,"InspiredRelic":17,"Unceasing Top":17,"Justitia_r":22,"FossilizedHelix":27,"Meat on the Bone":4,"Pocketwatch":27},{"construct:FoamFinger":38,"LuminousBracelet":30,"Whetstone":38,"AdjustmentMirror":47,"Frozen Eye":30,"CogitoBucket":0,"Pantograph":52,"Kunai":47,"SimpleLauncher":68,"Potion Belt":20,"Pear":91,"Blue Candle":17,"AspirationHeart":75,"Letter Opener":88,"Heaven_r":57,"SlaversCollar":64,"REME:ComplimentaryCards":0,"LetterFromLob":3,"Black Star":25,"MiniHakkero":0,"Bottled Lightning":88,"InspiredRelic":52,"Unceasing Top":52,"Justitia_r":75,"FossilizedHelix":93,"Meat on the Bone":9,"Pocketwatch":93}],"Unceasing Top":[20],"Meat on the Bone":156,"Pocketwatch":[6]},"card_choices":[{"not_picked":["GrandCross","DC"],"picked":"DoubleSpark","floor":1},{"not_picked":["DespairKnight","BigBadWolf","Wellcheers"],"picked":"Singing Bowl","floor":1},{"not_picked":["Rudolta","CherryBlossoms"],"picked":"MHz","floor":1},{"not_picked":["HappyTeddy","Scorched","PunishingBird"],"picked":"Singing Bowl","floor":4},{"not_picked":["PunishingBird","Scorched"],"picked":"WallGazer","floor":4},{"not_picked":["NonDirectionalLaser","MachineGunSpark","AsteroidBelt"],"picked":"SKIP","floor":4},{"not_picked":["ShootingEcho","MachineGunSpark"],"picked":"Singularity","floor":5},{"not_picked":["LaLuna","Scorched"],"picked":"RedShoes","floor":5},{"not_picked":["SprinkleStarSeal","OrrerysSun"],"picked":"OneTimeOff","floor":7},{"not_picked":["Woodsman","FairyFestival","Murderer"],"picked":"Singing Bowl","floor":7},{"not_picked":["SpiderBud","BeautyBeast"],"picked":"OSAHOGD","floor":7},{"not_picked":["6A","DC"],"picked":"MysteriousBeam","floor":10},{"not_picked":["PunishingBird","SpiderBud","BeautyBeast"],"picked":"Singing Bowl","floor":10},{"not_picked":["LuminesStrike","6A"],"picked":"MagicChant","floor":14},{"not_picked":["Variant","CrumblingArmor","ShyLook"],"picked":"Singing Bowl","floor":14},{"not_picked":["BigCrunch","BinaryStars"],"picked":"FinalSpark","floor":16},{"not_picked":["Scorched","HappyTeddy","CherryBlossoms"],"picked":"Singing Bowl","floor":16},{"not_picked":["ShyLook","Scarecrow","SpiderBud"],"picked":"Singing Bowl","floor":18},{"not_picked":["6A","WitchOfGreed","PowerUp"],"picked":"SKIP","floor":18},{"not_picked":["SuperPerseids+1","OneTimeOff+1"],"picked":"MagicAbsorber+1","floor":19},{"not_picked":["FairyDestructionRay","Occultation"],"picked":"Acceleration","floor":21},{"not_picked":["Alriune","Rudolta","Freischutz"],"picked":"Singing Bowl","floor":21},{"not_picked":["GravityBeat","OpenUniverse"],"picked":"MillisecondPulsars","floor":22},{"not_picked":["DespairKnight","MeltingLove","NakedNest"],"picked":"Singing Bowl","floor":22},{"not_picked":["GasGiant+1","NonDirectionalLaser"],"picked":"DragonMeteor","floor":23},{"not_picked":["CherryBlossoms","NakedNest","Variant"],"picked":"Singing Bowl","floor":23},{"not_picked":["SingingMachine","CherryBlossoms"],"picked":"UniverseFragment","floor":23},{"not_picked":["BlazeAway","IllusionStar"],"picked":"Singularity+1","floor":24},{"not_picked":["Funeral","PunishingBird"],"picked":"ShyLook","floor":24},{"not_picked":["NonDirectionalLaser+1","EnergyRecoil+1"],"picked":"BlazeAway","floor":25},{"not_picked":["LittleHelper","LittlePrince","BigBird"],"picked":"Singing Bowl","floor":25},{"not_picked":["VoidDream","BlueStar"],"picked":"LongBird","floor":25},{"not_picked":["Murderer","PunishingBird","Wellcheers"],"picked":"Singing Bowl","floor":28},{"not_picked":["EnergyRecoil+1","PowerUp","ShootingEcho"],"picked":"SKIP","floor":28},{"not_picked":["GrandCross+1","BlazeAway"],"picked":"SporeBomb","floor":30},{"not_picked":["QueenOfHatred","QueenBee","NakedNest"],"picked":"Singing Bowl","floor":30},{"not_picked":["ManaRampage","FinalSpark"],"picked":"CasketOfStar","floor":33},{"not_picked":["HeroicMonk","MeltingLove","Scorched"],"picked":"Singing Bowl","floor":33},{"not_picked":["LaLuna","SingingMachine","LittlePrince"],"picked":"Singing Bowl","floor":35},{"not_picked":["IllusionStar+1","DC","AsteroidBelt+1"],"picked":"SKIP","floor":35},{"not_picked":["BlueStar","NakedNest","BeautyBeast"],"picked":"Singing Bowl","floor":37},{"not_picked":["Freischutz","BlackSwan"],"picked":"CENSORED","floor":37},{"not_picked":["DeepEcoloBomb+1","PowerUp"],"picked":"EarthLightRay","floor":37},{"not_picked":["CherryBlossoms","DreamingCurrent"],"picked":"SnowQueen","floor":38},{"not_picked":["Orbital","WitchLeyline+1","MysteriousBeam+1"],"picked":"SKIP","floor":38},{"not_picked":["MeatLantern","WhitesApple"],"picked":"FieryBird","floor":39},{"not_picked":["Occultation","MysteriousBeam","MagicChant"],"picked":"SKIP","floor":39},{"not_picked":["AsteroidBelt","UnstableBomb"],"picked":"ManaConvection+1","floor":41},{"not_picked":["FairyFestival","SpiderBud","BigBadWolf"],"picked":"Singing Bowl","floor":41},{"not_picked":["CherryBlossoms","Laetitia"],"picked":"QueenOfHatred","floor":41},{"not_picked":["MachineGunSpark","ShootingEcho"],"picked":"MysteriousBeam+1","floor":42},{"not_picked":["WhitesApple","Rudolta","Alriune"],"picked":"Singing Bowl","floor":42},{"not_picked":["DC+1","SuperNova"],"picked":"ChargingUp+1","floor":44},{"not_picked":["BigBadWolf","Variant","Wellcheers"],"picked":"Singing Bowl","floor":44},{"not_picked":["BlazingStar+1","BigCrunch+1"],"picked":"CollectingQuirk+1","floor":45}],"player_experience":231779,"relics_obtained":[{"floor":1,"key":"LetterFromLob"},{"floor":9,"key":"Meat on the Bone"},{"floor":10,"key":"Blue Candle"},{"floor":14,"key":"Potion Belt"},{"floor":23,"key":"construct:FoamFinger"},{"floor":23,"key":"Whetstone"},{"floor":30,"key":"Pantograph"},{"floor":30,"key":"Unceasing Top"},{"floor":41,"key":"Letter Opener"},{"floor":41,"key":"Bottled Lightning"},{"floor":43,"key":"Pear"},{"floor":44,"key":"FossilizedHelix"},{"floor":44,"key":"Pocketwatch"}],"event_choices":[{"damage_healed":0,"gold_gain":0,"player_choice":"2","damage_taken":0,"max_hp_gain":0,"max_hp_loss":0,"event_name":"betterMatch:BetterMatch","floor":19,"gold_loss":0,"cards_obtained":["betterMatch:CommonCard","betterMatch:UncommonCard"]},{"damage_healed":0,"gold_gain":0,"player_choice":"2","damage_taken":0,"max_hp_gain":0,"max_hp_loss":0,"event_name":"betterMatch:BetterMatch","floor":45,"gold_loss":0,"cards_obtained":["betterMatch:RareCard"]}],"is_beta":true,"boss_relics":[{"not_picked":["Fusion Hammer","Philosopher\u0027s Stone"],"picked":"Black Star"},{"not_picked":["Calling Bell","Empty Cage"],"picked":"SlaversCollar"}],"items_purged_floors":[],"is_endless":false,"potions_floor_spawned":[5,7,16,22,24,28,30,33,38,39],"ascension_level":4}}