{"host":"szkvl4ugkslb15zj","time":1613725057,"event":{"mods":["AchievementEnabler","BaseMod","Block Reminder","Card Forge","Colored Map","Colored Powertips","Duelist Mod","GifTheSpireLib","Hero for Fun","HololiveMod","Marisa????????","Minty Spire (QoL Compilation)","Quick Restart","Rare Cards Sparkle","StSLib","The Animator","The Bug Knight","The Cursed","The Exalted","The Gatherer","The Judge","The Mystic","The Poker Player","The Runesmith","The Senshi","The Servant 0.9.4"],"gold_per_floor":[79,154,168,188,205,230,245,27,54,70,35,35,45,84,84,206,206,221,239,19,43,59,59,88,88,165,198,210,222,265,294,306,413,425,451,514,369,0,0,38,38,68,68,68,124,140,158,178,178,182],"floor_reached":51,"language":"ENG","playtime":5330,"items_purged":["Regret"],"score":1227,"play_id":"b9ddf87f-c052-4d53-97a0-0d9a1721d4f6","local_time":"20210219005737","is_ascension_mode":true,"campfire_choices":[{"floor":15.0,"key":"REST"},{"data":"Hololive_Rebirth","floor":23.0,"key":"SMITH"},{"data":"Hololive_CallSpadeEcho","floor":25.0,"key":"SMITH"},{"data":"Hololive_CallHoshimachiSuisei","floor":29.0,"key":"SMITH"},{"data":"Hololive_IdolExercise","floor":32.0,"key":"SMITH"},{"data":"Hololive_FlyingPonyTail","floor":41,"key":"SMITH"},{"data":"Hololive_DurableLive","floor":44,"key":"SMITH"},{"data":"Hololive_SummonFox","floor":49,"key":"SMITH"}],"circlet_count":0,"master_deck":["Hololive_Strike","Hololive_Strike","Hololive_Defend","Hololive_Defend","Hololive_OvertimeWork","Hololive_CallTokinoSora","Hololive_CallShirakamiFubuki","Hololive_CallYogiri","Hololive_CallAiraniIofifteen","Hololive_CallHimemoriLuna","Hololive_DurableLive+1","Hololive_CallKiryuuCoco","Hololive_CallOkamiMio","Hololive_CallCivia","Hololive_CallRoboco","Hololive_Psychosis","Hololive_CallOzoraSubaru","Hololive_FlyingPonyTail+1","Hololive_CallSpadeEcho+1","Hololive_Thief","Hololive_SummonFox+1","Hololive_StarCraft","Hololive_CallHoshimachiSuisei+1","Hololive_Sequa+1","Hololive_Nanodesu","Hololive_IdolExercise+1","Hololive_LuckPotion+1","Hololive_CallAZKi+1","Hololive_Rebound+1","Hololive_BringToTrial","Hololive_Rebirth+1","Hololive_CocoNews+1","Hololive_CallYuzukiChoco","Hololive_Psychosis","Hololive_HuntDinosaur+1","Hololive_Yoholoon+1","Hololive_CallAkiRosenthal+1","Hololive_CallOmaruPolka","Hololive_Psychosis+1","Hololive_CallAyundaRisu+1","Hololive_IdolExercise","Hololive_CallFriendA","Hololive_Psychosis+1","Hololive_Trident+1"],"relics":["Hololive_TheStar","Hammer of Thor","Seething Fire","Anvil of the Gods","Kunai","Oddly Smooth Stone","Bromod:ArcaneConsequence","Centennial Puzzle","theSenshi:SailorFukuRelic","Coffee Dripper","Orrery","Lantern","Meat on the Bone","MawBank","Peace Pipe","Bronze Scales","Astrolabe","Calipers","OrangePellets","Red Mask","Juzu Bracelet","Toy Ornithopter","Dream Catcher","Molten Egg 2","CatCart"],"acts_visited":["Exordium","TheCity","TheBeyond"],"potions_floor_usage":[36,40,42,42,50],"damage_taken":[{"damage":0.0,"enemies":"Jaw Worm","floor":1.0,"turns":3.0},{"damage":0.0,"enemies":"Small Slimes","floor":3.0,"turns":2.0},{"damage":0.0,"enemies":"Cultist","floor":4.0,"turns":3.0},{"damage":0.0,"enemies":"Gremlin Gang","floor":5.0,"turns":3.0},{"damage":0.0,"enemies":"Gremlin Nob","floor":6.0,"turns":3.0},{"damage":2.0,"enemies":"Red Slaver","floor":7.0,"turns":3.0},{"damage":0.0,"enemies":"2 Fungi Beasts","floor":10.0,"turns":3.0},{"damage":0.0,"enemies":"Blue Slaver","floor":13.0,"turns":3.0},{"damage":0.0,"enemies":"Lagavulin","floor":14.0,"turns":4.0},{"damage":0.0,"enemies":"The Guardian","floor":16.0,"turns":6.0},{"damage":1.0,"enemies":"2 Thieves","floor":18.0,"turns":4.0},{"damage":0.0,"enemies":"Chosen","floor":19.0,"turns":3.0},{"damage":0.0,"enemies":"Snake Plant","floor":21.0,"turns":2.0},{"damage":0.0,"enemies":"Snecko","floor":22.0,"turns":4.0},{"damage":0.0,"enemies":"theDuelist:KaibaA2","floor":24.0,"turns":3.0},{"damage":0.0,"enemies":"HollowMod:Nosk","floor":27.0,"turns":4.0},{"damage":0.0,"enemies":"theDuelist:KaibaA2","floor":30.0,"turns":3.0},{"damage":0.0,"enemies":"Cultist and Chosen","floor":31.0,"turns":4.0},{"damage":0.0,"enemies":"Champ","floor":33.0,"turns":6.0},{"damage":6.0,"enemies":"3 Shapes","floor":35.0,"turns":3.0},{"damage":0,"enemies":"2 Orb Walkers","floor":36,"turns":3},{"damage":0,"enemies":"Reptomancer","floor":40,"turns":4},{"damage":0,"enemies":"Giant Head","floor":42,"turns":5},{"damage":0,"enemies":"Orin","floor":45,"turns":7},{"damage":0,"enemies":"3 Darklings","floor":46,"turns":3},{"damage":0,"enemies":"Jaw Worm Horde","floor":47,"turns":4},{"damage":0,"enemies":"Transient","floor":48,"turns":5},{"damage":12,"enemies":"Donu and Deca","floor":50,"turns":8}],"seed_played":"4016500794469015495","potions_obtained":[{"floor":1.0,"key":"Explosive Potion"},{"floor":5.0,"key":"Strength Potion"},{"floor":6.0,"key":"FearPotion"},{"floor":7.0,"key":"LiquidMemories"},{"floor":16.0,"key":"Regen Potion"},{"floor":19.0,"key":"SkillPotion"},{"floor":24.0,"key":"DistilledChaos"},{"floor":27.0,"key":"Explosive Potion"},{"floor":35.0,"key":"Explosive Potion"},{"floor":36,"key":"AttackPotion"},{"floor":46,"key":"SteroidPotion"}],"is_trial":false,"path_per_floor":["M","?","M","M","M","E","M","$","T","M","$","?","M","E","R","B",null,"M","M","$","M","M","R","E","R","T","E","T","R","E","M","R","B",null,"M","?","$","?","T","E","R","E","T","R","?","M","M","M","R","B",null],"character_chosen":"Hololive_HololiveCharacter","items_purchased":["Oddly Smooth Stone","Hololive_CallOzoraSubaru","Hololive_CallSpadeEcho","Orrery","OrangePellets"],"campfire_rested":1,"item_purchase_floors":[8,8,11,20,37],"current_hp_per_floor":[32,21,21,21,21,21,19,19,19,19,19,19,19,19,28,28,32,31,31,31,31,31,31,31,31,31,31,31,31,31,31,31,31,32,26,26,26,26,26,26,26,32,32,32,32,32,32,32,32,25],"gold":182,"neow_bonus":"THREE_RARE_CARDS","is_daily":false,"chose_seed":false,"campfire_upgraded":7,"win_rate":0.0,"timestamp":1613725057,"path_taken":["M","?","M","M","M","E","M","$","T","M","?","?","?","E","R","BOSS","M","M","?","?","M","R","E","R","T","E","?","R","E","M","R","BOSS","M","?","$","?","?","E","R","E","T","R","?","M","M","M","R","BOSS"],"items_purchased_type":["Relic","Card","Card","Relic","Relic"],"build_version":"2020-12-22","purchased_purges":1,"victory":true,"max_hp_per_floor":[32,32,32,32,32,32,32,32,32,32,32,32,32,32,32,32,32,32,32,32,32,32,32,32,32,32,32,32,32,32,32,32,32,32,32,32,32,32,32,32,32,32,32,32,32,32,32,32,32,32],"card_choices":[{"not_picked":["Hololive_WolfAndLamb","Hololive_ASMR"],"picked":"Hololive_DurableLive","floor":0.0},{"not_picked":["Hololive_CallShirakamiFubuki","Hololive_CocoNews","Hololive_CallOmaruPolka"],"picked":"Hololive_CallKiryuuCoco","floor":1.0},{"not_picked":["Hololive_CallArtia","Hololive_CallAZKi","Hololive_CallAiraniIofifteen"],"picked":"Hololive_Rebound","floor":3.0},{"not_picked":["Hololive_StrengthChampion","Hololive_CallRoboco","Hololive_Trident"],"picked":"Hololive_CallOkamiMio","floor":4.0},{"not_picked":["Hololive_CallOkamiMio","Hololive_CallYuzukiChoco","Hololive_Trident"],"picked":"Hololive_CallCivia","floor":5.0},{"not_picked":["Hololive_RevenueBasedLive","Hololive_CallOmaruPolka","Hololive_OvertimeWork"],"picked":"Hololive_CallRoboco","floor":6.0},{"not_picked":["Hololive_RevenueBasedLive","Hololive_OvertimeWork","Hololive_CocoNews"],"picked":"Hololive_Psychosis","floor":7.0},{"not_picked":["Hololive_Recruit","Hololive_DevilCharm","Hololive_RevenueBasedLive"],"picked":"Hololive_FlyingPonyTail","floor":10.0},{"not_picked":["Hololive_FlyingPonyTail","Hololive_Trident","Hololive_Rebound"],"picked":"Hololive_Thief","floor":13.0},{"not_picked":["Hololive_HuntDinosaur","Hololive_Rebound","Hololive_CallAiraniIofifteen"],"picked":"Hololive_SummonFox","floor":14.0},{"not_picked":["Hololive_OpenUp","Hololive_Thief","Hololive_AWSL"],"picked":"Hololive_StarCraft","floor":16.0},{"not_picked":["Hololive_CallMurasakiShion","Hololive_LuckPotion","Hololive_CallShirakamiFubuki"],"picked":"Hololive_CallHoshimachiSuisei","floor":18.0},{"not_picked":["Hololive_CocoNews","Hololive_LuckPotion","Hololive_FlyingPonyTail+1"],"picked":"Hololive_Sequa+1","floor":19.0},{"not_picked":["Hololive_HuntDinosaur+1","Hololive_AWSL","Hololive_Trident"],"picked":"Hololive_Nanodesu","floor":20.0},{"not_picked":["Hololive_StrengthChampion","Hololive_HuntDinosaur","Hololive_CocoNews"],"picked":"Hololive_IdolExercise","floor":20.0},{"not_picked":["Hololive_CocoNews","Hololive_StrengthChampion","Hololive_Breathe"],"picked":"Hololive_LuckPotion+1","floor":20.0},{"not_picked":["Hololive_Breathe+1","Hololive_HuntDinosaur","Hololive_Rebound"],"picked":"Hololive_CallAZKi+1","floor":20.0},{"not_picked":["Hololive_Psychosis","Hololive_HuntDinosaur","Hololive_RevenueBasedLive"],"picked":"Hololive_Rebound+1","floor":20.0},{"not_picked":["Hololive_Sequa","Hololive_Teleport","Hololive_StrengthChampion"],"picked":"Hololive_BringToTrial","floor":21.0},{"not_picked":["Hololive_HuntDinosaur+1","Hololive_Psychosis","Hololive_CallInugamiKorone"],"picked":"Hololive_Rebirth","floor":22.0},{"not_picked":["Hololive_HuntDinosaur","Hololive_CallHoshimachiSuisei+1","Hololive_RevenueBasedLive"],"picked":"Hololive_CocoNews","floor":24.0},{"not_picked":["Hololive_CallSpadeEcho+1","Hololive_CallTsunomakiWatame","Hololive_CallTokoyamiTowa"],"picked":"Hololive_CocoNews+1","floor":27.0},{"not_picked":["Hololive_FlyingPonyTail+1","Hololive_Drill","Hololive_Rebirth"],"picked":"Hololive_CallYuzukiChoco","floor":30.0},{"not_picked":["Hololive_Sequa","Hololive_Rebound","Hololive_CallAiraniIofifteen"],"picked":"Hololive_Psychosis","floor":31.0},{"not_picked":["Hololive_Recruit","Hololive_Thief","Hololive_DurableLive"],"picked":"Hololive_DiamondStrike","floor":33.0},{"not_picked":["Hololive_Rebound","Hololive_CallOkamiMio","Hololive_SummonFox"],"picked":"Hololive_CallOmaruPolka","floor":35.0},{"not_picked":["Hololive_CallShishiroBotan+1","Hololive_Drill","Hololive_Rebound+1"],"picked":"Hololive_Psychosis+1","floor":36},{"not_picked":["Hololive_Breathe+1","Hololive_HuntDinosaur+1","Hololive_CallHoushouMarine"],"picked":"Hololive_CallAyundaRisu+1","floor":40},{"not_picked":["Hololive_CallKiryuuCoco+1","Hololive_Drill","Hololive_CallShirakamiFubuki"],"picked":"Hololive_IdolExercise","floor":42},{"not_picked":["Hololive_LuckPotion","Hololive_CallYukihanaLamy","Hololive_StrengthChampion+1"],"picked":"Hololive_CallFriendA","floor":45},{"not_picked":["Hololive_CallAyundaRisu+1","Hololive_CallRosalyn","Hololive_Sequa+1"],"picked":"Hololive_Psychosis+1","floor":46},{"not_picked":["Hololive_Breathe","Hololive_FlareMind","Hololive_CallFriendA+1"],"picked":"Hololive_Trident+1","floor":47},{"not_picked":["Hololive_CallOzoraSubaru+1","Hololive_CallArtia","Hololive_CallDoris","Hololive_OvertimeWork+1"],"picked":"SKIP","floor":48}],"player_experience":326625,"relics_obtained":[{"floor":6.0,"key":"Kunai"},{"floor":9.0,"key":"Bromod:ArcaneConsequence"},{"floor":14.0,"key":"theSenshi:SailorFukuRelic"},{"floor":24.0,"key":"Lantern"},{"floor":26.0,"key":"Meat on the Bone"},{"floor":27.0,"key":"MawBank"},{"floor":28.0,"key":"Peace Pipe"},{"floor":30.0,"key":"Bronze Scales"},{"floor":36,"key":"Calipers"},{"floor":39,"key":"Juzu Bracelet"},{"floor":40,"key":"Toy Ornithopter"},{"floor":42,"key":"Dream Catcher"},{"floor":43,"key":"Molten Egg 2"},{"floor":45,"key":"CatCart"}],"event_choices":[{"damage_healed":0.0,"max_hp_gain":0.0,"max_hp_loss":0.0,"gold_gain":75.0,"event_name":"World of Goop","player_choice":"Gather Gold","floor":2.0,"gold_loss":0.0,"damage_taken":11.0},{"damage_healed":0.0,"max_hp_gain":0.0,"max_hp_loss":0.0,"gold_gain":0.0,"event_name":"Big Fish","player_choice":"Box","floor":12.0,"gold_loss":0.0,"damage_taken":0.0,"relics_obtained":["Centennial Puzzle"],"cards_obtained":["Regret"]},{"damage_healed":0,"gold_gain":0,"player_choice":"Fight","damage_taken":0,"max_hp_gain":0,"max_hp_loss":0,"event_name":"Mysterious Sphere","floor":36,"gold_loss":0},{"damage_healed":0,"gold_gain":0,"player_choice":"Paid","damage_taken":0,"relics_obtained":["Red Mask"],"max_hp_gain":0,"max_hp_loss":0,"event_name":"Tomb of Lord Red Mask","floor":38,"gold_loss":369},{"damage_healed":0,"gold_gain":0,"player_choice":"Fight","damage_taken":0,"max_hp_gain":0,"max_hp_loss":0,"event_name":"OrinTheCat","floor":45,"gold_loss":0}],"is_beta":false,"boss_relics":[{"not_picked":["Busted Crown","Bromod:ArcaneBarrier"],"picked":"Coffee Dripper"},{"not_picked":["Cursed Key","Empty Cage"],"picked":"Astrolabe"}],"items_purged_floors":[20],"is_endless":false,"potions_floor_spawned":[1,5,6,7,16,18,19,24,27,35,36,46],"ascension_level":2}}