{"host":"zp8jvycvinn13jdb","time":1613767435,"event":{"mods":["BaseMod","Googly Eyes","Minty Spire (QoL Compilation)"],"gold_per_floor":[119,139,158,158,176,176,209,209,234,264,264,282,295,306,306,306,306],"floor_reached":16,"language":"ENG","playtime":1185,"items_purged":[],"score":114,"play_id":"9214251d-a26e-4008-9ada-a36ea865255b","local_time":"20210219154355","is_ascension_mode":false,"campfire_choices":[{"data":"Armaments","floor":6,"key":"SMITH"},{"floor":8,"key":"REST"},{"data":"Offering","floor":11,"key":"SMITH"},{"floor":15,"key":"REST"}],"circlet_count":0,"master_deck":["Strike_R","Strike_R","Strike_R","Strike_R","Strike_R","Defend_R","Defend_R","Defend_R","Defend_R","Bash","Armaments+1","Havoc","Offering+1","Havoc","Feel No Pain","Flex"],"relics":["Burning Blood","Ancient Tea Set","Orichalcum","Blood Vial","Ginger"],"acts_visited":["Exordium"],"potions_floor_usage":[7,16,16,16],"damage_taken":[{"damage":5,"enemies":"Cultist","floor":1,"turns":4},{"damage":1,"enemies":"Jaw Worm","floor":2,"turns":6},{"damage":5,"enemies":"Small Slimes","floor":3,"turns":5},{"damage":45,"enemies":"Gremlin Gang","floor":5,"turns":12},{"damage":32,"enemies":"Lagavulin","floor":7,"turns":8},{"damage":31,"enemies":"3 Sentries","floor":10,"turns":10},{"damage":6,"enemies":"Looter","floor":12,"turns":2},{"damage":2,"enemies":"Large Slime","floor":13,"turns":5},{"damage":22,"enemies":"Gremlin Gang","floor":14,"turns":7},{"damage":58,"enemies":"Slime Boss","floor":16,"turns":31}],"seed_played":"2978251822185003491","potions_obtained":[{"floor":1,"key":"Strength Potion"},{"floor":5,"key":"Regen Potion"},{"floor":10,"key":"HeartOfIron"},{"floor":13,"key":"Fire Potion"},{"floor":14,"key":"FearPotion"}],"is_trial":false,"path_per_floor":["M","M","M","?","M","R","E","R","T","E","R","M","M","M","R","B"],"character_chosen":"IRONCLAD","items_purchased":[],"campfire_rested":2,"item_purchase_floors":[],"current_hp_per_floor":[88,88,88,88,49,49,38,64,64,41,41,43,49,35,61,5,5],"gold":306,"neow_bonus":"TEN_PERCENT_HP_BONUS","is_daily":false,"chose_seed":false,"campfire_upgraded":2,"win_rate":0.0,"timestamp":1613767435,"path_taken":["M","M","?","?","M","R","E","R","T","E","R","M","?","M","R","BOSS"],"items_purchased_type":[],"build_version":"2020-12-22","purchased_purges":0,"victory":false,"max_hp_per_floor":[88,88,88,88,88,88,88,88,88,88,88,88,88,88,88,88,88],"card_choices":[{"not_picked":["Intimidate","Pommel Strike","Combust"],"picked":"SKIP","floor":1},{"not_picked":["Dropkick","Heavy Blade","Warcry"],"picked":"SKIP","floor":2},{"not_picked":["Bloodletting","Disarm"],"picked":"Armaments","floor":3},{"not_picked":["Sentinel","Perfected Strike"],"picked":"Havoc","floor":5},{"not_picked":["Dual Wield","Blood for Blood"],"picked":"Offering","floor":7},{"not_picked":["Clash","Warcry"],"picked":"Havoc","floor":10},{"not_picked":["Fire Breathing","Flex"],"picked":"Feel No Pain","floor":12},{"not_picked":["Wild Strike","Headbutt","Rage"],"picked":"SKIP","floor":13},{"not_picked":["Evolve","Second Wind"],"picked":"Flex","floor":14}],"player_experience":166217,"relics_obtained":[{"floor":7,"key":"Orichalcum"},{"floor":9,"key":"Blood Vial"},{"floor":10,"key":"Ginger"}],"event_choices":[{"damage_healed":0,"gold_gain":0,"player_choice":"Gave Potion","damage_taken":0,"relics_obtained":["Ancient Tea Set"],"max_hp_gain":0,"max_hp_loss":0,"event_name":"WeMeetAgain","floor":4,"gold_loss":0}],"is_beta":false,"boss_relics":[],"items_purged_floors":[],"is_endless":false,"potions_floor_spawned":[1,5,10,13,14],"killed_by":"Slime Boss","ascension_level":0}}