{"host":"2l5k2wp87eek7qja","time":1613752097,"event":{"mods":["BaseMod","Colored Map","Minty Spire (QoL Compilation)","Relic Stats"],"gold_per_floor":[115,85,10,21,21,50,65,97,97,123,123,123,123,141,141,212,212,225,236,71,83,83,83,111,111,111,144,161,161,1,51,51,51,51],"floor_reached":33,"language":"ENG","playtime":978,"items_purged":["Strike_G"],"score":652,"play_id":"5a9352c3-1712-401f-af79-056407a0c236","local_time":"20210219182817","is_ascension_mode":true,"campfire_choices":[{"data":"Glass Knife","floor":11,"key":"SMITH"},{"data":"Bouncing Flask","floor":13,"key":"SMITH"},{"data":"Neutralize","floor":15,"key":"SMITH"},{"data":"Malaise","floor":23,"key":"SMITH"},{"data":"Noxious Fumes","floor":25,"key":"SMITH"},{"data":"Crippling Poison","floor":29,"key":"SMITH"},{"floor":32,"key":"REST"}],"circlet_count":0,"master_deck":["AscendersBane","Strike_G","Strike_G","Strike_G","Defend_G","Defend_G","Defend_G+1","Defend_G","Defend_G","Survivor","Neutralize+1","Quick Slash","Dagger Spray","Adrenaline","Bouncing Flask+1","Caltrops+1","Glass Knife+1","Crippling Poison+1","Malaise+1","Bouncing Flask+1","Accuracy","Noxious Fumes+1","Dodge and Roll+1"],"relics":["Ring of the Snake","NeowsBlessing","Omamori","White Beast Statue","Bottled Flame","Bag of Preparation","Pear","SacredBark","War Paint","Blood Vial","Bronze Scales","Incense Burner","TwistedFunnel"],"acts_visited":["Exordium","TheCity"],"potions_floor_usage":[8,8,10,18,21,24,27,27,28,33],"damage_taken":[{"damage":0.0,"enemies":"Small Slimes","floor":1.0,"turns":1.0},{"damage":0.0,"enemies":"Cultist","floor":4.0,"turns":1.0},{"damage":0.0,"enemies":"Lagavulin","floor":6.0,"turns":1.0},{"damage":0,"enemies":"2 Louse","floor":7,"turns":2},{"damage":20,"enemies":"3 Sentries","floor":8,"turns":6},{"damage":11,"enemies":"Gremlin Nob","floor":10,"turns":3},{"damage":0,"enemies":"2 Fungi Beasts","floor":14,"turns":3},{"damage":9,"enemies":"Hexaghost","floor":16,"turns":8},{"damage":1,"enemies":"2 Thieves","floor":18,"turns":3},{"damage":1,"enemies":"Spheric Guardian","floor":19,"turns":3},{"damage":3,"enemies":"Snecko","floor":21,"turns":3},{"damage":15,"enemies":"Book of Stabbing","floor":24,"turns":4},{"damage":12,"enemies":"Slavers","floor":27,"turns":5},{"damage":21,"enemies":"3 Cultists","floor":28,"turns":4},{"damage":40,"enemies":"Champ","floor":33,"turns":9}],"seed_played":"-1481065875170994523","potions_obtained":[{"floor":2.0,"key":"CunningPotion"},{"floor":2.0,"key":"LiquidMemories"},{"floor":6.0,"key":"Fire Potion"},{"floor":8,"key":"FearPotion"},{"floor":10,"key":"CunningPotion"},{"floor":14,"key":"BlessingOfTheForge"},{"floor":16,"key":"Fire Potion"},{"floor":18,"key":"LiquidMemories"},{"floor":21,"key":"FearPotion"},{"floor":24,"key":"Fire Potion"},{"floor":27,"key":"BlessingOfTheForge"},{"floor":28,"key":"SpeedPotion"}],"is_trial":false,"path_per_floor":["M","?","$","M","?","E","M","E","T","E","R","?","R","M","R","B",null,"M","M","$","M","?","R","E","R","T","E","M","R","$","?","R","B"],"character_chosen":"THE_SILENT","items_purchased":["War Paint","TwistedFunnel"],"campfire_rested":1,"item_purchase_floors":[20,30],"current_hp_per_floor":[59,59,59,59,54,54,54,34,34,33,33,33,33,33,33,24,63,62,61,61,58,58,58,43,43,43,33,14,14,14,14,36,0,0],"gold":51,"neow_bonus":"THREE_ENEMY_KILL","is_daily":false,"chose_seed":false,"campfire_upgraded":6,"win_rate":0.0,"timestamp":1613752097,"path_taken":["M","?","$","?","?","E","M","E","T","E","R","?","R","M","R","BOSS","M","?","$","M","?","R","E","R","T","E","?","R","$","?","R","BOSS"],"items_purchased_type":["Relic","Relic"],"build_version":"2020-12-22","purchased_purges":1,"victory":false,"max_hp_per_floor":[66,66,66,66,66,66,66,66,66,76,76,76,76,76,76,76,76,76,76,76,76,76,76,76,76,76,76,76,76,76,76,76,76,76],"relic_stats":{"Blood Vial":6,"counters":[15,56],"Bronze Scales":[42],"Bag of Preparation":[20],"War Paint":["Defend_G","Bouncing Flask"],"obtain_stats":[{"TwistedFunnel":30,"Pear":10,"NeowsBlessing":0,"SacredBark":17,"Omamori":5,"Bag of Preparation":9,"Incense Burner":27,"War Paint":20,"White Beast Statue":6,"Blood Vial":24,"Bottled Flame":8,"Bronze Scales":26,"Ring of the Snake":0},{"TwistedFunnel":14,"Pear":6,"NeowsBlessing":0,"SacredBark":8,"Omamori":2,"Bag of Preparation":5,"Incense Burner":13,"War Paint":10,"White Beast Statue":3,"Blood Vial":12,"Bottled Flame":5,"Bronze Scales":12,"Ring of the Snake":0},{"TwistedFunnel":47,"Pear":14,"NeowsBlessing":0,"SacredBark":25,"Omamori":2,"Bag of Preparation":11,"Incense Burner":43,"War Paint":31,"White Beast Statue":3,"Blood Vial":38,"Bottled Flame":11,"Bronze Scales":38,"Ring of the Snake":0}],"Ring of the Snake":[30]},"card_choices":[{"not_picked":["Acrobatics","Choke"],"picked":"Quick Slash","floor":1.0},{"not_picked":["Quick Slash","Cloak And Dagger"],"picked":"Dagger Spray","floor":4.0},{"not_picked":["Tactician","Escape Plan"],"picked":"Adrenaline","floor":6.0},{"not_picked":["Blade Dance","Distraction"],"picked":"Bouncing Flask","floor":7},{"not_picked":["Terror","Underhanded Strike"],"picked":"Caltrops","floor":8},{"not_picked":["Escape Plan","Outmaneuver"],"picked":"Glass Knife","floor":10},{"not_picked":["Cloak And Dagger","Masterful Stab"],"picked":"Crippling Poison","floor":14},{"not_picked":["Tools of the Trade","Envenom"],"picked":"Malaise","floor":16},{"not_picked":["Bane","Riddle With Holes"],"picked":"Bouncing Flask","floor":18},{"not_picked":["Skewer","Caltrops","Tactician"],"picked":"SKIP","floor":19},{"not_picked":["Dodge and Roll","Dagger Throw+1","Blade Dance"],"picked":"SKIP","floor":21},{"not_picked":["Blur","Distraction"],"picked":"Noxious Fumes","floor":24},{"not_picked":["Backflip","Caltrops+1"],"picked":"Dodge and Roll+1","floor":27},{"not_picked":["Reflex","Outmaneuver","Underhanded Strike"],"picked":"SKIP","floor":28}],"player_experience":807452,"relics_obtained":[{"floor":6.0,"key":"White Beast Statue"},{"floor":8,"key":"Bottled Flame"},{"floor":9,"key":"Bag of Preparation"},{"floor":10,"key":"Pear"},{"floor":24,"key":"Blood Vial"},{"floor":26,"key":"Bronze Scales"},{"floor":27,"key":"Incense Burner"}],"event_choices":[{"damage_healed":0.0,"max_hp_gain":0.0,"max_hp_loss":0.0,"gold_gain":0.0,"event_name":"The Woman in Blue","player_choice":"Bought 2 Potions","floor":2.0,"gold_loss":0.0,"damage_taken":0.0},{"damage_healed":0.0,"max_hp_gain":0.0,"max_hp_loss":0.0,"gold_gain":0.0,"event_name":"Scrap Ooze","player_choice":"Success","floor":5.0,"gold_loss":0.0,"damage_taken":5.0,"relics_obtained":["Omamori"]},{"damage_healed":0,"gold_gain":0,"player_choice":"Upgraded","damage_taken":0,"max_hp_gain":0,"max_hp_loss":0,"event_name":"Upgrade Shrine","floor":12,"gold_loss":0,"cards_upgraded":["Caltrops"]},{"damage_healed":0,"gold_gain":0,"cards_transformed":["Strike_G"],"player_choice":"Transformed","damage_taken":0,"max_hp_gain":0,"max_hp_loss":0,"event_name":"Transmorgrifier","floor":22,"gold_loss":0,"cards_obtained":["Accuracy"]},{"damage_healed":0,"gold_gain":50,"player_choice":"Stole From Cult","damage_taken":0,"max_hp_gain":0,"max_hp_loss":0,"event_name":"Nest","floor":31,"gold_loss":0}],"is_beta":false,"boss_relics":[{"not_picked":["HoveringKite","Astrolabe"],"picked":"SacredBark"}],"items_purged_floors":[3],"is_endless":false,"potions_floor_spawned":[6,7,8,10,14,16,18,19,21,24,27,28],"killed_by":"Champ","ascension_level":20}}