{"host":"apr17x9d6644yr8l","time":1613718697,"event":{"mods":["BaseMod","Downfall","Hermit","Minty Spire (QoL Compilation)","StSLib","The Cursed","The Servant 0.9.4"],"gold_per_floor":[113,129,129,129,48,48,76,88,100,140,166,178,266,278,290,302,302],"floor_reached":16,"language":"ENG","playtime":578,"items_purged":[],"score":131,"play_id":"2c68605a-5798-4496-a97f-c6926f03e0ef","local_time":"20210218231137","is_ascension_mode":false,"campfire_choices":[{"floor":6,"key":"RECALL"},{"data":"hermit:Showdown","floor":8,"key":"SMITH"},{"floor":15,"key":"REST"}],"circlet_count":0,"master_deck":["hermit:Strike_Hermit","hermit:Strike_Hermit","hermit:Strike_Hermit+1","hermit:Strike_Hermit","hermit:Defend_Hermit","hermit:Defend_Hermit","hermit:Defend_Hermit","hermit:Snapshot+1","hermit:Covet","hermit:TrackingShot","hermit:Grudge","hermit:HoleUp","hermit:BigShot","hermit:Showdown+1","hermit:HighCaliber","hermit:BigShot"],"relics":["hermit:Momento","NeowsBlessing","MawBank","Whetstone"],"acts_visited":["Exordium"],"potions_floor_usage":[11,11],"damage_taken":[{"damage":0,"enemies":"Cultist","floor":1,"turns":1},{"damage":0,"enemies":"2 Louse","floor":2,"turns":1},{"damage":0,"enemies":"Lagavulin","floor":7,"turns":1},{"damage":57,"enemies":"Gremlin Nob","floor":10,"turns":6},{"damage":6,"enemies":"Jaw Worm","floor":11,"turns":2},{"damage":42,"enemies":"The Guardian","floor":16,"turns":5}],"seed_played":"7003362599166235333","potions_obtained":[{"floor":2,"key":"Strength Potion"},{"floor":7,"key":"Regen Potion"},{"floor":11,"key":"SpeedPotion"}],"is_trial":false,"path_per_floor":["M","M","?","?","$","R","E","R","T","E","M","$","?","?","R","B"],"character_chosen":"HERMIT","items_purchased":["hermit:BigShot"],"campfire_rested":1,"item_purchase_floors":[5],"current_hp_per_floor":[75,75,75,75,75,75,75,75,75,18,17,17,17,17,39,0,0],"gold":302,"neow_bonus":"THREE_ENEMY_KILL","is_daily":false,"chose_seed":false,"campfire_upgraded":1,"win_rate":0.0,"timestamp":1613718697,"path_taken":["M","?","?","?","?","R","E","R","T","E","M","$","?","?","R","BOSS"],"items_purchased_type":["Card"],"build_version":"2020-12-22","purchased_purges":0,"victory":false,"max_hp_per_floor":[75,75,75,75,75,75,75,75,75,75,75,75,75,75,75,75,75],"card_choices":[{"not_picked":["hermit:Vantage","hermit:HoleUp"],"picked":"hermit:TrackingShot","floor":1},{"not_picked":["hermit:GhostlyPresence","hermit:Midnight"],"picked":"hermit:Grudge","floor":2},{"not_picked":["hermit:Dive","hermit:Desperado"],"picked":"hermit:Showdown","floor":7},{"not_picked":["hermit:Maintenance","hermit:Ricochet"],"picked":"hermit:HighCaliber","floor":10},{"not_picked":["hermit:BodyArmor","hermit:Coalescence"],"picked":"hermit:BigShot","floor":11}],"player_experience":268117,"relics_obtained":[{"floor":7,"key":"MawBank"},{"floor":10,"key":"Whetstone"}],"event_choices":[{"damage_healed":0,"gold_gain":0,"cards_transformed":["hermit:Defend_Hermit"],"player_choice":"Change","damage_taken":0,"max_hp_gain":0,"max_hp_loss":0,"event_name":"Living Wall","floor":3,"gold_loss":0,"cards_obtained":["hermit:HoleUp"]},{"damage_healed":0,"gold_gain":0,"player_choice":"Ignored","damage_taken":0,"max_hp_gain":0,"max_hp_loss":0,"event_name":"Shining Light","floor":4,"gold_loss":0},{"damage_healed":0,"gold_gain":76,"player_choice":"Gained Gold","damage_taken":0,"max_hp_gain":0,"max_hp_loss":0,"event_name":"Golden Wing","floor":13,"gold_loss":0},{"damage_healed":0,"gold_gain":0,"player_choice":"Ignored","damage_taken":0,"max_hp_gain":0,"max_hp_loss":0,"event_name":"NoteForYourself","floor":14,"gold_loss":0}],"is_beta":false,"boss_relics":[],"items_purged_floors":[],"is_endless":false,"potions_floor_spawned":[2,7,11],"killed_by":"The Guardian","ascension_level":0}}