{"host":"ifd7sfhtlbe34qll","time":1613714147,"event":{"mods":["2.2 Compatiblity","Act Like it!","Ascension Unlocker","BaseMod","Block Reminder","Colored Map","Curses Come First","Downfall","Highlight Path","Minty Spire (QoL Compilation)","Potion Indicator Mod","Quick Restart","Random Character Button","Relic Stats","StSLib","SuperFastMode"],"gold_per_floor":[99,118,129,149,162,72,118,118,147,162,187,36,36,49,67,146,146,146,165,55,78,90,123,148,168,178,178,178,278,178,178,193,270,270,270,280,280,290,290,190,190,220,120,136,146,165,165,177,193,193,193,193],"floor_reached":50,"language":"ENG","playtime":3101,"items_purged":["hexamod:Strike","hexamod:Strike","hexamod:Strike"],"score":1095,"play_id":"83379d5e-1d04-4f73-9706-7cb5fe08b3ae","local_time":"20210218235547","is_ascension_mode":true,"campfire_choices":[{"data":"hexamod:Sear","floor":1,"key":"SMITH"},{"data":"hexamod:SuperheatedStrike","floor":8,"key":"SMITH"},{"data":"hexamod:Float","floor":13,"key":"SMITH"},{"data":"hexamod:SearingWound","floor":18,"key":"SMITH"},{"floor":30,"key":"REST"},{"floor":35,"key":"RECALL"},{"data":"hexamod:RainOfEmbers","floor":40,"key":"SMITH"},{"floor":43,"key":"REST"},{"floor":47,"key":"REST"}],"circlet_count":0,"master_deck":["AscendersBane","hexamod:Defend","hexamod:Defend+1","hexamod:Defend+1","hexamod:Defend","hexamod:Sear+1","hexamod:Float+1","hexamod:SuperheatedStrike+1","hexamod:GhostLash","hexamod:RainOfEmbers+1","hexamod:DynamicBlow","hexamod:GhostLash+1","hexamod:ThermalTransfer","hexamod:GhostflameBarrier","hexamod:ExtraCrispy","hexamod:AdvancingGuard","hexamod:SearingWound+1","hexamod:EmpoweredFlame","hexamod:EmpoweredFlame","hexamod:Haunt+1","hexamod:PhantomFireball","hexamod:NightmareGuise","hexamod:AdvancingGuard","hexamod:FourthSeal","hexamod:PhantomFireball+1","hexamod:GhostflameInferno","expansioncontent:InvincibleStrength","hexamod:Hexaguard+1","hexamod:PhantomCloak","hexamod:EmpoweredFlame","hexamod:TimeOfNeed","hexamod:HeatMetal+1"],"relics":["hexamod:SpiritBrand","Anchor","Smiling Mask","War Paint","hexamod:IceCube","hexamod:TheBrokenSeal","Omamori","Juzu Bracelet","downfall:HeartBlessingBlue","sneckomod:SneckoTalon","downfall:HeartBlessingRed","StrikeDummy","downfall:HeartBlessingGreen"],"acts_visited":["Exordium","TheCity","TheBeyond"],"potions_floor_usage":[9,11,19,21,33,33,42,42,46,48,49,50],"damage_taken":[{"damage":0,"enemies":"Cultist","floor":2,"turns":3},{"damage":0,"enemies":"2 Louse","floor":3,"turns":3},{"damage":0,"enemies":"Jaw Worm","floor":4,"turns":2},{"damage":3,"enemies":"Blue Slaver","floor":5,"turns":3},{"damage":0,"enemies":"downfall:FleeingMerchant","floor":6,"turns":4},{"damage":35,"enemies":"3 Sentries","floor":9,"turns":10},{"damage":0,"enemies":"Red Slaver","floor":10,"turns":3},{"damage":0,"enemies":"Gremlin Nob","floor":11,"turns":2},{"damage":2,"enemies":"downfall:FleeingMerchant","floor":12,"turns":4},{"damage":6,"enemies":"Lots of Slimes","floor":14,"turns":5},{"damage":0,"enemies":"2 Fungi Beasts","floor":15,"turns":3},{"damage":7,"enemies":"SI_SHIV_ARCHETYPE","floor":16,"turns":7},{"damage":0,"enemies":"Chosen","floor":19,"turns":5},{"damage":10,"enemies":"downfall:FleeingMerchant","floor":20,"turns":4},{"damage":25,"enemies":"Shell Parasite","floor":21,"turns":6},{"damage":0,"enemies":"3 Cultists","floor":22,"turns":5},{"damage":44,"enemies":"Gremlin Leader","floor":23,"turns":7},{"damage":1,"enemies":"Snecko","floor":25,"turns":5},{"damage":6,"enemies":"Shelled Parasite and Fungi","floor":26,"turns":5},{"damage":0,"enemies":"Snake Plant","floor":32,"turns":4},{"damage":28,"enemies":"WA_ARCHETYPE_CALM","floor":33,"turns":9},{"damage":0,"enemies":"Orb Walker","floor":36,"turns":3},{"damage":3,"enemies":"3 Shapes","floor":38,"turns":6},{"damage":23,"enemies":"Reptomancer","floor":42,"turns":8},{"damage":0,"enemies":"Writhing Mass","floor":44,"turns":4},{"damage":9,"enemies":"Sphere and 2 Shapes","floor":45,"turns":6},{"damage":13,"enemies":"Maw","floor":46,"turns":6},{"damage":26,"enemies":"Transient","floor":48,"turns":6},{"damage":0,"enemies":"4 Shapes","floor":49,"turns":7},{"damage":173,"enemies":"IC_BLOCK_ARCHETYPE","floor":50,"turns":7}],"seed_played":"-5850056117753555616","potions_obtained":[{"floor":4,"key":"Fruit Juice"},{"floor":5,"key":"Weak Potion"},{"floor":9,"key":"SteroidPotion"},{"floor":11,"key":"Block Potion"},{"floor":15,"key":"SkillPotion"},{"floor":22,"key":"Fire Potion"},{"floor":26,"key":"champ:CounterPotion"},{"floor":32,"key":"hexamod:DoubleChargePotion"},{"floor":32,"key":"SkillPotion"},{"floor":33,"key":"Guardian:BlockOnCardUsePotion"},{"floor":38,"key":"Weak Potion"},{"floor":42,"key":"DuplicationPotion"},{"floor":44,"key":"Weak Potion"},{"floor":44,"key":"Energy Potion"},{"floor":45,"key":"CultistPotion"},{"floor":46,"key":"Fire Potion"},{"floor":46,"key":"Weak Potion"},{"floor":48,"key":"AttackPotion"},{"floor":49,"key":"SkillPotion"}],"is_trial":false,"path_per_floor":["R","M","M","M","M","$","T","R","E","M","E","$","R","M","M","B",null,"R","M","$","M","M","E","T","M","M","?","?","?","R","?","M","B",null,"R","M","?","M","?","R","T","E","R","M","M","M","R","M","M","B"],"character_chosen":"THE_SPIRIT","items_purchased":["hexamod:ExtraCrispy","hexamod:EmpoweredFlame"],"campfire_rested":3,"item_purchase_floors":[12,20],"current_hp_per_floor":[63,63,63,63,60,60,60,60,37,44,44,49,49,50,57,50,68,68,74,64,84,84,40,40,39,33,33,33,33,71,71,71,43,81,81,81,76,73,73,73,73,50,78,78,69,56,84,58,58,0,0,0],"gold":193,"neow_bonus":"TEN_PERCENT_HP_BONUS","is_daily":false,"chose_seed":false,"campfire_upgraded":5,"win_rate":0.0,"timestamp":1613714147,"path_taken":["R","M","M","M","?","$","T","R","E","M","E","$","R","?","M","BOSS","R","M","$","M","M","E","T","M","M","?","?","?","R","?","M","BOSS","R","M","?","M","?","R","T","E","R","M","M","M","R","M","M","BOSS"],"items_purchased_type":["Card","Card"],"build_version":"2020-12-22","purchased_purges":3,"victory":false,"max_hp_per_floor":[69,69,69,69,69,69,69,69,74,74,74,74,74,74,74,74,74,74,74,74,84,84,84,84,84,84,84,84,84,94,94,94,94,94,94,94,94,94,94,94,94,94,94,94,94,94,94,94,94,94,94,94],"relic_stats":{"counters":[30,152],"Juzu Bracelet":2,"War Paint":["hexamod:Defend","hexamod:Defend"],"Smiling Mask":125,"obtain_stats":[{"downfall:HeartBlessingRed":40,"hexamod:TheBrokenSeal":21,"downfall:HeartBlessingGreen":43,"Omamori":23,"Juzu Bracelet":28,"War Paint":11,"Smiling Mask":9,"sneckomod:SneckoTalon":34,"Anchor":7,"downfall:HeartBlessingBlue":30,"StrikeDummy":42,"hexamod:SpiritBrand":0,"hexamod:IceCube":17},{"downfall:HeartBlessingRed":23,"hexamod:TheBrokenSeal":15,"downfall:HeartBlessingGreen":24,"Omamori":17,"Juzu Bracelet":19,"War Paint":8,"Smiling Mask":6,"sneckomod:SneckoTalon":21,"Anchor":5,"downfall:HeartBlessingBlue":19,"StrikeDummy":24,"hexamod:SpiritBrand":0,"hexamod:IceCube":12},{"downfall:HeartBlessingRed":108,"hexamod:TheBrokenSeal":64,"downfall:HeartBlessingGreen":116,"Omamori":76,"Juzu Bracelet":86,"War Paint":30,"Smiling Mask":25,"sneckomod:SneckoTalon":99,"Anchor":15,"downfall:HeartBlessingBlue":86,"StrikeDummy":116,"hexamod:SpiritBrand":0,"hexamod:IceCube":49}]},"card_choices":[{"not_picked":["hexamod:PhantomFireball","hexamod:ShieldOfDarkness"],"picked":"hexamod:SuperheatedStrike","floor":2},{"not_picked":["hexamod:Firestarter","hexamod:InspiringFlames"],"picked":"hexamod:GhostLash","floor":3},{"not_picked":["hexamod:RecurringNightmare","hexamod:SpectersWail"],"picked":"hexamod:RainOfEmbers","floor":4},{"not_picked":["hexamod:Rewind","hexamod:FirstSeal"],"picked":"hexamod:DynamicBlow","floor":5},{"not_picked":["hexamod:FlamesFromBeyond","hexamod:RetreatToShadows"],"picked":"hexamod:FirstSeal","floor":6},{"not_picked":["hexamod:SwordOfDarkness","hexamod:HeatShield"],"picked":"hexamod:GhostLash","floor":9},{"not_picked":["hexamod:HauntingEcho","hexamod:BurningTouch"],"picked":"hexamod:ThermalTransfer","floor":10},{"not_picked":["hexamod:HexaLevel","hexamod:BurningTouch"],"picked":"hexamod:GhostflameBarrier","floor":11},{"not_picked":["hexamod:AdvancingGuard","hexamod:SkipABeat"],"picked":"hexamod:FifthSeal","floor":12},{"not_picked":["hexamod:NightmareGuise","hexamod:SwordOfDarkness"],"picked":"hexamod:AdvancingGuard","floor":14},{"not_picked":["hexamod:RainOfEmbers","hexamod:SwordOfDarkness","hexamod:FirstSeal"],"picked":"SKIP","floor":15},{"not_picked":["hexamod:FirstSeal","hexamod:SecondSeal"],"picked":"hexamod:SixthSeal","floor":16},{"not_picked":["hexamod:VolcanoVisage","hexamod:ForkedFlame"],"picked":"hexamod:SearingWound","floor":16},{"not_picked":["hexamod:SecondSeal","hexamod:FirstSeal"],"picked":"hexamod:FourthSeal","floor":19},{"not_picked":["hexamod:FourthSeal","hexamod:NightmareStrike"],"picked":"hexamod:EmpoweredFlame","floor":19},{"not_picked":["hexamod:SixthSeal","hexamod:FourthSeal"],"picked":"hexamod:SecondSeal","floor":20},{"not_picked":["hexamod:GhostflameBarrier","hexamod:SuperheatedStrike"],"picked":"hexamod:ThirdSeal","floor":20},{"not_picked":["hexamod:GhostLash","hexamod:FastForward"],"picked":"hexamod:Haunt+1","floor":21},{"not_picked":["hexamod:InspiringFlames","hexamod:GhostShield"],"picked":"hexamod:PhantomFireball","floor":22},{"not_picked":["hexamod:Firestarter+1","hexamod:ThirdSeal"],"picked":"hexamod:NightmareGuise","floor":23},{"not_picked":["hexamod:FastForward","hexamod:ShieldOfDarkness","hexamod:Firestarter"],"picked":"SKIP","floor":25},{"not_picked":["hexamod:FifthSeal","hexamod:SuperheatedStrike"],"picked":"hexamod:AdvancingGuard","floor":26},{"not_picked":["hexamod:NightmareGuise","hexamod:HeatMetal"],"picked":"hexamod:PhantomFireball+1","floor":32},{"not_picked":["hexamod:TurnItUp","hexamod:WildfireWeapon"],"picked":"hexamod:GhostflameInferno","floor":33},{"not_picked":["hexamod:NightmareStrike","hexamod:ThermalTransfer","hexamod:SpectralSpark"],"picked":"SKIP","floor":36},{"not_picked":["expansioncontent:Chronoboost","expansioncontent:PolyBeam"],"picked":"expansioncontent:InvincibleStrength","floor":37},{"not_picked":["hexamod:ChargedBarrage","hexamod:SpectersWail"],"picked":"hexamod:Hexaguard+1","floor":38},{"not_picked":["hexamod:Haunt","hexamod:Rewind+1"],"picked":"hexamod:PhantomCloak","floor":42},{"not_picked":["hexamod:Hexaguard","hexamod:GhostOfSpirePast","hexamod:ThermalTransfer"],"picked":"SKIP","floor":44},{"not_picked":["hexamod:Firestarter","hexamod:FastForward"],"picked":"hexamod:EmpoweredFlame","floor":45},{"not_picked":["hexamod:BurningTouch","hexamod:NightmareStrike+1"],"picked":"hexamod:TimeOfNeed","floor":46},{"not_picked":["hexamod:GhostLash","hexamod:ExtraCrispy","hexamod:SpectersWail+1"],"picked":"SKIP","floor":48},{"not_picked":["hexamod:Rewind","hexamod:BurningTouch"],"picked":"hexamod:HeatMetal+1","floor":49}],"player_experience":1755966,"relics_obtained":[{"floor":7,"key":"Anchor"},{"floor":9,"key":"Smiling Mask"},{"floor":11,"key":"War Paint"},{"floor":23,"key":"Omamori"},{"floor":42,"key":"StrikeDummy"}],"event_choices":[],"is_beta":false,"boss_relics":[{"not_picked":["Runic Pyramid","Snecko Eye"],"picked":"hexamod:IceCube"},{"not_picked":["SlaversCollar","Busted Crown"],"picked":"sneckomod:SneckoTalon"}],"items_purged_floors":[6,12,20],"is_endless":false,"potions_floor_spawned":[4,5,9,11,15,16,22,26,32,33,44,46,48],"killed_by":"IC_BLOCK_ARCHETYPE","ascension_level":20}}