{"host":"dztixnx9b0gu6w9i","time":1613719295,"event":{"mods":["BaseMod","Bestiary","Minty Spire (QoL Compilation)","Relic Stats","SpireBot","ojb\u0027s Better Paths Mod","ojb\u0027s Info Mod"],"gold_per_floor":[109,128,128,128,144,144,168,168,168,207,207,245,260,58,58,152,152,175,196,196,209,209,209,245,257,295,338,350,362,390,425,437,545,557,592,604,629,621,647,659,694,749,835,891,928,940,977,223,223,223,223,223,223,44,87,87],"floor_reached":57,"language":"ENG","playtime":13895,"items_purged":["Strike_B","Strike_B","Defend_B"],"score":2799,"play_id":"938faef1-b946-47b9-a4b8-fcd0aa914fc0","local_time":"20210219022135","is_ascension_mode":true,"campfire_choices":[{"data":"Static Discharge","floor":6.0,"key":"SMITH"},{"data":"Sunder","floor":8.0,"key":"SMITH"},{"data":"Biased Cognition","floor":15.0,"key":"SMITH"},{"data":"RitualDagger","floor":23.0,"key":"SMITH"},{"data":"Reboot","floor":25.0,"key":"SMITH"},{"data":"Coolheaded","floor":29.0,"key":"SMITH"},{"floor":32.0,"key":"REST"},{"floor":40.0,"key":"REST"},{"floor":46,"key":"RECALL"},{"floor":49,"key":"REST"},{"data":"Recycle","floor":53,"key":"SMITH"}],"circlet_count":0,"master_deck":["AscendersBane","Defend_B","Defend_B","Defend_B","Zap","Dualcast","Thinking Ahead","Cold Snap","Static Discharge+1","Gash","Sunder+1","Reboot+1","Core Surge","Biased Cognition+1","Coolheaded+1","Echo Form","Compile Driver","Cold Snap","Conserve Battery","RitualDagger+1","Recycle+1","Skim","Reinforced Body","Reboot","Coolheaded","Skim+1","Hologram","Undo+1","Biased Cognition"],"relics":["Cracked Core","Golden Idol","Pear","Symbiotic Virus","Bag of Marbles","Philosopher\u0027s Stone","Sundial","MawBank","DataDisk","Bottled Flame","Inserter","Mango","InkBottle","Incense Burner","TheAbacus","Oddly Smooth Stone"],"acts_visited":["Exordium","TheCity","TheBeyond","TheEnding"],"potions_floor_usage":[55,55,56],"damage_taken":[{"damage":2.0,"enemies":"2 Louse","floor":1.0,"turns":2.0},{"damage":0.0,"enemies":"Jaw Worm","floor":2.0,"turns":4.0},{"damage":4.0,"enemies":"Cultist","floor":5.0,"turns":3.0},{"damage":9.0,"enemies":"Red Slaver","floor":7.0,"turns":3.0},{"damage":23.0,"enemies":"Lagavulin","floor":10.0,"turns":5.0},{"damage":3.0,"enemies":"3 Sentries","floor":12.0,"turns":4.0},{"damage":0.0,"enemies":"Blue Slaver","floor":13.0,"turns":1.0},{"damage":1.0,"enemies":"The Guardian","floor":16.0,"turns":12.0},{"damage":2.0,"enemies":"2 Thieves","floor":18.0,"turns":3.0},{"damage":12.0,"enemies":"3 Byrds","floor":19.0,"turns":2.0},{"damage":3.0,"enemies":"Snake Plant","floor":21.0,"turns":3.0},{"damage":0.0,"enemies":"Gremlin Leader","floor":24.0,"turns":8.0},{"damage":7.0,"enemies":"Slavers","floor":27.0,"turns":3.0},{"damage":0.0,"enemies":"Snecko","floor":30.0,"turns":4.0},{"damage":0.0,"enemies":"Cultist and Chosen","floor":31.0,"turns":4.0},{"damage":29.0,"enemies":"Collector","floor":33.0,"turns":9.0},{"damage":0.0,"enemies":"3 Shapes","floor":35.0,"turns":9.0},{"damage":3.0,"enemies":"3 Darklings","floor":37.0,"turns":3.0},{"damage":43.0,"enemies":"Jaw Worm Horde","floor":39.0,"turns":5.0},{"damage":0.0,"enemies":"Maw","floor":41.0,"turns":8.0},{"damage":11.0,"enemies":"Reptomancer","floor":42.0,"turns":10.0},{"damage":5.0,"enemies":"Nemesis","floor":44.0,"turns":37.0},{"damage":0.0,"enemies":"Sphere and 2 Shapes","floor":45.0,"turns":13.0},{"damage":0,"enemies":"3 Darklings","floor":47,"turns":16},{"damage":8,"enemies":"Time Eater","floor":50,"turns":34},{"damage":7,"enemies":"Donu and Deca","floor":51,"turns":12},{"damage":14,"enemies":"Shield and Spear","floor":55,"turns":12},{"damage":38,"enemies":"The Heart","floor":56,"turns":12}],"seed_played":"1881104189849256787","potions_obtained":[{"floor":2.0,"key":"Swift Potion"},{"floor":10.0,"key":"Fire Potion"},{"floor":11.0,"key":"DistilledChaos"},{"floor":12.0,"key":"DistilledChaos"},{"floor":16.0,"key":"LiquidMemories"},{"floor":18.0,"key":"FocusPotion"},{"floor":21.0,"key":"Fire Potion"},{"floor":24.0,"key":"DistilledChaos"},{"floor":31.0,"key":"SpeedPotion"},{"floor":35.0,"key":"Weak Potion"},{"floor":37.0,"key":"CultistPotion"},{"floor":38.0,"key":"FocusPotion"},{"floor":45,"key":"FocusPotion"},{"floor":47,"key":"EssenceOfSteel"},{"floor":55,"key":"Fire Potion"}],"is_trial":false,"path_per_floor":["M","M","?","?","M","R","M","R","T","E","?","E","M","$","R","B",null,"M","M","T","M","?","R","E","R","T","E","?","R","M","M","R","B",null,"M","?","M","?","M","R","M","E","T","E","M","R","M","$","R","B","B",null,"R","$","E","B",null],"character_chosen":"DEFECT","items_purchased":["Biased Cognition","Coolheaded","Incense Burner","TheAbacus","Biased Cognition","Block Potion"],"campfire_rested":3,"item_purchase_floors":[14,14,48,48,48,54],"current_hp_per_floor":[62,62,55,55,51,51,42,42,52,29,29,26,26,26,26,25,57,55,43,43,40,34,34,34,34,34,27,27,27,27,27,47,18,56,56,56,53,53,10,29,29,32,32,27,27,27,27,27,50,42,35,68,68,68,54,16],"gold":87,"neow_bonus":"RANDOM_COLORLESS_2","is_daily":false,"chose_seed":false,"campfire_upgraded":7,"win_rate":0.0,"timestamp":1613719295,"path_taken":["M","M","?","?","M","R","?","R","T","E","?","E","?","$","R","BOSS","M","M","?","M","?","R","E","R","T","E","?","R","?","M","R","BOSS","M","?","M","?","M","R","M","E","T","E","?","R","M","$","R","BOSS","BOSS","R","$","E","BOSS"],"items_purchased_type":["Card","Card","Relic","Relic","Card","Potion"],"build_version":"2020-12-22","purchased_purges":3,"victory":true,"max_hp_per_floor":[64,64,64,58,58,58,58,58,68,68,68,68,68,68,68,68,68,68,68,68,68,68,68,68,68,68,68,68,68,68,68,68,68,68,68,65,65,65,65,65,65,79,79,79,79,79,79,79,79,79,79,79,79,79,79,79],"relic_stats":{"Inserter":[62],"TheAbacus":[1266],"counters":[28,241],"Golden Idol":213,"Sundial":[214],"MawBank":288,"obtain_stats":[{"Pear":9,"Inserter":34,"Golden Idol":4,"Oddly Smooth Stone":55,"Mango":42,"Incense Burner":48,"MawBank":24,"DataDisk":26,"Bottled Flame":27,"TheAbacus":48,"Sundial":20,"Philosopher\u0027s Stone":17,"Bag of Marbles":12,"Cracked Core":0,"Symbiotic Virus":10,"InkBottle":44},{"Pear":4,"Inserter":16,"Golden Idol":2,"Oddly Smooth Stone":27,"Mango":21,"Incense Burner":24,"MawBank":12,"DataDisk":12,"Bottled Flame":13,"TheAbacus":24,"Sundial":10,"Philosopher\u0027s Stone":8,"Bag of Marbles":6,"Cracked Core":0,"Symbiotic Virus":5,"InkBottle":22},{"Pear":12,"Inserter":70,"Golden Idol":6,"Oddly Smooth Stone":229,"Mango":105,"Incense Burner":171,"MawBank":50,"DataDisk":50,"Bottled Flame":53,"TheAbacus":171,"Sundial":39,"Philosopher\u0027s Stone":34,"Bag of Marbles":21,"Cracked Core":0,"Symbiotic Virus":17,"InkBottle":142}],"InkBottle":[45]},"card_choices":[{"not_picked":["Panache","Violence"],"picked":"Thinking Ahead","floor":0.0},{"not_picked":["Rebound","Hologram"],"picked":"Cold Snap","floor":1.0},{"not_picked":["Double Energy","Beam Cell"],"picked":"Static Discharge","floor":2.0},{"not_picked":["Steam Power","Coolheaded"],"picked":"Gash","floor":5.0},{"not_picked":["Conserve Battery","Blizzard"],"picked":"Sunder","floor":7.0},{"not_picked":["Static Discharge","Gash"],"picked":"Reboot","floor":10.0},{"not_picked":["Redo","Ball Lightning"],"picked":"Core Surge","floor":12.0},{"not_picked":["Storm","Rebound","Streamline"],"picked":"SKIP","floor":13.0},{"not_picked":["Storm","Rebound","Streamline"],"picked":"SKIP","floor":13.0},{"not_picked":["Storm","Rebound","Streamline"],"picked":"SKIP","floor":13.0},{"not_picked":["Storm","Rebound","Streamline"],"picked":"SKIP","floor":13.0},{"not_picked":["Buffer","Core Surge"],"picked":"Echo Form","floor":16.0},{"not_picked":["Force Field","Redo+1"],"picked":"Compile Driver","floor":18.0},{"not_picked":["Lockon","Recycle"],"picked":"Cold Snap","floor":19.0},{"not_picked":["Static Discharge","Ball Lightning"],"picked":"Conserve Battery","floor":21.0},{"not_picked":["Steam","Rip and Tear"],"picked":"Recycle","floor":24.0},{"not_picked":["Multi-Cast","Hello World"],"picked":"Skim","floor":27.0},{"not_picked":["Consume","Lockon"],"picked":"Reinforced Body","floor":30.0},{"not_picked":["Gash","Sweeping Beam","Darkness"],"picked":"SKIP","floor":31.0},{"not_picked":["Creative AI","Thunder Strike"],"picked":"Reboot","floor":33.0},{"not_picked":["Compile Driver+1","Lockon+1"],"picked":"Coolheaded","floor":35.0},{"not_picked":["Coolheaded","Capacitor"],"picked":"Skim+1","floor":37.0},{"not_picked":["Hologram","Turbo","Gash+1"],"picked":"SKIP","floor":39.0},{"not_picked":["Turbo","Gash+1"],"picked":"Hologram","floor":39.0},{"not_picked":["Heatsinks","Sweeping Beam"],"picked":"Undo+1","floor":41.0},{"not_picked":["Doom and Gloom","Meteor Strike","Redo+1"],"picked":"SKIP","floor":42.0},{"not_picked":["Chill","Coolheaded","Stack"],"picked":"SKIP","floor":44.0},{"not_picked":["Sunder","Steam","Capacitor"],"picked":"SKIP","floor":45},{"not_picked":["Capacitor+1","Beam Cell","Cold Snap"],"picked":"SKIP","floor":47},{"not_picked":["Capacitor+1","Beam Cell","Cold Snap"],"picked":"SKIP","floor":47},{"not_picked":["Auto Shields","Go for the Eyes","Leap"],"picked":"SKIP","floor":55}],"player_experience":8720959,"relics_obtained":[{"floor":9.0,"key":"Pear"},{"floor":10.0,"key":"Symbiotic Virus"},{"floor":12.0,"key":"Bag of Marbles"},{"floor":20.0,"key":"Sundial"},{"floor":24.0,"key":"MawBank"},{"floor":26.0,"key":"DataDisk"},{"floor":27.0,"key":"Bottled Flame"},{"floor":42.0,"key":"Mango"},{"floor":44.0,"key":"InkBottle"},{"floor":55,"key":"Oddly Smooth Stone"}],"event_choices":[{"cards_removed":["Strike_B"],"damage_healed":0.0,"max_hp_gain":0.0,"max_hp_loss":0.0,"gold_gain":0.0,"event_name":"Golden Wing","player_choice":"Card Removal","floor":3.0,"gold_loss":0.0,"damage_taken":7.0},{"damage_healed":0.0,"max_hp_gain":0.0,"max_hp_loss":6.0,"gold_gain":0.0,"event_name":"Golden Idol","player_choice":"Lose Max HP","floor":4.0,"gold_loss":0.0,"damage_taken":0.0,"relics_obtained":["Golden Idol"]},{"damage_healed":0.0,"max_hp_gain":0.0,"max_hp_loss":0.0,"gold_gain":0.0,"event_name":"Lab","player_choice":"Got Potions","floor":11.0,"gold_loss":0.0,"damage_taken":0.0},{"damage_healed":0.0,"max_hp_gain":0.0,"max_hp_loss":0.0,"gold_gain":0.0,"event_name":"Nest","player_choice":"Joined the Cult","floor":22.0,"gold_loss":0.0,"damage_taken":6.0,"cards_obtained":["RitualDagger"]},{"cards_removed":["Strike_B"],"damage_healed":0.0,"max_hp_gain":0.0,"max_hp_loss":0.0,"gold_gain":0.0,"event_name":"Purifier","player_choice":"Purged","floor":28.0,"gold_loss":0.0,"damage_taken":0.0},{"damage_healed":0.0,"max_hp_gain":0.0,"max_hp_loss":3.0,"gold_gain":0.0,"event_name":"Winding Halls","player_choice":"Max HP","floor":36.0,"gold_loss":0.0,"damage_taken":0.0},{"damage_healed":0.0,"max_hp_gain":0.0,"max_hp_loss":0.0,"gold_gain":0.0,"event_name":"The Woman in Blue","player_choice":"Bought 1 Potion","floor":38.0,"gold_loss":0.0,"damage_taken":0.0}],"is_beta":false,"boss_relics":[{"not_picked":["SacredBark","Sozu"],"picked":"Philosopher\u0027s Stone"},{"not_picked":["Pandora\u0027s Box","Fusion Hammer"],"picked":"Inserter"}],"items_purged_floors":[14,48,54],"is_endless":false,"potions_floor_spawned":[2,10,12,16,18,21,24,31,35,37,45,47,55],"ascension_level":20}}