{"host":"m6rwrrl4vtok99e8","time":1613735247,"event":{"mods":["ATMod(??Mod)","Act Like it!","Aspiration","BaseMod","Colored Powertips","Downfall","Energized Spire","GungeonMod","Jedi Mod","Koishi","LagranYue(???·?)","Lobotomy","Marisa????????","Minty Spire (QoL Compilation)","Pale of the Ancients","Quick Restart","Relic Stats","Reliquary","Remilia??????","Replay The Spire","Spicy Shops","StSLib","TestMod","The Servant 0.9.4","Waifu the Spire","WarShipGirlsR/????R mod","??????REMEMod"],"gold_per_floor":[111,131,131,145,145,183,197,147,228,266,296,309,330,330,330,458,458,472,472,20,33,33,77,77,153,153,171,171,171],"floor_reached":28,"language":"ZHS","playtime":1807,"items_purged":["Injury"],"score":268,"play_id":"7ea4fc60-dd12-4afd-92f8-ef0a6590733a","local_time":"20210219194727","is_ascension_mode":false,"campfire_choices":[{"data":"Injury","floor":15.0,"key":"PURGE"},{"data":"Woodsman","floor":24.0,"key":"PURGE"}],"circlet_count":0,"master_deck":["DemoMod:Strike_Huntress","DemoMod:Strike_Huntress","DemoMod:Strike_Huntress","DemoMod:Defend_Huntress","DemoMod:Defend_Huntress","DemoMod:Defend_Huntress","DemoMod:Defend_Huntress","DemoMod:Roll","DemoMod:ManualReload","DemoMod:RustySidearm","DemoMod:CrossBow","OSAHOGD","DemoMod:CombinedRifle","DemoMod:PotionOfGunFriendShip","OldLady","DemoMod:ShadowBullets","ShyLook","DemoMod:BulletBore","PunishingBird","MHz","DemoMod:ShadowBullets+1"],"relics":["DemoMod:Dog","AT_ATBox","testmod-TestBox","REME_ComplimentaryCards","LagranYue:RandomDrawCardRelic","testmod-RealStoneCalender","CogitoBucket","Golden Idol","Peace Pipe","reliquary:Spinner","Replay:Arrowhead","bronze:MakeshiftBattery","DemoMod:Ammonomicon","Replay:Baseball","Lee\u0027s Waffle","DemoMod:PoisonVial","testmod-IndustrialRevolution","AT_LudenTempest","AT_TimeSand","DemoMod:GlassGuonStoneRelic","Snack Pack"],"acts_visited":["Exordium","TheCity"],"potions_floor_usage":[27,28],"damage_taken":[{"damage":7.0,"enemies":"2 Louse","floor":1.0,"turns":2.0},{"damage":1.0,"enemies":"Cultist","floor":2.0,"turns":4.0},{"damage":6.0,"enemies":"Jaw Worm","floor":4.0,"turns":2.0},{"damage":15.0,"enemies":"3 Sentries","floor":6.0,"turns":5.0},{"damage":2.0,"enemies":"Looter","floor":7.0,"turns":2.0},{"damage":15.0,"enemies":"Lagavulin","floor":10.0,"turns":5.0},{"damage":23.0,"enemies":"Blue Slaver","floor":12.0,"turns":2.0},{"damage":5.0,"enemies":"Large Slime","floor":13.0,"turns":5.0},{"damage":51.0,"enemies":"Fading Forest","floor":16.0,"turns":11.0},{"damage":8.0,"enemies":"Spheric Guardian","floor":18.0,"turns":3.0},{"damage":7.0,"enemies":"3 Byrds","floor":21.0,"turns":4.0},{"damage":16.0,"enemies":"Book of Stabbing","floor":23.0,"turns":5.0},{"damage":18.0,"enemies":"Replay:Snechameleon","floor":25.0,"turns":6.0},{"damage":55,"enemies":"Snake Plant","floor":27,"turns":6},{"damage":5,"enemies":"3 Cultists","floor":28,"turns":2}],"seed_played":"6640146638306968002","potions_obtained":[{"floor":7.0,"key":"Cursed Concoction"},{"floor":10.0,"key":"ColorlessPotion"},{"floor":13.0,"key":"Reflective Coating"},{"floor":16.0,"key":"DemoMod:LeadSkinPotion"},{"floor":27,"key":"Ancient Potion"}],"is_trial":false,"path_per_floor":["M","M","?","M","?","E","M","?","T","E","?","M","M","?","R","B",null,"M","?","$","M","?","E","R","E","T","M","M"],"character_chosen":"HUNTRESS","items_purchased":["Replay:Baseball","Lee\u0027s Waffle","DemoMod:PoisonVial"],"campfire_rested":0,"item_purchase_floors":[20,20,20],"current_hp_per_floor":[63,62,62,56,63,48,46,46,46,31,31,26,43,43,43,30,70,68,68,77,77,77,67,67,57,57,2,0,0],"gold":171,"neow_bonus":"","is_daily":false,"chose_seed":false,"campfire_upgraded":0,"win_rate":0.0,"timestamp":1613735247,"path_taken":["M","M","?","M","?","E","?","?","T","E","?","M","M","?","R","BOSS","M","?","$","M","?","E","R","E","T","M","M"],"items_purchased_type":["Relic","Relic","Relic"],"build_version":"2020-12-22","purchased_purges":1,"victory":false,"max_hp_per_floor":[70,70,70,70,70,70,70,70,70,70,70,70,70,70,70,70,70,70,70,77,77,77,77,77,77,77,77,77,77],"relic_stats":{"Peace Pipe":2,"Lee\u0027s Waffle":9,"counters":[17,65],"Golden Idol":97,"obtain_stats":[{"Lee\u0027s Waffle":20,"AT_ATBox":0,"testmod-TestBox":0,"DemoMod:Ammonomicon":19,"DemoMod:Dog":0,"LagranYue:RandomDrawCardRelic":0,"DemoMod:PoisonVial":20,"Golden Idol":3,"DemoMod:GlassGuonStoneRelic":6,"AT_TimeSand":26,"reliquary:Spinner":10,"testmod-IndustrialRevolution":23,"Replay:Arrowhead":11,"Peace Pipe":6,"testmod-RealStoneCalender":0,"CogitoBucket":0,"Replay:Baseball":20,"AT_LudenTempest":25,"Snack Pack":27,"bronze:MakeshiftBattery":17,"REME_ComplimentaryCards":0},{"Lee\u0027s Waffle":11,"AT_ATBox":0,"testmod-TestBox":0,"DemoMod:Ammonomicon":11,"DemoMod:Dog":0,"LagranYue:RandomDrawCardRelic":0,"DemoMod:PoisonVial":11,"Golden Idol":2,"DemoMod:GlassGuonStoneRelic":4,"AT_TimeSand":14,"reliquary:Spinner":6,"testmod-IndustrialRevolution":13,"Replay:Arrowhead":6,"Peace Pipe":4,"testmod-RealStoneCalender":0,"CogitoBucket":0,"Replay:Baseball":11,"AT_LudenTempest":14,"Snack Pack":16,"bronze:MakeshiftBattery":10,"REME_ComplimentaryCards":0},{"Lee\u0027s Waffle":42,"AT_ATBox":0,"testmod-TestBox":0,"DemoMod:Ammonomicon":42,"DemoMod:Dog":0,"LagranYue:RandomDrawCardRelic":0,"DemoMod:PoisonVial":42,"Golden Idol":6,"DemoMod:GlassGuonStoneRelic":13,"AT_TimeSand":56,"reliquary:Spinner":20,"testmod-IndustrialRevolution":50,"Replay:Arrowhead":20,"Peace Pipe":13,"testmod-RealStoneCalender":0,"CogitoBucket":0,"Replay:Baseball":42,"AT_LudenTempest":56,"Snack Pack":63,"bronze:MakeshiftBattery":39,"REME_ComplimentaryCards":0}]},"card_choices":[{"not_picked":["CrumblingArmor","PunishingBird"],"picked":"OSAHOGD","floor":1.0},{"not_picked":["DemoMod:SkilledReload","DemoMod:TableSutra"],"picked":"DemoMod:CombinedRifle","floor":1.0},{"not_picked":["DemoMod:FeignSurrender","DemoMod:ChanceBullets"],"picked":"DemoMod:PotionOfGunFriendShip","floor":2.0},{"not_picked":["ShyLook","PunishingBird"],"picked":"OldLady","floor":4.0},{"not_picked":["DemoMod:BoxingGlove","DemoMod:EasyReloadBullets"],"picked":"DemoMod:ShadowBullets","floor":4.0},{"not_picked":["HeroicMonk","HappyTeddy"],"picked":"ShyLook","floor":6.0},{"not_picked":["DemoMod:Purify","DemoMod:EasyReloadBullets"],"picked":"DemoMod:BulletBore","floor":6.0},{"not_picked":["DemoMod:SAA","DemoMod:SniperShot","DemoMod:HardPowerCard"],"picked":"SKIP","floor":7.0},{"not_picked":["DespairKnight","SingingMachine"],"picked":"Woodsman","floor":10.0},{"not_picked":["DemoMod:Camera","DemoMod:TableSutra","DemoMod:Ejector"],"picked":"SKIP","floor":10.0},{"not_picked":["Scorched","Alriune"],"picked":"PunishingBird","floor":12.0},{"not_picked":["DemoMod:PotionOfGunFriendShip","DemoMod:Unmoved","DemoMod:HardPowerCard"],"picked":"SKIP","floor":12.0},{"not_picked":["BigBadWolf","CrumblingArmor"],"picked":"MHz","floor":13.0},{"not_picked":["DemoMod:ConditionalReflex","DemoMod:DirectionalPad","DemoMod:DoubleSwitch"],"picked":"SKIP","floor":13.0},{"not_picked":["DemoMod:ZorGun","DemoMod:TableSutra","DemoMod:AbyssalTentacle"],"picked":"SKIP","floor":18.0},{"not_picked":["DemoMod:HuntsMan","DemoMod:PracticeMakesPerfect","DemoMod:EasyReloadBullets"],"picked":"SKIP","floor":21.0},{"not_picked":["DemoMod:MachoBrace","DemoMod:DirectionalPad"],"picked":"DemoMod:ShadowBullets+1","floor":23.0},{"not_picked":["DemoMod:Elimentaler","DemoMod:LifeOrb","DemoMod:GunShield"],"picked":"SKIP","floor":25.0},{"not_picked":["DemoMod:GunstockTap","DemoMod:FastSwitch","DemoMod:JK47"],"picked":"SKIP","floor":27}],"player_experience":47179,"relics_obtained":[{"floor":6.0,"key":"Peace Pipe"},{"floor":10.0,"key":"reliquary:Spinner"},{"floor":23.0,"key":"testmod-IndustrialRevolution"},{"floor":25.0,"key":"AT_LudenTempest"},{"floor":26.0,"key":"AT_TimeSand"},{"floor":27,"key":"Snack Pack"}],"event_choices":[{"damage_healed":0.0,"max_hp_gain":0.0,"max_hp_loss":0.0,"gold_gain":0.0,"event_name":"Golden Idol","player_choice":"Take Wound","floor":3.0,"gold_loss":0.0,"damage_taken":0.0,"relics_obtained":["Golden Idol"],"cards_obtained":["Injury"]},{"damage_healed":0.0,"max_hp_gain":0.0,"max_hp_loss":0.0,"gold_gain":30.0,"event_name":"Dead Adventurer","player_choice":"Searched \u00272\u0027 times","floor":11.0,"gold_loss":0.0,"damage_taken":0.0,"relics_obtained":["Replay:Arrowhead"]}],"is_beta":false,"boss_relics":[{"not_picked":["Replay:Drink Me","energizedSpire:MagnifyingGlass"],"picked":"bronze:MakeshiftBattery"}],"items_purged_floors":[20],"is_endless":false,"potions_floor_spawned":[7,10,13,16,21,27],"killed_by":"3 Cultists","ascension_level":0}}