{"host":"jgl9m63d23sfproq","time":1613708287,"event":{"mods":["Act Like it!","Aspiration","BaseMod","Colored Map","Conspire","Downfall","Hermit","Minty Spire (QoL Compilation)","Replay The Spire","Robot Space Explorer","StSLib","The Bug Knight","The Cursed","The Runesmith","The Servant 0.9.4"],"gold_per_floor":[118,43,43,93,109,136,136,150,173,198,198,224,30,40,40,139,139,156,15,15,30,48,48,48],"floor_reached":23,"language":"ZHS","playtime":953,"items_purged":["TheCursedMod:Dregs"],"score":234,"play_id":"cf77f7af-7fe2-49e7-a17e-9cf2b28d4aba","local_time":"20210219121807","is_ascension_mode":false,"campfire_choices":[{"floor":7,"key":"RECALL"},{"data":"Bouncing Flask","floor":11,"key":"SMITH"},{"floor":15,"key":"REST"}],"circlet_count":0,"master_deck":["Strike_G","Strike_G","Strike_G","Strike_G","Strike_G","Defend_G","Defend_G+1","Defend_G","Defend_G","Defend_G","Survivor","Neutralize","Caltrops","Escape Plan","Prepared","Dagger Spray","Bouncing Flask+1","Cloak And Dagger","Bane+1","Footwork","Deflect","Envenom","Crippling Poison+1","After Image","Calculated Gamble","Runesmith:CraftProtectio+1"],"relics":["Ring of the Snake","NeowsBlessing","Anchor","aspiration:HiddenCompartment","Replay:Baseball","Darkstone Periapt","Gremlin Food","ReplayTheSpireMod:CursedCoin","PrismaticShard"],"acts_visited":["Exordium","TheCity"],"potions_floor_usage":[18,18,23],"damage_taken":[{"damage":0,"enemies":"Small Slimes","floor":1,"turns":1},{"damage":0,"enemies":"Jaw Worm","floor":5,"turns":1},{"damage":0,"enemies":"Lagavulin","floor":6,"turns":1},{"damage":0,"enemies":"Cultist","floor":8,"turns":4},{"damage":15,"enemies":"3 Sentries","floor":10,"turns":7},{"damage":16,"enemies":"Lagavulin","floor":12,"turns":8},{"damage":0,"enemies":"Looter","floor":14,"turns":3},{"damage":51,"enemies":"Fading Forest","floor":16,"turns":11},{"damage":17,"enemies":"2 Thieves","floor":18,"turns":3},{"damage":26,"enemies":"Spheric Guardian","floor":21,"turns":5},{"damage":18,"enemies":"Cultist and Chosen","floor":22,"turns":7},{"damage":12,"enemies":"conspire:SneckoGhost","floor":23,"turns":3}],"seed_played":"1914370703453668936","potions_obtained":[{"floor":5,"key":"Adrenaline Potion"},{"floor":8,"key":"SpeedPotion"},{"floor":14,"key":"Dexterity Potion"},{"floor":16,"key":"Explosive Potion"},{"floor":22,"key":"ColorlessPotion"}],"is_trial":false,"path_per_floor":["M","$","?","T","M","E","R","M","T","E","R","E","$","M","R_BF","B",null,"M","$","?","M","M","E"],"character_chosen":"THE_SILENT","items_purchased":["Escape Plan","Bane+1","Gremlin Food","ReplayTheSpireMod:CursedCoin","Footwork","After Image"],"campfire_rested":1,"item_purchase_floors":[2,13,13,13,13,19],"current_hp_per_floor":[70,70,70,70,70,70,70,70,70,55,55,39,45,45,67,36,76,59,59,51,25,7,0,0],"gold":48,"neow_bonus":"THREE_ENEMY_KILL","is_daily":false,"chose_seed":false,"campfire_upgraded":1,"win_rate":0.0,"timestamp":1613708287,"path_taken":["M","$","?","?","M","E","R","M","T","E","R","E","$","M","R_BF","BOSS","M","$","?","M","M","E"],"items_purchased_type":["Card","Card","Relic","Relic","Card","Card"],"build_version":"2020-12-22","purchased_purges":1,"victory":false,"max_hp_per_floor":[70,70,70,70,70,70,70,70,70,70,70,70,76,76,76,76,76,76,76,76,76,76,76,76],"card_choices":[{"not_picked":["Underhanded Strike","Blur"],"picked":"Caltrops","floor":1},{"not_picked":["Terror","Acrobatics"],"picked":"Prepared","floor":5},{"not_picked":["Sucker Punch","Leg Sweep"],"picked":"Dagger Spray","floor":6},{"not_picked":["Concentrate","Leg Sweep","Acrobatics"],"picked":"SKIP","floor":8},{"not_picked":["Well Laid Plans","Replay:Bag of Tricks"],"picked":"Bouncing Flask","floor":10},{"not_picked":["Deflect","Outmaneuver"],"picked":"Cloak And Dagger","floor":12},{"not_picked":["Poisoned Stab","Backflip"],"picked":"Deflect","floor":14},{"not_picked":["Replay:Bag of Tricks","Unload"],"picked":"Envenom","floor":16},{"not_picked":["Flying Knee","Outmaneuver"],"picked":"Crippling Poison+1","floor":18},{"not_picked":["Finisher+1","Setup"],"picked":"Calculated Gamble","floor":20},{"not_picked":["hermit:Headshot","Slice"],"picked":"Runesmith:CraftProtectio+1","floor":21},{"not_picked":["sneckomod:UnknownClassPURPLE+1","Compile Driver","Dagger Spray"],"picked":"SKIP","floor":22}],"player_experience":32155,"relics_obtained":[{"floor":6,"key":"Anchor"},{"floor":9,"key":"aspiration:HiddenCompartment"},{"floor":10,"key":"Replay:Baseball"},{"floor":12,"key":"Darkstone Periapt"},{"floor":20,"key":"PrismaticShard"}],"event_choices":[{"damage_healed":0,"gold_gain":0,"player_choice":"Leave","damage_taken":0,"max_hp_gain":0,"max_hp_loss":0,"event_name":"conspire:Investor","floor":3,"gold_loss":0}],"is_beta":false,"boss_relics":[{"not_picked":["conspire:SlowCooker","Kintsugi","ChewingGum"]}],"items_purged_floors":[13],"is_endless":false,"potions_floor_spawned":[5,8,14,16,22],"killed_by":"conspire:SneckoGhost","ascension_level":0}}