{"host":"79kl9rvhjzhuunbo","time":1613741931,"event":{"mods":["AchievementEnabler","BaseMod","Colored Powertips","Defuse TimeMaze Blight","Friendly Minions","Highlight Path","Minty Spire (QoL Compilation)","Permanent Neow","Quick Restart","Random Character Button","Relic Sorter","StSLib","SuperFastMode","Synergy Search","Unceasing Turn Reminder"],"gold_per_floor":[118,44,60,77,97,131,131,156,210,224,242,256,256,256,256,256,256],"floor_reached":16,"language":"ENG","playtime":625,"items_purged":[],"score":137,"play_id":"2df2e6f6-9fe1-4ae8-ba2c-b840d76a1072","local_time":"20210219143851","is_ascension_mode":true,"campfire_choices":[{"data":"Defragment","floor":7,"key":"SMITH"},{"floor":13,"key":"REST"},{"floor":15,"key":"RECALL"}],"circlet_count":0,"master_deck":["Strike_B","Strike_B","Strike_B","Strike_B","Defend_B","Defend_B","Defend_B","Defend_B","Dualcast","Defragment+1","Cold Snap","Cold Snap","White Noise","Cold Snap+1","Seek"],"relics":["Sozu","Bag of Marbles","Molten Egg 2"],"acts_visited":["Exordium"],"potions_floor_usage":[],"damage_taken":[{"damage":4,"enemies":"Small Slimes","floor":1,"turns":3},{"damage":2,"enemies":"2 Louse","floor":3,"turns":3},{"damage":0,"enemies":"Cultist","floor":4,"turns":3},{"damage":0,"enemies":"Blue Slaver","floor":5,"turns":5},{"damage":7,"enemies":"Lagavulin","floor":6,"turns":9},{"damage":10,"enemies":"3 Sentries","floor":8,"turns":8},{"damage":13,"enemies":"Exordium Thugs","floor":10,"turns":4},{"damage":5,"enemies":"Exordium Wildlife","floor":11,"turns":3},{"damage":2,"enemies":"2 Fungi Beasts","floor":12,"turns":3},{"damage":57,"enemies":"Hexaghost","floor":16,"turns":18}],"seed_played":"753957682870527480","potions_obtained":[],"is_trial":false,"path_per_floor":["M","$","M","M","M","E","R","E","T","M","M","M","R","?","R","B"],"character_chosen":"DEFECT","items_purchased":["Defragment"],"campfire_rested":1,"item_purchase_floors":[2],"current_hp_per_floor":[71,71,69,69,69,62,62,52,52,39,34,32,54,54,54,0,0],"gold":256,"neow_bonus":"BOSS_RELIC","is_daily":false,"chose_seed":false,"campfire_upgraded":1,"win_rate":0.0,"timestamp":1613741931,"path_taken":["M","$","M","M","M","E","R","E","T","M","M","M","R","?","R","BOSS"],"items_purchased_type":["Card"],"build_version":"2020-12-22","purchased_purges":0,"victory":false,"max_hp_per_floor":[75,75,75,75,75,75,75,75,75,75,75,75,75,75,75,75,75],"card_choices":[{"not_picked":["Barrage","Doom and Gloom","Compile Driver"],"picked":"SKIP","floor":1},{"not_picked":["Stack","Steam Power"],"picked":"Cold Snap","floor":3},{"not_picked":["Barrage","Sweeping Beam"],"picked":"Cold Snap","floor":4},{"not_picked":["Turbo","Stack","Compile Driver"],"picked":"SKIP","floor":5},{"not_picked":["Fission","Steam"],"picked":"White Noise","floor":6},{"not_picked":["Tempest","Steam"],"picked":"Cold Snap+1","floor":8},{"not_picked":["Steam","Sweeping Beam+1"],"picked":"Seek","floor":10},{"not_picked":["Redo","Streamline+1","Auto Shields"],"picked":"SKIP","floor":11},{"not_picked":["Sweeping Beam+1","Beam Cell+1","Redo"],"picked":"SKIP","floor":12}],"player_experience":300224,"relics_obtained":[{"floor":6,"key":"Bag of Marbles"},{"floor":8,"key":"Molten Egg 2"}],"event_choices":[{"cards_removed":["Zap"],"damage_healed":0,"gold_gain":0,"player_choice":"Forget","damage_taken":0,"max_hp_gain":0,"max_hp_loss":0,"event_name":"Living Wall","floor":14,"gold_loss":0}],"is_beta":false,"boss_relics":[],"items_purged_floors":[],"is_endless":false,"potions_floor_spawned":[3,10,11,12],"killed_by":"Hexaghost","ascension_level":4}}