{"host":"a1eatafr7pisesky","time":1613704101,"event":{"mods":["AchievementEnabler","BaseMod","Colored Map","Keyboard Shortcuts","Minty Spire (QoL Compilation)","Say the Spire","StSLib","SuperFastMode","everything is the same but u backflip on backflip"],"gold_per_floor":[117,117,128,53,53,83,83,115,185,210,240,256,256,282,296,296,296,296],"floor_reached":17,"language":"KOR","playtime":242,"items_purged":[],"score":316,"play_id":"53859e22-af83-4be4-b80b-e2f64e61cd68","local_time":"20210219120821","is_ascension_mode":true,"campfire_choices":[{"data":"Sword Boomerang","floor":7.0,"key":"SMITH"},{"floor":13,"key":"REST"},{"data":"Fiend Fire","floor":16,"key":"SMITH"}],"circlet_count":0,"master_deck":["AscendersBane","Strike_R","Strike_R","Strike_R","Strike_R","Defend_R+1","Defend_R","Defend_R+1","Defend_R","Bash","Iron Wave","Sword Boomerang+1","Twin Strike","Intimidate","Disarm","Fiend Fire+1"],"relics":["Burning Blood","NeowsBlessing","Tiny Chest","Art of War","Pantograph","Omamori","War Paint","PreservedInsect"],"acts_visited":["Exordium"],"potions_floor_usage":[11,11,11,14,17,17],"damage_taken":[{"damage":0.0,"enemies":"Small Slimes","floor":1.0,"turns":1.0},{"damage":0.0,"enemies":"Cultist","floor":3.0,"turns":1.0},{"damage":0.0,"enemies":"Lagavulin","floor":6.0,"turns":2.0},{"damage":56,"enemies":"Gremlin Nob","floor":8,"turns":5},{"damage":20,"enemies":"3 Sentries","floor":11,"turns":8},{"damage":1,"enemies":"2 Louse","floor":12,"turns":4},{"damage":26,"enemies":"Gremlin Nob","floor":14,"turns":4},{"damage":2,"enemies":"Exordium Wildlife","floor":15,"turns":4},{"damage":48,"enemies":"Hexaghost","floor":17,"turns":9}],"seed_played":"1757206610988906314","potions_obtained":[{"floor":1.0,"key":"ColorlessPotion"},{"floor":2.0,"key":"EntropicBrew"},{"floor":2.0,"key":"LiquidBronze"},{"floor":11,"key":"SteroidPotion"},{"floor":14,"key":"Block Potion"},{"floor":15,"key":"Fire Potion"}],"is_trial":false,"path_per_floor":["M","?","M","?","$","E","R","E","T","T","E","M","R","E","M","R","B"],"character_chosen":"IRONCLAD","items_purchased":[],"campfire_rested":1,"item_purchase_floors":[],"current_hp_per_floor":[74,74,75,75,75,75,75,25,25,25,11,16,38,18,22,22,0,0],"gold":296,"neow_bonus":"THREE_ENEMY_KILL","is_daily":false,"chose_seed":false,"campfire_upgraded":2,"win_rate":0.0,"timestamp":1613704101,"path_taken":["M","?","?","?","$","E","R","E","T","T","E","M","R","E","M","R","BOSS"],"items_purchased_type":[],"build_version":"2020-12-22","purchased_purges":0,"victory":false,"max_hp_per_floor":[75,75,75,75,75,75,75,75,75,75,75,75,75,75,75,75,75,75],"card_choices":[{"not_picked":["Ghostly Armor","Havoc"],"picked":"Iron Wave","floor":1.0},{"not_picked":["Clash","Anger"],"picked":"Sword Boomerang","floor":3.0},{"not_picked":["Heavy Blade","Infernal Blade"],"picked":"Twin Strike","floor":6.0},{"not_picked":["Heavy Blade","Body Slam"],"picked":"Intimidate","floor":8},{"not_picked":["Clash","Shrug It Off"],"picked":"Disarm","floor":11},{"not_picked":["Cleave","Headbutt","Clash"],"picked":"SKIP","floor":12},{"not_picked":["Clothesline","Havoc"],"picked":"Fiend Fire","floor":14},{"not_picked":["Headbutt","True Grit","Havoc"],"picked":"SKIP","floor":15}],"player_experience":471176,"relics_obtained":[{"floor":6.0,"key":"Tiny Chest"},{"floor":8,"key":"Art of War"},{"floor":9,"key":"Pantograph"},{"floor":10,"key":"Omamori"},{"floor":11,"key":"War Paint"},{"floor":14,"key":"PreservedInsect"}],"event_choices":[{"damage_healed":0.0,"max_hp_gain":0.0,"max_hp_loss":0.0,"gold_gain":0.0,"event_name":"Lab","player_choice":"Got Potions","floor":2.0,"gold_loss":0.0,"damage_taken":0.0},{"cards_removed":["Strike_R"],"damage_healed":0.0,"max_hp_gain":0.0,"max_hp_loss":0.0,"gold_gain":0.0,"event_name":"The Cleric","player_choice":"Card Removal","floor":4.0,"gold_loss":75.0,"damage_taken":0.0}],"is_beta":false,"boss_relics":[],"items_purged_floors":[],"is_endless":false,"potions_floor_spawned":[1,11,14,15],"killed_by":"Hexaghost","ascension_level":20}}