{"host":"28p8ce41sjwa6lzf","time":1613756298,"event":{"mods":["BaseMod","Bestiary","Colored Map","Colored Powertips","Dark Map","Highlight Path","Minty Spire (QoL Compilation)","Permanent Neow","Quick Restart","Random Character Button","Rare Cards Sparkle","Relic Stats","StSLib","Unceasing Turn Reminder"],"gold_per_floor":[116,133,147,157,168,168,178,178,178,208,208,234,246,256,256,330,330,340,374,374,289,300,300,24,57,57,69,69,95,95,95,95,172,172,185,234,247,247,261,261,294,264,341,369,382,382,708,930,930,930,930,930,930,25,58,58],"floor_reached":57,"language":"ENG","playtime":6356,"items_purged":["Strike_R+1"],"score":3055,"play_id":"ef99991c-4dc6-46e6-8245-eb37b18bf9c1","local_time":"20210219113818","is_ascension_mode":true,"campfire_choices":[{"data":"Immolate","floor":6.0,"key":"SMITH"},{"data":"True Grit","floor":8.0,"key":"SMITH"},{"data":"Uppercut","floor":15.0,"key":"SMITH"},{"data":"Fiend Fire","floor":23.0,"key":"SMITH"},{"data":"Spot Weakness","floor":28.0,"key":"SMITH"},{"data":"Double Tap","floor":32.0,"key":"SMITH"},{"data":"Feel No Pain","floor":40.0,"key":"SMITH"},{"data":"Burning Pact","floor":46.0,"key":"SMITH"},{"floor":49.0,"key":"RECALL"},{"data":"Shrug It Off","floor":53.0,"key":"SMITH"}],"circlet_count":0,"master_deck":["AscendersBane","Strike_R+1","Strike_R+1","Strike_R+1","Defend_R+1","Defend_R+1","Defend_R+1","Defend_R+1","Bash","Immolate+1","Metallicize","Battle Trance","Clothesline","Burning Pact","True Grit+1","Thunderclap","Spot Weakness+1","Uppercut+1","Double Tap+1","Shrug It Off+1","Fiend Fire+1","Shrug It Off+1","Feel No Pain+1","Barricade","Burning Pact+1","Uppercut+1","Sever Soul+1","Feel No Pain+1","Demon Form","Shockwave"],"relics":["Burning Blood","StrikeDummy","Blood Vial","Darkstone Periapt","Snecko Eye","Red Mask","Juzu Bracelet","Eternal Feather","Tiny Chest","FossilizedHelix","Omamori","SlaversCollar","Dead Branch","Kunai","Dream Catcher","Old Coin","Bag of Preparation","DollysMirror","Mercury Hourglass","Champion Belt"],"acts_visited":["Exordium","TheCity","TheBeyond","TheEnding"],"potions_floor_usage":[56],"damage_taken":[{"damage":7.0,"enemies":"2 Louse","floor":1.0,"turns":2.0},{"damage":7.0,"enemies":"Jaw Worm","floor":2.0,"turns":3.0},{"damage":1.0,"enemies":"Cultist","floor":3.0,"turns":3.0},{"damage":2.0,"enemies":"Large Slime","floor":4.0,"turns":5.0},{"damage":0.0,"enemies":"Gremlin Gang","floor":5.0,"turns":1.0},{"damage":9.0,"enemies":"2 Fungi Beasts","floor":7.0,"turns":3.0},{"damage":16.0,"enemies":"Gremlin Nob","floor":10.0,"turns":4.0},{"damage":19.0,"enemies":"Lagavulin","floor":12.0,"turns":4.0},{"damage":3.0,"enemies":"Looter","floor":13.0,"turns":3.0},{"damage":6.0,"enemies":"Lots of Slimes","floor":14.0,"turns":3.0},{"damage":41.0,"enemies":"The Guardian","floor":16.0,"turns":10.0},{"damage":13.0,"enemies":"2 Thieves","floor":18.0,"turns":3.0},{"damage":9.0,"enemies":"Masked Bandits","floor":19.0,"turns":3.0},{"damage":6.0,"enemies":"Shell Parasite","floor":22.0,"turns":4.0},{"damage":0.0,"enemies":"Gremlin Leader","floor":25.0,"turns":2.0},{"damage":0.0,"enemies":"Chosen and Byrds","floor":27.0,"turns":3.0},{"damage":0.0,"enemies":"Slavers","floor":29.0,"turns":2.0},{"damage":4.0,"enemies":"Collector","floor":33.0,"turns":10.0},{"damage":0.0,"enemies":"3 Darklings","floor":35.0,"turns":4.0},{"damage":36.0,"enemies":"2 Orb Walkers","floor":36.0,"turns":4.0},{"damage":0.0,"enemies":"Orb Walker","floor":37.0,"turns":2.0},{"damage":19.0,"enemies":"Spire Growth","floor":39.0,"turns":5.0},{"damage":6.0,"enemies":"Reptomancer","floor":41.0,"turns":4.0},{"damage":0.0,"enemies":"Nemesis","floor":44.0,"turns":3.0},{"damage":36.0,"enemies":"Transient","floor":45.0,"turns":6.0},{"damage":3.0,"enemies":"Giant Head","floor":47.0,"turns":2.0},{"damage":13.0,"enemies":"Time Eater","floor":50.0,"turns":7.0},{"damage":66.0,"enemies":"Awakened One","floor":51.0,"turns":9.0},{"damage":0.0,"enemies":"Shield and Spear","floor":55.0,"turns":10.0},{"damage":56,"enemies":"The Heart","floor":56,"turns":11}],"seed_played":"6614098871950878068","potions_obtained":[{"floor":1.0,"key":"HeartOfIron"},{"floor":5.0,"key":"EssenceOfSteel"},{"floor":14.0,"key":"PowerPotion"},{"floor":16.0,"key":"AttackPotion"},{"floor":25.0,"key":"FearPotion"},{"floor":31.0,"key":"EntropicBrew"},{"floor":33.0,"key":"EssenceOfSteel"},{"floor":36.0,"key":"Fruit Juice"},{"floor":41.0,"key":"AttackPotion"},{"floor":42.0,"key":"ElixirPotion"},{"floor":45.0,"key":"Dexterity Potion"}],"is_trial":false,"path_per_floor":["M","M","M","M","M","R","M","R","T","E","?","E","M","M","R","B",null,"M","?","?","?","M","R","$","E","T","M","R","E","?","?","R","B",null,"M","?","M","T","M","R","E","?","T","E","M","R","E","?","R","B","B",null,"R","$","E","B",null],"character_chosen":"IRONCLAD","items_purchased":["Eternal Feather","Bag of Preparation","DollysMirror","Demon Form","BlessingOfTheForge","Shockwave","Mercury Hourglass"],"campfire_rested":0,"item_purchase_floors":[24,54,54,54,54,54,54],"current_hp_per_floor":[67,66,71,75,75,75,72,72,72,62,55,44,49,51,51,18,61,56,55,55,55,57,57,57,65,65,73,75,75,75,75,75,75,75,75,45,53,53,42,57,59,64,64,72,44,59,64,64,79,73,15,64,79,79,80,30],"gold":58,"neow_bonus":"ONE_RANDOM_RARE_CARD","is_daily":false,"chose_seed":false,"campfire_upgraded":9,"win_rate":0.0,"timestamp":1613756298,"path_taken":["M","M","M","M","M","R","M","R","T","E","?","E","M","M","R","BOSS","M","?","?","?","M","R","?","E","T","M","R","E","?","?","R","BOSS","M","?","M","?","M","R","E","?","T","E","M","R","E","?","R","BOSS","BOSS","R","$","E","BOSS"],"items_purchased_type":["Relic","Relic","Relic","Card","Potion","Card","Relic"],"build_version":"2020-12-22","purchased_purges":1,"victory":true,"max_hp_per_floor":[75,75,75,75,75,75,75,75,75,75,75,75,75,75,75,75,75,75,75,75,75,75,75,75,75,75,75,75,75,75,75,75,75,75,75,75,75,75,75,75,75,80,80,80,80,80,80,80,80,80,80,80,80,80,80,80],"relic_stats":{"Darkstone Periapt":0,"counters":[30,135],"Dead Branch":[216],"Eternal Feather":62,"Juzu Bracelet":3,"Bag of Preparation":[4],"Burning Blood":154,"Mercury Hourglass":[48],"Blood Vial":34,"Dream Catcher":0,"Snecko Eye":[195,194,188,178],"Tiny Chest":1,"Kunai":[21],"Champion Belt":[6],"obtain_stats":[{"Darkstone Periapt":12,"Dead Branch":36,"Eternal Feather":24,"Juzu Bracelet":21,"Omamori":29,"Bag of Preparation":54,"Burning Blood":0,"Old Coin":47,"Mercury Hourglass":54,"Blood Vial":10,"SlaversCollar":34,"Dream Catcher":44,"DollysMirror":54,"Snecko Eye":17,"Tiny Chest":25,"Red Mask":19,"Kunai":43,"Champion Belt":55,"StrikeDummy":9,"FossilizedHelix":26},{"Darkstone Periapt":8,"Dead Branch":20,"Eternal Feather":14,"Juzu Bracelet":13,"Omamori":17,"Bag of Preparation":28,"Burning Blood":0,"Old Coin":26,"Mercury Hourglass":28,"Blood Vial":7,"SlaversCollar":18,"Dream Catcher":24,"DollysMirror":28,"Snecko Eye":11,"Tiny Chest":15,"Red Mask":13,"Kunai":23,"Champion Belt":29,"StrikeDummy":6,"FossilizedHelix":15},{"Darkstone Periapt":25,"Dead Branch":76,"Eternal Feather":51,"Juzu Bracelet":47,"Omamori":58,"Bag of Preparation":114,"Burning Blood":0,"Old Coin":98,"Mercury Hourglass":114,"Blood Vial":21,"SlaversCollar":68,"Dream Catcher":90,"DollysMirror":114,"Snecko Eye":41,"Tiny Chest":53,"Red Mask":47,"Kunai":87,"Champion Belt":124,"StrikeDummy":17,"FossilizedHelix":53}]},"card_choices":[{"not_picked":["Dark Embrace","Sword Boomerang"],"picked":"Metallicize","floor":1.0},{"not_picked":["Fire Breathing","Clash"],"picked":"Battle Trance","floor":2.0},{"not_picked":["Searing Blow","Rupture"],"picked":"Clothesline","floor":3.0},{"not_picked":["Feel No Pain","Sword Boomerang"],"picked":"Burning Pact","floor":4.0},{"not_picked":["Clothesline","Rupture","Juggernaut"],"picked":"SKIP","floor":5.0},{"not_picked":["Dropkick","Bloodletting"],"picked":"True Grit","floor":7.0},{"not_picked":["Headbutt","Warcry"],"picked":"Thunderclap","floor":10.0},{"not_picked":["Twin Strike","Pommel Strike"],"picked":"Spot Weakness","floor":12.0},{"not_picked":["Clash","Dropkick"],"picked":"Uppercut","floor":13.0},{"not_picked":["Rupture","Body Slam","Fire Breathing"],"picked":"SKIP","floor":14.0},{"not_picked":["Brutality","Berserk"],"picked":"Double Tap","floor":16.0},{"not_picked":["Clash","Heavy Blade"],"picked":"Shrug It Off+1","floor":18.0},{"not_picked":["Feel No Pain","Thunderclap"],"picked":"Fiend Fire","floor":22.0},{"not_picked":["Cleave+1","Power Through+1","Sword Boomerang"],"picked":"SKIP","floor":25.0},{"not_picked":["Combust+1","Clothesline","Clash"],"picked":"SKIP","floor":27.0},{"not_picked":["Immolate","Anger"],"picked":"Shrug It Off","floor":29.0},{"not_picked":["Fiend Fire","Berserk"],"picked":"Barricade","floor":33.0},{"not_picked":["Warcry+1","Rupture","Ghostly Armor"],"picked":"SKIP","floor":35.0},{"not_picked":["Wild Strike+1","Body Slam","Armaments+1"],"picked":"SKIP","floor":37.0},{"not_picked":["Heavy Blade+1","Rampage","Hemokinesis"],"picked":"SKIP","floor":39.0},{"not_picked":["Clash","Blood for Blood","Twin Strike"],"picked":"SKIP","floor":41.0},{"not_picked":["Body Slam+1","Pommel Strike"],"picked":"Burning Pact","floor":44.0},{"not_picked":["Anger","Twin Strike"],"picked":"Uppercut+1","floor":45.0},{"not_picked":["Searing Blow","Battle Trance+1"],"picked":"Sever Soul+1","floor":47.0},{"not_picked":["Rampage","Wild Strike","Metallicize"],"picked":"SKIP","floor":55.0}],"player_experience":1355457,"relics_obtained":[{"floor":9.0,"key":"StrikeDummy"},{"floor":10.0,"key":"Blood Vial"},{"floor":12.0,"key":"Darkstone Periapt"},{"floor":19.0,"key":"Red Mask"},{"floor":25.0,"key":"Tiny Chest"},{"floor":26.0,"key":"FossilizedHelix"},{"floor":29.0,"key":"Omamori"},{"floor":36.0,"key":"Dead Branch"},{"floor":43.0,"key":"Kunai"},{"floor":44.0,"key":"Dream Catcher"},{"floor":47.0,"key":"Old Coin"},{"floor":55.0,"key":"Champion Belt"}],"event_choices":[{"cards_removed":["Strike_R"],"damage_healed":0.0,"max_hp_gain":0.0,"max_hp_loss":0.0,"gold_gain":0.0,"event_name":"Golden Wing","player_choice":"Card Removal","floor":11.0,"gold_loss":0.0,"damage_taken":7.0},{"damage_healed":0.0,"max_hp_gain":0.0,"max_hp_loss":0.0,"gold_gain":0.0,"event_name":"Masked Bandits","player_choice":"Fought Bandits","floor":19.0,"gold_loss":0.0,"damage_taken":0.0},{"damage_healed":0.0,"max_hp_gain":0.0,"max_hp_loss":0.0,"gold_gain":0.0,"event_name":"Back to Basics","player_choice":"Simplicity","floor":20.0,"gold_loss":0.0,"damage_taken":0.0,"cards_upgraded":["Strike_R","Strike_R","Strike_R","Strike_R","Defend_R","Defend_R","Defend_R","Defend_R"]},{"damage_healed":0.0,"max_hp_gain":0.0,"max_hp_loss":0.0,"gold_gain":0.0,"event_name":"Addict","player_choice":"Obtained Relic","floor":21.0,"gold_loss":85.0,"damage_taken":0.0,"relics_obtained":["Juzu Bracelet"]},{"damage_healed":0.0,"max_hp_gain":0.0,"max_hp_loss":0.0,"gold_gain":0.0,"event_name":"The Library","player_choice":"Read","floor":30.0,"gold_loss":0.0,"damage_taken":0.0,"cards_obtained":["Feel No Pain"]},{"damage_healed":0.0,"max_hp_gain":0.0,"max_hp_loss":0.0,"gold_gain":0.0,"event_name":"Lab","player_choice":"Got Potions","floor":31.0,"gold_loss":0.0,"damage_taken":0.0},{"damage_healed":0.0,"max_hp_gain":0.0,"max_hp_loss":0.0,"gold_gain":0.0,"event_name":"Mysterious Sphere","player_choice":"Fight","floor":36.0,"gold_loss":0.0,"damage_taken":0.0},{"damage_healed":0.0,"max_hp_gain":0.0,"max_hp_loss":0.0,"gold_gain":0.0,"event_name":"The Woman in Blue","player_choice":"Bought 2 Potions","floor":42.0,"gold_loss":0.0,"damage_taken":0.0},{"damage_healed":0.0,"max_hp_gain":0.0,"max_hp_loss":0.0,"gold_gain":222.0,"event_name":"Tomb of Lord Red Mask","player_choice":"Wore Mask","floor":48.0,"gold_loss":0.0,"damage_taken":0.0}],"is_beta":false,"boss_relics":[{"not_picked":["Runic Dome","Cursed Key"],"picked":"Snecko Eye"},{"not_picked":["Empty Cage","Pandora\u0027s Box"],"picked":"SlaversCollar"}],"items_purged_floors":[54],"is_endless":false,"potions_floor_spawned":[1,5,10,14,16,25,29,33,36,41,45],"ascension_level":20}}