{"host":"19r1ww88x2tc73i0","time":1613719701,"event":{"mods":["BaseMod","BetterRewards","Colored Map","Minty Spire (QoL Compilation)","Relic Stats","StSLib","SuperFastMode","slay the spire mod where everything is the same but ironclad has a cowboy hat"],"gold_per_floor":[111,121,121,46,65,65,93,93,140,168,131,146,146,156,156,228,228,248,248,86,106,106,132,132,159,210,245,259,259,278,289,289,363,363,380,39,339,349,366,393,393,133,159,159,194,194,226,245,245,245,245],"floor_reached":50,"language":"ENG","playtime":1585,"items_purged":["Strike_R","Writhe"],"score":1346,"play_id":"f9dcd09a-2c6d-4388-9b42-f1fb543da715","local_time":"25640219142821","is_ascension_mode":true,"campfire_choices":[{"data":"Whirlwind","floor":6.0,"key":"SMITH"},{"data":"Seeing Red","floor":8.0,"key":"SMITH"},{"data":"Inflame","floor":13.0,"key":"SMITH"},{"data":"Disarm","floor":15.0,"key":"SMITH"},{"data":"RitualDagger","floor":24.0,"key":"SMITH"},{"data":"Double Tap","floor":29.0,"key":"SMITH"},{"floor":32.0,"key":"REST"},{"floor":46,"key":"REST"},{"floor":49,"key":"RECALL"}],"circlet_count":0,"master_deck":["AscendersBane","Strike_R","Strike_R","Strike_R","Defend_R+1","Defend_R","Defend_R+1","Bash","Whirlwind+1","Inflame+1","True Grit","Seeing Red+1","Rupture","Double Tap+1","Seeing Red","Disarm+1","CurseOfTheBell","Flex","Bludgeon","Whirlwind+1","RitualDagger+1","Battle Trance","Berserk","Sword Boomerang+1","Bloodletting","Double Tap","Purity","Feel No Pain","Dark Embrace+1"],"relics":["Burning Blood","Chemical X","Pen Nib","Blood Vial","MealTicket","Potion Belt","Calling Bell","Bag of Marbles","Mummified Hand","Thread and Needle","DollysMirror","Akabeko","Dream Catcher","Lantern","Strawberry","Snecko Eye","Red Skull","HandDrill","Darkstone Periapt","ClockworkSouvenir","Juzu Bracelet","War Paint","CeramicFish"],"acts_visited":["Exordium","TheCity","TheBeyond"],"potions_floor_usage":[40,40,50,50,50],"damage_taken":[{"damage":8.0,"enemies":"Small Slimes","floor":1.0,"turns":3.0},{"damage":0.0,"enemies":"2 Louse","floor":2.0,"turns":3.0},{"damage":6.0,"enemies":"Cultist","floor":5.0,"turns":3.0},{"damage":28.0,"enemies":"Lagavulin","floor":7.0,"turns":5.0},{"damage":8.0,"enemies":"Gremlin Nob","floor":10.0,"turns":3.0},{"damage":22.0,"enemies":"Looter","floor":12.0,"turns":3.0},{"damage":16.0,"enemies":"Red Slaver","floor":14.0,"turns":3.0},{"damage":4.0,"enemies":"Hexaghost","floor":16.0,"turns":7.0},{"damage":0.0,"enemies":"3 Byrds","floor":18.0,"turns":4.0},{"damage":5.0,"enemies":"Shell Parasite","floor":21.0,"turns":2.0},{"damage":0.0,"enemies":"Gremlin Leader","floor":23.0,"turns":2.0},{"damage":6.0,"enemies":"Book of Stabbing","floor":25.0,"turns":2.0},{"damage":21.0,"enemies":"Gremlin Leader","floor":27.0,"turns":3.0},{"damage":28.0,"enemies":"Shelled Parasite and Fungi","floor":28.0,"turns":3.0},{"damage":12.0,"enemies":"Centurion and Healer","floor":30.0,"turns":3.0},{"damage":18.0,"enemies":"Snecko","floor":31.0,"turns":3.0},{"damage":28.0,"enemies":"Automaton","floor":33.0,"turns":4.0},{"damage":23.0,"enemies":"3 Shapes","floor":35.0,"turns":4.0},{"damage":0.0,"enemies":"Orb Walker","floor":38.0,"turns":1.0},{"damage":0.0,"enemies":"4 Shapes","floor":39.0,"turns":1.0},{"damage":66,"enemies":"Giant Head","floor":40,"turns":5},{"damage":52,"enemies":"Nemesis","floor":45,"turns":5},{"damage":14,"enemies":"Reptomancer","floor":47,"turns":3},{"damage":0,"enemies":"Sphere and 2 Shapes","floor":48,"turns":2},{"damage":75,"enemies":"Donu and Deca","floor":50,"turns":4}],"seed_played":"366437818139876239","potions_obtained":[{"floor":7.0,"key":"SkillPotion"},{"floor":10.0,"key":"Weak Potion"},{"floor":14.0,"key":"PowerPotion"},{"floor":21.0,"key":"PowerPotion"},{"floor":25.0,"key":"Strength Potion"},{"floor":30.0,"key":"Ancient Potion"},{"floor":31.0,"key":"SteroidPotion"},{"floor":33.0,"key":"BlessingOfTheForge"},{"floor":35.0,"key":"Fruit Juice"},{"floor":38.0,"key":"Explosive Potion"},{"floor":40,"key":"Regen Potion"},{"floor":48,"key":"Dexterity Potion"}],"is_trial":false,"path_per_floor":["M","M","?","?","M","R","E","R","T","E","$","M","R","M","R","B",null,"M","?","$","M","?","E","R","E","T","E","M","R","M","M","R","B",null,"M","$","?","M","M","E","?","$","T","?","E","R","E","M","R","B"],"character_chosen":"IRONCLAD","items_purchased":["Chemical X","Pen Nib","Whirlwind","Inflame","Blood Vial","Seeing Red","DollysMirror","Red Skull","HandDrill","ClockworkSouvenir"],"campfire_rested":2,"item_purchase_floors":[0,0,0,0,0,11,20,36,36,42],"current_hp_per_floor":[68,75,80,80,80,80,58,58,58,58,73,59,59,51,51,55,74,80,80,80,80,74,80,80,80,80,72,52,52,48,38,64,44,76,61,76,76,84,87,32,56,71,71,71,27,56,50,58,58,0,0],"gold":245,"neow_bonus":"","is_daily":false,"chose_seed":false,"campfire_upgraded":6,"win_rate":0.0,"timestamp":1613719701,"path_taken":["M","M","?","?","M","R","E","R","T","E","$","M","R","M","R","BOSS","M","?","$","?","?","E","R","E","T","E","M","R","M","M","R","BOSS","M","$","?","M","?","E","?","$","T","?","E","R","E","M","R","BOSS"],"items_purchased_type":["Relic","Relic","Card","Card","Relic","Card","Relic","Relic","Relic","Relic"],"build_version":"2020-12-22","purchased_purges":2,"victory":false,"max_hp_per_floor":[75,75,80,80,80,80,80,80,80,80,80,80,80,80,80,80,80,80,80,80,80,80,80,80,80,80,87,87,87,87,87,87,87,87,87,87,87,87,87,92,98,98,98,98,98,98,98,98,98,98,98],"relic_stats":{"Darkstone Periapt":6,"counters":[25,81],"CeramicFish":9,"Pen Nib":[11],"Juzu Bracelet":0,"War Paint":["Defend_R","Defend_R"],"Burning Blood":133,"Blood Vial":38,"Dream Catcher":2,"Mummified Hand":[48],"Snecko Eye":[44,33,37,37],"MealTicket":45,"HandDrill":[10],"Chemical X":[39],"obtain_stats":[{"Potion Belt":10,"Darkstone Periapt":40,"Lantern":26,"CeramicFish":47,"Thread and Needle":17,"Pen Nib":0,"Juzu Bracelet":43,"War Paint":45,"Burning Blood":0,"Akabeko":23,"ClockworkSouvenir":42,"Blood Vial":0,"Calling Bell":17,"Dream Catcher":25,"Mummified Hand":17,"DollysMirror":20,"Strawberry":27,"Snecko Eye":34,"MealTicket":7,"Bag of Marbles":17,"HandDrill":36,"Chemical X":0,"Red Skull":36},{"Potion Belt":5,"Darkstone Periapt":21,"Lantern":12,"CeramicFish":23,"Thread and Needle":8,"Pen Nib":0,"Juzu Bracelet":21,"War Paint":22,"Burning Blood":0,"Akabeko":11,"ClockworkSouvenir":21,"Blood Vial":0,"Calling Bell":8,"Dream Catcher":12,"Mummified Hand":8,"DollysMirror":9,"Strawberry":13,"Snecko Eye":17,"MealTicket":4,"Bag of Marbles":8,"HandDrill":18,"Chemical X":0,"Red Skull":18},{"Potion Belt":17,"Darkstone Periapt":67,"Lantern":40,"CeramicFish":75,"Thread and Needle":30,"Pen Nib":0,"Juzu Bracelet":67,"War Paint":72,"Burning Blood":0,"Akabeko":38,"ClockworkSouvenir":67,"Blood Vial":0,"Calling Bell":30,"Dream Catcher":40,"Mummified Hand":30,"DollysMirror":34,"Strawberry":43,"Snecko Eye":56,"MealTicket":14,"Bag of Marbles":30,"HandDrill":60,"Chemical X":0,"Red Skull":60}]},"card_choices":[{"not_picked":["Metallicize","Havoc"],"picked":"True Grit","floor":1.0},{"not_picked":["Blood for Blood","Perfected Strike"],"picked":"Seeing Red","floor":2.0},{"not_picked":["Dual Wield","Headbutt"],"picked":"Rupture","floor":5.0},{"not_picked":["Rampage","Power Through"],"picked":"Double Tap","floor":7.0},{"not_picked":["Headbutt","Clash","Body Slam"],"picked":"SKIP","floor":10.0},{"not_picked":["Burning Pact","Twin Strike","Clash"],"picked":"SKIP","floor":12.0},{"not_picked":["Sword Boomerang","Searing Blow"],"picked":"Disarm","floor":14.0},{"not_picked":["Shrug It Off","Dark Embrace"],"picked":"Flex","floor":18.0},{"not_picked":["Iron Wave","Whirlwind","Dropkick"],"picked":"SKIP","floor":21.0},{"not_picked":["Shockwave","Uppercut"],"picked":"Battle Trance","floor":23.0},{"not_picked":["Clothesline","Clash+1"],"picked":"Berserk","floor":25.0},{"not_picked":["Double Tap","Sword Boomerang+1","Iron Wave"],"picked":"SKIP","floor":27.0},{"not_picked":["Double Tap","Iron Wave"],"picked":"Sword Boomerang+1","floor":27.0},{"not_picked":["Uppercut","Heavy Blade+1","Anger+1"],"picked":"SKIP","floor":28.0},{"not_picked":["Thunderclap","Clothesline"],"picked":"Bloodletting","floor":30.0},{"not_picked":["Iron Wave","Headbutt","Clash+1"],"picked":"SKIP","floor":31.0},{"not_picked":["Immolate","Corruption"],"picked":"Double Tap","floor":33.0},{"not_picked":["Heavy Blade","Twin Strike","Wild Strike"],"picked":"SKIP","floor":35.0},{"not_picked":["Infernal Blade+1","True Grit","Clothesline"],"picked":"SKIP","floor":38.0},{"not_picked":["True Grit","Flame Barrier","Burning Pact"],"picked":"SKIP","floor":39.0},{"not_picked":["Reckless Charge","Whirlwind","Spot Weakness"],"picked":"SKIP","floor":40},{"not_picked":["Violence","Chrysalis"],"picked":"Purity","floor":44},{"not_picked":["Cleave+1","True Grit+1","Body Slam+1"],"picked":"SKIP","floor":45},{"not_picked":["Battle Trance","Iron Wave"],"picked":"Feel No Pain","floor":46},{"not_picked":["Intimidate","Havoc+1","Seeing Red"],"picked":"SKIP","floor":47},{"not_picked":["Cleave+1","Pommel Strike"],"picked":"Dark Embrace+1","floor":48}],"player_experience":1130570,"relics_obtained":[{"floor":7.0,"key":"MealTicket"},{"floor":10.0,"key":"Potion Belt"},{"floor":17.0,"key":"Bag of Marbles"},{"floor":17.0,"key":"Mummified Hand"},{"floor":17.0,"key":"Thread and Needle"},{"floor":23.0,"key":"Akabeko"},{"floor":25.0,"key":"Dream Catcher"},{"floor":26.0,"key":"Lantern"},{"floor":27.0,"key":"Strawberry"},{"floor":40,"key":"Darkstone Periapt"},{"floor":43,"key":"Juzu Bracelet"},{"floor":45,"key":"War Paint"},{"floor":47,"key":"CeramicFish"}],"event_choices":[{"damage_healed":0.0,"max_hp_gain":5.0,"max_hp_loss":0.0,"gold_gain":0.0,"event_name":"Big Fish","player_choice":"Donut","floor":3.0,"gold_loss":0.0,"damage_taken":0.0},{"cards_removed":["Defend_R"],"damage_healed":0.0,"max_hp_gain":0.0,"max_hp_loss":0.0,"gold_gain":0.0,"event_name":"The Cleric","player_choice":"Card Removal","floor":4.0,"gold_loss":75.0,"damage_taken":0.0},{"damage_healed":0.0,"max_hp_gain":0.0,"max_hp_loss":0.0,"gold_gain":0.0,"cards_transformed":["Strike_R"],"event_name":"Transmorgrifier","player_choice":"Transformed","floor":19.0,"gold_loss":0.0,"damage_taken":0.0,"cards_obtained":["Bludgeon"]},{"damage_healed":0.0,"max_hp_gain":0.0,"max_hp_loss":0.0,"gold_gain":0.0,"event_name":"Nest","player_choice":"Joined the Cult","floor":22.0,"gold_loss":0.0,"damage_taken":6.0,"cards_obtained":["RitualDagger"]},{"damage_healed":0.0,"max_hp_gain":0.0,"max_hp_loss":0.0,"gold_gain":300.0,"event_name":"Wheel of Change","player_choice":"Gold","floor":37.0,"gold_loss":0.0,"damage_taken":0.0},{"damage_healed":18,"gold_gain":0,"player_choice":"Writhe","damage_taken":0,"max_hp_gain":0,"max_hp_loss":0,"event_name":"Winding Halls","floor":41,"gold_loss":0,"cards_obtained":["Writhe"]},{"damage_healed":0,"gold_gain":0,"player_choice":"Memory 1","damage_taken":0,"max_hp_gain":0,"max_hp_loss":0,"event_name":"SensoryStone","floor":44,"gold_loss":0}],"is_beta":false,"boss_relics":[{"not_picked":["Black Blood","SacredBark"],"picked":"Calling Bell"},{"not_picked":["Runic Dome","Runic Pyramid"],"picked":"Snecko Eye"}],"items_purged_floors":[0,42],"is_endless":false,"potions_floor_spawned":[7,10,14,21,25,30,31,33,35,38,40,48],"killed_by":"Donu and Deca","ascension_level":20}}