{"host":"v4nyfngrgywi7zc6","time":1613725643,"event":{"mods":["2.2 Compatiblity","Act Like it!","BaseMod","Custom Start","Friendly Minions","Minty Spire (QoL Compilation)","Reliquary","Shade Mod","Shop Mod","StSLib","The Cursed","The Judge","The Jungle","The Marked","The Mystic","The Necromancer","The Saiyan"],"gold_per_floor":[97,97,97,97,122,122,155,168,194,219,219,169,193,211,211,331,331,347,360,373,391,541,580,460,460,487,523,523,423,437,457,457,582,582,598,473,489,489,489,489,530,530,530],"floor_reached":42,"language":"ENG","playtime":3678,"items_purged":["Saiyan:SAIYA_Strike","Saiyan:SAIYA_Strike","Saiyan:SAIYA_Strike"],"score":543,"play_id":"30c96ada-25b8-4a94-b701-ba95fed72e4e","local_time":"20210219030723","is_ascension_mode":false,"campfire_choices":[{"data":"Saiyan:KaioKen","floor":6.0,"key":"SMITH"},{"floor":11.0,"key":"REST"},{"data":"Madness","floor":15.0,"key":"SMITH"},{"floor":25.0,"key":"REST"},{"floor":28.0,"key":"REST"},{"data":"Saiyan:SuperSaiyanForm","floor":32.0,"key":"SMITH"},{"floor":40.0,"key":"REST"}],"circlet_count":0,"master_deck":["Saiyan:SAIYA_Defend","Saiyan:SAIYA_Defend","Saiyan:SAIYA_Defend+1","Saiyan:EnergyBlast","Saiyan:KaioKen+1","Saiyan:RuthlessBlow+1","Madness+1","Saiyan:Flurry","Saiyan:Flurry","Saiyan:DragonFist+1","Saiyan:Quickening","Saiyan:GenkiDama","Saiyan:SuperSaiyanForm+1","Saiyan:SuperSaiyanForm+1","Saiyan:DragonRadar","Saiyan:Planning","Saiyan:ConcussiveBlow","Saiyan:SenzuBean","CurseOfTheBell","Saiyan:LastResort","Madness+1","Madness","WordoMod:SacRite+1"],"relics":["SaiyanSoul","SaiyanHeart","Golden Idol","reliquary:RedPaperclip","Pantograph","reliquary:HotPoker","Calling Bell","Happy Flower","reliquary:GummyVitamins","TungstenRod","reliquary:PorcupineQuills","Bag of Preparation","War Paint"],"acts_visited":["Exordium","Exordium","TheBeyond"],"potions_floor_usage":[42],"damage_taken":[{"damage":0.0,"enemies":"Small Slimes","floor":1.0,"turns":3.0},{"damage":0.0,"enemies":"2 Louse","floor":5.0,"turns":2.0},{"damage":40.0,"enemies":"Gremlin Nob","floor":7.0,"turns":5.0},{"damage":0.0,"enemies":"Cultist","floor":8.0,"turns":2.0},{"damage":5.0,"enemies":"Large Slime","floor":10.0,"turns":4.0},{"damage":0.0,"enemies":"3 Louse","floor":13.0,"turns":3.0},{"damage":1.0,"enemies":"Exordium Wildlife","floor":14.0,"turns":3.0},{"damage":41.0,"enemies":"The Guardian","floor":16.0,"turns":14.0},{"damage":0.0,"enemies":"theJungle:5_Spyders","floor":18.0,"turns":6.0},{"damage":18.0,"enemies":"theJungle:GiantWrat","floor":19.0,"turns":4.0},{"damage":36.0,"enemies":"Snake Plant","floor":20.0,"turns":6.0},{"damage":18.0,"enemies":"theJungle:Lyon","floor":21.0,"turns":5.0},{"damage":6.0,"enemies":"theJungle:2_Phrogs","floor":23.0,"turns":6.0},{"damage":20.0,"enemies":"theJungle:Cassacara","floor":27.0,"turns":7.0},{"damage":6.0,"enemies":"theJungle:2_Snecko_Cultists","floor":30.0,"turns":4.0},{"damage":2.0,"enemies":"theJungle:SlimyTreeVines","floor":31.0,"turns":6.0},{"damage":23.0,"enemies":"theJungle:FunGuy","floor":33.0,"turns":11.0},{"damage":36.0,"enemies":"Orb Walker","floor":35.0,"turns":9.0},{"damage":20.0,"enemies":"3 Darklings","floor":37.0,"turns":7.0},{"damage":78.0,"enemies":"Nemesis","floor":41.0,"turns":7.0},{"damage":6,"enemies":"Transient","floor":42,"turns":4}],"seed_played":"215208885782858209","potions_obtained":[{"floor":1.0,"key":"Ancient Potion"},{"floor":5.0,"key":"Explosive Potion"},{"floor":16.0,"key":"Explosive Potion"},{"floor":18.0,"key":"Weak Potion"},{"floor":27.0,"key":"Energy Potion"},{"floor":30.0,"key":"Weak Potion"},{"floor":33.0,"key":"Regen Potion"},{"floor":35.0,"key":"FearPotion"},{"floor":37.0,"key":"Strength Potion"}],"is_trial":false,"path_per_floor":["M","?","?","?","M","R","E","M","T","M","R","?","M","M","R","B",null,"M","M","M","M","?","E","$","R","T","E","R","$","M","M","R","B",null,"M","$","M","?","?","R","E","M"],"character_chosen":"SAIYAJIN","items_purchased":["Saiyan:Planning"],"campfire_rested":4,"item_purchase_floors":[24],"current_hp_per_floor":[62,67,51,67,68,68,29,30,30,27,48,48,50,52,52,12,78,82,68,34,17,17,14,14,41,41,23,51,51,49,55,55,57,100,66,66,63,51,51,82,5,0,0],"gold":530,"neow_bonus":"RANDOM_COLORLESS","is_daily":false,"chose_seed":false,"campfire_upgraded":3,"win_rate":0.0,"timestamp":1613725643,"path_taken":["M","?","?","?","M","R","E","M","T","?","R","?","M","M","R","BOSS","M","M","M","M","?","E","?","R","T","E","R","$","M","M","R","BOSS","M","$","M","?","?","R","E","?"],"items_purchased_type":["Card"],"build_version":"2020-12-22","purchased_purges":3,"victory":false,"max_hp_per_floor":[62,67,67,67,68,68,69,70,70,72,72,72,74,77,77,78,78,82,86,88,89,89,92,92,92,92,94,94,94,98,100,100,100,100,102,102,104,104,104,104,105,106,106],"card_choices":[{"not_picked":["Finesse","Purity"],"picked":"Madness","floor":0.0},{"not_picked":["Saiyan:Fly","Saiyan:Scouter"],"picked":"Saiyan:Flurry","floor":1.0},{"not_picked":["Saiyan:BackAttack","Saiyan:ReverberatingForce"],"picked":"Saiyan:Flurry","floor":5.0},{"not_picked":["Saiyan:DoubleMasenko","Saiyan:Furor"],"picked":"Saiyan:DragonFist","floor":7.0},{"not_picked":["Saiyan:ExpandingShockwave","Saiyan:PlotArmor","Saiyan:BigBangAttack"],"picked":"SKIP","floor":8.0},{"not_picked":["Saiyan:Afterimage","Saiyan:ReverberatingForce"],"picked":"Saiyan:Quickening","floor":10.0},{"not_picked":["Saiyan:KiStrike","Saiyan:Fly","Saiyan:Taunt"],"picked":"SKIP","floor":13.0},{"not_picked":["Saiyan:HyperTimeChamber","Saiyan:Flurry","Saiyan:RemoveWeights"],"picked":"SKIP","floor":14.0},{"not_picked":["Saiyan:GhostAttack","Saiyan:SolarFlare"],"picked":"Saiyan:GenkiDama","floor":16.0},{"not_picked":["Saiyan:PlotArmor+1","Saiyan:Afterimage","Saiyan:Twize"],"picked":"SKIP","floor":18.0},{"not_picked":["Saiyan:FinalFlash","Saiyan:Taunt"],"picked":"Saiyan:SuperSaiyanForm","floor":19.0},{"not_picked":["Saiyan:SaiyanHubris","Saiyan:FinalFlash"],"picked":"Saiyan:SuperSaiyanForm+1","floor":20.0},{"not_picked":["Saiyan:Pacing+1","Saiyan:KameHameHa","Saiyan:PowerPole"],"picked":"SKIP","floor":21.0},{"not_picked":["Saiyan:SaiyanHubris","Saiyan:PlotArmor"],"picked":"Saiyan:DragonRadar","floor":23.0},{"not_picked":["Saiyan:MeteorDash+1","Saiyan:PowerUp+1","Saiyan:AugmentedBlast"],"picked":"SKIP","floor":27.0},{"not_picked":["Saiyan:SaiyanHubris+1","Saiyan:KiExplosion","Saiyan:DoubleMasenko"],"picked":"SKIP","floor":30.0},{"not_picked":["Saiyan:KiExplosion","Saiyan:MajinSeal"],"picked":"Saiyan:ConcussiveBlow","floor":31.0},{"not_picked":["Saiyan:Momentum","Saiyan:SuperSaiyanThree"],"picked":"Saiyan:SenzuBean","floor":33.0},{"not_picked":["Saiyan:Planning+1","Saiyan:Flurry+1"],"picked":"Saiyan:LastResort","floor":35.0},{"not_picked":["Saiyan:DragonFist","Saiyan:BigBangAttack+1","Saiyan:RemoveWeights+1"],"picked":"SKIP","floor":37.0},{"not_picked":["Saiyan:Kienzan","Saiyan:DoubleMasenko","Saiyan:FingerParry"],"picked":"SKIP","floor":41.0}],"player_experience":273765,"relics_obtained":[{"floor":7.0,"key":"Bag of Marbles"},{"floor":9.0,"key":"reliquary:Buckler"},{"floor":23.0,"key":"Pantograph"},{"floor":27.0,"key":"reliquary:HotPoker"},{"floor":34.0,"key":"Happy Flower"},{"floor":34.0,"key":"reliquary:GummyVitamins"},{"floor":34.0,"key":"TungstenRod"},{"floor":35.0,"key":"reliquary:PorcupineQuills"},{"floor":37.0,"key":"Bag of Preparation"},{"floor":41.0,"key":"War Paint"}],"event_choices":[{"damage_healed":0.0,"max_hp_gain":5.0,"max_hp_loss":0.0,"gold_gain":0.0,"event_name":"Big Fish","player_choice":"Donut","floor":2.0,"gold_loss":0.0,"damage_taken":0.0},{"damage_healed":0.0,"max_hp_gain":0.0,"max_hp_loss":0.0,"gold_gain":0.0,"event_name":"Golden Idol","player_choice":"Take Damage","floor":3.0,"gold_loss":0.0,"damage_taken":16.0,"relics_obtained":["Golden Idol"]},{"damage_healed":16.0,"max_hp_gain":0.0,"max_hp_loss":0.0,"gold_gain":0.0,"event_name":"Wheel of Change","player_choice":"Full Heal","floor":4.0,"gold_loss":0.0,"damage_taken":0.0},{"cards_removed":["Saiyan:SAIYA_Strike"],"damage_healed":0.0,"max_hp_gain":0.0,"max_hp_loss":0.0,"gold_gain":0.0,"event_name":"The Cleric","player_choice":"Card Removal","floor":12.0,"gold_loss":50.0,"damage_taken":0.0},{"damage_healed":0.0,"max_hp_gain":0.0,"max_hp_loss":0.0,"gold_gain":0.0,"event_name":"Winding Halls","player_choice":"Embrace Madness","floor":38.0,"gold_loss":0.0,"damage_taken":13.0,"cards_obtained":["Madness","Madness"]},{"cards_removed":["Saiyan:SAIYA_Defend"],"damage_healed":0.0,"max_hp_gain":0.0,"max_hp_loss":0.0,"gold_gain":0.0,"event_name":"NoteForYourself","player_choice":"Took Card","floor":39.0,"gold_loss":0.0,"damage_taken":0.0,"cards_obtained":["WordoMod:SacRite"]}],"is_beta":false,"boss_relics":[{"not_picked":["Runic Pyramid","SlaversCollar"],"picked":"reliquary:RedPaperclip"},{"not_picked":["Philosopher\u0027s Stone","Runic Dome"],"picked":"Calling Bell"}],"items_purged_floors":[24,29,36],"is_endless":false,"potions_floor_spawned":[1,5,16,18,27,30,33,35,37],"killed_by":"Transient","ascension_level":0}}