{"host":"lnfs5t5iydkm2lft","time":1613756232,"event":{"mods":["AchievementEnabler","Aspiration","BaseMod","Better Third Choice","BetterRewards","Colored Powertips","Downfall","Hermit","Hubris","Infinite Spire","Marisa????????","Minty Spire (QoL Compilation)","Quick Restart","Replay The Spire","StSLib","The Runesmith","The Senshi","TheBandit","everything is the same but u backflip on backflip"],"gold_per_floor":[117,131,142,142,158,158,192,206,233,263,279,294,294,294,294,294,294],"floor_reached":16,"language":"ENG","playtime":492,"items_purged":[],"score":174,"play_id":"2c69b042-b5c3-400b-a87a-dc5a1d2b6cf7","local_time":"20210219113712","is_ascension_mode":true,"campfire_choices":[{"data":"Backflip","floor":6,"key":"SMITH"},{"data":"PiercingWail","floor":13,"key":"SMITH"},{"data":"Survivor","floor":15,"key":"SMITH"}],"circlet_count":0,"master_deck":["Strike_G","Strike_G","Strike_G","Strike_G","Strike_G","Defend_G","Defend_G","Defend_G","Defend_G","Defend_G+1","Survivor+1","Neutralize","Dagger Spray","Backflip+1","PiercingWail+1","Dagger Spray"],"relics":["Ring of the Snake","Boot","hubris:OldNail","Blue Doll","hubris:SlimyHat"],"acts_visited":["Exordium"],"potions_floor_usage":[7,7,10,10,12],"damage_taken":[{"damage":0,"enemies":"Small Slimes","floor":1,"turns":3},{"damage":0,"enemies":"Cultist","floor":2,"turns":4},{"damage":0,"enemies":"2 Louse","floor":3,"turns":2},{"damage":0,"enemies":"2 Fungi Beasts","floor":5,"turns":3},{"damage":0,"enemies":"Gremlin Nob","floor":7,"turns":3},{"damage":0,"enemies":"Lots of Slimes","floor":8,"turns":2},{"damage":11,"enemies":"3 Sentries","floor":10,"turns":7},{"damage":0,"enemies":"Red Slaver","floor":11,"turns":4},{"damage":0,"enemies":"2 Fungi Beasts","floor":12,"turns":1},{"damage":61,"enemies":"Hexaghost","floor":16,"turns":16}],"seed_played":"5968306196793572311","potions_obtained":[{"floor":3,"key":"SkillPotion"},{"floor":4,"key":"FearPotion"},{"floor":4,"key":"DistilledChaos"},{"floor":7,"key":"SpeedPotion"},{"floor":11,"key":"Explosive Potion"}],"is_trial":false,"path_per_floor":["M","M","M","?","M","R","E","M","T","E","M","M","R","?","R","B"],"character_chosen":"THE_SILENT","items_purchased":[],"campfire_rested":0,"item_purchase_floors":[],"current_hp_per_floor":[70,70,70,70,70,70,70,70,70,59,59,59,59,59,59,0,0],"gold":294,"neow_bonus":"RANDOM_COMMON_RELIC","is_daily":false,"chose_seed":false,"campfire_upgraded":3,"win_rate":0.0,"timestamp":1613756232,"path_taken":["M","M","M","?","M","R","E","M","T","E","M","?","R","?","R","BOSS"],"items_purchased_type":[],"build_version":"2020-12-22","purchased_purges":0,"victory":false,"max_hp_per_floor":[70,70,70,70,70,70,70,70,70,70,70,70,70,70,70,70,70],"card_choices":[{"not_picked":["Bane","Escape Plan"],"picked":"Dagger Spray","floor":1},{"not_picked":["Cloak And Dagger","Deflect"],"picked":"Backflip","floor":2},{"not_picked":["Prepared","hubris:Counter","Cloak And Dagger"],"picked":"SKIP","floor":3},{"not_picked":["Deadly Poison","Eviscerate","A Thousand Cuts"],"picked":"SKIP","floor":5},{"not_picked":["Dagger Throw","Deadly Poison"],"picked":"PiercingWail","floor":7},{"not_picked":["Prepared","Sucker Punch"],"picked":"Dagger Spray","floor":8},{"not_picked":["hubris:SlightOfHand","Backflip","Underhanded Strike"],"picked":"SKIP","floor":10},{"not_picked":["Slice","Sucker Punch","Poisoned Stab"],"picked":"SKIP","floor":11},{"not_picked":["Finisher","A Thousand Cuts","Deadly Poison"],"picked":"SKIP","floor":12},{"not_picked":["Finisher","A Thousand Cuts","Deadly Poison"],"picked":"SKIP","floor":12}],"player_experience":397805,"relics_obtained":[{"floor":7,"key":"hubris:OldNail"},{"floor":9,"key":"Blue Doll"},{"floor":10,"key":"hubris:SlimyHat"}],"event_choices":[{"damage_healed":0,"gold_gain":0,"player_choice":"Got Potions","damage_taken":0,"max_hp_gain":0,"max_hp_loss":0,"event_name":"Lab","floor":4,"gold_loss":0}],"is_beta":false,"boss_relics":[],"items_purged_floors":[],"is_endless":false,"potions_floor_spawned":[3,5,7,11],"killed_by":"Hexaghost","ascension_level":5}}