{"host":"dyzdf8svqmiivg97","time":1613737259,"event":{"mods":["AchievementEnabler","BaseMod","Colored Map","DeckTracker","Minty Spire (QoL Compilation)","Quick Restart","Rare Cards Sparkle","SuperFastMode"],"gold_per_floor":[110,129,129,147,165,165,206,220,220,220,110,60,87,105,105,228,228,248,268,268,306,330,361,33,33,33,33,46,46,90,111,111,236,236,257,257,277,277,302,302,80,80,80,80,105,157,193,415,415,415],"floor_reached":51,"language":"KOR","playtime":1261,"items_purged":["Defend_P","Strike_P+1"],"score":1258,"play_id":"e2c13d28-74e2-444c-aceb-4d1d574be410","local_time":"20210219212059","is_ascension_mode":true,"campfire_choices":[{"data":"Eruption","floor":6,"key":"SMITH"},{"data":"Adaptation","floor":10,"key":"SMITH"},{"data":"Vault","floor":15,"key":"SMITH"},{"floor":27,"key":"REST"},{"data":"MentalFortress","floor":29,"key":"SMITH"},{"floor":32,"key":"REST"},{"data":"WheelKick","floor":40,"key":"SMITH"},{"floor":42,"key":"REST"},{"data":"Master of Strategy","floor":44,"key":"SMITH"},{"floor":49,"key":"REST"}],"circlet_count":0,"master_deck":["AscendersBane","Eruption+1","Vigilance+1","Pray+1","Vault+1","EmptyFist","Indignation+1","Adaptation+1","Tantrum","WheelKick+1","DevaForm+1","Halt+1","TalkToTheHand+1","Necronomicurse","MentalFortress+1","SandsOfTime+1","Master of Strategy+1","InnerPeace","Adaptation+1"],"relics":["PureWater","Golden Idol","Whetstone","TeardropLocket","Ancient Tea Set","Astrolabe","Necronomicon","Red Mask","War Paint","Incense Burner","Lantern","Question Card","Sozu","DollysMirror","White Beast Statue","Damaru","Bag of Preparation"],"acts_visited":["Exordium","TheCity","TheBeyond"],"potions_floor_usage":[7,8,19,19,23,35],"damage_taken":[{"damage":0.0,"enemies":"Cultist","floor":1.0,"turns":3.0},{"damage":0.0,"enemies":"Small Slimes","floor":2.0,"turns":3.0},{"damage":4.0,"enemies":"Jaw Worm","floor":4.0,"turns":3.0},{"damage":6,"enemies":"2 Fungi Beasts","floor":5,"turns":4},{"damage":12,"enemies":"3 Sentries","floor":7,"turns":7},{"damage":0,"enemies":"Exordium Wildlife","floor":8,"turns":2},{"damage":0,"enemies":"Blue Slaver","floor":14,"turns":1},{"damage":26,"enemies":"The Guardian","floor":16,"turns":7},{"damage":3,"enemies":"Spheric Guardian","floor":18,"turns":3},{"damage":6,"enemies":"3 Byrds","floor":19,"turns":2},{"damage":0,"enemies":"Masked Bandits","floor":21,"turns":3},{"damage":17,"enemies":"Slavers","floor":23,"turns":4},{"damage":0,"enemies":"Snecko","floor":28,"turns":2},{"damage":0,"enemies":"Gremlin Leader","floor":30,"turns":2},{"damage":0,"enemies":"Snake Plant","floor":31,"turns":1},{"damage":20,"enemies":"Champ","floor":33,"turns":9},{"damage":8,"enemies":"3 Darklings","floor":35,"turns":4},{"damage":14,"enemies":"3 Shapes","floor":37,"turns":3},{"damage":0,"enemies":"Spire Growth","floor":39,"turns":2},{"damage":0,"enemies":"3 Darklings","floor":45,"turns":3},{"damage":0,"enemies":"Nemesis","floor":47,"turns":2},{"damage":0,"enemies":"Time Eater","floor":50,"turns":5}],"seed_played":"-6232042291585864626","potions_obtained":[{"floor":2.0,"key":"Strength Potion"},{"floor":4.0,"key":"LiquidBronze"},{"floor":7,"key":"Explosive Potion"},{"floor":8,"key":"GamblersBrew"},{"floor":19,"key":"DuplicationPotion"},{"floor":23,"key":"LiquidBronze"}],"is_trial":false,"path_per_floor":["M","M","?","M","M","R","E","M","T","R","$","?","T","M","R","B",null,"M","M","?","?","T","E","$","?","T","R","M","R","E","M","R","B",null,"M","?","M","?","M","R","$","R","T","R","M","T","E","?","R","B",null],"character_chosen":"WATCHER","items_purchased":["WheelKick","MentalFortress","Lantern","InnerPeace","DollysMirror"],"campfire_rested":4,"item_purchase_floors":[11,24,24,41,41],"current_hp_per_floor":[65,65,60,56,50,50,38,38,38,38,38,38,38,38,38,12,48,45,39,23,23,23,6,6,6,6,24,24,24,24,24,42,22,51,43,43,29,29,29,29,29,47,47,47,47,47,47,47,60,60],"gold":415,"neow_bonus":"TRANSFORM_TWO_CARDS","is_daily":false,"chose_seed":false,"campfire_upgraded":6,"win_rate":0.0,"timestamp":1613737259,"path_taken":["M","M","?","M","M","R","E","M","T","R","$","?","?","M","R","BOSS","M","M","?","?","?","E","$","?","T","R","M","R","E","M","R","BOSS","M","?","M","?","M","R","$","R","T","R","M","?","E","?","R","BOSS"],"items_purchased_type":["Card","Card","Relic","Card","Relic"],"build_version":"2020-12-22","purchased_purges":2,"victory":true,"max_hp_per_floor":[65,65,60,60,60,60,60,60,60,60,60,60,60,60,60,60,60,60,60,60,60,60,60,60,60,60,60,60,60,60,60,60,60,60,60,60,60,60,60,60,60,60,60,60,60,60,60,60,60,60],"card_choices":[{"not_picked":["ClearTheMind","ThirdEye","EmptyMind"],"picked":"SKIP","floor":1.0},{"not_picked":["Worship","TalkToTheHand"],"picked":"EmptyFist","floor":2.0},{"not_picked":["CrushJoints","CutThroughFate"],"picked":"Indignation","floor":4.0},{"not_picked":["ClearTheMind","JustLucky"],"picked":"Adaptation","floor":5},{"not_picked":["FlurryOfBlows","WreathOfFlame"],"picked":"Tantrum","floor":7},{"not_picked":["Halt","CrushJoints","ThirdEye"],"picked":"SKIP","floor":8},{"not_picked":["Vengeance","Protect","JustLucky"],"picked":"SKIP","floor":14},{"not_picked":["Prostrate","FlurryOfBlows"],"picked":"Halt+1","floor":18},{"not_picked":["CrushJoints","Protect"],"picked":"TalkToTheHand+1","floor":19},{"not_picked":["Indignation+1","WreathOfFlame+1","CutThroughFate"],"picked":"SKIP","floor":23},{"not_picked":["FlyingSleeves+1","JustLucky","ClearTheMind"],"picked":"SKIP","floor":28},{"not_picked":["EmptyBody","Blasphemy","CrushJoints"],"picked":"SKIP","floor":30},{"not_picked":["FlurryOfBlows","Prostrate+1","FollowUp+1","FlyingSleeves+1"],"picked":"SKIP","floor":31},{"not_picked":["WreathOfFlame","Crescendo","Study+1","JustLucky+1"],"picked":"SKIP","floor":35},{"not_picked":["EmptyFist","SashWhip","Protect","CutThroughFate"],"picked":"SKIP","floor":37},{"not_picked":["Flash of Steel","Good Instincts","The Bomb"],"picked":"Master of Strategy","floor":38},{"not_picked":["Wallop","JustLucky","EmptyFist+1","Prostrate"],"picked":"SKIP","floor":39},{"not_picked":["Evaluate","WindmillStrike","CrushJoints+1","ClearTheMind"],"picked":"SKIP","floor":45},{"not_picked":["Wireheading+1","WindmillStrike","Adaptation","Protect+1"],"picked":"SKIP","floor":47}],"player_experience":592994,"relics_obtained":[{"floor":7,"key":"Whetstone"},{"floor":9,"key":"TeardropLocket"},{"floor":13,"key":"Ancient Tea Set"},{"floor":20,"key":"Necronomicon"},{"floor":21,"key":"Red Mask"},{"floor":22,"key":"War Paint"},{"floor":23,"key":"Incense Burner"},{"floor":30,"key":"Question Card"},{"floor":43,"key":"White Beast Statue"},{"floor":46,"key":"Damaru"},{"floor":47,"key":"Bag of Preparation"}],"event_choices":[{"damage_healed":0.0,"max_hp_gain":0.0,"max_hp_loss":5.0,"gold_gain":0.0,"event_name":"Golden Idol","player_choice":"Lose Max HP","floor":3.0,"gold_loss":0.0,"damage_taken":0.0,"relics_obtained":["Golden Idol"]},{"cards_removed":["Defend_P"],"damage_healed":0,"gold_gain":0,"player_choice":"Card Removal","damage_taken":0,"max_hp_gain":0,"max_hp_loss":0,"event_name":"The Cleric","floor":12,"gold_loss":50},{"damage_healed":0,"gold_gain":0,"player_choice":"Obtained Book","damage_taken":16,"max_hp_gain":0,"max_hp_loss":0,"event_name":"Cursed Tome","floor":20,"gold_loss":0},{"damage_healed":0,"gold_gain":0,"player_choice":"Fought Bandits","damage_taken":0,"max_hp_gain":0,"max_hp_loss":0,"event_name":"Masked Bandits","floor":21,"gold_loss":0},{"damage_healed":0,"gold_gain":0,"cards_transformed":["MasterReality"],"player_choice":"Transformed","damage_taken":0,"max_hp_gain":0,"max_hp_loss":0,"event_name":"Transmorgrifier","floor":25,"gold_loss":0,"cards_obtained":["SandsOfTime"]},{"cards_removed":["LessonLearned"],"damage_healed":0,"gold_gain":0,"player_choice":"Removed Attack","damage_taken":0,"max_hp_gain":0,"max_hp_loss":0,"event_name":"Falling","floor":36,"gold_loss":0},{"damage_healed":0,"gold_gain":0,"player_choice":"Memory 1","damage_taken":0,"max_hp_gain":0,"max_hp_loss":0,"event_name":"SensoryStone","floor":38,"gold_loss":0},{"damage_healed":0,"gold_gain":222,"player_choice":"Wore Mask","damage_taken":0,"max_hp_gain":0,"max_hp_loss":0,"event_name":"Tomb of Lord Red Mask","floor":48,"gold_loss":0}],"is_beta":false,"boss_relics":[{"not_picked":["Fusion Hammer","Calling Bell"],"picked":"Astrolabe"},{"not_picked":["HolyWater","Tiny House"],"picked":"Sozu"}],"items_purged_floors":[11,24],"is_endless":false,"potions_floor_spawned":[2,4,7,8,19,23,39,45,47],"ascension_level":11}}