{"host":"gsscz6k9fq2x5v2h","time":1613777033,"event":{"mods":["100% Spire Juice","AchievementEnabler","BaseMod","Better Note","Better Skull","Better Synergies","Better Third Choice","Better Vampires","Block Reminder","Bossed Relics","Colored Map","Colored Powertips","Dark Map","Friendly Minions","Minty Spire (QoL Compilation)","Permanent Neow","Quick Restart","Reliquary","Replay The Spire","Retaliation","Shop Mod","Spicy Shops","Spikes Relics","StSLib","SuperFastMode","TestMod","??????REMEMod","????"],"gold_per_floor":[112,112,112,125,525,561,581,600,681,681,712,712,748,763,132,260,260,278,188,168,182,29,72,72,112,158,193,209,225,225,250,250,375,375,398,418,418,4,17,55,294,307,307,307,348,348,63,63,63,63,63,63,0,40,40],"floor_reached":56,"language":"FRA","playtime":3031,"items_purged":["Strike_B","Strike_B","Doubt","Strike_B","Defend_B","Defend_B"],"score":1510,"play_id":"a212e30a-d113-4ee7-9295-35e47a520c18","local_time":"20210220002353","is_ascension_mode":false,"campfire_choices":[{"data":"Dualcast","floor":12,"key":"SMITH"},{"floor":24,"key":"RECALL"},{"data":"Coolheaded","floor":30,"key":"SMITH"},{"data":"Zap","floor":32,"key":"SMITH"},{"data":"BasicCrystalCard","floor":46,"key":"SMITH"},{"data":"Reforge","floor":49,"key":"SMITH"},{"data":"Fission","floor":52,"key":"SMITH"}],"circlet_count":0,"master_deck":["Strike_B","Defend_B","Zap+1","Dualcast+1","Barricade+1","Compile Driver","Chill","Glacier","Coolheaded","BasicCrystalCard+1","ReplayTheSpireMod:Calculation Training","Cold Snap","Barrage","Capacitor","Coolheaded+1","Fission+1","Capacitor+1","Defragment","Ball Lightning+1","testmod-BackupPower","Conserve Battery","Capacitor","Gash+1","ReplayTheSpireMod:Calculation Training","Machine Learning","RefreshScreen+1","Barrage+1","Enlightenment","Flash of Steel","Forethought","Consume+1","Streamline","ReplayTheSpireMod:Splinters","Rebound+1","Sweeping Beam","RefreshScreen+1","Reforge+1","Sweeping Beam","Capacitor","Hologram","Go for the Eyes+1"],"relics":["Cracked Core","REME_ComplimentaryCards","testmod-BatchProcessingSystem","Golden Idol","testmod-Fortitude","reliquary:PorcupineQuills","Juzu Bracelet","Anchor","Sozu","testmod-TurbochargingSystem","testmod-EqualTreatment","ReplayFunnel","reliquary:ThirdArm","Membership Card","testmod-CrystalShield","Shuriken","reliquary:Aerogel","Divine Protection","Oddly Smooth Stone","Medical Kit","MerchantsRug","Pen Nib"],"acts_visited":["Exordium","TheCity","TheBeyond","TheEnding"],"potions_floor_usage":[55],"damage_taken":[{"damage":0,"enemies":"2 Louse","floor":1,"turns":2},{"damage":1,"enemies":"Jaw Worm","floor":4,"turns":3},{"damage":0,"enemies":"Lagavulin","floor":6,"turns":8},{"damage":0,"enemies":"Cultist","floor":7,"turns":4},{"damage":0,"enemies":"Looter","floor":8,"turns":2},{"damage":0,"enemies":"Replay:BlueRogue","floor":11,"turns":5},{"damage":0,"enemies":"Lagavulin","floor":13,"turns":10},{"damage":17,"enemies":"3 Louse","floor":14,"turns":3},{"damage":12,"enemies":"Slime Boss","floor":16,"turns":7},{"damage":0,"enemies":"Shell Parasite","floor":18,"turns":5},{"damage":4,"enemies":"2 Thieves","floor":20,"turns":5},{"damage":18,"enemies":"Snake Plant","floor":21,"turns":5},{"damage":1,"enemies":"Replay:Snechameleon","floor":23,"turns":6},{"damage":2,"enemies":"Book of Stabbing","floor":25,"turns":7},{"damage":6,"enemies":"REME_1_Revenger","floor":27,"turns":5},{"damage":0,"enemies":"Centurion and Healer","floor":28,"turns":5},{"damage":0,"enemies":"Chosen and Byrds","floor":29,"turns":5},{"damage":0,"enemies":"Snecko","floor":31,"turns":5},{"damage":0,"enemies":"Pondfish","floor":33,"turns":10},{"damage":0,"enemies":"Orb Walker","floor":35,"turns":4},{"damage":37,"enemies":"3 Shapes","floor":36,"turns":5},{"damage":0,"enemies":"3 Darklings","floor":39,"turns":5},{"damage":0,"enemies":"Nemesis","floor":40,"turns":10},{"damage":0,"enemies":"Transient","floor":42,"turns":5},{"damage":0,"enemies":"Giant Head","floor":45,"turns":8},{"damage":5,"enemies":"Time Eater","floor":50,"turns":10},{"damage":7,"enemies":"Shield and Spear","floor":54,"turns":6},{"damage":31,"enemies":"The Heart","floor":55,"turns":10}],"seed_played":"-1755043434910157143","potions_obtained":[{"floor":4,"key":"SneckoOil"},{"floor":7,"key":"Energy Potion"},{"floor":8,"key":"Cursed Concoction"},{"floor":11,"key":"FearPotion"},{"floor":14,"key":"FocusPotion"}],"is_trial":false,"path_per_floor":["M","?","?","M","?","E","M","M","T","?","E","R","E","M","R","B",null,"M","?","M","M","$","E","R","E","T","E","M","M","R","M","R","B",null,"M","M","?","$","M","E","?","M","T","?","E","R","$","?","R","B",null,"R","$","E","B",null],"character_chosen":"DEFECT","items_purchased":["Juzu Bracelet","Anchor","Capacitor","Coolheaded","testmod-BackupPower","Conserve Battery","Membership Card","testmod-CrystalShield","Shuriken","reliquary:Aerogel","Medical Kit","Reforge","MerchantsRug","Sweeping Beam","Capacitor","Hologram"],"campfire_rested":0,"item_purchase_floors":[15,15,15,15,22,22,38,38,38,38,47,47,47,47,53,53],"current_hp_per_floor":[75,57,57,56,56,56,56,56,56,53,53,53,53,36,36,24,75,75,75,71,53,53,52,52,50,50,44,44,44,44,44,44,44,75,75,38,28,28,28,28,28,28,28,66,66,66,66,66,66,61,66,66,66,59,28],"gold":40,"neow_bonus":"THREE_CARDS","is_daily":false,"chose_seed":false,"campfire_upgraded":6,"win_rate":0.0,"timestamp":1613777033,"path_taken":["M","?","?","?","?","E","M","M","T","?","E","R","E","M","R","BOSS","M","?","M","M","$","E","R","E","T","E","M","M","R","M","R","BOSS","M","M","?","$","M","E","?","M","T","?","E","R","$","?","R","BOSS","R","$","E","BOSS"],"items_purchased_type":["Relic","Relic","Card","Card","Card","Card","Relic","Relic","Relic","Relic","Relic","Card","Relic","Card","Card","Card"],"build_version":"2020-12-22","purchased_purges":6,"victory":true,"max_hp_per_floor":[75,75,75,75,75,75,75,75,75,75,75,75,75,75,75,75,75,75,75,75,75,75,75,75,75,75,75,75,75,75,75,75,75,75,75,75,75,75,75,75,75,75,75,66,66,66,66,66,66,66,66,66,66,66,66],"card_choices":[{"not_picked":["Turbo","Panic Button"],"picked":"Compile Driver","floor":0},{"not_picked":["REME_Whirling","Darkness","ReplayTheSpireMod:Repulse"],"picked":"SKIP","floor":1},{"not_picked":["Capacitor","Redo"],"picked":"Chill","floor":4},{"not_picked":["Heatsinks","Steam"],"picked":"Glacier","floor":6},{"not_picked":["Sweeping Beam","Hologram"],"picked":"Coolheaded","floor":7},{"not_picked":["Panic Button","Streamline"],"picked":"BasicCrystalCard","floor":8},{"not_picked":["RefreshScreen","ReplayGash"],"picked":"ReplayTheSpireMod:Calculation Training","floor":11},{"not_picked":["REME_SelfUpgrade","Mirror Shield"],"picked":"Cold Snap","floor":13},{"not_picked":["Steam","Hologram"],"picked":"Barrage","floor":14},{"not_picked":["Multi-Cast","Electrodynamics"],"picked":"Fission","floor":16},{"not_picked":["Stack","Lockon"],"picked":"Capacitor","floor":18},{"not_picked":["Cold Snap","Chill"],"picked":"Defragment","floor":20},{"not_picked":["Stack","Consume"],"picked":"Ball Lightning+1","floor":21},{"not_picked":["REME_Whirling","ReplayTheSpireMod:System Scan","ReplayTheSpireMod:Repulse"],"picked":"SKIP","floor":23},{"not_picked":["Go for the Eyes","Coolheaded"],"picked":"Capacitor","floor":25},{"not_picked":["Barrage","Undo"],"picked":"Gash+1","floor":27},{"not_picked":["Undo+1","Conserve Battery+1"],"picked":"ReplayTheSpireMod:Calculation Training","floor":28},{"not_picked":["Lockon","ReplayTheSpireMod:Omega Cannon","Ball Lightning"],"picked":"SKIP","floor":29},{"not_picked":["Hologram","Rebound+1","Conserve Battery+1"],"picked":"SKIP","floor":31},{"not_picked":["Buffer","Hyperbeam"],"picked":"Machine Learning","floor":33},{"not_picked":["REME_DataAnalysis","Leap"],"picked":"RefreshScreen+1","floor":35},{"not_picked":["REME_Compress","FIFO Queue+1"],"picked":"Barrage+1","floor":36},{"not_picked":["REME_EyeOfCthun","testmod-ComboMaster"],"picked":"Enlightenment","floor":37},{"not_picked":["testmod-AssimilatedRune","Sadistic Nature"],"picked":"Flash of Steel","floor":37},{"not_picked":["testmod-VirtualReality","Impatience"],"picked":"Forethought","floor":37},{"not_picked":["ReplayTheSpireMod:System Scan+1","Leap+1"],"picked":"Consume+1","floor":39},{"not_picked":["Lockon+1","Steam+1"],"picked":"Streamline","floor":40},{"not_picked":["Double Energy+1","Blizzard"],"picked":"Rebound+1","floor":41},{"not_picked":["Stack","REME_DataAnalysis"],"picked":"Sweeping Beam","floor":42},{"not_picked":["ReplaySort+1","FTL+1"],"picked":"RefreshScreen+1","floor":45},{"not_picked":["Streamline+1","Scrape"],"picked":"Go for the Eyes+1","floor":54}],"player_experience":1570208,"relics_obtained":[{"floor":6,"key":"testmod-Fortitude"},{"floor":11,"key":"reliquary:PorcupineQuills"},{"floor":13,"key":"reliquary:TuningFork"},{"floor":23,"key":"testmod-TurbochargingSystem"},{"floor":25,"key":"testmod-EqualTreatment"},{"floor":26,"key":"ReplayFunnel"},{"floor":27,"key":"testmod-OneHitWonder"},{"floor":40,"key":"Divine Protection"},{"floor":43,"key":"Dream Catcher"},{"floor":45,"key":"Oddly Smooth Stone"},{"floor":54,"key":"Pen Nib"}],"event_choices":[{"damage_healed":0,"gold_gain":0,"player_choice":"Take Damage","damage_taken":18,"relics_obtained":["Golden Idol"],"max_hp_gain":0,"max_hp_loss":0,"event_name":"Golden Idol","floor":2,"gold_loss":0},{"damage_healed":0,"gold_gain":0,"player_choice":"Forge","damage_taken":0,"max_hp_gain":0,"max_hp_loss":0,"event_name":"Accursed Blacksmith","floor":3,"gold_loss":0,"cards_upgraded":["Barricade"]},{"damage_healed":0,"gold_gain":400,"player_choice":"Sell","damage_taken":0,"max_hp_gain":0,"max_hp_loss":0,"event_name":"Plate Of N\u0027loth","floor":5,"relics_lost":["testmod-TestBox"],"gold_loss":0},{"damage_healed":0,"gold_gain":0,"player_choice":"Relic ","damage_taken":3,"max_hp_gain":0,"max_hp_loss":0,"event_name":"betterThird:BetterScrap","floor":10,"gold_loss":0,"cards_obtained":["EmptyMind"]},{"cards_removed":["Defend_B"],"damage_healed":0,"gold_gain":0,"player_choice":"Upgrade and Remove","damage_taken":0,"max_hp_gain":0,"max_hp_loss":0,"event_name":"Designer","floor":19,"gold_loss":90,"cards_upgraded":["Capacitor"]},{"damage_healed":0,"gold_gain":0,"player_choice":"Memory 3","damage_taken":10,"max_hp_gain":0,"max_hp_loss":0,"event_name":"SensoryStone","floor":37,"gold_loss":0},{"damage_healed":66,"gold_gain":0,"player_choice":"Heal","damage_taken":0,"max_hp_gain":0,"max_hp_loss":9,"event_name":"The Moai Head","floor":44,"gold_loss":0},{"damage_healed":0,"gold_gain":0,"player_choice":"Bought 0 Potions","damage_taken":0,"max_hp_gain":0,"max_hp_loss":0,"event_name":"The Woman in Blue","floor":48,"gold_loss":0}],"is_beta":false,"boss_relics":[{"not_picked":["testmod-StringDisintegrator","Painkiller Herb"],"picked":"Sozu"},{"not_picked":["testmod-IncinerationGenerator","Astrolabe"],"picked":"reliquary:ThirdArm"}],"items_purged_floors":[15,15,38,38,47,47],"is_endless":false,"potions_floor_spawned":[4,7,8,11,14,20,25,27,39,42,45,54],"ascension_level":0}}