{"host":"lnfs5t5iydkm2lft","time":1613712435,"event":{"mods":["AchievementEnabler","Aspiration","BaseMod","Better Third Choice","BetterRewards","Colored Powertips","Downfall","Hermit","Hubris","Infinite Spire","Marisa????????","Minty Spire (QoL Compilation)","Quick Restart","Replay The Spire","StSLib","The Runesmith","The Senshi","TheBandit","everything is the same but u backflip on backflip"],"gold_per_floor":[109,109,69,87,99,124,143,143,169,189,189,205,205,231,231,329,329,343,355,355,390,390,400,434,450,528,563,583,583,593,613,613,712,712,771,212,237,237,268,268,268],"floor_reached":40,"language":"ENG","playtime":4312,"items_purged":["Havoc+1","ReplayTheSpireMod:Muscle Training"],"score":740,"play_id":"932a7e1e-2a3a-4ec7-b2d0-415d9779918a","local_time":"20210218232715","is_ascension_mode":true,"campfire_choices":[{"floor":8,"key":"REST"},{"data":"Armaments","floor":11,"key":"SMITH"},{"floor":15,"key":"REST"},{"data":"Barricade","floor":29,"key":"SMITH"},{"data":"infinitespire:SevenWalls","floor":32,"key":"SMITH"}],"circlet_count":0,"master_deck":["Strike_R+1","Strike_R","Strike_R","Defend_R","Defend_R+1","Defend_R","Bash","Juggernaut","Cleave+1","ReplayReversal","Metallicize","Armaments+1","Iron Wave","Reaper","Pommel Strike+1","Sever Soul+1","Shrug It Off","Inflame+1","infinitespire:SevenWalls+1","Iron Wave+1","ReplayTheSpireMod:Stacked","Run Through+1","Barricade+1","hubris:StunningStrike","Flame Barrier","Corruption","Replay:Undeath\u0027s Touch+1","hubris:NaturalOne"],"relics":["Burning Blood","Lizard Tail","Replay:Baseball","Pocketwatch","Astrolabe","Red Mask","infinitespire:FocusingShard","Black Blood","Dream Catcher","Potion Belt","infinitespire:EvilPickle","Ring of Chaos","Strange Spoon","hubris:TinFlute","hubris:Icosahedron"],"acts_visited":["Exordium","TheCity","TheBeyond"],"potions_floor_usage":[6,6,7,10,14,16,21,21,23,25,30,33],"damage_taken":[{"damage":10,"enemies":"2 Louse","floor":1,"turns":3},{"damage":10,"enemies":"Jaw Worm","floor":4,"turns":5},{"damage":11,"enemies":"Cultist","floor":5,"turns":4},{"damage":37,"enemies":"Gremlin Nob","floor":6,"turns":4},{"damage":24,"enemies":"Large Slime","floor":7,"turns":5},{"damage":8,"enemies":"3 Louse","floor":10,"turns":3},{"damage":0,"enemies":"Blue Slaver","floor":12,"turns":4},{"damage":6,"enemies":"Lagavulin","floor":14,"turns":6},{"damage":11,"enemies":"Slime Boss","floor":16,"turns":8},{"damage":46,"enemies":"3 Byrds","floor":18,"turns":4},{"damage":3,"enemies":"Chosen","floor":19,"turns":4},{"damage":44,"enemies":"Masked Bandits","floor":21,"turns":4},{"damage":17,"enemies":"Snake Plant","floor":23,"turns":4},{"damage":42,"enemies":"Gremlin Leader","floor":24,"turns":7},{"damage":8,"enemies":"Shelled Parasite and Fungi","floor":25,"turns":7},{"damage":48,"enemies":"Book of Stabbing","floor":27,"turns":6},{"damage":10,"enemies":"Sentry and Sphere","floor":28,"turns":5},{"damage":16,"enemies":"Snake Plant","floor":30,"turns":5},{"damage":5,"enemies":"Centurion and Healer","floor":31,"turns":9},{"damage":10,"enemies":"Pondfish","floor":33,"turns":12},{"damage":6,"enemies":"3 Shapes","floor":35,"turns":6},{"damage":0,"enemies":"Orb Walker","floor":37,"turns":4},{"damage":31,"enemies":"3 Darklings","floor":39,"turns":9},{"damage":94,"enemies":"Giant Head","floor":40,"turns":8}],"seed_played":"-8173644076307859392","potions_obtained":[{"floor":3,"key":"Toxic Potion"},{"floor":3,"key":"DuplicationPotion"},{"floor":3,"key":"bronze:BurnAndBuffPotion"},{"floor":7,"key":"BlessingOfTheForge"},{"floor":10,"key":"SkillPotion"},{"floor":14,"key":"PowerPotion"},{"floor":16,"key":"SpeedPotion"},{"floor":19,"key":"Strength Potion"},{"floor":21,"key":"Guardian:BlockOnCardUsePotion"},{"floor":24,"key":"Fruit Juice"},{"floor":28,"key":"Guardian:BlockOnCardUsePotion"},{"floor":30,"key":"DuplicationPotion"}],"is_trial":false,"path_per_floor":["M","?","?","M","M","E","M","R","T","M","R","M","?","E","R","B",null,"M","M","?","?","AVR","M","E","M","T","E","M","R","M","M","R","B",null,"M","$","M","?","M","E"],"character_chosen":"IRONCLAD","items_purchased":["Strange Spoon","Corruption","hubris:TinFlute"],"campfire_rested":2,"item_purchase_floors":[36,36,36],"current_hp_per_floor":[76,76,76,72,67,36,18,42,42,40,40,46,30,30,54,49,72,32,35,35,56,56,57,57,72,72,42,50,50,52,77,77,85,85,85,85,85,85,72,0,0],"gold":268,"neow_bonus":"ONE_RANDOM_RARE_CARD","is_daily":false,"chose_seed":false,"campfire_upgraded":3,"win_rate":0.0,"timestamp":1613712435,"path_taken":["M","?","?","M","M","E","M","R","T","?","R","M","?","E","R","BOSS","M","M","?","?","AVR","M","E","M","T","E","M","R","M","M","R","BOSS","M","$","M","?","M","E"],"items_purchased_type":["Relic","Card","Relic"],"build_version":"2020-12-22","purchased_purges":2,"victory":false,"max_hp_per_floor":[80,80,80,80,80,80,80,80,80,80,80,80,80,80,80,80,80,80,80,80,80,80,80,80,85,85,85,85,85,85,85,85,85,85,85,85,85,85,85,85,85],"card_choices":[{"not_picked":["Intimidate","Warcry"],"picked":"Cleave","floor":1},{"not_picked":["Bloodletting","Sever Soul","hubris:ReadiedAction"],"picked":"SKIP","floor":4},{"not_picked":["Wild Strike","Berserk"],"picked":"ReplayReversal","floor":5},{"not_picked":["Perfected Strike","Defy Death"],"picked":"Metallicize","floor":6},{"not_picked":["Pommel Strike","Replay:Undeath\u0027s Touch","Fire Breathing"],"picked":"SKIP","floor":7},{"not_picked":["Clothesline","Sever Soul"],"picked":"Armaments","floor":10},{"not_picked":["Havoc","Feel No Pain"],"picked":"ReplayTheSpireMod:Muscle Training","floor":12},{"not_picked":["Fiend Fire","Clash"],"picked":"Iron Wave","floor":14},{"not_picked":["Offering","Corruption"],"picked":"Reaper","floor":16},{"not_picked":["Fire Breathing","Pommel Strike","Havoc+1"],"picked":"SKIP","floor":18},{"not_picked":["Dual Wield","Twin Strike+1"],"picked":"Shrug It Off","floor":19},{"not_picked":["Cleave","Pommel Strike"],"picked":"Inflame+1","floor":21},{"not_picked":["Headbutt","Berserk"],"picked":"Iron Wave+1","floor":23},{"not_picked":["Perfected Strike","Body Slam"],"picked":"ReplayTheSpireMod:Stacked","floor":24},{"not_picked":["Body Slam","Seeing Red"],"picked":"Run Through+1","floor":25},{"not_picked":["Sentinel+1","True Grit"],"picked":"Barricade","floor":27},{"not_picked":["hubris:CleavingFinish","Heavy Blade","Flame Barrier"],"picked":"SKIP","floor":28},{"not_picked":["Sword Boomerang","Flex","Inflame"],"picked":"SKIP","floor":30},{"not_picked":["Clothesline+1","ReplayTheSpireMod:Strike From Hell","Sentinel+1"],"picked":"SKIP","floor":31},{"not_picked":["Eclipse","Fiend Fire"],"picked":"hubris:StunningStrike","floor":33},{"not_picked":["Twin Strike","Pummel+1"],"picked":"Flame Barrier","floor":35},{"not_picked":["Reckless Charge+1","Flame Barrier"],"picked":"Replay:Undeath\u0027s Touch+1","floor":37},{"not_picked":["Carnage+1","Seeing Red","Uppercut+1"],"picked":"SKIP","floor":39}],"player_experience":389638,"relics_obtained":[{"floor":6,"key":"Lizard Tail"},{"floor":9,"key":"Replay:Baseball"},{"floor":14,"key":"Pocketwatch"},{"floor":21,"key":"Red Mask"},{"floor":24,"key":"Dream Catcher"},{"floor":27,"key":"Potion Belt"}],"event_choices":[{"damage_healed":0,"gold_gain":0,"player_choice":"Grow","damage_taken":0,"max_hp_gain":0,"max_hp_loss":0,"event_name":"Living Wall","floor":2,"gold_loss":0,"cards_upgraded":["Cleave"]},{"damage_healed":0,"gold_gain":0,"player_choice":"Bought 3 Potions","damage_taken":0,"max_hp_gain":0,"max_hp_loss":0,"event_name":"The Woman in Blue","floor":3,"gold_loss":0},{"damage_healed":46,"gold_gain":0,"player_choice":"Upgrade","damage_taken":16,"max_hp_gain":0,"max_hp_loss":80,"event_name":"betterThird:BetterShining","floor":13,"gold_loss":0,"cards_upgraded":["Defend_R","Strike_R"]},{"damage_healed":0,"gold_gain":0,"player_choice":"Fought Bandits","damage_taken":0,"max_hp_gain":0,"max_hp_loss":0,"event_name":"Masked Bandits","floor":21,"gold_loss":0}],"is_beta":false,"boss_relics":[{"not_picked":["Cursed Key","hubris:Stopwatch"],"picked":"Astrolabe"},{"not_picked":["aspiration:RunicSpoon","Busted Crown"],"picked":"Ring of Chaos"}],"items_purged_floors":[22,36],"is_endless":false,"potions_floor_spawned":[5,7,10,14,16,19,21,24,28,30],"killed_by":"Giant Head","ascension_level":5}}