{"host":"7s0ipaqx8m4pdduf","time":1613736211,"event":{"mods":["BaseMod","BetterRewards","Colored Map","Infinite Spire","Minty Spire (QoL Compilation)","StSLib","SuperFastMode"],"gold_per_floor":[114,114,130,130,140,140,140],"floor_reached":6,"language":"ENG","playtime":218,"items_purged":["Strike_G"],"score":68,"play_id":"3092de05-f402-4c92-8b11-6158ff06eb39","local_time":"20210219130331","is_ascension_mode":true,"campfire_choices":[],"circlet_count":0,"master_deck":["AscendersBane","Strike_G","Strike_G","Strike_G","Strike_G","Defend_G","Defend_G","Defend_G","Defend_G","Defend_G","Survivor","Neutralize","Mayhem","Caltrops","Bouncing Flask","Accuracy","Jack Of All Trades","Dagger Spray","Poisoned Stab","Parasite","Writhe","infinitespire:Starlight","Caltrops"],"relics":["Ring of the Snake","TungstenRod","Matryoshka"],"acts_visited":["Exordium"],"potions_floor_usage":[6],"damage_taken":[{"damage":3,"enemies":"Small Slimes","floor":1,"turns":4},{"damage":0,"enemies":"2 Louse","floor":3,"turns":4},{"damage":0,"enemies":"Jaw Worm","floor":5,"turns":5},{"damage":48,"enemies":"Gremlin Nob","floor":6,"turns":4}],"seed_played":"8394635331139897289","potions_obtained":[{"floor":1,"key":"BlessingOfTheForge"}],"is_trial":false,"path_per_floor":["M","?","M","?","M","E"],"character_chosen":"THE_SILENT","items_purchased":["Mayhem","Caltrops","Matryoshka","Bouncing Flask","Accuracy"],"campfire_rested":0,"item_purchase_floors":[0,0,0,0,0],"current_hp_per_floor":[10,10,10,10,20,0,0],"gold":140,"neow_bonus":"","is_daily":false,"chose_seed":false,"campfire_upgraded":0,"win_rate":0.0,"timestamp":1613736211,"path_taken":["M","?","M","?","M","E"],"items_purchased_type":["Card","Card","Relic","Card","Card"],"build_version":"2020-12-22","purchased_purges":1,"victory":false,"max_hp_per_floor":[66,66,66,66,66,66,66],"card_choices":[{"not_picked":["Deadly Poison","Underhanded Strike"],"picked":"Dagger Spray","floor":1},{"not_picked":["Leg Sweep","Backflip"],"picked":"Poisoned Stab","floor":3},{"not_picked":["infinitespire:Collect","infinitespire:Fortify"],"picked":"infinitespire:Starlight","floor":4},{"not_picked":["Dagger Throw","Predator"],"picked":"Caltrops","floor":5}],"player_experience":2143312,"relics_obtained":[],"event_choices":[{"damage_healed":0,"gold_gain":0,"player_choice":"Ignored","damage_taken":0,"max_hp_gain":0,"max_hp_loss":0,"event_name":"Golden Wing","floor":2,"gold_loss":0}],"is_beta":false,"boss_relics":[],"items_purged_floors":[0],"is_endless":false,"potions_floor_spawned":[1],"killed_by":"Gremlin Nob","ascension_level":18}}