{"host":"mwb0clku6crgv6yl","time":1613713693,"event":{"mods":["AchievementEnabler","BaseMod","Highlight Path","Minty Spire (QoL Compilation)","StSLib","The Cursed"],"gold_per_floor":[113,125,125,125,142,142,173,183,258,183,208,222,247,259,259,358,358,370,380,380,380],"floor_reached":20,"language":"ZHS","playtime":546,"items_purged":["Defend_R"],"score":186,"play_id":"7a2da98e-505d-4993-a52f-c50acdd88dd4","local_time":"20210219134813","is_ascension_mode":false,"campfire_choices":[{"data":"Bash","floor":6.0,"key":"SMITH"},{"floor":15,"key":"REST"}],"circlet_count":0,"master_deck":["Strike_R","Strike_R+1","Strike_R","Strike_R","Strike_R","Bash+1","Clash","Limit Break+1","Flex+1","Dark Embrace+1"],"relics":["Burning Blood","NeowsBlessing","Champion Belt","InkBottle","Odd Mushroom","Boot","Astrolabe"],"acts_visited":["Exordium","TheCity"],"potions_floor_usage":[16,16,16,16],"damage_taken":[{"damage":0.0,"enemies":"Small Slimes","floor":1.0,"turns":1.0},{"damage":0.0,"enemies":"Jaw Worm","floor":2.0,"turns":1.0},{"damage":0.0,"enemies":"2 Louse","floor":5.0,"turns":1.0},{"damage":22.0,"enemies":"Gremlin Nob","floor":7.0,"turns":4.0},{"damage":0.0,"enemies":"Large Slime","floor":8.0,"turns":3.0},{"damage":16,"enemies":"The Mushroom Lair","floor":11,"turns":5},{"damage":2,"enemies":"Looter","floor":12,"turns":2},{"damage":22,"enemies":"3 Sentries","floor":13,"turns":9},{"damage":12,"enemies":"Exordium Thugs","floor":14,"turns":4},{"damage":34,"enemies":"Slime Boss","floor":16,"turns":10},{"damage":10,"enemies":"Chosen","floor":18,"turns":3},{"damage":37,"enemies":"3 Byrds","floor":19,"turns":5}],"seed_played":"8916136682354290229","potions_obtained":[{"floor":2.0,"key":"GamblersBrew"},{"floor":7.0,"key":"EntropicBrew"},{"floor":14,"key":"DistilledChaos"},{"floor":16,"key":"EntropicBrew"},{"floor":19,"key":"DuplicationPotion"}],"is_trial":false,"path_per_floor":["M","M","?","?","M","R","E","M","T","$","?","M","E","M","R","B",null,"M","M","$"],"character_chosen":"IRONCLAD","items_purchased":[],"campfire_rested":1,"item_purchase_floors":[],"current_hp_per_floor":[80,80,85,68,74,74,58,64,64,64,54,58,42,36,61,33,85,81,50,50,50],"gold":380,"neow_bonus":"THREE_ENEMY_KILL","is_daily":false,"chose_seed":false,"campfire_upgraded":1,"win_rate":0.0,"timestamp":1613713693,"path_taken":["M","M","?","?","M","R","E","M","T","$","?","?","E","M","R","BOSS","M","M","$"],"items_purchased_type":[],"build_version":"2020-12-22","purchased_purges":1,"victory":false,"max_hp_per_floor":[80,80,85,85,85,85,85,85,85,85,85,85,85,85,85,85,85,85,85,85,85],"card_choices":[{"not_picked":["Anger","Heavy Blade","Blood for Blood"],"picked":"SKIP","floor":1.0},{"not_picked":["Havoc","Warcry","True Grit"],"picked":"SKIP","floor":2.0},{"not_picked":["Ghostly Armor","Havoc"],"picked":"Clash","floor":5.0},{"not_picked":["Twin Strike","Reckless Charge","Pommel Strike"],"picked":"SKIP","floor":7.0},{"not_picked":["Wild Strike","Cleave","Immolate"],"picked":"SKIP","floor":8.0},{"not_picked":["Metallicize","Evolve","Dark Embrace"],"picked":"SKIP","floor":12},{"not_picked":["Spot Weakness","Hemokinesis","Dropkick"],"picked":"SKIP","floor":13},{"not_picked":["Perfected Strike","Cleave","Body Slam"],"picked":"SKIP","floor":14},{"not_picked":["Metallicize","Thunderclap","Iron Wave"],"picked":"SKIP","floor":18},{"not_picked":["Shrug It Off+1","Metallicize+1","Dark Embrace"],"picked":"SKIP","floor":19}],"player_experience":348824,"relics_obtained":[{"floor":7.0,"key":"Champion Belt"},{"floor":9.0,"key":"InkBottle"},{"floor":11,"key":"Odd Mushroom"},{"floor":13,"key":"Boot"}],"event_choices":[{"damage_healed":0.0,"max_hp_gain":5.0,"max_hp_loss":0.0,"gold_gain":0.0,"event_name":"Big Fish","player_choice":"Donut","floor":3.0,"gold_loss":0.0,"damage_taken":0.0},{"damage_healed":0.0,"max_hp_gain":0.0,"max_hp_loss":0.0,"gold_gain":0.0,"event_name":"Shining Light","player_choice":"Entered Light","floor":4.0,"gold_loss":0.0,"damage_taken":17.0,"cards_upgraded":["Strike_R","Defend_R"]},{"damage_healed":0,"gold_gain":0,"player_choice":"Fought Mushrooms","damage_taken":0,"max_hp_gain":0,"max_hp_loss":0,"event_name":"Mushrooms","floor":11,"gold_loss":0}],"is_beta":false,"boss_relics":[{"not_picked":["SlaversCollar","Sozu"],"picked":"Astrolabe"}],"items_purged_floors":[10],"is_endless":false,"potions_floor_spawned":[2,7,14,16,19],"ascension_level":0}}