{"host":"ibckqdmmf9y74ymf","time":1613698580,"event":{"mods":["2.2 Compatiblity","BaseMod","Colored Map","Curses Come First","Highlight Path","Minty Spire (QoL Compilation)","Quick Restart","Rare Cards Sparkle","Relic Stats","StSLib"],"gold_per_floor":[118,118,128,146,163,163,197,208,208,233,233,233,262,272,272,349,349],"floor_reached":16,"language":"ENG","playtime":402,"items_purged":[],"score":544,"play_id":"931d0124-c84e-4714-970c-470b50c70f3f","local_time":"20210219023620","is_ascension_mode":true,"campfire_choices":[{"data":"SashWhip","floor":6.0,"key":"SMITH"},{"data":"Wallop","floor":15,"key":"SMITH"}],"circlet_count":0,"master_deck":["AscendersBane","Strike_P","Strike_P","Strike_P","Defend_P","Defend_P","Defend_P","Defend_P","Eruption","Vigilance","Wallop+1","CarveReality","SashWhip+1","FollowUp","WheelKick"],"relics":["Busted Crown","Pocketwatch","Toxic Egg 2","Oddly Smooth Stone","CaptainsWheel","Mercury Hourglass"],"acts_visited":["Exordium"],"potions_floor_usage":[],"damage_taken":[{"damage":1.0,"enemies":"Small Slimes","floor":1.0,"turns":4.0},{"damage":1.0,"enemies":"Cultist","floor":3.0,"turns":4.0},{"damage":0.0,"enemies":"2 Louse","floor":4.0,"turns":2.0},{"damage":0.0,"enemies":"2 Fungi Beasts","floor":5.0,"turns":3.0},{"damage":12.0,"enemies":"3 Sentries","floor":7.0,"turns":4.0},{"damage":4.0,"enemies":"Blue Slaver","floor":8.0,"turns":3.0},{"damage":0.0,"enemies":"Gremlin Nob","floor":10.0,"turns":2.0},{"damage":0.0,"enemies":"Lagavulin","floor":13.0,"turns":3.0},{"damage":0.0,"enemies":"3 Louse","floor":14.0,"turns":3.0},{"damage":0,"enemies":"Slime Boss","floor":16,"turns":5}],"seed_played":"-1638458669945803248","potions_obtained":[{"floor":1.0,"key":"Fire Potion"},{"floor":5.0,"key":"FairyPotion"},{"floor":13.0,"key":"Fire Potion"}],"is_trial":false,"path_per_floor":["M","?","M","M","M","R","E","M","T","E","?","?","E","M","R","B"],"character_chosen":"WATCHER","items_purchased":[],"campfire_rested":0,"item_purchase_floors":[],"current_hp_per_floor":[60,60,59,59,59,59,47,43,43,43,17,17,17,17,17,17,17],"gold":349,"neow_bonus":"BOSS_RELIC","is_daily":false,"chose_seed":false,"campfire_upgraded":2,"win_rate":0.0,"timestamp":1613698580,"path_taken":["M","?","M","M","?","R","E","M","T","E","?","?","E","M","R","BOSS"],"items_purchased_type":[],"build_version":"2020-12-22","purchased_purges":0,"victory":false,"max_hp_per_floor":[68,68,68,68,68,68,68,68,68,68,68,68,68,68,68,68,68],"relic_stats":{"Busted Crown":20,"counters":[10,32],"obtain_stats":[{"CaptainsWheel":11,"Busted Crown":0,"Oddly Smooth Stone":10,"PureWater":0,"Toxic Egg 2":9,"Pocketwatch":7,"Mercury Hourglass":13},{"CaptainsWheel":7,"Busted Crown":0,"Oddly Smooth Stone":7,"PureWater":0,"Toxic Egg 2":6,"Pocketwatch":5,"Mercury Hourglass":8},{"CaptainsWheel":22,"Busted Crown":0,"Oddly Smooth Stone":22,"PureWater":0,"Toxic Egg 2":20,"Pocketwatch":17,"Mercury Hourglass":25}],"Pocketwatch":[24],"Mercury Hourglass":[36]},"card_choices":[{"not_picked":["PathToVictory"],"picked":"SKIP","floor":1.0},{"not_picked":[],"picked":"Wallop","floor":3.0},{"not_picked":[],"picked":"CarveReality","floor":4.0},{"not_picked":[],"picked":"SashWhip","floor":5.0},{"not_picked":[],"picked":"FollowUp","floor":7.0},{"not_picked":["Weave"],"picked":"SKIP","floor":8.0},{"not_picked":["Brilliance"],"picked":"SKIP","floor":10.0},{"not_picked":[],"picked":"WheelKick","floor":13.0},{"not_picked":["BowlingBash"],"picked":"SKIP","floor":14.0}],"player_experience":744048,"relics_obtained":[{"floor":7.0,"key":"Pocketwatch"},{"floor":9.0,"key":"Toxic Egg 2"},{"floor":10.0,"key":"Oddly Smooth Stone"},{"floor":13.0,"key":"Mercury Hourglass"}],"event_choices":[{"cards_removed":["Strike_P"],"damage_healed":0.0,"max_hp_gain":0.0,"max_hp_loss":0.0,"gold_gain":0.0,"event_name":"Purifier","player_choice":"Purged","floor":2.0,"gold_loss":0.0,"damage_taken":0.0},{"damage_healed":0.0,"max_hp_gain":0.0,"max_hp_loss":0.0,"gold_gain":0.0,"event_name":"Scrap Ooze","player_choice":"Success","floor":11.0,"gold_loss":0.0,"damage_taken":26.0,"relics_obtained":["CaptainsWheel"]},{"damage_healed":0.0,"max_hp_gain":0.0,"max_hp_loss":0.0,"gold_gain":0.0,"event_name":"Shining Light","player_choice":"Ignored","floor":12.0,"gold_loss":0.0,"damage_taken":0.0}],"is_beta":false,"boss_relics":[],"items_purged_floors":[],"is_endless":false,"potions_floor_spawned":[1,5,8,13,16],"killed_by":"Slime Boss","ascension_level":20}}