{"host":"utqe55yv0jihe4d6","time":1613701595,"event":{"mods":["2.2 Compatiblity","AchievementEnabler","BaseMod","Block Reminder","Colored Map","Colored Powertips","Minty Spire (QoL Compilation)","Quick Restart","Rare Cards Sparkle","Relic Stats","SuperFastMode"],"gold_per_floor":[367,367,384,396,396,430,430,456,483,483,483],"floor_reached":10,"language":"ENG","playtime":219,"items_purged":[],"score":152,"play_id":"fd03c775-ea3e-4987-b120-0467e6a434a8","local_time":"20210218212635","is_ascension_mode":true,"campfire_choices":[{"floor":7.0,"key":"REST"}],"circlet_count":0,"master_deck":["AscendersBane","Strike_P","Strike_P","Strike_P","Defend_P","Defend_P","Defend_P","Defend_P","Eruption","Vigilance","BowlingBash","ClearTheMind","FollowUp","EmptyFist","Tantrum"],"relics":["PureWater","FaceOfCleric","Blood Vial","Tiny Chest","MealTicket"],"acts_visited":["Exordium"],"potions_floor_usage":[10],"damage_taken":[{"damage":0.0,"enemies":"Cultist","floor":1.0,"turns":3.0},{"damage":2.0,"enemies":"Jaw Worm","floor":3.0,"turns":3.0},{"damage":1.0,"enemies":"2 Louse","floor":4.0,"turns":2.0},{"damage":36.0,"enemies":"Lagavulin","floor":6.0,"turns":8.0},{"damage":15.0,"enemies":"3 Sentries","floor":8.0,"turns":6.0},{"damage":65,"enemies":"Lagavulin","floor":10,"turns":6}],"seed_played":"-5849662255439835750","potions_obtained":[{"floor":1.0,"key":"Ambrosia"},{"floor":6.0,"key":"Fire Potion"}],"is_trial":false,"path_per_floor":["M","?","M","M","?","E","R","E","T","E"],"character_chosen":"WATCHER","items_purchased":[],"campfire_rested":1,"item_purchase_floors":[],"current_hp_per_floor":[61,61,60,60,53,18,37,25,25,0,0],"gold":483,"neow_bonus":"TWO_FIFTY_GOLD","is_daily":false,"chose_seed":false,"campfire_upgraded":0,"win_rate":0.0,"timestamp":1613701595,"path_taken":["M","?","M","?","?","E","R","E","T","E"],"items_purchased_type":[],"build_version":"2020-12-22","purchased_purges":0,"victory":false,"max_hp_per_floor":[62,62,63,64,64,65,65,66,66,66,66],"relic_stats":{"Blood Vial":4,"FaceOfCleric":4,"counters":[6,28],"Tiny Chest":0,"MealTicket":0,"obtain_stats":[{"Blood Vial":6,"FaceOfCleric":2,"Tiny Chest":8,"MealTicket":9,"PureWater":0},{"Blood Vial":4,"FaceOfCleric":1,"Tiny Chest":5,"MealTicket":5,"PureWater":0},{"Blood Vial":16,"FaceOfCleric":3,"Tiny Chest":22,"MealTicket":22,"PureWater":0}]},"card_choices":[{"not_picked":["Evaluate","Prostrate"],"picked":"BowlingBash","floor":1.0},{"not_picked":["EmptyBody","MentalFortress"],"picked":"ClearTheMind","floor":3.0},{"not_picked":["WaveOfTheHand","ClearTheMind"],"picked":"FollowUp","floor":4.0},{"not_picked":["PathToVictory","MasterReality"],"picked":"EmptyFist","floor":6.0},{"not_picked":["JustLucky","Pray"],"picked":"Tantrum","floor":8.0}],"player_experience":3085825,"relics_obtained":[{"floor":6.0,"key":"Blood Vial"},{"floor":8.0,"key":"Tiny Chest"},{"floor":9.0,"key":"MealTicket"}],"event_choices":[{"damage_healed":0.0,"max_hp_gain":0.0,"max_hp_loss":0.0,"gold_gain":0.0,"event_name":"FaceTrader","player_choice":"Trade","floor":2.0,"gold_loss":0.0,"damage_taken":0.0,"relics_obtained":["FaceOfCleric"]},{"cards_removed":["Strike_P"],"damage_healed":0.0,"max_hp_gain":0.0,"max_hp_loss":0.0,"gold_gain":0.0,"event_name":"Golden Wing","player_choice":"Card Removal","floor":5.0,"gold_loss":0.0,"damage_taken":7.0}],"is_beta":false,"boss_relics":[],"items_purged_floors":[],"is_endless":false,"potions_floor_spawned":[1,6],"killed_by":"Lagavulin","ascension_level":20}}