{"host":"vk2xyavtylxbvrfq","time":1613712826,"event":{"mods":["Bard","BaseMod","Bestiary","Better Altar","Better Match","Better Note","Better Sensory Stone","Better Skull","Better Vampires","Block Reminder","Bossed Relics","Colored Map","Curses Come First","Displayed Cursed Tome","Downfall","Fox Events","Hermit","Ironclad Rager","Marked Mod","Minty Spire (QoL Compilation)","Quick Restart","Rare Cards Sparkle","Relic Sorter","Reliquary","Robot Space Explorer","StSLib","The Hayseed","The Runesmith","TheSurvivalist","Unceasing Turn Reminder"],"gold_per_floor":[13,13,13,31,46,46,74,74,74,93,105,122,147,160,160,263,263,274,274,261,261,279,279,307,307,333,333,349,362,362,373,373,475,475,486,486,486,33,33,33,49,49,76,76,92,146,0,19,19,19,19],"floor_reached":50,"language":"ENG","playtime":1694,"items_purged":[],"score":680,"play_id":"fa53b600-c8af-45a0-925b-e864566069b5","local_time":"20210219003346","is_ascension_mode":true,"campfire_choices":[{"data":"hermit:Headshot","floor":6,"key":"SMITH"},{"floor":8,"key":"REST"},{"floor":15,"key":"REST"},{"floor":23,"key":"REST"},{"floor":25,"key":"REST"},{"data":"hermit:EyeOfTheStorm","floor":27,"key":"SMITH"},{"floor":30,"key":"REST"},{"data":"hermit:LuckOfTheDraw","floor":32,"key":"SMITH"},{"floor":44,"key":"RECALL"},{"floor":49,"key":"REST"}],"circlet_count":0,"master_deck":["hermit:Strike_Hermit","hermit:Strike_Hermit+1","hermit:Strike_Hermit","hermit:Strike_Hermit+1","hermit:Defend_Hermit","hermit:Defend_Hermit+1","hermit:Defend_Hermit","hermit:Defend_Hermit","hermit:Snapshot","hermit:Covet","hermit:ItchyTrigger+1","hermit:Coalescence","hermit:Headshot+1","hermit:Dive","hermit:BigShot","hermit:Vantage","hermit:EyeOfTheStorm+1","hermit:BigShot+1","hermit:Gestalt","hermit:FromBeyond","hermit:Combo+1","hermit:Snapshot+1","hermit:Quickdraw+1","hermit:Horror","hermit:Snipe","downfall:Icky","hermit:Headshot","hermit:LuckOfTheDraw+1","hermit:Vantage+1","hermit:RoundhouseKick","hermit:Dive","Writhe","hermit:LuckOfTheDraw+1","Master of Strategy","Dramatic Entrance","downfall:Malfunctioning","hermit:EyeOfTheStorm","hermit:Brawl+1","hermit:LoneWolf+1"],"relics":["hermit:Momento","Pocketwatch","foxEvents:EldersFace","Runesmith:Nanobots","Meat on the Bone","Frozen Egg 2","Cursed Key","Vajra","Bronze Scales","Philosopher\u0027s Stone","Sling","reliquary:PartyBalloon","reliquary:TatteredRug","Happy Flower","Mango","Red Mask"],"acts_visited":["Exordium","TheCity","TheBeyond"],"potions_floor_usage":[13,13,16,22,22,24,29,31,40,45,50,50],"damage_taken":[{"damage":3,"enemies":"Small Slimes","floor":1,"turns":2},{"damage":2,"enemies":"Jaw Worm","floor":4,"turns":2},{"damage":0,"enemies":"Cultist","floor":5,"turns":3},{"damage":25,"enemies":"Lagavulin","floor":7,"turns":6},{"damage":0,"enemies":"Gremlin Gang","floor":10,"turns":4},{"damage":0,"enemies":"3 Louse","floor":11,"turns":2},{"damage":0,"enemies":"Blue Slaver","floor":12,"turns":2},{"damage":41,"enemies":"Gremlin Nob","floor":13,"turns":5},{"damage":1,"enemies":"Exordium Thugs","floor":14,"turns":3},{"damage":53,"enemies":"Hexaghost","floor":16,"turns":10},{"damage":7,"enemies":"Shell Parasite","floor":18,"turns":3},{"damage":0,"enemies":"2 Thieves","floor":20,"turns":4},{"damage":12,"enemies":"3 Cultists","floor":22,"turns":5},{"damage":24,"enemies":"Book of Stabbing","floor":24,"turns":5},{"damage":2,"enemies":"Snecko","floor":28,"turns":3},{"damage":25,"enemies":"Shelled Parasite and Fungi","floor":29,"turns":5},{"damage":9,"enemies":"Centurion and Healer","floor":31,"turns":5},{"damage":22,"enemies":"Champ","floor":33,"turns":8},{"damage":1,"enemies":"3 Shapes","floor":35,"turns":3},{"damage":0,"enemies":"Reptomancer","floor":40,"turns":2},{"damage":10,"enemies":"Orb Walker","floor":41,"turns":3},{"damage":5,"enemies":"Writhing Mass","floor":45,"turns":2},{"damage":13,"enemies":"2 Orb Walkers","floor":46,"turns":3},{"damage":14,"enemies":"Sphere and 2 Shapes","floor":48,"turns":4},{"damage":74,"enemies":"Awakened One","floor":50,"turns":3}],"seed_played":"-766255615670692465","potions_obtained":[{"floor":4,"key":"Explosive Potion"},{"floor":10,"key":"SkillPotion"},{"floor":11,"key":"SmokeBomb"},{"floor":12,"key":"BlessingOfTheForge"},{"floor":14,"key":"Weak Potion"},{"floor":16,"key":"Block Potion"},{"floor":21,"key":"LiquidMemories"},{"floor":22,"key":"FearPotion"},{"floor":24,"key":"ColorlessPotion"},{"floor":29,"key":"ColorlessPotion"},{"floor":41,"key":"Swift Potion"},{"floor":46,"key":"Strength Potion"},{"floor":48,"key":"LiquidMemories"}],"is_trial":false,"path_per_floor":["M","?","?","M","M","R","E","R","T","M","M","M","E","M","R","B",null,"M","?","M","?","M","R","E","R","T","R","M","M","R","M","R","B",null,"M","?","?","$","$","E","M","?","T","R","M","?","?","M","R","B"],"character_chosen":"HERMIT","items_purchased":["Sling","reliquary:PartyBalloon","reliquary:TatteredRug"],"campfire_rested":6,"item_purchase_floors":[38,38,38],"current_hp_per_floor":[65,65,65,63,63,63,38,60,60,60,60,60,31,42,64,23,62,55,55,55,55,43,65,41,63,63,63,61,48,70,61,61,39,66,65,65,75,75,75,75,65,65,65,65,60,61,61,47,73,0,0],"gold":19,"neow_bonus":"ONE_RARE_RELIC","is_daily":false,"chose_seed":false,"campfire_upgraded":3,"win_rate":0.0,"timestamp":1613712826,"path_taken":["M","?","?","?","M","R","E","R","T","M","M","?","E","M","R","BOSS","M","?","M","?","M","R","E","R","T","R","M","M","R","?","R","BOSS","M","?","?","?","$","E","?","?","T","R","M","?","?","M","R","BOSS"],"items_purchased_type":["Relic","Relic","Relic"],"build_version":"2020-12-22","purchased_purges":0,"victory":false,"max_hp_per_floor":[75,75,75,75,75,75,75,75,75,75,75,75,75,75,75,75,75,75,75,75,75,75,75,75,75,75,75,75,75,75,75,75,75,75,75,75,75,75,75,75,75,75,75,75,75,89,89,89,89,89,89],"card_choices":[{"not_picked":["hermit:Glare","hermit:PistolWhip"],"picked":"hermit:ItchyTrigger","floor":1},{"not_picked":["hermit:Dive","hermit:PistolWhip"],"picked":"hermit:Coalescence","floor":4},{"not_picked":["hermit:Coalescence","hermit:LowProfile"],"picked":"hermit:Headshot","floor":5},{"not_picked":["hermit:Snipe","hermit:Magnum"],"picked":"hermit:Dive","floor":7},{"not_picked":["hermit:PistolWhip","hermit:Roulette"],"picked":"hermit:BigShot","floor":10},{"not_picked":["hermit:HoleUp","hermit:Ricochet"],"picked":"hermit:Vantage","floor":11},{"not_picked":["hermit:Dive","hermit:Gestalt"],"picked":"hermit:EyeOfTheStorm","floor":12},{"not_picked":["hermit:Roulette","hermit:Ricochet"],"picked":"hermit:BigShot+1","floor":13},{"not_picked":["hermit:Brawl+1","hermit:CalledShot"],"picked":"hermit:Gestalt","floor":14},{"not_picked":["hermit:Purgatory","hermit:Magnum"],"picked":"hermit:FromBeyond","floor":16},{"not_picked":["hermit:HighCaliber","hermit:Manifest+1"],"picked":"hermit:Combo+1","floor":18},{"not_picked":["hermit:HoleUp","hermit:WideOpen+1"],"picked":"hermit:Quickdraw+1","floor":20},{"not_picked":["hermit:SprayPray+1","hermit:TrackingShot"],"picked":"hermit:Horror","floor":22},{"not_picked":["hermit:Shortfuse","hermit:Showdown+1"],"picked":"hermit:Snipe","floor":24},{"not_picked":["hermit:Spite","hermit:Snipe"],"picked":"hermit:Headshot","floor":28},{"not_picked":["hermit:Magnum","hermit:BodyArmor"],"picked":"hermit:LuckOfTheDraw","floor":29},{"not_picked":["hermit:Glare","hermit:Ricochet"],"picked":"hermit:Vantage+1","floor":31},{"not_picked":["hermit:Purgatory","hermit:HighNoon+1"],"picked":"hermit:RoundhouseKick","floor":33},{"not_picked":["hermit:ItchyTrigger","hermit:BodyArmor"],"picked":"hermit:Dive","floor":35},{"not_picked":["hermit:HighCaliber+1","hermit:Headshot"],"picked":"hermit:LuckOfTheDraw+1","floor":41},{"not_picked":["Enlightenment","Impatience"],"picked":"Master of Strategy","floor":42},{"not_picked":["Violence","Deep Breath"],"picked":"Dramatic Entrance","floor":42},{"not_picked":["hermit:LowProfile","hermit:Roulette+1"],"picked":"hermit:EyeOfTheStorm","floor":45},{"not_picked":["hermit:Feint","hermit:GhostlyPresence"],"picked":"hermit:Brawl+1","floor":46},{"not_picked":["hermit:Desperado","hermit:Brawl+1"],"picked":"hermit:LoneWolf+1","floor":48}],"player_experience":1436095,"relics_obtained":[{"floor":7,"key":"Runesmith:Nanobots"},{"floor":9,"key":"Meat on the Bone"},{"floor":13,"key":"Frozen Egg 2"},{"floor":24,"key":"Vajra"},{"floor":26,"key":"Bronze Scales"},{"floor":43,"key":"Happy Flower"},{"floor":46,"key":"Mango"}],"event_choices":[{"damage_healed":0,"gold_gain":0,"player_choice":"Grow","damage_taken":0,"max_hp_gain":0,"max_hp_loss":0,"event_name":"Living Wall","floor":2,"gold_loss":0,"cards_upgraded":["hermit:ItchyTrigger"]},{"damage_healed":0,"gold_gain":0,"player_choice":"Trade","damage_taken":0,"relics_obtained":["foxEvents:EldersFace"],"max_hp_gain":0,"max_hp_loss":0,"event_name":"FaceTrader","floor":3,"gold_loss":0},{"cards_removed":["hermit:Snapshot"],"damage_healed":0,"gold_gain":0,"player_choice":"Take \u0026 Give","damage_taken":0,"max_hp_gain":0,"max_hp_loss":0,"event_name":"betterNote:BetterNote","floor":19,"gold_loss":0,"cards_obtained":["hermit:Snapshot"]},{"damage_healed":0,"gold_gain":0,"player_choice":"Got Potions","damage_taken":0,"max_hp_gain":0,"max_hp_loss":0,"event_name":"Lab","floor":21,"gold_loss":0},{"damage_healed":19,"gold_gain":0,"player_choice":"Writhe","damage_taken":0,"max_hp_gain":0,"max_hp_loss":0,"event_name":"Winding Halls","floor":37,"gold_loss":0,"cards_obtained":["Writhe"]},{"damage_healed":0,"gold_gain":3,"player_choice":"1","damage_taken":0,"max_hp_gain":0,"max_hp_loss":0,"event_name":"betterStone:BetterStone","floor":42,"gold_loss":0},{"damage_healed":0,"gold_gain":0,"player_choice":"Fight","damage_taken":0,"max_hp_gain":0,"max_hp_loss":0,"event_name":"Mysterious Sphere","floor":46,"gold_loss":0},{"damage_healed":0,"gold_gain":0,"player_choice":"Paid","damage_taken":0,"relics_obtained":["Red Mask"],"max_hp_gain":0,"max_hp_loss":0,"event_name":"Tomb of Lord Red Mask","floor":47,"gold_loss":146}],"is_beta":false,"boss_relics":[{"not_picked":["reliquary:RedCape","Pandora\u0027s Box"],"picked":"Cursed Key"},{"not_picked":["Coffee Dripper","reliquary:Craggleroot"],"picked":"Philosopher\u0027s Stone"}],"items_purged_floors":[],"is_endless":false,"potions_floor_spawned":[4,10,11,12,14,16,22,24,29,41,46,48],"killed_by":"Awakened One","ascension_level":6}}