{"host":"flm17o2q7bfjyna6","time":1613759082,"event":{"mods":["2.2 Compatiblity","Act Like it!","BaseMod","Better Altar","Better Match","Better Note","Better Sensory Stone","Better Skull","Better Third Choice","Better Vampires","Colored Map","Colored Powertips","DeckTracker","Downfall","Fox Events","Minty Spire (QoL Compilation)","Quick Restart","Replay The Spire","Reworked Bosses","Spicy Shops","StSLib","TheSwordswoman","Wandering Minibosses"],"gold_per_floor":[99,99,199,199,199,199,199,45,56,156,175,188,188,216,235,235,235,235],"floor_reached":16,"language":"ENG","playtime":868,"items_purged":[],"score":123,"play_id":"06fab999-92d7-494e-a4da-7e86c232b56d","local_time":"20210219132442","is_ascension_mode":false,"campfire_choices":[{"data":"champ:Taunt","floor":1,"key":"SMITH"},{"data":"champ:CrookedStrike","floor":13,"key":"SMITH"}],"circlet_count":0,"master_deck":["champ:Strike","champ:Strike","champ:Defend","champ:Defend","champ:Defend","champ:Execute+1","champ:Taunt+1","champ:BringItOn+1","champ:FocusedDefense+1","downfall:Icky","champ:DeathBlow","champ:RecklessLeap+1","champ:VampiricStrike","champ:ArenaPreparation","champ:ViciousMockery","champ:SetATrap","champ:CrookedStrike+1","champ:SkillfulDodge","champ:BringItOn","champ:CrownThrow"],"relics":["champ:ChampionCrown","downfall:HeartsMalice","ReplayTheSpireMod:Shallot","Potion Belt"],"acts_visited":["Exordium"],"potions_floor_usage":[10,14],"damage_taken":[{"damage":0,"enemies":"2 Louse","floor":2,"turns":1},{"damage":0,"enemies":"Jaw Worm","floor":6,"turns":1},{"damage":0,"enemies":"downfall:FleeingMerchant","floor":8,"turns":1},{"damage":10,"enemies":"Cultist","floor":9,"turns":3},{"damage":41,"enemies":"downfall:Heads","floor":10,"turns":6},{"damage":7,"enemies":"downfall:LooterAlt","floor":11,"turns":3},{"damage":10,"enemies":"3 Louse","floor":12,"turns":3},{"damage":0,"enemies":"Gremlin Nob","floor":14,"turns":3},{"damage":25,"enemies":"2 Fungi Beasts","floor":15,"turns":4},{"damage":77,"enemies":"WA_ARCHETYPE_RETAIN","floor":16,"turns":9}],"seed_played":"-3032014012590723491","potions_obtained":[{"floor":9,"key":"Adrenaline Potion"},{"floor":10,"key":"PowerPotion"},{"floor":14,"key":"Strength Potion"},{"floor":15,"key":"Reflective Coating"}],"is_trial":false,"path_per_floor":["R","M","?","?","?","M","T","$","M","?","M","M","R","E","M","B"],"character_chosen":"THE_CHAMP","items_purchased":["champ:VampiricStrike"],"campfire_rested":0,"item_purchase_floors":[8],"current_hp_per_floor":[90,90,90,90,90,90,90,90,90,84,77,77,77,77,77,0,0,0],"gold":235,"neow_bonus":"THREE_ENEMY_KILL","is_daily":false,"chose_seed":false,"campfire_upgraded":2,"win_rate":0.0,"timestamp":1613759082,"path_taken":["R","M","?","?","?","?","T","$","M","?","M","M","R","E","M","BOSS"],"items_purchased_type":["Card"],"build_version":"2020-12-22","purchased_purges":0,"victory":false,"max_hp_per_floor":[90,90,90,90,90,90,90,90,90,90,90,90,90,90,90,90,90,90],"card_choices":[{"not_picked":["champ:FancyFootwork","champ:FlashCut"],"picked":"champ:BringItOn","floor":2},{"not_picked":["champ:Backstep","champ:DefensiveStyle"],"picked":"champ:DeathBlow","floor":6},{"not_picked":["champ:BladeFlurry","champ:EnGarde"],"picked":"champ:RecklessLeap","floor":8},{"not_picked":["champ:BladeFlurry","champ:AdrenalArmor"],"picked":"champ:ArenaPreparation","floor":9},{"not_picked":["champ:EndlessRage","champ:HeartStrike"],"picked":"champ:SetATrap","floor":10},{"not_picked":["champ:BringItOn","champ:DefensiveShout"],"picked":"champ:CrookedStrike","floor":11},{"not_picked":["champ:Shatter","champ:Backstep"],"picked":"champ:SkillfulDodge","floor":12},{"not_picked":["champ:PreciseThrust","champ:CalledShot"],"picked":"champ:BringItOn","floor":14},{"not_picked":["champ:IgnorePain","champ:AdrenalArmor"],"picked":"champ:CrownThrow","floor":15}],"player_experience":1957870,"relics_obtained":[{"floor":7,"key":"ReplayTheSpireMod:Shallot"},{"floor":14,"key":"Potion Belt"}],"event_choices":[],"is_beta":false,"boss_relics":[],"items_purged_floors":[],"is_endless":false,"potions_floor_spawned":[9,10,14,15],"killed_by":"WA_ARCHETYPE_RETAIN","ascension_level":0}}