{"host":"ydg0vn0pu4pubmdt","time":1613743029,"event":{"mods":["AchievementEnabler","BaseMod","Colored Map","Minty Spire (QoL Compilation)","Quick Restart","SuperFastMode"],"gold_per_floor":[116,116,191,86,86,112,112,112,138,88,132,160,160,85,85,187,250,282,282,282],"floor_reached":19,"language":"KOR","playtime":286,"items_purged":["Strike_G","Defend_G"],"score":442,"play_id":"05654b04-0b71-4d8e-855a-8c190d5da532","local_time":"20210219225709","is_ascension_mode":true,"campfire_choices":[{"data":"Blade Dance","floor":7.0,"key":"SMITH"},{"data":"Noxious Fumes","floor":15.0,"key":"SMITH"}],"circlet_count":0,"master_deck":["AscendersBane","Survivor","Neutralize","Finisher","Blade Dance+1","Blur","Noxious Fumes+1","Crippling Poison","Die Die Die","PiercingWail","Deadly Poison","Flechettes","Predator","Calculated Gamble","Poisoned Stab","Tools of the Trade","Escape Plan"],"relics":["Ring of the Snake","NeowsBlessing","Ancient Tea Set","Turnip","Golden Idol","Smiling Mask","CeramicFish","Pandora\u0027s Box"],"acts_visited":["Exordium","TheCity"],"potions_floor_usage":[18],"damage_taken":[{"damage":0.0,"enemies":"Jaw Worm","floor":1.0,"turns":1.0},{"damage":0.0,"enemies":"3 Sentries","floor":6.0,"turns":2.0},{"damage":0.0,"enemies":"Gremlin Nob","floor":11.0,"turns":1.0},{"damage":0.0,"enemies":"Small Slimes","floor":12.0,"turns":3.0},{"damage":24.0,"enemies":"Hexaghost","floor":16.0,"turns":10.0},{"damage":5,"enemies":"Chosen","floor":18,"turns":5},{"damage":22,"enemies":"Spheric Guardian","floor":19,"turns":4}],"seed_played":"-3307237086129560742","potions_obtained":[{"floor":6.0,"key":"DuplicationPotion"},{"floor":11.0,"key":"LiquidBronze"}],"is_trial":false,"path_per_floor":["M","?","?","$","?","E","R","?","T","$","E","M","?","?","R","B",null,"M","M"],"character_chosen":"THE_SILENT","items_purchased":["Blade Dance"],"campfire_rested":0,"item_purchase_floors":[4],"current_hp_per_floor":[59,54,43,43,48,48,48,48,48,48,48,48,48,48,48,24,54,49,27,27],"gold":282,"neow_bonus":"THREE_ENEMY_KILL","is_daily":false,"chose_seed":false,"campfire_upgraded":2,"win_rate":0.0,"timestamp":1613743029,"path_taken":["M","?","?","$","?","E","R","?","T","?","E","?","?","?","R","BOSS","M","M"],"items_purchased_type":["Card"],"build_version":"2020-12-22","purchased_purges":2,"victory":false,"max_hp_per_floor":[66,66,66,66,71,71,71,64,64,64,64,64,64,64,64,64,64,64,64,64],"card_choices":[{"not_picked":["Underhanded Strike","Footwork"],"picked":"Finisher","floor":1.0},{"not_picked":["Calculated Gamble","A Thousand Cuts"],"picked":"Blur","floor":6.0},{"not_picked":["Flying Knee","Underhanded Strike"],"picked":"Noxious Fumes","floor":11.0},{"not_picked":["Prepared","Poisoned Stab"],"picked":"Crippling Poison","floor":12.0},{"not_picked":["Storm of Steel","A Thousand Cuts"],"picked":"Die Die Die","floor":16.0},{"not_picked":["Poisoned Stab","Deadly Poison+1"],"picked":"Escape Plan","floor":18}],"player_experience":613305,"relics_obtained":[{"floor":6.0,"key":"Turnip"},{"floor":9.0,"key":"Smiling Mask"},{"floor":11.0,"key":"CeramicFish"}],"event_choices":[{"damage_healed":0.0,"max_hp_gain":0.0,"max_hp_loss":0.0,"gold_gain":0.0,"event_name":"Scrap Ooze","player_choice":"Success","floor":2.0,"gold_loss":0.0,"damage_taken":5.0,"relics_obtained":["Ancient Tea Set"]},{"damage_healed":0.0,"max_hp_gain":0.0,"max_hp_loss":0.0,"gold_gain":75.0,"event_name":"World of Goop","player_choice":"Gather Gold","floor":3.0,"gold_loss":0.0,"damage_taken":11.0},{"damage_healed":0.0,"max_hp_gain":5.0,"max_hp_loss":0.0,"gold_gain":0.0,"event_name":"Big Fish","player_choice":"Donut","floor":5.0,"gold_loss":0.0,"damage_taken":0.0},{"damage_healed":0.0,"max_hp_gain":0.0,"max_hp_loss":7.0,"gold_gain":0.0,"event_name":"Golden Idol","player_choice":"Lose Max HP","floor":8.0,"gold_loss":0.0,"damage_taken":0.0,"relics_obtained":["Golden Idol"]},{"damage_healed":0.0,"max_hp_gain":0.0,"max_hp_loss":0.0,"gold_gain":0.0,"event_name":"Liars Game","player_choice":"Ignored","floor":13.0,"gold_loss":0.0,"damage_taken":0.0},{"cards_removed":["Strike_G"],"damage_healed":0.0,"max_hp_gain":0.0,"max_hp_loss":0.0,"gold_gain":0.0,"event_name":"The Cleric","player_choice":"Card Removal","floor":14.0,"gold_loss":75.0,"damage_taken":0.0}],"is_beta":false,"boss_relics":[{"not_picked":["Ectoplasm","Calling Bell"],"picked":"Pandora\u0027s Box"}],"items_purged_floors":[4,10],"is_endless":false,"potions_floor_spawned":[6,11,12],"killed_by":"Spheric Guardian","ascension_level":20}}