{"host":"crmowuwgj9wiiaqp","time":1613754930,"event":{"mods":["BaseMod","Minty Spire (QoL Compilation)","Potionbrewer","StSLib"],"gold_per_floor":[109,59,76,36,56,83,83,101,172,172,190,217,217,237,237,334,334,345,345,19,35,35,35],"floor_reached":22,"language":"ENG","playtime":1598,"items_purged":[],"score":231,"play_id":"f42c48af-a89b-403b-8853-158e1885c56c","local_time":"20210219101530","is_ascension_mode":true,"campfire_choices":[{"data":"potionbrewer:BottomlessFlask","floor":7.0,"key":"SMITH"},{"floor":13.0,"key":"REST"},{"data":"potionbrewer:Experimentation","floor":15.0,"key":"SMITH"}],"circlet_count":0,"master_deck":["potionbrewer:PotionbrewerStrike","potionbrewer:PotionbrewerStrike+1","potionbrewer:PotionbrewerDefend","potionbrewer:PotionbrewerDefend","potionbrewer:PotionbrewerDefend","potionbrewer:Collect","potionbrewer:ChemicalSpill","potionbrewer:LeftoverSpecimen","potionbrewer:ChemicalWeapons","potionbrewer:Prototype","potionbrewer:FlareUp","potionbrewer:ChoosePotion","potionbrewer:ChoosePotion","potionbrewer:Prototype","potionbrewer:Experimentation+1","potionbrewer:Prototype","potionbrewer:TestFormula","potionbrewer:Catalyze","potionbrewer:Prototype","potionbrewer:FlareUp","potionbrewer:Discombobulate"],"relics":["potionbrewer:AlchemistKit","Peace Pipe","Matryoshka","potionbrewer:BunsenBurner","White Beast Statue"],"acts_visited":["Exordium","TheCity"],"potions_floor_usage":[],"damage_taken":[{"damage":0.0,"enemies":"2 Louse","floor":1.0,"turns":2.0},{"damage":0.0,"enemies":"Small Slimes","floor":3.0,"turns":5.0},{"damage":11.0,"enemies":"Jaw Worm","floor":5.0,"turns":4.0},{"damage":22.0,"enemies":"3 Sentries","floor":6.0,"turns":11.0},{"damage":8.0,"enemies":"Exordium Wildlife","floor":8.0,"turns":4.0},{"damage":2.0,"enemies":"Exordium Thugs","floor":11.0,"turns":3.0},{"damage":16.0,"enemies":"Gremlin Nob","floor":12.0,"turns":4.0},{"damage":13.0,"enemies":"Large Slime","floor":14.0,"turns":3.0},{"damage":17.0,"enemies":"The Guardian","floor":16.0,"turns":11.0},{"damage":5.0,"enemies":"Chosen","floor":18.0,"turns":4.0},{"damage":0.0,"enemies":"Spheric Guardian","floor":21.0,"turns":3.0},{"damage":0,"enemies":"Snecko","floor":22,"turns":1}],"seed_played":"-4049799899336470762","potions_obtained":[{"floor":0.0,"key":"potionbrewer:InfectionPotion"},{"floor":0.0,"key":"SteroidPotion"},{"floor":0.0,"key":"potionbrewer:BlacksmithPotion"},{"floor":5.0,"key":"Strength Potion"},{"floor":11.0,"key":"Fire Potion"},{"floor":12.0,"key":"Weak Potion"},{"floor":14.0,"key":"potionbrewer:EndurancePotion"},{"floor":21.0,"key":"SkillPotion"}],"is_trial":false,"path_per_floor":["M","?","M","$","M","E","R","M","T","?","M","E","R","M","R","B",null,"M","?","$","M","M"],"character_chosen":"POTIONBREWER","items_purchased":["potionbrewer:ChemicalWeapons","White Beast Statue","potionbrewer:FlareUp"],"campfire_rested":1,"item_purchase_floors":[4,20,20],"current_hp_per_floor":[75,75,75,75,64,42,42,34,34,27,25,9,31,18,18,1,75,70,70,70,70,70,70],"gold":35,"neow_bonus":"THREE_SMALL_POTIONS","is_daily":false,"chose_seed":false,"campfire_upgraded":2,"win_rate":0.0,"timestamp":1613754930,"path_taken":["M","?","M","$","M","E","R","M","T","?","?","E","R","M","R","BOSS","M","?","$","M","M"],"items_purchased_type":["Card","Relic","Card"],"build_version":"2020-12-22","purchased_purges":0,"victory":false,"max_hp_per_floor":[75,75,75,75,75,75,75,75,75,75,75,75,75,75,75,75,75,75,75,75,75,75,75],"card_choices":[{"not_picked":["potionbrewer:Smack","potionbrewer:Spark"],"picked":"potionbrewer:LeftoverSpecimen","floor":1.0},{"not_picked":["potionbrewer:TestSubject","potionbrewer:BlindingMist","potionbrewer:Prototype"],"picked":"potionbrewer:BottomlessFlask","floor":3.0},{"not_picked":["potionbrewer:BlindingSpray","potionbrewer:PrivateReserves","potionbrewer:Biohazard"],"picked":"potionbrewer:Prototype","floor":5.0},{"not_picked":["potionbrewer:FortifiedSerum","potionbrewer:VolatileSolution"],"picked":"potionbrewer:FlareUp","floor":6.0},{"not_picked":["potionbrewer:ChainReaction","potionbrewer:Smokescreen","potionbrewer:WizBang"],"picked":"potionbrewer:Prototype","floor":8.0},{"not_picked":["potionbrewer:DigDeep","potionbrewer:VolatileSolution"],"picked":"potionbrewer:Experimentation","floor":11.0},{"not_picked":["potionbrewer:Toxicity","potionbrewer:PortableLab","potionbrewer:VolatileSolution"],"picked":"potionbrewer:Prototype","floor":12.0},{"not_picked":["potionbrewer:VolatileSolution","potionbrewer:Shovel"],"picked":"potionbrewer:TestFormula","floor":14.0},{"not_picked":["potionbrewer:BrokenBeakers","potionbrewer:BeatDown","potionbrewer:Prototype"],"picked":"potionbrewer:Catalyze","floor":16.0},{"not_picked":["potionbrewer:Shovel","potionbrewer:UnstableFormula","potionbrewer:Biohazard+1"],"picked":"potionbrewer:Prototype","floor":18.0},{"not_picked":["potionbrewer:Contingency","potionbrewer:BlindingSpray"],"picked":"potionbrewer:Discombobulate","floor":21.0}],"player_experience":1448087,"relics_obtained":[{"floor":6.0,"key":"Peace Pipe"},{"floor":9.0,"key":"Matryoshka"},{"floor":12.0,"key":"potionbrewer:BunsenBurner"}],"event_choices":[{"cards_removed":["potionbrewer:PotionbrewerStrike"],"damage_healed":0.0,"max_hp_gain":0.0,"max_hp_loss":0.0,"gold_gain":0.0,"event_name":"The Cleric","player_choice":"Card Removal","floor":2.0,"gold_loss":50.0,"damage_taken":0.0},{"cards_removed":["potionbrewer:PotionbrewerDefend"],"damage_healed":0.0,"max_hp_gain":0.0,"max_hp_loss":0.0,"gold_gain":0.0,"event_name":"Golden Wing","player_choice":"Card Removal","floor":10.0,"gold_loss":0.0,"damage_taken":7.0},{"cards_removed":["potionbrewer:PotionbrewerStrike"],"damage_healed":0.0,"max_hp_gain":0.0,"max_hp_loss":0.0,"gold_gain":0.0,"event_name":"Bonfire Elementals","player_choice":"Offered Basic","floor":19.0,"gold_loss":0.0,"damage_taken":0.0}],"is_beta":false,"boss_relics":[{"not_picked":["Philosopher\u0027s Stone","Tiny House"],"picked":"potionbrewer:AlchemistKit"}],"items_purged_floors":[],"is_endless":false,"potions_floor_spawned":[5,11,12,14,21],"killed_by":"Snecko","ascension_level":1}}