{"host":"xp5rvh2jwe2ejyfm","time":1613742500,"event":{"mods":["2.2 Compatiblity","Aspiration","BaseMod","Better Altar","Better Match","Better Note","Better Sensory Stone","Better Skull","BetterRewards","Colored Powertips","Conspire","Downfall","GifTheSpireLib","Gremlin Mod","GungeonMod","Hermit","Hubris","Jorbs\u0027s Wanderer Trilogy","Minty Spire (QoL Compilation)","Potionbrewer","Quick Restart","Replay The Spire","Robot Space Explorer","Shade Mod","Somnambulant","StSLib","The Bug Knight","The Clintock","The Construct","The Cursed","The Disciple","The Forsaken","The Hierophant","The Marked","The Necromancer","The Runesmith","The Servant 0.9.4","The Valiant","The Witch","TheFirefly","thorton"],"gold_per_floor":[115,40,40,60,76,76,105,124,151,151,162,162,176,193,193,289,289,299,224,66,66,79,111,111,128,152,36,36,56,56,56],"floor_reached":30,"language":"ENG","playtime":1387,"items_purged":[],"score":252,"play_id":"65438f28-d825-486a-8526-6b583a0026cd","local_time":"20210219084820","is_ascension_mode":false,"campfire_choices":[{"floor":6,"key":"REST"},{"floor":10,"key":"RECALL"},{"data":"Infinite Blades","floor":15,"key":"SMITH"},{"floor":24,"key":"REST"},{"floor":28,"key":"REST"}],"circlet_count":0,"master_deck":["Strike_G","Strike_G+1","Strike_G+1","Strike_G","Strike_G","Defend_G","Defend_G","Defend_G","Defend_G","Defend_G","Survivor","Neutralize","Draining Mist","Infinite Blades+1","Dagger Spray","Accuracy","Acrobatics","Cloak And Dagger","Dagger Throw","Hidden Blade","Cloak And Dagger","Crippling Poison","Corpse Explosion","Underhanded Strike","Heel Hook+1","Noxious Fumes","Specialist","Unload","PiercingWail+1","ReplayTheSpireMod:Shiv Toss","Envenom","Outmaneuver","Cloak And Dagger"],"relics":["Ring of the Snake","PreservedInsect","WingedGreaves","DemoMod:MeltedRock","Vajra","theForsaken:PaleLantern","Whetstone","aspiration:HiddenCompartment","DemoMod:GlassGuonStoneRelic"],"acts_visited":["Exordium","TheCity"],"potions_floor_usage":[7,16,18,25,30],"damage_taken":[{"damage":3,"enemies":"Cultist","floor":1,"turns":5},{"damage":0,"enemies":"2 Louse","floor":4,"turns":2},{"damage":9,"enemies":"Small Slimes","floor":5,"turns":2},{"damage":10,"enemies":"Gremlin Nob","floor":7,"turns":4},{"damage":8,"enemies":"2 Fungi Beasts","floor":8,"turns":3},{"damage":27,"enemies":"Exordium Wildlife","floor":11,"turns":5},{"damage":11,"enemies":"3 Louse","floor":13,"turns":2},{"damage":6,"enemies":"Looter","floor":14,"turns":3},{"damage":1,"enemies":"Fading Forest","floor":16,"turns":11},{"damage":24,"enemies":"Shell Parasite","floor":18,"turns":5},{"damage":0,"enemies":"Chosen","floor":22,"turns":4},{"damage":21,"enemies":"Slavers","floor":23,"turns":2},{"damage":31,"enemies":"Shelled Parasite and Fungi","floor":25,"turns":5},{"damage":29,"enemies":"Snake Plant","floor":29,"turns":5},{"damage":11,"enemies":"Centurion and Healer","floor":30,"turns":1}],"seed_played":"-6081348341122102329","potions_obtained":[{"floor":5,"key":"sneckomod:MuddlingPotion"},{"floor":8,"key":"BlessingOfTheForge"},{"floor":13,"key":"potionbrewer:AcidPotion"},{"floor":23,"key":"PowerPotion"},{"floor":29,"key":"DemoMod:LeadSkinPotion"}],"is_trial":false,"path_per_floor":["M","$","?","M","M","R","E","M","T","R","M","?","M","M","R","B",null,"M","?","$","?","M","E","R","M","T","$","R","M","M"],"character_chosen":"THE_SILENT","items_purchased":["PreservedInsect","Draining Mist","Infinite Blades","DemoMod:MeltedRock","Accuracy","Noxious Fumes","Specialist","Envenom","Outmaneuver"],"campfire_rested":3,"item_purchase_floors":[0,0,0,0,2,20,20,27,27],"current_hp_per_floor":[46,46,46,46,37,58,48,40,40,40,13,70,59,53,53,52,70,46,46,46,46,46,25,46,15,15,15,36,7,0,0],"gold":56,"neow_bonus":"","is_daily":false,"chose_seed":false,"campfire_upgraded":1,"win_rate":0.0,"timestamp":1613742500,"path_taken":["M","$","?","M","M","R","E","M","T","R","M","?","M","M","R","BOSS","M","?","$","?","M","E","R","M","T","?","R","M","M"],"items_purchased_type":["Relic","Card","Card","Relic","Card","Card","Card","Card","Card"],"build_version":"2020-12-22","purchased_purges":0,"victory":false,"max_hp_per_floor":[70,70,70,70,70,70,70,70,70,70,70,70,70,70,70,70,70,70,70,70,70,70,70,70,70,70,70,70,70,70,70],"card_choices":[{"not_picked":["Footwork","Escape Plan"],"picked":"Dagger Spray","floor":1},{"not_picked":["Sneak Up","Deflect"],"picked":"Acrobatics","floor":4},{"not_picked":["Reflex","Acrobatics"],"picked":"Cloak And Dagger","floor":5},{"not_picked":["Dodge and Roll","Bullet Time"],"picked":"Choke","floor":7},{"not_picked":["Draining Mist","PiercingWail"],"picked":"Dagger Throw","floor":8},{"not_picked":["Flechettes","PiercingWail"],"picked":"Hidden Blade","floor":11},{"not_picked":["Dodge and Roll","conspire:PoisonWeapons"],"picked":"Cloak And Dagger","floor":13},{"not_picked":["Predator","hubris:SlightOfHand"],"picked":"Crippling Poison","floor":14},{"not_picked":["Storm of Steel","Burst"],"picked":"Corpse Explosion","floor":16},{"not_picked":["Masterful Stab","hubris:SlightOfHand"],"picked":"Underhanded Strike","floor":18},{"not_picked":["Calculated Gamble+1","Masterful Stab+1"],"picked":"Heel Hook+1","floor":19},{"not_picked":["Setup+1","Prepared+1"],"picked":"Unload","floor":22},{"not_picked":["Slice","hubris:SlightOfHand"],"picked":"PiercingWail+1","floor":23},{"not_picked":["Catalyst","Skewer+1"],"picked":"ReplayTheSpireMod:Shiv Toss","floor":25},{"not_picked":["Sucker Punch","ReplayTheSpireMod:Exploit Weakness"],"picked":"Cloak And Dagger","floor":29}],"player_experience":534896,"relics_obtained":[{"floor":7,"key":"Vajra"},{"floor":23,"key":"Whetstone"},{"floor":26,"key":"aspiration:HiddenCompartment"}],"event_choices":[{"damage_healed":0,"gold_gain":0,"player_choice":"Leave","damage_taken":0,"max_hp_gain":0,"max_hp_loss":0,"event_name":"conspire:Investor","floor":3,"gold_loss":0},{"cards_removed":["Choke"],"damage_healed":57,"gold_gain":0,"player_choice":"Offered Uncommon","damage_taken":0,"max_hp_gain":0,"max_hp_loss":0,"event_name":"Bonfire Elementals","floor":12,"gold_loss":0},{"damage_healed":0,"gold_gain":0,"player_choice":"2","damage_taken":0,"max_hp_gain":0,"max_hp_loss":0,"event_name":"betterMatch:BetterMatch","floor":19,"gold_loss":0,"cards_obtained":["betterMatch:UncommonCard"]},{"damage_healed":0,"gold_gain":0,"player_choice":"Ignored","damage_taken":0,"max_hp_gain":0,"max_hp_loss":0,"event_name":"betterNote:BetterNote","floor":21,"gold_loss":0,"cards_obtained":["hermit:Headshot"]}],"is_beta":false,"boss_relics":[{"not_picked":["Runesmith:UraniumAnvil","hubris:GrandSneckoEye"],"picked":"theForsaken:PaleLantern"}],"items_purged_floors":[],"is_endless":false,"potions_floor_spawned":[5,8,13,23,29],"killed_by":"Centurion and Healer","ascension_level":0}}