{"host":"xr2w6q7a088fu8w2","time":1613727175,"event":{"mods":["AchievementEnabler","BaseMod","Colored Powertips","Good Game Mod","Mimic Mod","Minty Spire (QoL Compilation)","MostiFishMod","Reliquary","StSLib","UnlockEverythingMod"],"gold_per_floor":[117,137,154,169,44,44,60,60,60,89,99,99,49,68,68,146,146,158,208,14,64,84,84,98,98,98,98,108,140,140,90,90,164,164,175,189,189,204,217,247,13,13,13,13,13,38,57,77,77,77],"floor_reached":51,"language":"ZHS","playtime":1013,"items_purged":["Defend_G","Strike_G","Defend_G","Strike_G","Strike_G"],"score":1455,"play_id":"1c51ca20-fcfc-49bf-9e01-b1cc8a6918ff","local_time":"20210219173255","is_ascension_mode":true,"campfire_choices":[{"data":"Poisoned Stab","floor":6,"key":"SMITH"},{"data":"Sucker Punch","floor":8,"key":"SMITH"},{"data":"Bane","floor":15,"key":"SMITH"},{"data":"Dagger Spray","floor":23,"key":"SMITH"},{"data":"Deflect","floor":25,"key":"SMITH"},{"data":"Slice","floor":27,"key":"SMITH"},{"data":"Flying Knee","floor":32,"key":"SMITH"},{"data":"MostiFishMod:Kaleido","floor":42,"key":"SMITH"},{"data":"Endless Agony","floor":45,"key":"SMITH"},{"data":"Neutralize","floor":49,"key":"SMITH"}],"circlet_count":0,"master_deck":["AscendersBane","Strike_G","Defend_G","Defend_G","Defend_G","Survivor","Neutralize+1","Deflect+1","Poisoned Stab+1","Backstab+1","Sucker Punch+1","Bane+1","Bane+1","Dagger Spray+1","MostiFishMod:GrandStart+1","Slice+1","Flying Knee+1","Endless Agony+1","MostiFishMod:Kaleido+1"],"relics":["Ring of the Snake","REME:ComplimentaryCards","DaveBox","FeatherPendant","SynthV:TestCard","Smiling Mask","Ancient Tea Set","SlaversCollar","Technique","Eternal Feather","Singing Bowl","ExusiaiGun","Mango","Meat on the Bone","Ginger"],"acts_visited":["Exordium","TheCity","TheBeyond"],"potions_floor_usage":[10,16,18,33,33,50],"damage_taken":[{"damage":0,"enemies":"2 Louse","floor":1,"turns":4},{"damage":0,"enemies":"Cultist","floor":2,"turns":2},{"damage":0,"enemies":"Jaw Worm","floor":3,"turns":3},{"damage":0,"enemies":"Exordium Wildlife","floor":4,"turns":4},{"damage":0,"enemies":"Looter","floor":7,"turns":1},{"damage":0,"enemies":"Lagavulin","floor":10,"turns":3},{"damage":0,"enemies":"3 Louse","floor":11,"turns":2},{"damage":0,"enemies":"Exordium Wildlife","floor":14,"turns":1},{"damage":4,"enemies":"Hexaghost","floor":16,"turns":5},{"damage":0,"enemies":"Chosen","floor":18,"turns":2},{"damage":0,"enemies":"2 Thieves","floor":22,"turns":1},{"damage":0,"enemies":"Snake Plant","floor":24,"turns":1},{"damage":0,"enemies":"Chosen and Byrds","floor":28,"turns":1},{"damage":0,"enemies":"Gremlin Leader","floor":29,"turns":2},{"damage":51,"enemies":"Champ","floor":33,"turns":6},{"damage":8,"enemies":"3 Shapes","floor":35,"turns":1},{"damage":0,"enemies":"Orb Walker","floor":36,"turns":1},{"damage":0,"enemies":"Spire Growth","floor":38,"turns":1},{"damage":0,"enemies":"Maw","floor":39,"turns":1},{"damage":0,"enemies":"Reptomancer","floor":40,"turns":1},{"damage":0,"enemies":"Mind Bloom Boss Battle","floor":46,"turns":1},{"damage":0,"enemies":"Jaw Worm Horde","floor":47,"turns":1},{"damage":4,"enemies":"4 Shapes","floor":48,"turns":1},{"damage":0,"enemies":"Donu and Deca","floor":50,"turns":1}],"seed_played":"930701740494383912","potions_obtained":[{"floor":2,"key":"Energy Potion"},{"floor":3,"key":"AttackPotion"},{"floor":10,"key":"ColorlessPotion"},{"floor":11,"key":"SteroidPotion"},{"floor":16,"key":"SkillPotion"},{"floor":29,"key":"FearPotion"},{"floor":33,"key":"Fire Potion"},{"floor":39,"key":"BlessingOfTheForge"}],"is_trial":false,"path_per_floor":["M","M","M","M","$","R","M","R","T","E","M","?","$","M","R","B",null,"M","?","$","?","M","R","M","R","T","R","M","E","?","$","R","B",null,"M","M","?","M","M","E","$","R","T","?","R","?","M","M","R","B",null],"character_chosen":"THE_SILENT","items_purchased":["Sucker Punch","Technique","MostiFishMod:Kaleido"],"campfire_rested":0,"item_purchase_floors":[5,20,41],"current_hp_per_floor":[65,65,65,65,65,65,65,65,65,65,65,65,65,65,65,61,69,69,69,69,69,69,69,69,69,69,72,72,72,72,72,72,23,61,55,57,57,59,61,77,77,89,89,89,98,100,102,100,104,104],"gold":77,"neow_bonus":"TEN_PERCENT_HP_BONUS","is_daily":false,"chose_seed":false,"campfire_upgraded":10,"win_rate":0.0,"timestamp":1613727175,"path_taken":["M","M","M","M","$","R","M","R","T","E","M","?","$","M","R","BOSS","M","?","$","?","?","R","M","R","T","R","M","E","?","$","R","BOSS","M","M","?","M","M","E","$","R","T","?","R","?","M","M","R","BOSS"],"items_purchased_type":["Card","Relic","Card"],"build_version":"2020-12-22","purchased_purges":5,"victory":true,"max_hp_per_floor":[72,72,72,72,72,72,72,72,72,72,72,72,72,72,72,72,72,72,72,72,72,72,72,72,72,72,72,72,72,72,72,72,74,74,76,78,78,80,82,98,98,98,98,98,98,100,102,104,104,104],"card_choices":[{"not_picked":["Cloak And Dagger","Quick Slash","Slice"],"picked":"SKIP","floor":1},{"not_picked":["MostiFishMod:PreservedThorns","Slice","Blade Dance","Accuracy"],"picked":"Deflect","floor":2},{"not_picked":["Backflip","Dagger Throw","Cloak And Dagger","Acrobatics"],"picked":"Poisoned Stab","floor":3},{"not_picked":["Acrobatics","Deadly Poison","Calculated Gamble","Dash"],"picked":"Backstab","floor":4},{"not_picked":["Blade Dance","MostiFishMod:PreservedThorns","MostiFishMod:PerfectParry","Skewer","Caltrops"],"picked":"SKIP","floor":7},{"not_picked":["MostiFishMod:FullyArmed","Deadly Poison","Concentrate","Quick Slash"],"picked":"Bane","floor":10},{"not_picked":["Quick Slash","Reflex","Poisoned Stab","Dagger Spray","Predator"],"picked":"SKIP","floor":11},{"not_picked":["Well Laid Plans","Backflip","Bane","Sucker Punch"],"picked":"Dagger Spray","floor":14},{"not_picked":["Bullet Time","MostiFishMod:WinterMarkForm","MostiFishMod:Confrontation","Malaise"],"picked":"MostiFishMod:GrandStart","floor":16},{"not_picked":["Dodge and Roll","Prepared+1","Sucker Punch","Caltrops","Crippling Poison"],"picked":"SKIP","floor":18},{"not_picked":["Noxious Fumes","Accuracy","Slice","Outmaneuver","Finisher"],"picked":"SKIP","floor":22},{"not_picked":["Poisoned Stab","Acrobatics+1","Deadly Poison","Dodge and Roll"],"picked":"Slice","floor":24},{"not_picked":["PiercingWail","Dash","Slice+1","Dodge and Roll","Blade Dance"],"picked":"SKIP","floor":28},{"not_picked":["MostiFishMod:InvigoratingSolution","MostiFishMod:GrandStart","Poisoned Stab+1","Eviscerate"],"picked":"Flying Knee","floor":29},{"not_picked":["MostiFishMod:Confrontation","Venomology","Bullet Time","MostiFishMod:Listen","A Thousand Cuts"],"picked":"Singing Bowl","floor":33},{"not_picked":["Deadly Poison+1","Deflect","MostiFishMod:PerfectParry","Masterful Stab","Backflip+1"],"picked":"Singing Bowl","floor":35},{"not_picked":["Slice+1","Flechettes","Dagger Spray","Setup+1","Acrobatics"],"picked":"Singing Bowl","floor":36},{"not_picked":["Cloak And Dagger+1","Tactician+1","Phantasmal Killer","Dodge and Roll","Deadly Poison"],"picked":"Singing Bowl","floor":38},{"not_picked":["MostiFishMod:PoisonShield","Choke","Blur","Underhanded Strike","Reflex"],"picked":"Singing Bowl","floor":39},{"not_picked":["Deflect","Flying Knee","Dagger Spray","Bane+1","Escape Plan"],"picked":"Singing Bowl","floor":40},{"not_picked":["MostiFishMod:FrostNova","Unload","Blade Dance","Flying Knee+1","Endless Agony"],"picked":"Singing Bowl","floor":46},{"not_picked":["PiercingWail","Dagger Spray","Footwork+1","Bane","Terror"],"picked":"Singing Bowl","floor":47},{"not_picked":["Leg Sweep","Terror+1","Prepared","MostiFishMod:PreservedThorns","Endless Agony"],"picked":"Singing Bowl","floor":48}],"player_experience":121340,"relics_obtained":[{"floor":1,"key":"SynthV:TestCard"},{"floor":9,"key":"Smiling Mask"},{"floor":10,"key":"Ancient Tea Set"},{"floor":26,"key":"Eternal Feather"},{"floor":29,"key":"Singing Bowl"},{"floor":40,"key":"Mango"},{"floor":43,"key":"Meat on the Bone"},{"floor":46,"key":"Ginger"}],"event_choices":[{"damage_healed":0,"gold_gain":50,"player_choice":"Stole From Cult","damage_taken":0,"max_hp_gain":0,"max_hp_loss":0,"event_name":"Nest","floor":19,"gold_loss":0},{"damage_healed":0,"gold_gain":50,"player_choice":"Pray","damage_taken":0,"max_hp_gain":0,"max_hp_loss":0,"event_name":"Golden Shrine","floor":21,"gold_loss":0},{"damage_healed":0,"gold_gain":0,"player_choice":"Read","damage_taken":0,"max_hp_gain":0,"max_hp_loss":0,"event_name":"The Library","floor":30,"gold_loss":0,"cards_obtained":["Endless Agony"]},{"damage_healed":0,"gold_gain":0,"player_choice":"Ignored","damage_taken":0,"max_hp_gain":0,"max_hp_loss":0,"event_name":"Tomb of Lord Red Mask","floor":37,"gold_loss":0},{"cards_removed":["Strike_G"],"damage_healed":0,"gold_gain":0,"player_choice":"Removed Attack","damage_taken":0,"max_hp_gain":0,"max_hp_loss":0,"event_name":"Falling","floor":44,"gold_loss":0},{"damage_healed":0,"gold_gain":0,"player_choice":"Fight","damage_taken":0,"max_hp_gain":0,"max_hp_loss":0,"event_name":"MindBloom","floor":46,"gold_loss":0}],"is_beta":false,"boss_relics":[{"not_picked":["Tiny House","reliquary:WritOfMandamus"],"picked":"SlaversCollar"},{"not_picked":["Empty Cage","GreenFoldingFan"],"picked":"ExusiaiGun"}],"items_purged_floors":[5,13,20,31,41],"is_endless":false,"potions_floor_spawned":[2,3,10,11,14,16,22,29,33,38,39,47],"ascension_level":15}}