{"host":"x8sop9v6zw8yitbt","time":1613695523,"event":{"mods":["BaseMod","Best Route Mod","Block Reminder","Challenge The Spire","Colored Powertips","Custom Start","Dark Map","DeckTracker","Minty Spire (QoL Compilation)","Permanent Neow","Quick Restart","Rare Cards Sparkle","Reliquary","Spicy Shops","Spikes Relics","StSLib","Virulent Crown"],"gold_per_floor":[109,127,41,116,66,66,91,91,163,179,211,211,224,239,239,344,344,354,365,378,468,486,486,521,535,580,634,634,659,678,678,678,773,773,785,810,827,827,842,842,842,852,897,944,618,631,660,660,660,660],"floor_reached":51,"language":"ENG","playtime":916,"items_purged":["Defend_R"],"score":1052,"play_id":"fe80ac0b-4f0d-4720-a398-ece56b57bea7","local_time":"20210218194523","is_ascension_mode":true,"campfire_choices":[{"data":"Perfected Strike","floor":6.0,"key":"SMITH"},{"data":"Trip","floor":8.0,"key":"SMITH"},{"data":"Perfected Strike","floor":15.0,"key":"SMITH"},{"data":"Perfected Strike","floor":23.0,"key":"SMITH"},{"data":"Perfected Strike","floor":28.0,"key":"SMITH"},{"data":"Dramatic Entrance","floor":32.0,"key":"SMITH"},{"data":"Metallicize+1","floor":40.0,"key":"SMITH"},{"data":"Armaments+1","floor":49.0,"key":"SMITH"}],"circlet_count":0,"master_deck":["Strike_R","Strike_R","Strike_R","Strike_R","Defend_R","Defend_R","Bash","Dramatic Entrance+1","Twin Strike","Perfected Strike+1","Trip+1","Perfected Strike+1","Twin Strike","Perfected Strike+1","Offering","Perfected Strike+1","Battle Trance","Perfected Strike+1","Offering","Metallicize+2","Shockwave+1","Perfected Strike+1","Seeing Red+1","Dramatic Entrance","Master of Strategy","Armaments+2"],"relics":["Burning Blood","Bottled Lightning","Matryoshka","Eternal Feather","Runic Dome","StoneCalendar","reliquary:SilkGlove","Bag of Marbles","Paper Frog","Lantern","Thread and Needle","reliquary:BigHammer","PreservedInsect","Sundial","MawBank","reliquary:QuartzCube","Vajra"],"acts_visited":["Exordium","TheCity","TheBeyond"],"potions_floor_usage":[50],"damage_taken":[{"damage":6.0,"enemies":"Cultist","floor":1.0,"turns":3.0},{"damage":5.0,"enemies":"2 Louse","floor":2.0,"turns":2.0},{"damage":26.0,"enemies":"3 Sentries","floor":7.0,"turns":6.0},{"damage":0.0,"enemies":"Jaw Worm","floor":10.0,"turns":1.0},{"damage":13.0,"enemies":"Lagavulin","floor":11.0,"turns":3.0},{"damage":0.0,"enemies":"Red Slaver","floor":13.0,"turns":1.0},{"damage":0.0,"enemies":"Exordium Thugs","floor":14.0,"turns":2.0},{"damage":0.0,"enemies":"Slime Boss","floor":16.0,"turns":5.0},{"damage":10.0,"enemies":"Spheric Guardian","floor":18.0,"turns":3.0},{"damage":6.0,"enemies":"Shell Parasite","floor":19.0,"turns":1.0},{"damage":8.0,"enemies":"Centurion and Healer","floor":20.0,"turns":2.0},{"damage":5.0,"enemies":"Sentry and Sphere","floor":22.0,"turns":3.0},{"damage":20.0,"enemies":"Slavers","floor":24.0,"turns":2.0},{"damage":0.0,"enemies":"Snecko","floor":25.0,"turns":2.0},{"damage":0.0,"enemies":"Gremlin Leader","floor":29.0,"turns":2.0},{"damage":0.0,"enemies":"Chosen and Byrds","floor":30.0,"turns":2.0},{"damage":12.0,"enemies":"Collector","floor":33.0,"turns":2.0},{"damage":12.0,"enemies":"3 Darklings","floor":35.0,"turns":4.0},{"damage":7.0,"enemies":"Orb Walker","floor":37.0,"turns":2.0},{"damage":12.0,"enemies":"Sphere and 2 Shapes","floor":39.0,"turns":1.0},{"damage":23.0,"enemies":"4 Shapes","floor":42.0,"turns":3.0},{"damage":6.0,"enemies":"Reptomancer","floor":44.0,"turns":1.0},{"damage":0.0,"enemies":"Spire Growth","floor":46.0,"turns":2.0},{"damage":12.0,"enemies":"Giant Head","floor":47.0,"turns":2.0},{"damage":28,"enemies":"Awakened One","floor":50,"turns":4}],"seed_played":"4293842141930350624","potions_obtained":[{"floor":1.0,"key":"BloodPotion"},{"floor":7.0,"key":"BlessingOfTheForge"},{"floor":14.0,"key":"PowerPotion"},{"floor":24.0,"key":"DistilledChaos"},{"floor":35.0,"key":"DuplicationPotion"}],"is_trial":false,"path_per_floor":["M","M","$","?","?","R","E","R","T","M","E","?","M","M","R","B",null,"M","M","M","?","M","R","E","M","T","T","R","E","M","?","R","B",null,"M","T","M","?","M","R","T","M","T","E","$","M","E","?","R","B",null],"character_chosen":"IRONCLAD","items_purchased":["Trip","Dramatic Entrance","Master of Strategy"],"campfire_rested":0,"item_purchase_floors":[3,45,45],"current_hp_per_floor":[80,80,80,69,69,69,49,49,49,55,48,48,54,60,69,75,80,76,76,74,62,63,72,58,64,64,64,76,80,80,80,80,74,80,74,74,73,73,67,80,80,63,63,63,63,69,63,63,78,56],"gold":660,"neow_bonus":"RANDOM_COLORLESS","is_daily":false,"chose_seed":false,"campfire_upgraded":8,"win_rate":0.0,"timestamp":1613695523,"path_taken":["M","M","?","?","?","R","E","R","T","M","E","?","M","M","R","BOSS","M","?","M","?","M","R","E","?","T","?","R","E","?","?","R","BOSS","M","?","M","?","M","R","?","M","T","E","$","M","E","?","R","BOSS"],"items_purchased_type":["Card","Card","Card"],"build_version":"2020-12-22","purchased_purges":1,"victory":true,"max_hp_per_floor":[80,80,80,80,80,80,80,80,80,80,80,80,80,80,80,80,80,80,80,80,80,80,80,80,80,80,80,80,80,80,80,80,80,80,80,80,80,80,80,80,80,80,80,80,80,80,80,80,80,80],"card_choices":[{"not_picked":["Flash of Steel","Assess"],"picked":"Dramatic Entrance","floor":0.0},{"not_picked":["Body Slam","Wild Strike"],"picked":"Twin Strike","floor":1.0},{"not_picked":["Uppercut","Clash"],"picked":"Perfected Strike","floor":2.0},{"not_picked":["Anger","Reckless Charge"],"picked":"Perfected Strike","floor":7.0},{"not_picked":["Body Slam","Rage"],"picked":"Twin Strike","floor":10.0},{"not_picked":["Pummel","Immolate","Wild Strike"],"picked":"SKIP","floor":11.0},{"not_picked":["Sever Soul","Warcry"],"picked":"Perfected Strike","floor":13.0},{"not_picked":["Burning Pact","Thunderclap","Sword Boomerang"],"picked":"SKIP","floor":14.0},{"not_picked":["Immolate","Demon Form"],"picked":"Offering","floor":16.0},{"not_picked":["Clash","Thunderclap"],"picked":"Perfected Strike","floor":18.0},{"not_picked":["Searing Blow+1","Bludgeon","Clothesline+1"],"picked":"SKIP","floor":19.0},{"not_picked":["Sword Boomerang","Thunderclap"],"picked":"Battle Trance","floor":20.0},{"not_picked":["Rupture","Body Slam","Carnage+1"],"picked":"SKIP","floor":22.0},{"not_picked":["Wild Strike","Invigoration"],"picked":"Perfected Strike+1","floor":24.0},{"not_picked":["Blood for Blood+1","Wild Strike"],"picked":"Offering","floor":25.0},{"not_picked":["Wild Strike","Whirlwind","Body Slam"],"picked":"SKIP","floor":29.0},{"not_picked":["Burning Pact","Iron Wave"],"picked":"Metallicize","floor":30.0},{"not_picked":["Cleave+1","Pommel Strike"],"picked":"Shockwave+1","floor":35.0},{"not_picked":["Iron Wave+1","Seeing Red"],"picked":"Perfected Strike+1","floor":37.0},{"not_picked":["Pommel Strike+1","Clash"],"picked":"Seeing Red+1","floor":39.0},{"not_picked":["Iron Wave","Exhume","Uppercut"],"picked":"SKIP","floor":42.0},{"not_picked":["Headbutt","Combust+1","Rupture+1"],"picked":"SKIP","floor":44.0},{"not_picked":["Iron Wave","Rupture"],"picked":"Armaments+1","floor":46.0},{"not_picked":["Infernal Blade","Second Wind","Iron Wave"],"picked":"SKIP","floor":47.0}],"player_experience":904271,"relics_obtained":[{"floor":7.0,"key":"Bottled Lightning"},{"floor":9.0,"key":"Matryoshka"},{"floor":11.0,"key":"Eternal Feather"},{"floor":24.0,"key":"StoneCalendar"},{"floor":26.0,"key":"reliquary:SilkGlove"},{"floor":26.0,"key":"Bag of Marbles"},{"floor":27.0,"key":"Paper Frog"},{"floor":27.0,"key":"Lantern"},{"floor":29.0,"key":"Thread and Needle"},{"floor":36.0,"key":"PreservedInsect"},{"floor":41.0,"key":"Sundial"},{"floor":43.0,"key":"MawBank"},{"floor":44.0,"key":"reliquary:QuartzCube"},{"floor":47.0,"key":"Vajra"}],"event_choices":[{"damage_healed":0.0,"max_hp_gain":0.0,"max_hp_loss":0.0,"gold_gain":75.0,"event_name":"World of Goop","player_choice":"Gather Gold","floor":4.0,"gold_loss":0.0,"damage_taken":11.0},{"cards_removed":["Defend_R"],"damage_healed":0.0,"max_hp_gain":0.0,"max_hp_loss":0.0,"gold_gain":0.0,"event_name":"The Cleric","player_choice":"Card Removal","floor":5.0,"gold_loss":50.0,"damage_taken":0.0},{"damage_healed":0.0,"max_hp_gain":0.0,"max_hp_loss":0.0,"gold_gain":0.0,"event_name":"NoteForYourself","player_choice":"Ignored","floor":12.0,"gold_loss":0.0,"damage_taken":0.0},{"damage_healed":0.0,"max_hp_gain":0.0,"max_hp_loss":0.0,"gold_gain":90.0,"event_name":"Knowing Skull","player_choice":"GOLD ","floor":21.0,"potions_obtained":[],"gold_loss":0.0,"damage_taken":12.0,"cards_obtained":[]},{"damage_healed":0.0,"max_hp_gain":0.0,"max_hp_loss":0.0,"gold_gain":0.0,"event_name":"Accursed Blacksmith","player_choice":"Forge","floor":31.0,"gold_loss":0.0,"damage_taken":0.0,"cards_upgraded":["Metallicize"]},{"damage_healed":0.0,"max_hp_gain":0.0,"max_hp_loss":0.0,"gold_gain":0.0,"event_name":"SensoryStone","player_choice":"Memory 1","floor":38.0,"gold_loss":0.0,"damage_taken":0.0},{"cards_removed":["Strike_R"],"damage_healed":0.0,"max_hp_gain":0.0,"max_hp_loss":0.0,"gold_gain":0.0,"event_name":"Falling","player_choice":"Removed Attack","floor":48.0,"gold_loss":0.0,"damage_taken":0.0}],"is_beta":false,"boss_relics":[{"not_picked":["Runic Cube","reliquary:Ember"],"picked":"Runic Dome"},{"not_picked":["HailfireSword","Runic Pyramid"],"picked":"reliquary:BigHammer"}],"items_purged_floors":[45],"is_endless":false,"potions_floor_spawned":[1,7,14,24,25,29,33,35,47],"ascension_level":1}}