{"host":"yvb207ks1sg3cxef","time":1613774802,"event":{"mods":["2.2 Compatiblity","BaseMod","Bestiary","Colored Powertips","Minty Spire (QoL Compilation)","Permanent Neow","Quick Restart","Relic Stats","StSLib"],"gold_per_floor":[362,372,49,63,74,103,3,34,86,86,98,98,132,146,146,217,217,233,245,195,213,213,213,213],"floor_reached":23,"language":"ENG","playtime":1374,"items_purged":["Strike_G","Strike_G"],"score":426,"play_id":"aa78e949-d476-4fb0-a59a-082f3b371eb3","local_time":"20210220041642","is_ascension_mode":true,"campfire_choices":[{"floor":10,"key":"REST"},{"data":"Calculated Gamble","floor":12,"key":"SMITH"},{"data":"Prepared","floor":15,"key":"SMITH"}],"circlet_count":0,"master_deck":["AscendersBane","Strike_G","Strike_G","Defend_G","Defend_G+1","Defend_G","Defend_G+1","Defend_G","Survivor","Neutralize","Underhanded Strike","Underhanded Strike","Leg Sweep","PiercingWail","Prepared+1","Predator","Calculated Gamble+1","Backflip","Tactician","Well Laid Plans","Reflex","Predator","Corpse Explosion","Backflip+1","Prepared","Heel Hook","Bouncing Flask"],"relics":["Ring of the Snake","Orrery","StoneCalendar","Pantograph","Blood Vial","War Paint","HoveringKite"],"acts_visited":["Exordium","TheCity"],"potions_floor_usage":[6,13,13,19,19,23],"damage_taken":[{"damage":6,"enemies":"Cultist","floor":1,"turns":5},{"damage":12,"enemies":"Jaw Worm","floor":2,"turns":5},{"damage":0,"enemies":"2 Louse","floor":4,"turns":2},{"damage":0,"enemies":"Red Slaver","floor":5,"turns":6},{"damage":26,"enemies":"Gremlin Nob","floor":6,"turns":4},{"damage":12,"enemies":"3 Sentries","floor":8,"turns":7},{"damage":2,"enemies":"Gremlin Gang","floor":11,"turns":7},{"damage":20,"enemies":"Gremlin Nob","floor":13,"turns":4},{"damage":4,"enemies":"Large Slime","floor":14,"turns":6},{"damage":4,"enemies":"Slime Boss","floor":16,"turns":7},{"damage":8,"enemies":"Spheric Guardian","floor":18,"turns":4},{"damage":5,"enemies":"Chosen","floor":19,"turns":4},{"damage":16,"enemies":"Centurion and Healer","floor":21,"turns":7},{"damage":36,"enemies":"Slavers","floor":23,"turns":4}],"seed_played":"5663079347428366062","potions_obtained":[{"floor":5,"key":"PowerPotion"},{"floor":8,"key":"EntropicBrew"},{"floor":13,"key":"Block Potion"},{"floor":14,"key":"CunningPotion"},{"floor":18,"key":"SteroidPotion"},{"floor":21,"key":"SpeedPotion"}],"is_trial":false,"path_per_floor":["M","M","$","M","M","E","$","E","T","R","M","R","E","M","R","B",null,"M","M","?","M","?","E"],"character_chosen":"THE_SILENT","items_purchased":["Orrery","Predator"],"campfire_rested":1,"item_purchase_floors":[3,3],"current_hp_per_floor":[53,41,41,41,41,15,15,3,3,21,21,21,3,1,1,24,51,45,42,42,28,28,0,0],"gold":213,"neow_bonus":"TWO_FIFTY_GOLD","is_daily":false,"chose_seed":false,"campfire_upgraded":2,"win_rate":0.0,"timestamp":1613774802,"path_taken":["M","M","$","M","M","E","?","E","T","R","M","R","E","M","R","BOSS","M","M","?","?","?","E"],"items_purchased_type":["Relic","Card"],"build_version":"2020-12-22","purchased_purges":2,"victory":false,"max_hp_per_floor":[60,60,60,60,60,60,60,60,60,60,60,60,60,60,60,60,60,60,60,60,60,60,60,60],"relic_stats":{"Blood Vial":16,"counters":[14,72],"Pantograph":25,"HoveringKite":[13],"StoneCalendar":[133],"War Paint":["Defend_G","Defend_G"],"obtain_stats":[{"Blood Vial":9,"Pantograph":8,"Orrery":3,"HoveringKite":17,"StoneCalendar":6,"War Paint":13,"Ring of the Snake":0},{"Blood Vial":6,"Pantograph":6,"Orrery":2,"HoveringKite":10,"StoneCalendar":5,"War Paint":8,"Ring of the Snake":0},{"Blood Vial":29,"Pantograph":29,"Orrery":10,"HoveringKite":53,"StoneCalendar":22,"War Paint":40,"Ring of the Snake":0}],"Ring of the Snake":[28]},"card_choices":[{"not_picked":["Leg Sweep","Caltrops"],"picked":"Underhanded Strike","floor":1},{"not_picked":["Deflect","Flying Knee"],"picked":"Underhanded Strike","floor":2},{"not_picked":["Doppelganger","Deadly Poison"],"picked":"Leg Sweep","floor":3},{"not_picked":["Flying Knee","Sucker Punch"],"picked":"PiercingWail","floor":3},{"not_picked":["Quick Slash","Dagger Spray"],"picked":"Prepared","floor":3},{"not_picked":["Footwork","Crippling Poison"],"picked":"Calculated Gamble","floor":4},{"not_picked":["Slice","Terror"],"picked":"Backflip","floor":5},{"not_picked":["Heel Hook","Outmaneuver"],"picked":"Tactician","floor":6},{"not_picked":["Reflex","Cloak And Dagger"],"picked":"Well Laid Plans","floor":8},{"not_picked":["Cloak And Dagger","Accuracy","Phantasmal Killer"],"picked":"SKIP","floor":11},{"not_picked":["Deadly Poison","Expertise"],"picked":"Reflex","floor":13},{"not_picked":["Concentrate","Dagger Spray"],"picked":"Predator","floor":14},{"not_picked":["Grand Finale","Bullet Time"],"picked":"Corpse Explosion","floor":16},{"not_picked":["Outmaneuver","Flying Knee"],"picked":"Backflip+1","floor":18},{"not_picked":["Dagger Throw","Quick Slash"],"picked":"Prepared","floor":19},{"not_picked":["Accuracy","Bane"],"picked":"Heel Hook","floor":21}],"player_experience":520342,"relics_obtained":[{"floor":6,"key":"StoneCalendar"},{"floor":8,"key":"Pantograph"},{"floor":9,"key":"Blood Vial"},{"floor":13,"key":"War Paint"}],"event_choices":[{"damage_healed":0,"gold_gain":0,"player_choice":"Bet on Murderer","damage_taken":0,"max_hp_gain":0,"max_hp_loss":0,"event_name":"The Joust","floor":20,"gold_loss":50},{"damage_healed":0,"gold_gain":0,"cards_transformed":["Strike_G"],"player_choice":"Transformed","damage_taken":0,"max_hp_gain":0,"max_hp_loss":0,"event_name":"Transmorgrifier","floor":22,"gold_loss":0,"cards_obtained":["Bouncing Flask"]}],"is_beta":false,"boss_relics":[{"not_picked":["Ring of the Serpent","Astrolabe"],"picked":"HoveringKite"}],"items_purged_floors":[3,7],"is_endless":false,"potions_floor_spawned":[5,8,13,14,16,18,21],"killed_by":"Slavers","ascension_level":20}}