{"host":"0rn20prxkpuv2e47","time":1613727982,"event":{"mods":["100% Spire Juice","ATMod(阿瑾Mod)","Act Like it!","Arknights","Aspiration","BaseMod","Challenge The Spire","Downfall","Friendly Minions","Gensokyo","Hallownest","Hermit","Koishi","KomeijiMod","Marisa（F雨　魔理沙）","Minty Spire (QoL Compilation)","MostiFishMod","Prisma Mod","Quick Restart","Reimu（博丽灵梦）","Remilia（蕾米莉亚）","Robot Space Explorer","StSLib","The Administrix","The Alterego","The Animator","The Blackbeard","The Bug Knight","The Construct","The Cursed","The Jungle","The Mystic","The Runesmith","The Senshi","The Servant 0.9.4","Warlord Emblem","Wide Potions","[GremlinLeader]The Maniac","[IsaacMod]以撒尖塔","[功能]功能增强和修复MOD","noobMod","【功能Mod】聪明的最终Boss","【遗物卡牌】REMEMod"],"gold_per_floor":[111,157,85,85,35,67,67,398,423,503,503,514,514,532,532,629,629,649,663,643,643,643,643,638,638,638,638,638,638,638,638,638,765,765,806,806,74,74,69,69,69,69,69,164,144,144,144,144,144,194,194],"floor_reached":50,"language":"ZHS","playtime":2097,"items_purged":["PrismaMod:MiyuCommonDefend","PrismaMod:MiyuCommonDefend","PrismaMod:MiyuCommonAttack","PrismaMod:MiyuCommonAttack","PrismaMod:MiyuCommonDefend","PrismaMod:MiyuCommonDefend","PrismaMod:MiyuCommonDefend","PrismaMod:MiyuCommonAttack","PrismaMod:MiyuCommonAttack","PrismaMod:MiyuCommonAttack","PrismaMod:MiyuCheapChannelDefend","PrismaMod:MiyuCheapChannelAttack","PrismaMod:MiyuBride","PrismaMod:MiyuUberDefend","PrismaMod:MiyuUberAOEAttack","PrismaMod:MiyuAttackChannelAttack","PrismaMod:MiyuAttackChannelWeak","PrismaMod:MiyuCheapChannelVul","PrismaMod:MiyuCheapChannelWeak","PrismaMod:MiyuDevil"],"score":959,"play_id":"21546fae-0397-458c-b81f-fdf4d54a5397","local_time":"20210219174622","is_ascension_mode":false,"campfire_choices":[{"data":"PrismaMod:MiyuCheapChannelRandom","floor":7,"key":"SMITH"},{"data":"MostiFishMod:NightSea","floor":11,"key":"SMITH"},{"data":"MostiFishMod:SparklingWater","floor":15,"key":"SMITH"},{"data":"PrismaMod:MiyuUncommonDexBuff","floor":23,"key":"SMITH"},{"data":"PrismaMod:MiyuOrbIncreasePerm","floor":25,"key":"SMITH"},{"data":"PrismaMod:MiyuCheapDefend1","floor":28,"key":"SMITH"},{"data":"MostiFishMod:FantasySummer","floor":30,"key":"SMITH"},{"data":"Mayhem","floor":32,"key":"SMITH"},{"data":"AT_ShadowStep","floor":40,"key":"SMITH"},{"data":"PrismaMod:MiyuEvokeAllAttack","floor":42,"key":"SMITH"},{"data":"Deep Breath","floor":49,"key":"SMITH"}],"circlet_count":0,"master_deck":["MostiFishMod:Neptune","MostiFishMod:TheEndOfMoonlight","MostiFishMod:SparklingWater+1","MostiFishMod:FantasySummer+1","MostiFishMod:NightSea+1","AT_ShadowStep+1","PrismaMod:MiyuCheapDefend1+1","PrismaMod:MiyuBride","PrismaMod:MiyuUncommonDexBuff+1","PrismaMod:MiyuCarnivalAttack","PrismaMod:MiyuCheapPlate","PrismaMod:MiyuCheapChannelRandom+1","PrismaMod:MiyuUberAttack","PrismaMod:MiyuOrbIncreasePerm+1","Mayhem+1","REME_ShortnessOfBreath","MostiFishMod:StoryBook","Finesse+1","PrismaMod:MiyuAttackChannelAttack","PrismaMod:MiyuEvokeAllAttack+1","PrismaMod:MiyuCheapStrBuff","MostiFishMod:ButterFly","Deep Breath+1"],"relics":["PrismaMod:PrismaSapphire","ice","AT_ATBox","REME_ComplimentaryCards","HushsDoor","DaveBox","MoonlightInvasionPlan","D6","SynthV:TestCard","Runesmith:Nanobots","ThornShield","Orrery","WarlordEmblem:OldTorch","WarlordEmblem:KitchenKnife","WarlordEmblem:MantleLazz","Blood Vial","Pear","aspiration:RunicSpoon","BloodDonationMachine","WarlordEmblem:SmileMask","TentaclePot:ReiMu","AT_PhaseBoots","WarlordEmblem:BrokenMantle","MetatronsCube","WarlordEmblem:QuestMage","AT_MibuBalloonWealth","ClockworkSouvenir","theSenshi:SailorFukuRelic","construct:FoamFinger","OrangePellets","BelialBook","Oddly Smooth Stone","AT_RedTearstoneRing","SynthV","aspiration:MarisaSkillbook","BirthdayGift-Tetrahedron","Sling","Medical Kit","Dodecahedron","MostiFishMod:AdaptiveDefenses","Eternal Feather","HollowMod:LifeEnderRelic","Civilization","SentryEyes","REME_LimitBreaker","Letter Opener","Ying","Bottled Tornado","Happy Flower","BFFS"],"acts_visited":["Gensokyo:Gensokyo","theJungle:Jungle","Gensokyo:Gensokyoest"],"potions_floor_usage":[46],"damage_taken":[{"damage":0,"enemies":"Gensokyo:Gryphon","floor":1,"turns":1},{"damage":28,"enemies":"Gensokyo:Cirno","floor":6,"turns":6},{"damage":23,"enemies":"Gensokyo:Mamizou","floor":8,"turns":8},{"damage":8,"enemies":"Gensokyo:3_Fairies","floor":12,"turns":3},{"damage":4,"enemies":"Gensokyo:2_Kodama","floor":14,"turns":2},{"damage":5,"enemies":"Gensokyo:Reimu","floor":16,"turns":2},{"damage":7,"enemies":"theJungle:MUSHROOMGANG","floor":18,"turns":3},{"damage":0,"enemies":"theJungle:GiantWrat","floor":19,"turns":1},{"damage":14,"enemies":"theJungle:FunGuy","floor":33,"turns":1},{"damage":7,"enemies":"Gensokyo:AncientGuardian","floor":35,"turns":2},{"damage":2,"enemies":"Gensokyo:3_Bats","floor":44,"turns":2},{"damage":11,"enemies":"Gensokyo:Shinki","floor":50,"turns":6}],"seed_played":"-8178013120773586509","potions_obtained":[{"floor":1,"key":"DistilledChaos"},{"floor":6,"key":"construct:ShiftPotion"}],"is_trial":false,"path_per_floor":["M","?","COS","?","$","E","R","E","T","?","R","M","?","M","R","B",null,"M","M","$","?","$","R","$","R","T","?","R","?","R","$","R","B",null,"M","?","COS","?","$","R","?","R","T","M","$","?","$","?","R","B"],"character_chosen":"MIYU","items_purchased":["Runesmith:Nanobots","ThornShield","Orrery","PrismaMod:MiyuAttackChannelWeak","PrismaMod:MiyuCheapPlate","BloodDonationMachine","WarlordEmblem:SmileMask","TentaclePot:ReiMu","Mayhem","AT_SpeedBoots","WarlordEmblem:BrokenMantle","MetatronsCube","REME_ShortnessOfBreath","WarlordEmblem:QuestMage","AT_MibuBalloonWealth","ClockworkSouvenir","PrismaMod:MiyuUberAOEAttack","MostiFishMod:StoryBook","theSenshi:SailorFukuRelic","construct:FoamFinger","OrangePellets","Oddly Smooth Stone","AT_RedTearstoneRing","SynthV","Finesse","Eternal Feather","HollowMod:LifeEnderRelic","Civilization","REME_LimitBreaker","Letter Opener","Ying","PrismaMod:MiyuCheapStrBuff","MostiFishMod:ButterFly","REME_GoldPotion","Bottled Tornado","Happy Flower","BFFS","Deep Breath"],"campfire_rested":0,"item_purchase_floors":[5,5,5,5,5,20,20,20,20,20,20,20,20,22,22,22,22,22,24,24,24,31,31,31,31,39,39,39,45,45,45,45,45,45,47,47,47,47],"current_hp_per_floor":[75,60,60,53,53,25,25,75,75,75,75,67,62,64,64,63,89,92,92,92,92,92,92,92,92,92,92,92,77,77,77,77,75,92,91,91,91,91,91,92,92,92,92,95,95,95,95,95,95,89,89],"gold":194,"neow_bonus":"ONE_RANDOM_RARE_CARD","is_daily":false,"chose_seed":false,"campfire_upgraded":11,"win_rate":0.0,"timestamp":1613727982,"path_taken":["M","?","COS","?","$","E","R","E","T","?","R","?","?","?","R","BOSS","M","M","$","?","$","R","$","R","T","?","R","?","R","?","R","BOSS","M","?","COS","?","$","R","?","R","T","M","$","?","$","?","R","BOSS"],"items_purchased_type":["Relic","Relic","Relic","Card","Card","Relic","Relic","Relic","Card","Relic","Relic","Relic","Card","Relic","Relic","Relic","Card","Card","Relic","Relic","Relic","Relic","Relic","Relic","Card","Relic","Relic","Relic","Relic","Relic","Relic","Card","Card","Potion","Relic","Relic","Relic","Card"],"build_version":"2020-12-22","purchased_purges":20,"victory":false,"max_hp_per_floor":[75,75,75,75,75,75,75,75,75,75,75,78,88,89,89,89,89,92,92,92,92,92,92,92,92,92,92,92,92,92,92,92,92,92,92,92,92,92,92,92,92,92,92,95,95,95,95,95,95,95,95],"card_choices":[{"not_picked":["PrismaMod:MiyuEvokeBuffStr","PrismaMod:MiyuCheapChannelWeak"],"picked":"PrismaMod:MiyuAttackChannelAttack","floor":1},{"not_picked":["PrismaMod:MiyuCarnivalAttack","PrismaMod:MiyuEvokeCheapAttack","PrismaMod:MiyuCheapChannelVul","PrismaMod:MiyuUberAOEAttack"],"picked":"PrismaMod:MiyuCheapDefend1","floor":5},{"not_picked":["PrismaMod:MiyuCheapDefend1","PrismaMod:MiyuDefenseExplosion","PrismaMod:MiyuCheapPlate","PrismaMod:MiyuCheapAttack2"],"picked":"PrismaMod:MiyuBride","floor":5},{"not_picked":["PrismaMod:MiyuEvokeBuffStr","PrismaMod:MiyuEvokeBuffDex","PrismaMod:MiyuCheapChannelHeal","PrismaMod:MiyuCheapChannelAttack"],"picked":"PrismaMod:MiyuUncommonDexBuff","floor":5},{"not_picked":["PrismaMod:MiyuCheapAttack2","PrismaMod:MiyuCheapChannelWeak","PrismaMod:MiyuChristmas","PrismaMod:MiyuUncommonAttack"],"picked":"PrismaMod:MiyuCarnivalAttack","floor":5},{"not_picked":["PrismaMod:MiyuCheapStrBuff","PrismaMod:MiyuEvokeBuffStr","PrismaMod:MiyuCheapEvoke","PrismaMod:MiyuAttackChannelWeak"],"picked":"PrismaMod:MiyuDevil","floor":5},{"not_picked":["PrismaMod:MiyuDefendChannelDefend","PrismaMod:MiyuUncommonStrBuff","PrismaMod:MiyuAttackChannelVul","PrismaMod:MiyuCheapEvoke"],"picked":"PrismaMod:MiyuCheapChannelRandom","floor":6},{"not_picked":["PrismaMod:MiyuEvokeCheapDefend","PrismaMod:MiyuEvokeBuffDex","PrismaMod:MiyuCheapEvoke","PrismaMod:MiyuUncommonDefend"],"picked":"PrismaMod:MiyuCheapChannelWeak","floor":8},{"not_picked":["PrismaMod:MiyuCheapAttack2","PrismaMod:MiyuCheapStrBuff","PrismaMod:MiyuMaid","PrismaMod:MiyuUncommonStrBuff"],"picked":"PrismaMod:MiyuCheapChannelVul","floor":12},{"not_picked":["PrismaMod:MiyuCheapAttack2","PrismaMod:MiyuChannelAttackEvoke","PrismaMod:MiyuUncommonPlate","PrismaMod:MiyuCarnivalAttack"],"picked":"PrismaMod:MiyuUberAttack","floor":14},{"not_picked":["PrismaMod:MiyuDefenseAbsorbMinor","PrismaMod:MiyuDefendChannelDefend","PrismaMod:MiyuChannelAttackEvoke","PrismaMod:MiyuCheapDefend2"],"picked":"PrismaMod:MiyuBride","floor":16},{"not_picked":["PrismaMod:MiyuUncommonAttack","PrismaMod:MiyuAttackChannelVul","PrismaMod:MiyuAttackChannelAttack","PrismaMod:MiyuDefenseRemoval","PrismaMod:MiyuDevil"],"picked":"SKIP","floor":18},{"not_picked":["PrismaMod:MiyuCheapStrBuff+1","PrismaMod:MiyuChristmas+1","PrismaMod:MiyuUncommonDefend","PrismaMod:MiyuEvokeCheapAttack+1"],"picked":"PrismaMod:MiyuOrbIncreasePerm","floor":19},{"not_picked":["PrismaMod:MiyuChannelAttackEvoke","PrismaMod:MiyuCheapDefend2","PrismaMod:MiyuEvokeAllDefend","PrismaMod:MiyuCarnivalDefend"],"picked":"PrismaMod:MiyuEvokeAllAttack","floor":33},{"not_picked":["LuminesStrike+1","PrismaMod:MiyuUncommonAttack+1","DC+1","NonDirectionalLaser","PrismaMod:MiyuCheapChannelWeak","PrismaMod:MiyuUncommonStrBuff"],"picked":"SKIP","floor":35},{"not_picked":["MysteriousBeam","MagicAbsorber","DarkMatter","WitchOfGreed","EarthLightRay","EnergyFlow+1"],"picked":"SKIP","floor":44}],"player_experience":199916,"relics_obtained":[{"floor":1,"key":"SynthV:TestCard"},{"floor":6,"key":"WarlordEmblem:OldTorch"},{"floor":8,"key":"WarlordEmblem:KitchenKnife"},{"floor":9,"key":"WarlordEmblem:MantleLazz"},{"floor":26,"key":"BelialBook"},{"floor":43,"key":"SentryEyes"}],"event_choices":[{"damage_healed":0,"gold_gain":0,"player_choice":"0 cards matched","damage_taken":0,"max_hp_gain":0,"max_hp_loss":0,"event_name":"Match and Keep!","floor":21,"gold_loss":0,"cards_obtained":[]}],"is_beta":false,"boss_relics":[{"not_picked":["Coffee Dripper","SacredBark"],"picked":"aspiration:RunicSpoon"},{"not_picked":[]},{"not_picked":["WarlordEmblem:HeavyShield","construct:ClawGrip"],"picked":"aspiration:MarisaSkillbook"},{"not_picked":[]}],"items_purged_floors":[5,5,5,5,5,5,5,5,5,5,20,20,20,20,24,39,45,45,45,45],"is_endless":false,"potions_floor_spawned":[1,6,8,12,12,14,14,16,18,19,19,35,35,44],"killed_by":"Gensokyo:Shinki","ascension_level":0}}