{"host":"s9znsjs818tlhh47","time":1613700523,"event":{"mods":["2.2 Compatiblity","ATMod(°¢èªMod)","AchievementEnabler","Act Like it!","Arknights","BaseMod","Better Note","Better Skull","Better Third Choice","Better Vampires","Bossed Relics","Card Forge","Colored Powertips","Force Act Four","Minty Spire (QoL Compilation)","Permanent Neow","Quick Restart","StSLib","¡¾¹¦ÄÜMod¡¿»ìãçÖ®»·ÐÞ¸´²¹¶¡","¡¾ÒÅÎï¿¨ÅÆ¡¿REMEMod"],"gold_per_floor":[118,43,56,56,73,106,106,119,169,169,169],"floor_reached":10,"language":"ZHS","playtime":575,"items_purged":["Strike_R"],"score":136,"play_id":"e375fff5-0f27-424d-823f-2a61bcc58236","local_time":"20210218210843","is_ascension_mode":true,"campfire_choices":[{"data":"REME_Fury","floor":7,"key":"SMITH"}],"circlet_count":0,"master_deck":["AscendersBane","Strike_R+1","Strike_R+1","Strike_R","Defend_R","Defend_R","Defend_R","Defend_R","Bash+1","AT_FamilyPortrait+1","Evolve+1","AT_CaressingTears+1","Body Slam+1","REME_Fury+1","Armaments"],"relics":["Hammer of Thor","Seething Fire","Anvil of the Gods","REME_ComplimentaryCards","AT_ATBox","Black Star","Paper Frog","Whetstone","Omamori"],"acts_visited":["Exordium"],"potions_floor_usage":[],"damage_taken":[{"damage":0.0,"enemies":"Small Slimes","floor":1.0,"turns":2.0},{"damage":15,"enemies":"Jaw Worm","floor":3,"turns":4},{"damage":10,"enemies":"Cultist","floor":5,"turns":4},{"damage":30,"enemies":"3 Sentries","floor":6,"turns":7},{"damage":45,"enemies":"3 Louse","floor":8,"turns":5},{"damage":0,"enemies":"Lagavulin","floor":10,"turns":3}],"seed_played":"3381259242561685635","potions_obtained":[{"floor":6,"key":"Fire Potion"},{"floor":8,"key":"Swift Potion"}],"is_trial":false,"path_per_floor":["M","$","M","?","M","E","R","M","T","E"],"character_chosen":"IRONCLAD","items_purchased":[],"campfire_rested":0,"item_purchase_floors":[],"current_hp_per_floor":[68,68,53,46,36,60,60,15,15,15,15],"gold":169,"neow_bonus":"BOSS_RELIC","is_daily":false,"chose_seed":false,"campfire_upgraded":1,"win_rate":0.0,"timestamp":1613700523,"path_taken":["M","$","M","?","M","E","R","M","T","E"],"items_purchased_type":[],"build_version":"2020-12-22","purchased_purges":1,"victory":false,"max_hp_per_floor":[75,75,75,75,75,75,75,75,75,75,75],"card_choices":[{"not_picked":["Sword Boomerang","Body Slam"],"picked":"Evolve","floor":1.0},{"not_picked":["Perfected Strike","Carnage"],"picked":"AT_CaressingTears","floor":3},{"not_picked":["Perfected Strike","Warcry"],"picked":"Body Slam","floor":5},{"not_picked":["Perfected Strike","Dual Wield"],"picked":"REME_Fury","floor":6},{"not_picked":["True Grit","Havoc"],"picked":"Armaments","floor":8}],"player_experience":329515,"relics_obtained":[{"floor":6,"key":"Paper Frog"},{"floor":6,"key":"Whetstone"},{"floor":9,"key":"Omamori"}],"event_choices":[{"cards_removed":["Strike_R"],"damage_healed":0,"gold_gain":0,"player_choice":"Card Removal","damage_taken":7,"max_hp_gain":0,"max_hp_loss":0,"event_name":"Golden Wing","floor":4,"gold_loss":0}],"is_beta":false,"boss_relics":[],"items_purged_floors":[2],"is_endless":false,"potions_floor_spawned":[6,8],"killed_by":"Lagavulin","ascension_level":20}}