{"host":"p9vmbvw2hh2n16dn","time":1613734394,"event":{"mods":["AchievementEnabler","BaseMod","Block Reminder","Minty Spire (QoL Compilation)","Relic Stats","SuperFastMode"],"gold_per_floor":[114,114,114,134,134,167,177,177,177],"floor_reached":8,"language":"ENG","playtime":193,"items_purged":[],"score":95,"play_id":"2b79e5f6-190c-4ebb-b3a9-6e32f674f036","local_time":"20210219123314","is_ascension_mode":true,"campfire_choices":[],"circlet_count":0,"master_deck":["AscendersBane","Strike_B","Strike_B","Strike_B","Strike_B","Defend_B","Defend_B+1","Defend_B","Defend_B","Zap+1","Dualcast","Darkness","Cold Snap","Self Repair","Ball Lightning"],"relics":["Sozu","Oddly Smooth Stone","War Paint"],"acts_visited":["Exordium"],"potions_floor_usage":[],"damage_taken":[{"damage":3.0,"enemies":"Small Slimes","floor":1.0,"turns":3.0},{"damage":1.0,"enemies":"Jaw Worm","floor":4.0,"turns":3.0},{"damage":24.0,"enemies":"Lagavulin","floor":6.0,"turns":8.0},{"damage":5.0,"enemies":"2 Louse","floor":7.0,"turns":3.0},{"damage":42,"enemies":"Gremlin Nob","floor":8,"turns":4}],"seed_played":"-4230417407246772261","potions_obtained":[],"is_trial":false,"path_per_floor":["M","?","?","M","?","E","M","E"],"character_chosen":"DEFECT","items_purchased":[],"campfire_rested":0,"item_purchase_floors":[],"current_hp_per_floor":[61,61,54,53,53,29,31,0,0],"gold":177,"neow_bonus":"BOSS_RELIC","is_daily":false,"chose_seed":false,"campfire_upgraded":0,"win_rate":0.0,"timestamp":1613734394,"path_taken":["M","?","?","M","?","E","?","E"],"items_purchased_type":[],"build_version":"2020-12-22","purchased_purges":0,"victory":false,"max_hp_per_floor":[71,71,71,71,71,71,71,71,71],"relic_stats":{"Sozu":2,"counters":[5,21],"War Paint":["Defend_B","Zap"],"obtain_stats":[{"Sozu":0,"Oddly Smooth Stone":2,"War Paint":6,"Cracked Core":0},{"Sozu":0,"Oddly Smooth Stone":1,"War Paint":3,"Cracked Core":0},{"Sozu":0,"Oddly Smooth Stone":3,"War Paint":14,"Cracked Core":0}]},"card_choices":[{"not_picked":["Gash","Steam Power"],"picked":"Darkness","floor":1.0},{"not_picked":["Compile Driver","Steam"],"picked":"Cold Snap","floor":4.0},{"not_picked":["Rebound","Thunder Strike"],"picked":"Self Repair","floor":6.0},{"not_picked":["Leap","Steam"],"picked":"Ball Lightning","floor":7.0}],"player_experience":358771,"relics_obtained":[{"floor":6.0,"key":"War Paint"}],"event_choices":[{"damage_healed":0.0,"max_hp_gain":0.0,"max_hp_loss":0.0,"gold_gain":0.0,"event_name":"Big Fish","player_choice":"Box","floor":2.0,"gold_loss":0.0,"damage_taken":0.0,"relics_obtained":["Oddly Smooth Stone"],"cards_obtained":["Regret"]},{"cards_removed":["Regret"],"damage_healed":0.0,"max_hp_gain":0.0,"max_hp_loss":0.0,"gold_gain":0.0,"event_name":"Golden Wing","player_choice":"Card Removal","floor":3.0,"gold_loss":0.0,"damage_taken":7.0},{"damage_healed":0.0,"max_hp_gain":0.0,"max_hp_loss":0.0,"gold_gain":0.0,"event_name":"Liars Game","player_choice":"Ignored","floor":5.0,"gold_loss":0.0,"damage_taken":0.0}],"is_beta":false,"boss_relics":[],"items_purged_floors":[],"is_endless":false,"potions_floor_spawned":[1,6],"killed_by":"Gremlin Nob","ascension_level":14}}