{"host":"t5vp0whyqzs05fb6","time":1613705865,"event":{"mods":["AchievementEnabler","BaseMod","Colored Map","Minty Spire (QoL Compilation)","Rare Cards Sparkle","SuperFastMode","everything is the same but u backflip on backflip"],"gold_per_floor":[364,439,452,472,29,29,55,55,79,79,109,122,140,140,140,237,237,253,253,131,131,146,146,160,180,248,282,282,301,400,426,426,526,526,544,544,86,86,109,109,44,78,78,107,107,138,150,169,169,169,169,169,19,50,50],"floor_reached":56,"language":"KOR","playtime":3015,"items_purged":["Strike_G","Strike_G","Strike_G"],"score":1456,"play_id":"b02081e6-df03-4645-81d2-9754e5c7b6bc","local_time":"20210219123745","is_ascension_mode":false,"campfire_choices":[{"data":"Blade Dance","floor":6.0,"key":"SMITH"},{"data":"Survivor","floor":8.0,"key":"SMITH"},{"floor":15.0,"key":"REST"},{"data":"Accuracy","floor":23.0,"key":"SMITH"},{"data":"Adrenaline","floor":28.0,"key":"SMITH"},{"data":"Burst","floor":32.0,"key":"SMITH"},{"floor":40.0,"key":"RECALL"},{"data":"Well Laid Plans","floor":45.0,"key":"SMITH"},{"floor":49.0,"key":"REST"},{"data":"Accuracy","floor":52.0,"key":"SMITH"}],"circlet_count":0,"master_deck":["Defend_G","Defend_G","Defend_G","Survivor+1","Neutralize+1","Blade Dance+1","Footwork","Accuracy+1","Leg Sweep","Venomology","Cloak And Dagger","Burst","Slice+1","Deflect+1","Phantasmal Killer+1","Prepared+1","Burst+1","Acrobatics","Blur","Adrenaline+1","Blade Dance","Acrobatics","Well Laid Plans+1","Accuracy+1","Blade Dance","Cloak And Dagger","Cloak And Dagger+1","Reflex","Cloak And Dagger+1","Blur+1"],"relics":["Ring of the Snake","Membership Card","Kunai","Oddly Smooth Stone","Potion Belt","Nunchaku","Singing Bowl","Astrolabe","DollysMirror","Letter Opener","Tiny Chest","Pear","Philosopher\u0027s Stone","Calipers","Medical Kit","Paper Crane","Anchor","Dream Catcher","Regal Pillow","The Specimen","Gambling Chip","Pocketwatch"],"acts_visited":["TheCity","TheBeyond","TheEnding"],"potions_floor_usage":[55,55,55,55],"damage_taken":[{"damage":8.0,"enemies":"Jaw Worm","floor":1.0,"turns":4.0},{"damage":0.0,"enemies":"Small Slimes","floor":3.0,"turns":3.0},{"damage":0.0,"enemies":"Cultist","floor":4.0,"turns":4.0},{"damage":15.0,"enemies":"Gremlin Nob","floor":7.0,"turns":4.0},{"damage":13.0,"enemies":"Lagavulin","floor":11.0,"turns":7.0},{"damage":5.0,"enemies":"Large Slime","floor":12.0,"turns":5.0},{"damage":0.0,"enemies":"Exordium Thugs","floor":13.0,"turns":8.0},{"damage":0.0,"enemies":"The Guardian","floor":16.0,"turns":15.0},{"damage":3.0,"enemies":"3 Byrds","floor":18.0,"turns":4.0},{"damage":0.0,"enemies":"2 Thieves","floor":22.0,"turns":3.0},{"damage":0.0,"enemies":"Cultist and Chosen","floor":24.0,"turns":4.0},{"damage":0.0,"enemies":"Shelled Parasite and Fungi","floor":25.0,"turns":4.0},{"damage":10.0,"enemies":"Book of Stabbing","floor":27.0,"turns":6.0},{"damage":0.0,"enemies":"Snake Plant","floor":29.0,"turns":4.0},{"damage":6.0,"enemies":"Slavers","floor":31.0,"turns":2.0},{"damage":5.0,"enemies":"Automaton","floor":33.0,"turns":7.0},{"damage":1.0,"enemies":"3 Darklings","floor":35.0,"turns":4.0},{"damage":0.0,"enemies":"Nemesis","floor":42.0,"turns":3.0},{"damage":0.0,"enemies":"Reptomancer","floor":44.0,"turns":4.0},{"damage":0.0,"enemies":"Giant Head","floor":46.0,"turns":4.0},{"damage":0.0,"enemies":"Orb Walker","floor":47.0,"turns":2.0},{"damage":0.0,"enemies":"Jaw Worm Horde","floor":48.0,"turns":3.0},{"damage":70.0,"enemies":"Time Eater","floor":50.0,"turns":11.0},{"damage":15.0,"enemies":"Shield and Spear","floor":54.0,"turns":4.0},{"damage":99,"enemies":"The Heart","floor":55,"turns":9}],"seed_played":"8508582808830050404","potions_obtained":[{"floor":1.0,"key":"CunningPotion"},{"floor":12.0,"key":"SpeedPotion"},{"floor":13.0,"key":"LiquidMemories"},{"floor":24.0,"key":"Swift Potion"},{"floor":25.0,"key":"Strength Potion"},{"floor":29.0,"key":"SkillPotion"},{"floor":44.0,"key":"Weak Potion"},{"floor":46.0,"key":"Fire Potion"},{"floor":54.0,"key":"CunningPotion"}],"is_trial":false,"path_per_floor":["M","?","M","M","$","R","E","R","T","?","E","M","M","?","R","B",null,"M","?","$","?","M","R","M","M","T","E","R","M","?","E","R","B",null,"M","?","$","?","T","R","$","E","T","E","R","E","M","M","R","B",null,"R","$","E","B",null],"character_chosen":"THE_SILENT","items_purchased":["Membership Card","Kunai","Oddly Smooth Stone","Footwork","SteroidPotion","DollysMirror","Calipers","Well Laid Plans","Medical Kit","Paper Crane","Accuracy","Blade Dance","Gambling Chip"],"campfire_rested":2,"item_purchase_floors":[5,5,5,5,5,20,37,37,37,37,41,41,53],"current_hp_per_floor":[55,44,44,44,44,44,29,29,29,29,16,11,11,11,29,29,63,60,60,60,49,51,51,51,51,51,41,41,41,41,47,47,44,84,83,83,83,83,83,83,83,83,83,83,83,83,85,85,88,18,88,88,88,73,24],"gold":50,"neow_bonus":"TWO_FIFTY_GOLD","is_daily":false,"chose_seed":false,"campfire_upgraded":7,"win_rate":0.0,"timestamp":1613705865,"path_taken":["M","?","M","M","$","R","E","R","T","?","E","?","M","?","R","BOSS","M","?","$","?","?","R","M","M","T","E","R","M","?","E","R","BOSS","M","?","$","?","?","R","?","E","T","E","R","E","M","M","R","BOSS","R","$","E","BOSS"],"items_purchased_type":["Relic","Relic","Relic","Card","Potion","Relic","Relic","Card","Relic","Relic","Card","Card","Relic"],"build_version":"2020-12-22","purchased_purges":3,"victory":true,"max_hp_per_floor":[63,63,63,63,63,63,63,63,63,63,63,63,63,63,63,63,63,63,63,63,68,70,70,70,70,70,70,70,70,70,82,82,84,84,84,84,84,84,84,84,84,84,84,84,84,84,86,86,88,88,88,88,88,88,88],"card_choices":[{"not_picked":["Finisher","Dodge and Roll","Flying Knee"],"picked":"SKIP","floor":1.0},{"not_picked":["Prepared","Bane"],"picked":"Sucker Punch","floor":3.0},{"not_picked":["Outmaneuver","Riddle With Holes"],"picked":"Blade Dance","floor":4.0},{"not_picked":["Bouncing Flask","All Out Attack"],"picked":"Accuracy","floor":7.0},{"not_picked":["Quick Slash","Concentrate"],"picked":"Leg Sweep","floor":11.0},{"not_picked":["Deflect","Underhanded Strike"],"picked":"Venomology","floor":12.0},{"not_picked":["Deflect","Underhanded Strike"],"picked":"Cloak And Dagger","floor":13.0},{"not_picked":["Glass Knife","Envenom"],"picked":"Burst","floor":16.0},{"not_picked":["Concentrate","Quick Slash"],"picked":"Prepared+1","floor":18.0},{"not_picked":["Dagger Throw","Flying Knee","Bane"],"picked":"Singing Bowl","floor":22.0},{"not_picked":["Prepared","Underhanded Strike"],"picked":"Acrobatics","floor":24.0},{"not_picked":["Finisher","Predator"],"picked":"Blur","floor":25.0},{"not_picked":["Bouncing Flask","Sucker Punch"],"picked":"Adrenaline","floor":27.0},{"not_picked":["Underhanded Strike","Predator+1"],"picked":"Blade Dance","floor":29.0},{"not_picked":["Dagger Throw","Bane+1","All Out Attack"],"picked":"Singing Bowl","floor":31.0},{"not_picked":["Bullet Time","Grand Finale","Burst"],"picked":"Singing Bowl","floor":33.0},{"not_picked":["Prepared","Poisoned Stab+1"],"picked":"Acrobatics","floor":35.0},{"not_picked":["Tools of the Trade","Dagger Spray"],"picked":"Cloak And Dagger","floor":42.0},{"not_picked":["Underhanded Strike","Dagger Throw+1"],"picked":"Cloak And Dagger+1","floor":44.0},{"not_picked":["Glass Knife","PiercingWail"],"picked":"Reflex","floor":46.0},{"not_picked":["Poisoned Stab","Dodge and Roll","Quick Slash+1"],"picked":"Singing Bowl","floor":47.0},{"not_picked":["Deflect+1","Bane"],"picked":"Cloak And Dagger+1","floor":48.0},{"not_picked":["PiercingWail+1","Flying Knee","Riddle With Holes+1"],"picked":"Singing Bowl","floor":49.0},{"not_picked":["Endless Agony+1","Poisoned Stab"],"picked":"Blur+1","floor":54.0}],"player_experience":235223,"relics_obtained":[{"floor":7.0,"key":"Potion Belt"},{"floor":9.0,"key":"Nunchaku"},{"floor":11.0,"key":"Singing Bowl"},{"floor":26.0,"key":"Letter Opener"},{"floor":27.0,"key":"Tiny Chest"},{"floor":31.0,"key":"Pear"},{"floor":42.0,"key":"Anchor"},{"floor":43.0,"key":"Dream Catcher"},{"floor":44.0,"key":"Regal Pillow"},{"floor":46.0,"key":"The Specimen"},{"floor":54.0,"key":"Pocketwatch"}],"event_choices":[{"damage_healed":0.0,"max_hp_gain":0.0,"max_hp_loss":0.0,"gold_gain":75.0,"event_name":"World of Goop","player_choice":"Gather Gold","floor":2.0,"gold_loss":0.0,"damage_taken":11.0},{"damage_healed":0.0,"max_hp_gain":0.0,"max_hp_loss":0.0,"gold_gain":0.0,"event_name":"Upgrade Shrine","player_choice":"Upgraded","floor":10.0,"gold_loss":0.0,"damage_taken":0.0,"cards_upgraded":["Neutralize"]},{"cards_removed":["Strike_G"],"damage_healed":0.0,"max_hp_gain":0.0,"max_hp_loss":0.0,"gold_gain":0.0,"event_name":"Purifier","player_choice":"Purged","floor":14.0,"gold_loss":0.0,"damage_taken":0.0},{"damage_healed":0.0,"max_hp_gain":0.0,"max_hp_loss":0.0,"gold_gain":0.0,"event_name":"The Mausoleum","player_choice":"Ignored","floor":19.0,"gold_loss":0.0,"damage_taken":0.0},{"damage_healed":0.0,"max_hp_gain":5.0,"max_hp_loss":0.0,"gold_gain":0.0,"event_name":"Forgotten Altar","player_choice":"Shed Blood","floor":21.0,"gold_loss":0.0,"damage_taken":16.0},{"damage_healed":0.0,"max_hp_gain":0.0,"max_hp_loss":0.0,"gold_gain":99.0,"event_name":"Nest","player_choice":"Stole From Cult","floor":30.0,"gold_loss":0.0,"damage_taken":0.0},{"damage_healed":0.0,"max_hp_gain":0.0,"max_hp_loss":0.0,"gold_gain":0.0,"event_name":"Tomb of Lord Red Mask","player_choice":"Ignored","floor":36.0,"gold_loss":0.0,"damage_taken":0.0},{"cards_removed":["Sucker Punch"],"damage_healed":0.0,"max_hp_gain":0.0,"max_hp_loss":0.0,"gold_gain":0.0,"event_name":"Falling","player_choice":"Removed Attack","floor":38.0,"gold_loss":0.0,"damage_taken":0.0}],"is_beta":false,"boss_relics":[{"not_picked":["Fusion Hammer","Calling Bell"],"picked":"Astrolabe"},{"not_picked":["Tiny House","Ring of the Serpent"],"picked":"Philosopher\u0027s Stone"}],"items_purged_floors":[5,20,37],"is_endless":false,"potions_floor_spawned":[1,12,13,24,25,29,44,46,54],"ascension_level":0}}