{"host":"tzwikg9s6mkzv6w0","time":1613745875,"event":{"mods":["BaseMod","Good Game Mod","Minty Spire (QoL Compilation)","Spicy Shops","StSLib"],"gold_per_floor":[365,365,365,71,71,97,97,122,122,122,122],"floor_reached":10,"language":"ZHS","playtime":229,"items_purged":["Defend_P"],"score":133,"play_id":"47149fba-5854-490c-bf00-47fcb49b0928","local_time":"20210219224435","is_ascension_mode":true,"campfire_choices":[{"floor":7.0,"key":"REST"}],"circlet_count":0,"master_deck":["AscendersBane","Strike_P","Strike_P","Strike_P","Strike_P","Defend_P","Defend_P","Eruption","Vigilance","Machine Learning","FlurryOfBlows","Consecrate+1"],"relics":["PureWater","REME:ComplimentaryCards","Singing Bowl","Membership Card","TheAbacus","Molten Egg 2","Sundial","Letter Opener"],"acts_visited":["Exordium"],"potions_floor_usage":[],"damage_taken":[{"damage":1.0,"enemies":"Small Slimes","floor":1.0,"turns":3.0},{"damage":26.0,"enemies":"3 Sentries","floor":6.0,"turns":6.0},{"damage":17.0,"enemies":"Gremlin Nob","floor":8.0,"turns":4.0},{"damage":12,"enemies":"3 Sentries","floor":10,"turns":1}],"seed_played":"-6765169180532784802","potions_obtained":[{"floor":1.0,"key":"BottledMiracle"}],"is_trial":false,"path_per_floor":["M","?","T","$","?","E","R","E","T","E"],"character_chosen":"WATCHER","items_purchased":["Membership Card","TheAbacus"],"campfire_rested":1,"item_purchase_floors":[4,4],"current_hp_per_floor":[60,34,34,34,34,10,29,12,12,0,0],"gold":122,"neow_bonus":"TWO_FIFTY_GOLD","is_daily":false,"chose_seed":false,"campfire_upgraded":0,"win_rate":0.0,"timestamp":1613745875,"path_taken":["M","?","?","$","?","E","R","E","T","E"],"items_purchased_type":["Relic","Relic"],"build_version":"2020-12-22","purchased_purges":1,"victory":false,"max_hp_per_floor":[62,62,62,62,62,64,64,64,64,64,64],"card_choices":[{"not_picked":["Fasting2","CrushJoints"],"picked":"FlurryOfBlows","floor":1.0},{"not_picked":["WaveOfTheHand","Meditate","EmptyBody"],"picked":"Singing Bowl","floor":6.0},{"not_picked":["MasterReality","Prostrate"],"picked":"Consecrate+1","floor":8.0}],"player_experience":160268,"relics_obtained":[{"floor":6.0,"key":"Molten Egg 2"},{"floor":8.0,"key":"Sundial"},{"floor":9.0,"key":"Letter Opener"}],"event_choices":[{"damage_healed":0.0,"max_hp_gain":0.0,"max_hp_loss":0.0,"gold_gain":0.0,"event_name":"Scrap Ooze","player_choice":"Success","floor":2.0,"gold_loss":0.0,"damage_taken":26.0,"relics_obtained":["Singing Bowl"]},{"cards_removed":["Defend_P"],"damage_healed":0.0,"max_hp_gain":0.0,"max_hp_loss":0.0,"gold_gain":0.0,"event_name":"Purifier","player_choice":"Purged","floor":5.0,"gold_loss":0.0,"damage_taken":0.0}],"is_beta":false,"boss_relics":[],"items_purged_floors":[4],"is_endless":false,"potions_floor_spawned":[1],"killed_by":"3 Sentries","ascension_level":17}}