{"host":"lxihx0b6awoz2w1j","time":1613747695,"event":{"mods":["BaseMod","Better Third Choice","BetterRewards","CapriCore","Colored Powertips","Conspire","Downfall","Fox Events","Hubris","Infinite Spire","Melee Mod","Minty Spire (QoL Compilation)","Permanent Neow","Quick Restart","Relic Stats","Reliquary","Replay The Spire","Spicy Shops","StSLib","The Alterego","The Blue Laboratory","The Death Knight","The Forsaken","The Jungle","Waifu the Spire"],"gold_per_floor":[109,119,130,130,145,145,145,145,199,199,209,20,30,30,30,127,127,144,171,187,187,187,187,214,214,214,214,214,214,214,225,225,321,321,331,331,331,382,431,431,442,454,454,454,648,659,659,676,676,676],"floor_reached":51,"language":"ENG","playtime":2187,"items_purged":["ReplayTheSpireMod:Doomed"],"score":705,"play_id":"811689af-2ca1-4483-b0f2-7b976bb3bf88","local_time":"20210219161455","is_ascension_mode":false,"campfire_choices":[{"floor":6.0,"key":"REST"},{"floor":8.0,"key":"REST"},{"data":"DeathKnight:SindragosasBreath","floor":10.0,"key":"SMITH"},{"data":"1","floor":15.0,"key":"LIFT"},{"data":"2","floor":23.0,"key":"LIFT"},{"floor":25.0,"key":"REST"},{"data":"infinitespire:SevenWalls","floor":30.0,"key":"SMITH"},{"floor":32.0,"key":"DIG"},{"floor":44.0,"key":"REST"},{"floor":47.0,"key":"REST"}],"circlet_count":0,"master_deck":["DeathKnight:Strike_DeathKnight","DeathKnight:Strike_DeathKnight","DeathKnight:Strike_DeathKnight","DeathKnight:Strike_DeathKnight","DeathKnight:Strike_DeathKnight","DeathKnight:Defend_DeathKnight","DeathKnight:Defend_DeathKnight","DeathKnight:Defend_DeathKnight","DeathKnight:Defend_DeathKnight","DeathKnight:Defend_DeathKnight","DeathKnight:RuneTap","DeathKnight:RuneStrike","DeathKnight:BludPresence+1","DeathKnight:DeathCoil","DeathKnight:IcyTouch","DeathKnight:PlagueStrike","DeathKnight:HornOfWinter+1","DeathKnight:Obliterate","DeathKnight:SindragosasBreath+1","DeathKnight:FoulBulwark","DeathKnight:BloodBoil","DeathKnight:WraithWalk","DeathKnight:DarkSuccor","DeathKnight:Obliterate","DeathKnight:Frostscythe","DeathKnight:AntiMagicShell","DeathKnight:FrosPresence+1","DeathKnight:FrostStrike","DeathKnight:DreadStrike+1","DeathKnight:DeathStrike+1","downfall:Malfunctioning","Pain","infinitespire:SevenWalls+1","DeathKnight:PathOfFrost","DeathKnight:AntiMagicShell","DeathKnight:SindragosasBreath","DeathKnight:BladedArmor+1","DeathKnight:IceboundArmor+1","DeathKnight:BloodStrike","DeathKnight:DeathStrike+1","DeathKnight:GargoyleSkin+1","DeathKnight:DeathStrike+1","Writhe","DeathKnight:BludPresence+1","DeathKnight:DancingRuneblade+1","DeathKnight:BloodStrike","DeathKnight:BludPresence+1"],"relics":["DeathKnight:BrokenRuneblade","Membership Card","Prayer Wheel","DeathKnight:AbominationHead","downfall:ExtraCursedKey","Blood Vial","Girya","SlaversCollar","Red Mask","hubris:SlimyHat","DeathKnight:CorpseWagon","hubris:Icosahedron","Dream Catcher","Oddly Smooth Stone","hubris:VirtuousBlindfold","Lizard Tail","Omamori","Replay:Arrowhead"],"acts_visited":["Exordium","TheCity","TheBeyond"],"potions_floor_usage":[],"damage_taken":[{"damage":10.0,"enemies":"Small Slimes","floor":1.0,"turns":3.0},{"damage":0.0,"enemies":"Cultist","floor":2.0,"turns":3.0},{"damage":8.0,"enemies":"2 Louse","floor":3.0,"turns":2.0},{"damage":13.0,"enemies":"Red Slaver","floor":5.0,"turns":3.0},{"damage":8.0,"enemies":"2 Fungi Beasts","floor":11.0,"turns":3.0},{"damage":2.0,"enemies":"3 Louse","floor":13.0,"turns":3.0},{"damage":12.0,"enemies":"Slime Boss","floor":16.0,"turns":8.0},{"damage":0.0,"enemies":"3 Byrds","floor":18.0,"turns":5.0},{"damage":20.0,"enemies":"Masked Bandits","floor":19.0,"turns":5.0},{"damage":14.0,"enemies":"Chosen","floor":20.0,"turns":5.0},{"damage":26.0,"enemies":"Book of Stabbing","floor":24.0,"turns":5.0},{"damage":8.0,"enemies":"Snake Plant","floor":31.0,"turns":4.0},{"damage":33.0,"enemies":"conspire:MysteriousRune","floor":33.0,"turns":9.0},{"damage":14.0,"enemies":"3 Darklings","floor":35.0,"turns":6.0},{"damage":1.0,"enemies":"3 Shapes","floor":38.0,"turns":4.0},{"damage":21.0,"enemies":"2 Orb Walkers","floor":39.0,"turns":4.0},{"damage":11.0,"enemies":"Writhing Mass","floor":41.0,"turns":6.0},{"damage":8.0,"enemies":"4 Shapes","floor":42.0,"turns":5.0},{"damage":44.0,"enemies":"Transient","floor":46.0,"turns":5.0},{"damage":16.0,"enemies":"Sphere and 2 Shapes","floor":48.0,"turns":6.0},{"damage":102,"enemies":"Awakened One","floor":50,"turns":10}],"seed_played":"5963401753874294482","potions_obtained":[{"floor":5.0,"key":"SteroidPotion"},{"floor":11.0,"key":"champ:CounterPotion"},{"floor":16.0,"key":"blueLaboratory:BottledHope"},{"floor":24.0,"key":"blueLaboratory:FruitPunch"},{"floor":39.0,"key":"Energy Potion"}],"is_trial":false,"path_per_floor":["M","M","M","?","M","R","?","R","T","R","M","$","M","?","R","B",null,"M","?","M","?","?","R","E","R","T","?","?","AVR","R","M","R","B",null,"M","?","?","M","?","?","M","M","T","R","?","M","R","M","R","B",null],"character_chosen":"DEATH_KNIGHT","items_purchased":["Membership Card","DeathKnight:BludPresence","DeathKnight:DeathCoil","Girya"],"campfire_rested":5,"item_purchase_floors":[0,0,0,12],"current_hp_per_floor":[49,49,41,41,28,49,49,70,70,70,62,62,62,62,62,52,70,70,50,38,38,61,61,37,58,58,58,58,58,58,52,52,31,70,56,56,56,57,40,40,31,35,35,56,38,6,27,33,54,42],"gold":676,"neow_bonus":"","is_daily":false,"chose_seed":false,"campfire_upgraded":2,"win_rate":0.0,"timestamp":1613747695,"path_taken":["M","M","M","?","M","R","?","R","T","R","M","$","?","?","R","BOSS","M","?","M","?","?","R","E","R","T","?","?","AVR","R","M","R","BOSS","M","?","?","?","?","?","?","M","T","R","?","M","R","M","R","BOSS"],"items_purchased_type":["Relic","Card","Card","Relic"],"build_version":"2020-12-22","purchased_purges":1,"victory":true,"max_hp_per_floor":[70,70,70,70,70,70,70,70,70,70,70,70,70,70,70,70,70,70,70,70,70,70,70,70,70,70,70,70,70,70,70,70,70,70,70,70,70,70,72,72,72,72,72,72,72,72,72,72,72,72],"relic_stats":{"Blood Vial":26,"Dream Catcher":3,"Lizard Tail":36,"counters":[21,104],"Prayer Wheel":15,"obtain_stats":[{"Girya":12,"Oddly Smooth Stone":32,"hubris:VirtuousBlindfold":34,"hubris:SlimyHat":24,"DeathKnight:CorpseWagon":26,"Omamori":40,"Replay:Arrowhead":43,"DeathKnight:AbominationHead":0,"Blood Vial":9,"SlaversCollar":17,"Dream Catcher":29,"Lizard Tail":39,"hubris:Icosahedron":27,"Prayer Wheel":0,"downfall:ExtraCursedKey":4,"Red Mask":19,"Membership Card":0,"DeathKnight:BrokenRuneblade":0},{"Girya":5,"Oddly Smooth Stone":12,"hubris:VirtuousBlindfold":13,"hubris:SlimyHat":11,"DeathKnight:CorpseWagon":11,"Omamori":16,"Replay:Arrowhead":18,"DeathKnight:AbominationHead":0,"Blood Vial":4,"SlaversCollar":7,"Dream Catcher":11,"Lizard Tail":16,"hubris:Icosahedron":11,"Prayer Wheel":0,"downfall:ExtraCursedKey":3,"Red Mask":9,"Membership Card":0,"DeathKnight:BrokenRuneblade":0},{"Girya":14,"Oddly Smooth Stone":49,"hubris:VirtuousBlindfold":58,"hubris:SlimyHat":45,"DeathKnight:CorpseWagon":45,"Omamori":72,"Replay:Arrowhead":83,"DeathKnight:AbominationHead":0,"Blood Vial":11,"SlaversCollar":25,"Dream Catcher":45,"Lizard Tail":72,"hubris:Icosahedron":45,"Prayer Wheel":0,"downfall:ExtraCursedKey":8,"Red Mask":35,"Membership Card":0,"DeathKnight:BrokenRuneblade":0}]},"card_choices":[{"not_picked":["DeathKnight:UnholyPresence","DeathKnight:Runeguard"],"picked":"DeathKnight:IcyTouch","floor":1.0},{"not_picked":["DeathKnight:DreadStrike","DeathKnight:BludPresence"],"picked":"DeathKnight:PlagueStrike","floor":1.0},{"not_picked":["DeathKnight:Pestilence","DeathKnight:IceboundArmor"],"picked":"DeathKnight:HornOfWinter","floor":2.0},{"not_picked":["DeathKnight:BloodEchoes","DeathKnight:MutagenicPlague","DeathKnight:RaiseAlly"],"picked":"SKIP","floor":2.0},{"not_picked":["DeathKnight:BloodEchoes","DeathKnight:HornOfWinter"],"picked":"DeathKnight:Obliterate","floor":3.0},{"not_picked":["DeathKnight:DeathCoil","DeathKnight:BladedArmor"],"picked":"DeathKnight:SindragosasBreath","floor":3.0},{"not_picked":["DeathKnight:FesteringStrike","DeathKnight:DeathRune"],"picked":"DeathKnight:FoulBulwark","floor":5.0},{"not_picked":["DeathKnight:DeathCoil","DeathKnight:UnholyPresence"],"picked":"DeathKnight:BloodBoil","floor":5.0},{"not_picked":["DeathKnight:Hemostasis","DeathKnight:Ossuary"],"picked":"DeathKnight:WraithWalk","floor":11.0},{"not_picked":["DeathKnight:DreadStrike","DeathKnight:DeathGrip"],"picked":"DeathKnight:DarkSuccor","floor":11.0},{"not_picked":["DeathKnight:BoneShield","DeathKnight:WraithWalk"],"picked":"DeathKnight:Obliterate","floor":13.0},{"not_picked":["DeathKnight:BoneStorm","DeathKnight:Pestilence","DeathKnight:DeathsAdvance"],"picked":"SKIP","floor":13.0},{"not_picked":["DeathKnight:SindragosasBreath","DeathKnight:RunicDetonation"],"picked":"DeathKnight:Frostscythe","floor":16.0},{"not_picked":["DeathKnight:Pestilence+1","DeathKnight:Ossuary"],"picked":"DeathKnight:AntiMagicShell","floor":18.0},{"not_picked":["DeathKnight:AntiMagicShell","DeathKnight:FoulBulwark"],"picked":"DeathKnight:FrosPresence","floor":18.0},{"not_picked":["DeathKnight:Parry","DeathKnight:MutagenicPlague"],"picked":"DeathKnight:FrostStrike","floor":19.0},{"not_picked":["DeathKnight:DeathGrip","DeathKnight:Obliterate"],"picked":"DeathKnight:DreadStrike+1","floor":20.0},{"not_picked":["DeathKnight:Culling","DeathKnight:DeathRune","DeathKnight:Pestilence"],"picked":"SKIP","floor":20.0},{"not_picked":["DeathKnight:FesteringStrike+1","DeathKnight:BludPresence+1"],"picked":"DeathKnight:DeathStrike+1","floor":24.0},{"not_picked":["DeathKnight:BludPresence","DeathKnight:PlagueStrike"],"picked":"DeathKnight:PathOfFrost","floor":31.0},{"not_picked":["DeathKnight:DeathCoil","DeathKnight:DreadStrike+1"],"picked":"DeathKnight:AntiMagicShell","floor":31.0},{"not_picked":["DeathKnight:Outbreak","DeathKnight:RunicDetonation"],"picked":"DeathKnight:SindragosasBreath","floor":33.0},{"not_picked":["DeathKnight:Ossuary","DeathKnight:DeathGrip"],"picked":"DeathKnight:BladedArmor+1","floor":35.0},{"not_picked":["DeathKnight:DreadStrike+1","DeathKnight:Rot+1"],"picked":"DeathKnight:UnholyPresence+1","floor":35.0},{"not_picked":["DeathKnight:FrosPresence","DeathKnight:Runesurge"],"picked":"DeathKnight:IceboundArmor+1","floor":38.0},{"not_picked":["DeathKnight:PathOfFrost","DeathKnight:FrosPresence+1"],"picked":"DeathKnight:BloodStrike","floor":38.0},{"not_picked":["DeathKnight:HornOfWinter","DeathKnight:BloodEchoes"],"picked":"DeathKnight:DeathStrike+1","floor":41.0},{"not_picked":["DeathKnight:Parry","DeathKnight:PathOfFrost"],"picked":"DeathKnight:GargoyleSkin+1","floor":41.0},{"not_picked":["DeathKnight:MindFreeze","DeathKnight:Rot+1"],"picked":"DeathKnight:DeathStrike+1","floor":42.0},{"not_picked":["DeathKnight:UnholyAssault","DeathKnight:Lichborne","DeathKnight:DeathsAdvance+1"],"picked":"SKIP","floor":42.0},{"not_picked":["DeathKnight:PlagueStrike","DeathKnight:Contagion+1"],"picked":"DeathKnight:BludPresence+1","floor":44.0},{"not_picked":["DeathKnight:DeathStrike+1","DeathKnight:AntiMagicShell+1"],"picked":"DeathKnight:DancingRuneblade+1","floor":45.0},{"not_picked":["DeathKnight:RunicCorruption","DeathKnight:BladedArmor"],"picked":"DeathKnight:BloodStrike","floor":46.0},{"not_picked":["DeathKnight:VampiricBlood","DeathKnight:BoneSpear+1","DeathKnight:Culling"],"picked":"SKIP","floor":46.0},{"not_picked":["DeathKnight:BoneStorm","DeathKnight:Hysteria"],"picked":"DeathKnight:BludPresence+1","floor":48.0},{"not_picked":["DeathKnight:BloodTap","DeathKnight:Parry+1","DeathKnight:Ossuary+1"],"picked":"SKIP","floor":48.0}],"player_experience":616127,"relics_obtained":[{"floor":9.0,"key":"Blood Vial"},{"floor":19.0,"key":"Red Mask"},{"floor":24.0,"key":"hubris:SlimyHat"},{"floor":26.0,"key":"DeathKnight:CorpseWagon"},{"floor":32.0,"key":"Oddly Smooth Stone"},{"floor":39.0,"key":"Lizard Tail"},{"floor":43.0,"key":"Replay:Arrowhead"}],"event_choices":[{"damage_healed":0.0,"max_hp_gain":0.0,"max_hp_loss":0.0,"gold_gain":0.0,"event_name":"Accursed Blacksmith","player_choice":"Forge","floor":7.0,"gold_loss":0.0,"damage_taken":0.0,"cards_upgraded":["DeathKnight:BludPresence"]},{"cards_removed":["Clumsy"],"damage_healed":0.0,"max_hp_gain":0.0,"max_hp_loss":0.0,"gold_gain":0.0,"event_name":"Purifier","player_choice":"Purged","floor":14.0,"gold_loss":0.0,"damage_taken":0.0},{"damage_healed":0.0,"max_hp_gain":0.0,"max_hp_loss":0.0,"gold_gain":0.0,"event_name":"Masked Bandits","player_choice":"Fought Bandits","floor":19.0,"gold_loss":0.0,"damage_taken":0.0},{"damage_healed":23.0,"max_hp_gain":0.0,"max_hp_loss":0.0,"gold_gain":0.0,"event_name":"The Library","player_choice":"Heal","floor":22.0,"gold_loss":0.0,"damage_taken":0.0},{"damage_healed":0.0,"max_hp_gain":0.0,"max_hp_loss":0.0,"gold_gain":0.0,"event_name":"Upgrade Shrine","player_choice":"Upgraded","floor":28.0,"gold_loss":0.0,"damage_taken":0.0,"cards_upgraded":["DeathKnight:FrosPresence"]},{"cards_removed":["DeathKnight:UnholyPresence"],"damage_healed":0.0,"max_hp_gain":0.0,"max_hp_loss":0.0,"gold_gain":0.0,"event_name":"Falling","player_choice":"Removed Power","floor":36.0,"gold_loss":0.0,"damage_taken":0.0},{"damage_healed":0.0,"max_hp_gain":0.0,"max_hp_loss":0.0,"gold_gain":0.0,"event_name":"Transmorgrifier","player_choice":"Ignored","floor":37.0,"gold_loss":0.0,"damage_taken":0.0},{"damage_healed":0.0,"max_hp_gain":0.0,"max_hp_loss":0.0,"gold_gain":0.0,"event_name":"Mysterious Sphere","player_choice":"Fight","floor":39.0,"gold_loss":0.0,"damage_taken":0.0},{"damage_healed":0.0,"max_hp_gain":0.0,"max_hp_loss":0.0,"gold_gain":0.0,"event_name":"WeMeetAgain","player_choice":"Gave Potion","floor":40.0,"gold_loss":0.0,"damage_taken":0.0,"relics_obtained":["Omamori"]}],"is_beta":false,"boss_relics":[{"not_picked":["ReplayTheSpireMod:SealedPack","reliquary:KinkedSpring"],"picked":"SlaversCollar"},{"not_picked":["conspire:SeveredTorchhead","reliquary:RedCape"],"picked":"hubris:VirtuousBlindfold"}],"items_purged_floors":[12],"is_endless":false,"potions_floor_spawned":[5,11,16,19,20,24,35,39],"ascension_level":0}}