{"host":"ipcfr4ajj2jkxvg7","time":1613745831,"event":{"mods":["BaseMod","Colored Powertips","GifTheSpireLib","Marisa（F雨　魔理沙）","Minty Spire (QoL Compilation)","Quick Restart","Remilia（蕾米莉亚）","Replay The Spire","RumiaBox-露米娅的神秘盒子","StSLib"],"gold_per_floor":[14,14,34,34,34,65,65,65,65],"floor_reached":8,"language":"ZHS","playtime":219,"items_purged":[],"score":108,"play_id":"dff17f4e-98e4-4ad2-88a1-3485c39e4493","local_time":"20210219224351","is_ascension_mode":true,"campfire_choices":[{"data":"Maim","floor":7.0,"key":"SMITH"}],"circlet_count":0,"master_deck":["AscendersBane","Strike_RM","Strike_RM","Strike_RM","Strike_RM","Defend_RM","Defend_RM","Defend_RM","Defend_RM","RedMoon+1","ScarletShoot","BloodAndWine+1","BloodAndWine","Maim+1"],"relics":["ScarletHat","AddBug","SecretRecord","SecretRecord"],"acts_visited":["Exordium"],"potions_floor_usage":[8,8],"damage_taken":[{"damage":7.0,"enemies":"Jaw Worm","floor":1.0,"turns":4.0},{"damage":3.0,"enemies":"Cultist","floor":3.0,"turns":4.0},{"damage":44.0,"enemies":"Gremlin Nob","floor":6.0,"turns":5.0},{"damage":30,"enemies":"Lagavulin","floor":8,"turns":9}],"seed_played":"2336187964999039905","potions_obtained":[{"floor":1.0,"key":"SpeedPotion"},{"floor":6.0,"key":"Block Potion"}],"is_trial":false,"path_per_floor":["M","?","M","$","?","E","R","E"],"character_chosen":"REMILIA","items_purchased":[],"campfire_rested":0,"item_purchase_floors":[],"current_hp_per_floor":[72,72,69,69,69,28,28,3,3],"gold":65,"neow_bonus":"TWENTY_PERCENT_HP_BONUS","is_daily":false,"chose_seed":false,"campfire_upgraded":1,"win_rate":0.0,"timestamp":1613745831,"path_taken":["M","?","M","?","?","E","R","E"],"items_purchased_type":[],"build_version":"2020-12-22","purchased_purges":0,"victory":false,"max_hp_per_floor":[84,84,84,84,84,84,84,84,84],"card_choices":[{"not_picked":["StarOfDavid","Stigmanizer"],"picked":"BloodAndWine","floor":1.0},{"not_picked":["Ultimatum","Septette"],"picked":"BloodAndWine","floor":3.0},{"not_picked":["UnstableMagic","FavorOfDestiny"],"picked":"Maim","floor":6.0}],"player_experience":475951,"relics_obtained":[{"floor":1.0,"key":"AddBug"},{"floor":6.0,"key":"SecretRecord"},{"floor":6.0,"key":"SSSystem"}],"event_choices":[{"damage_healed":0.0,"max_hp_gain":0.0,"max_hp_loss":0.0,"gold_gain":0.0,"event_name":"Accursed Blacksmith","player_choice":"Forge","floor":2.0,"gold_loss":0.0,"damage_taken":0.0,"cards_upgraded":["RedMoon"]}],"is_beta":false,"boss_relics":[],"items_purged_floors":[],"is_endless":false,"potions_floor_spawned":[1,6],"killed_by":"Lagavulin","ascension_level":20}}