{"host":"v86vpwf004p2esb7","time":1613724064,"event":{"mods":["AchievementEnabler","BaseMod","BetterRewards","Colored Powertips","Minty Spire (QoL Compilation)","Quick Restart","StSLib","Transform Curses"],"gold_per_floor":[112,38,38,58,58,58,83,102,102,102,112,287,316,316,316,417,417,427,6,6,16,27,27,27],"floor_reached":23,"language":"ENG","playtime":930,"items_purged":["Doubt"],"score":374,"play_id":"e959bf68-fb3e-4548-b699-3a934de6bc40","local_time":"20210219004104","is_ascension_mode":true,"campfire_choices":[{"floor":6,"key":"REST"},{"floor":15,"key":"REST"}],"circlet_count":0,"master_deck":["Strike_G","Strike_G","Strike_G","Strike_G","Defend_G","Defend_G","Defend_G","Defend_G","Defend_G","Survivor","Neutralize","Noxious Fumes","Noxious Fumes","Footwork","Cloak And Dagger","Accuracy","Accuracy","Cloak And Dagger","Deadly Poison","Noxious Fumes","Blade Dance","Blade Dance","After Image","Bouncing Flask","Apotheosis","Slice","Burst","Slice+1","PiercingWail"],"relics":["Ring of the Snake","DollysMirror","Snake Skull","Vajra","Lizard Tail","Bottled Tornado","TungstenRod","Gremlin Horn","Question Card","Philosopher\u0027s Stone","Membership Card","Prayer Wheel","Nloth\u0027s Gift"],"acts_visited":["Exordium","TheCity"],"potions_floor_usage":[7,11,22],"damage_taken":[{"damage":9,"enemies":"Small Slimes","floor":1,"turns":4},{"damage":0,"enemies":"Jaw Worm","floor":4,"turns":4},{"damage":5,"enemies":"3 Sentries","floor":7,"turns":6},{"damage":0,"enemies":"2 Louse","floor":8,"turns":3},{"damage":13,"enemies":"Gremlin Gang","floor":11,"turns":4},{"damage":21,"enemies":"Lagavulin","floor":13,"turns":5},{"damage":26,"enemies":"The Guardian","floor":16,"turns":9},{"damage":0,"enemies":"3 Byrds","floor":18,"turns":6},{"damage":11,"enemies":"Shell Parasite","floor":21,"turns":5},{"damage":18,"enemies":"Centurion and Healer","floor":22,"turns":6},{"damage":35,"enemies":"Book of Stabbing","floor":23,"turns":3}],"seed_played":"9219869594552525620","potions_obtained":[{"floor":1,"key":"Weak Potion"},{"floor":8,"key":"Dexterity Potion"},{"floor":16,"key":"SpeedPotion"}],"is_trial":false,"path_per_floor":["M","$","?","M","T","R","E","M","T","?","M","?","E","?","R","B",null,"M","$","?","M","M","E"],"character_chosen":"THE_SILENT","items_purchased":["PreservedInsect","Noxious Fumes","DollysMirror","Snake Skull","Vajra","Footwork","Accuracy","Membership Card","Prayer Wheel","Apotheosis"],"campfire_rested":2,"item_purchase_floors":[0,0,0,0,0,0,2,19,19,19],"current_hp_per_floor":[19,19,19,19,19,40,35,35,35,35,22,22,1,1,22,35,61,61,61,61,50,32,0,0],"gold":27,"neow_bonus":"","is_daily":false,"chose_seed":false,"campfire_upgraded":0,"win_rate":0.0,"timestamp":1613724064,"path_taken":["M","$","?","M","?","R","E","M","T","?","?","?","E","?","R","BOSS","M","$","?","?","M","E"],"items_purchased_type":["Relic","Card","Relic","Relic","Relic","Card","Card","Relic","Relic","Card"],"build_version":"2020-12-22","purchased_purges":1,"victory":false,"max_hp_per_floor":[70,70,70,70,70,70,70,70,70,70,70,70,70,70,70,70,70,70,70,70,70,70,70,70],"card_choices":[{"not_picked":["Acrobatics","Deadly Poison"],"picked":"Cloak And Dagger","floor":1},{"not_picked":["Deadly Poison","Backflip"],"picked":"Accuracy","floor":4},{"not_picked":["Die Die Die","Deflect"],"picked":"Cloak And Dagger","floor":7},{"not_picked":["Heel Hook","Backflip"],"picked":"Deadly Poison","floor":8},{"not_picked":["Distraction","Dagger Throw"],"picked":"Blade Dance","floor":11},{"not_picked":["Terror","Flying Knee"],"picked":"Blade Dance","floor":13},{"not_picked":["Storm of Steel","Unload","Wraith Form v2"],"picked":"After Image","floor":16},{"not_picked":["Acrobatics","Dash+1","Deflect"],"picked":"Bouncing Flask","floor":18},{"not_picked":["Choke","Riddle With Holes","All Out Attack"],"picked":"Slice","floor":21},{"not_picked":["Flying Knee+1","Crippling Poison","Masterful Stab"],"picked":"Burst","floor":21},{"not_picked":["Distraction","Dagger Spray","Outmaneuver"],"picked":"Slice+1","floor":22},{"not_picked":["Underhanded Strike","Quick Slash+1","Heel Hook"],"picked":"PiercingWail","floor":22}],"player_experience":290912,"relics_obtained":[{"floor":5,"key":"Bottled Tornado"},{"floor":7,"key":"TungstenRod"},{"floor":9,"key":"Gremlin Horn"},{"floor":13,"key":"Question Card"}],"event_choices":[{"damage_healed":0,"gold_gain":0,"player_choice":"Ignored","damage_taken":0,"max_hp_gain":0,"max_hp_loss":0,"event_name":"Shining Light","floor":3,"gold_loss":0},{"damage_healed":0,"gold_gain":0,"cards_transformed":["Strike_G"],"player_choice":"Transformed","damage_taken":0,"max_hp_gain":0,"max_hp_loss":0,"event_name":"Transmorgrifier","floor":10,"gold_loss":0,"cards_obtained":["Noxious Fumes"]},{"damage_healed":0,"gold_gain":175,"player_choice":"AGREE","damage_taken":0,"max_hp_gain":0,"max_hp_loss":0,"event_name":"Liars Game","floor":12,"gold_loss":0,"cards_obtained":["Doubt"]},{"damage_healed":0,"gold_gain":0,"player_choice":"Fled","damage_taken":0,"max_hp_gain":0,"max_hp_loss":0,"event_name":"Scrap Ooze","floor":14,"gold_loss":0},{"damage_healed":0,"gold_gain":0,"player_choice":"Traded Relic","damage_taken":0,"relics_obtained":["Nloth\u0027s Gift"],"max_hp_gain":0,"max_hp_loss":0,"event_name":"N\u0027loth","floor":20,"relics_lost":["PreservedInsect"],"gold_loss":0}],"is_beta":false,"boss_relics":[{"not_picked":["Coffee Dripper","Runic Pyramid"],"picked":"Philosopher\u0027s Stone"}],"items_purged_floors":[19],"is_endless":false,"potions_floor_spawned":[1,8,16],"killed_by":"Book of Stabbing","ascension_level":5}}