{"host":"1ycuxm9gov0tl9zf","time":1613695036,"event":{"mods":["AchievementEnabler","Act Like it!","BaseMod","Colored Powertips","Downfall","Gensokyo","GifTheSpireLib","Hallownest","Marisa£®ÏF”Í°°ƒß¿Ì…≥£©","Minty Spire (QoL Compilation)","Quick Restart","Remilia£®¿Ÿ√◊¿Ú—«£©","Replay The Spire","Shop Mod","StSLib","The Administrix","The Animator","The Bug Knight"],"gold_per_floor":[115,129,129,147,52,100,144,14,14,14,14,74,105,158,158,296,296,320,356,201,217,217,73,73,136,163,213,213,268,284,317,317,445,445,476,536,561,33,33,89,142,201,201,201,235,475,475,493,493,493,493,493,34,78,78,78],"floor_reached":55,"language":"ZHS","playtime":6148,"items_purged":["DarkMatter+1","ReplayTheSpireMod:Splinters"],"score":1311,"play_id":"6b910026-0d84-40db-93eb-176c6ed8bc2e","local_time":"20210219083716","is_ascension_mode":false,"campfire_choices":[{"data":"OortCloud","floor":10,"key":"SMITH"},{"data":"NonDirectionalLaser","floor":15,"key":"SMITH"},{"data":"TreasureHunter","floor":24,"key":"SMITH"},{"data":"ShootTheMoon","floor":28,"key":"SMITH"},{"data":"Pot Of Greed","floor":32,"key":"SMITH"},{"floor":44,"key":"RECALL"},{"floor":49,"key":"REST"},{"data":"1","floor":52,"key":"LIFT"}],"circlet_count":0,"master_deck":["Strike_MRS","Strike_MRS","Defend_MRS","Defend_MRS","Defend_MRS","Defend_MRS","MasterSpark","UpSweep","AlicesGift","LuminesStrike+1","ShootingEcho","WitchOfGreed","MysteriousBeam","MysteriousBeam","6A+1","GrandCross","OortCloud+1","GrandCross","NonDirectionalLaser+1","TreasureHunter+1","IllusionStar+1","6A","MysteriousBeam","MilkyWay","ShootTheMoon+1","Pot Of Greed+1","Pot Of Greed","Pot Of Greed","WitchLeyline+1","ChargeUpSpray","ShootingEcho+1","CasketOfStar","StarlightTyphoon+1","MillisecondPulsars+1","DC+1","Pot Of Greed","AsteroidBelt+1","ShootingEcho","GrandCross+1","Singularity+1","IllusionStar+1","SporeBomb+1","ShootTheMoon+1","Midas Touch+1","SporeBomb+1","PropBag+1"],"relics":["MiniHakkero","Thread and Needle","White Beast Statue","Golden Idol","Toy Ornithopter","Mirror","SacredBark","Happy Flower","Pet Ghost","Potion Belt","Bag of Marbles","Juzu Bracelet","Blue Doll","Grinning Jar","Centennial Puzzle","Astrolabe","WingedGreaves","Whetstone","Girya","Mummified Hand","Chameleon Ring","Orichalcum","Toxic Egg 2","Bag of Preparation","Bird Faced Urn","Boot","Mercury Hourglass","Shuriken"],"acts_visited":["Exordium","TheCity","TheBeyond","TheEnding"],"potions_floor_usage":[6,7,12,13,14,14,16,18,19,19,21,21,25,27,27,30,30,31,33,33,36,37,40,40,41,41,42,42,45,48,50,50,50,50,54,55,55],"damage_taken":[{"damage":1,"enemies":"2 Louse","floor":1,"turns":3},{"damage":1,"enemies":"Jaw Worm","floor":2,"turns":3},{"damage":0,"enemies":"Cultist","floor":4,"turns":3},{"damage":5,"enemies":"3 Sentries","floor":6,"turns":7},{"damage":0,"enemies":"Exordium Wildlife","floor":7,"turns":3},{"damage":0,"enemies":"Lagavulin","floor":12,"turns":5},{"damage":0,"enemies":"2 Fungi Beasts","floor":13,"turns":2},{"damage":0,"enemies":"3 Sentries","floor":14,"turns":4},{"damage":0,"enemies":"Slime Boss","floor":16,"turns":9},{"damage":6,"enemies":"2 Thieves","floor":18,"turns":2},{"damage":0,"enemies":"3 Byrds","floor":19,"turns":6},{"damage":0,"enemies":"Centurion and Healer","floor":21,"turns":4},{"damage":17,"enemies":"Book of Stabbing","floor":25,"turns":5},{"damage":11,"enemies":"HollowMod:Nosk","floor":27,"turns":4},{"damage":0,"enemies":"Replay:Snechameleon","floor":29,"turns":10},{"damage":0,"enemies":"Shelled Parasite and Fungi","floor":30,"turns":3},{"damage":0,"enemies":"Snecko","floor":31,"turns":1},{"damage":8,"enemies":"Pondfish","floor":33,"turns":9},{"damage":3,"enemies":"3 Shapes","floor":35,"turns":4},{"damage":22,"enemies":"2 Orb Walkers","floor":36,"turns":5},{"damage":6,"enemies":"Orb Walker","floor":37,"turns":2},{"damage":18,"enemies":"Giant Head","floor":40,"turns":6},{"damage":35,"enemies":"Reptomancer","floor":41,"turns":3},{"damage":21,"enemies":"R_Hoarder","floor":42,"turns":7},{"damage":7,"enemies":"HollowMod:StalkingDevout","floor":45,"turns":2},{"damage":0,"enemies":"Transient","floor":48,"turns":2},{"damage":39,"enemies":"Awakened One","floor":50,"turns":10},{"damage":56,"enemies":"Shield and Spear","floor":54,"turns":4},{"damage":61,"enemies":"The Heart","floor":55,"turns":5}],"seed_played":"8064413860391698205","potions_obtained":[{"floor":2,"key":"BlessingOfTheForge"},{"floor":4,"key":"bronze:BurnAndBuffPotion"},{"floor":6,"key":"ShroomBrew"},{"floor":7,"key":"Cursed Concoction"},{"floor":7,"key":"BottledSpark"},{"floor":12,"key":"Reflective Coating"},{"floor":13,"key":"DuplicationPotion"},{"floor":14,"key":"GamblersBrew"},{"floor":16,"key":"ColorlessPotion"},{"floor":16,"key":"Strength Potion"},{"floor":18,"key":"BlessingOfTheForge"},{"floor":19,"key":"SpeedPotion"},{"floor":19,"key":"SpeedPotion"},{"floor":21,"key":"Slimebound:ThreeZeroPotion"},{"floor":25,"key":"Block Potion"},{"floor":25,"key":"Reflective Coating"},{"floor":27,"key":"BlessingOfTheForge"},{"floor":27,"key":"Swift Potion"},{"floor":29,"key":"Guardian:BlockOnCardUsePotion"},{"floor":29,"key":"BottledSpark"},{"floor":30,"key":"ColorlessPotion"},{"floor":31,"key":"FearPotion"},{"floor":33,"key":"Elixir"},{"floor":35,"key":"SpeedPotion"},{"floor":35,"key":"BottledSpark"},{"floor":36,"key":"Ancient Potion"},{"floor":37,"key":"Doom Potion"},{"floor":40,"key":"DistilledChaos"},{"floor":40,"key":"FearPotion"},{"floor":41,"key":"PowerPotion"},{"floor":41,"key":"GamblersBrew"},{"floor":42,"key":"Dexterity Potion"},{"floor":42,"key":"Fire Potion"},{"floor":45,"key":"Weak Potion"},{"floor":48,"key":"Languid Potion"},{"floor":54,"key":"Reflective Coating"}],"is_trial":false,"path_per_floor":["M","M","?","M","$","E","M","$","T","R","?","E","M","E","R","B",null,"M","M","$","M","?","$","R","E","T","E","R","E","M","M","R","B",null,"M","?","M","$","?","E","E","E","T","R","E","?","?","M","R","B",null,"R","$","E","B"],"character_chosen":"MARISA","items_purchased":["WitchOfGreed","MysteriousBeam","GrandCross","OortCloud","Happy Flower","Potion Belt","Whetstone","Girya","Bird Faced Urn","BottledSpark"],"campfire_rested":1,"item_purchase_floors":[5,5,8,8,20,23,38,38,53,53],"current_hp_per_floor":[81,80,68,68,68,63,63,63,63,63,43,43,48,58,58,63,82,76,82,82,82,82,82,82,65,65,64,64,64,74,79,79,79,82,79,62,61,61,61,53,28,17,17,17,15,15,15,20,44,25,82,82,82,26,0,0],"gold":78,"neow_bonus":"TEN_PERCENT_HP_BONUS","is_daily":false,"chose_seed":false,"campfire_upgraded":5,"win_rate":0.0,"timestamp":1613695036,"path_taken":["M","M","?","M","?","E","?","?","T","R","?","E","M","E","R","BOSS","M","M","$","M","?","$","R","E","T","E","R","E","M","M","R","BOSS","M","?","M","$","?","E","E","E","T","R","E","?","?","M","R","BOSS","R","$","E","BOSS"],"items_purchased_type":["Card","Card","Card","Card","Relic","Relic","Relic","Relic","Relic","Potion"],"build_version":"2020-12-22","purchased_purges":2,"victory":false,"max_hp_per_floor":[82,82,82,82,82,82,82,82,82,82,82,82,82,82,82,82,82,82,82,82,82,82,82,82,82,82,82,82,82,82,82,82,82,82,82,82,82,82,82,82,82,82,82,82,82,82,82,82,82,82,82,82,82,82,82,82],"card_choices":[{"not_picked":["DC","Orbital"],"picked":"AlicesGift","floor":1},{"not_picked":["WitchLeyline","6A"],"picked":"LuminesStrike","floor":2},{"not_picked":["PowerUp","ChargingUp"],"picked":"ShootingEcho","floor":4},{"not_picked":["ChargingUp","Acceleration"],"picked":"MysteriousBeam","floor":6},{"not_picked":["AbsoluteMagnitude","PowerUp"],"picked":"6A","floor":7},{"not_picked":["MilkyWay","GasGiant"],"picked":"DarkMatter","floor":12},{"not_picked":["BinaryStars","UnstableBomb"],"picked":"GrandCross","floor":13},{"not_picked":["MagicChant","Singularity"],"picked":"NonDirectionalLaser","floor":14},{"not_picked":["BinaryStars","SuperNova"],"picked":"TreasureHunter","floor":16},{"not_picked":["MysteriousBeam","DragonMeteor+1"],"picked":"IllusionStar+1","floor":18},{"not_picked":["GravityBeat","DragonMeteor"],"picked":"6A","floor":19},{"not_picked":["WitchOfGreed","GalacticHalo"],"picked":"MysteriousBeam","floor":21},{"not_picked":["ShootingEcho","AbsoluteMagnitude"],"picked":"MilkyWay","floor":25},{"not_picked":["Orbital","WitchOfGreed+1"],"picked":"ShootTheMoon","floor":27},{"not_picked":["GravityBeat","DragonMeteor+1"],"picked":"WitchLeyline+1","floor":29},{"not_picked":["GalacticHalo","MilkyWay"],"picked":"ChargeUpSpray","floor":30},{"not_picked":["SporeBomb+1","SprinkleStarSeal"],"picked":"ShootingEcho+1","floor":31},{"not_picked":["StarDustReverie","AbsoluteMagnitude"],"picked":"CasketOfStar","floor":33},{"not_picked":["PowerUp+1","GalacticHalo+1"],"picked":"DC+1","floor":35},{"not_picked":["GravityBeat","TreasureHunter"],"picked":"AsteroidBelt+1","floor":36},{"not_picked":["MeteoricShower","WitchOfGreed"],"picked":"ShootingEcho","floor":37},{"not_picked":["MysteriousBeam","GasGiant"],"picked":"GrandCross+1","floor":40},{"not_picked":["OneTimeOff","SuperNova"],"picked":"Singularity+1","floor":41},{"not_picked":["WitchOfGreed+1","Occultation"],"picked":"IllusionStar+1","floor":42},{"not_picked":["MagicChant+1","StarlightTyphoon+1"],"picked":"SporeBomb+1","floor":45},{"not_picked":["StarBarrage","UnstableBomb"],"picked":"ShootTheMoon+1","floor":46},{"not_picked":["Violence+1","Trip+1"],"picked":"Midas Touch+1","floor":47},{"not_picked":["DarkMatter+1","GalacticHalo+1"],"picked":"SporeBomb+1","floor":48},{"not_picked":["LuminesStrike+1","WitchLeyline+1"],"picked":"PropBag+1","floor":54}],"player_experience":40602,"relics_obtained":[{"floor":6,"key":"White Beast Statue"},{"floor":12,"key":"Toy Ornithopter"},{"floor":14,"key":"Mirror"},{"floor":25,"key":"Bag of Marbles"},{"floor":26,"key":"Juzu Bracelet"},{"floor":27,"key":"Blue Doll"},{"floor":29,"key":"Grinning Jar"},{"floor":29,"key":"Centennial Puzzle"},{"floor":36,"key":"WingedGreaves"},{"floor":40,"key":"Mummified Hand"},{"floor":41,"key":"Chameleon Ring"},{"floor":42,"key":"Orichalcum"},{"floor":43,"key":"Toxic Egg 2"},{"floor":45,"key":"Bag of Preparation"},{"floor":54,"key":"Boot"}],"event_choices":[{"damage_healed":0,"gold_gain":0,"player_choice":"Success","damage_taken":12,"relics_obtained":["Thread and Needle"],"max_hp_gain":0,"max_hp_loss":0,"event_name":"Scrap Ooze","floor":3,"gold_loss":0},{"damage_healed":0,"gold_gain":0,"player_choice":"Take Damage","damage_taken":20,"relics_obtained":["Golden Idol"],"max_hp_gain":0,"max_hp_loss":0,"event_name":"Golden Idol","floor":11,"gold_loss":0},{"damage_healed":0,"gold_gain":0,"player_choice":"Fight","damage_taken":0,"max_hp_gain":0,"max_hp_loss":0,"event_name":"Mysterious Sphere","floor":36,"gold_loss":0},{"damage_healed":0,"gold_gain":0,"player_choice":"Memory 1","damage_taken":0,"max_hp_gain":0,"max_hp_loss":0,"event_name":"SensoryStone","floor":47,"gold_loss":0}],"is_beta":false,"boss_relics":[{"not_picked":["Sozu","ChewingGum"],"picked":"SacredBark"},{"not_picked":["Busted Crown","Replay:Drink Me"],"picked":"Astrolabe"}],"items_purged_floors":[38,53],"is_endless":false,"potions_floor_spawned":[2,4,6,7,12,13,14,16,18,19,21,25,27,29,30,31,33,35,36,37,40,41,42,45,48,54],"killed_by":"The Heart","ascension_level":0}}