{"host":"sav7uxregyirlf69","time":1613704282,"event":{"mods":["AchievementEnabler","BaseMod","Colored Map","DeckTracker","Keyboard Shortcuts","Minty Spire (QoL Compilation)","READ ME - Guardian Mod","StSLib","SuperFastMode"],"gold_per_floor":[367,292,308,64,76,76,88,99,99,24,24,24,24,37,37,111,111,127,127,127],"floor_reached":19,"language":"KOR","playtime":287,"items_purged":["Strike_G"],"score":318,"play_id":"2535a797-9d56-4a9a-958a-b2d416551bc4","local_time":"20210219121122","is_ascension_mode":true,"campfire_choices":[{"data":"Cloak And Dagger","floor":6.0,"key":"SMITH"},{"floor":11.0,"key":"REST"},{"data":"Noxious Fumes","floor":13.0,"key":"SMITH"},{"data":"Night Terror","floor":15.0,"key":"SMITH"}],"circlet_count":0,"master_deck":["AscendersBane","Strike_G","Strike_G","Strike_G","Defend_G","Defend_G","Defend_G","Defend_G","Survivor","Neutralize","Cloak And Dagger+1","Noxious Fumes+1","Accuracy","Crippling Poison","Corpse Explosion","Night Terror+1"],"relics":["Ring of the Snake","Lantern","Dream Catcher","Sozu"],"acts_visited":["Exordium","TheCity"],"potions_floor_usage":[],"damage_taken":[{"damage":11.0,"enemies":"Jaw Worm","floor":1.0,"turns":7.0},{"damage":0.0,"enemies":"Cultist","floor":3.0,"turns":4.0},{"damage":3.0,"enemies":"Small Slimes","floor":5.0,"turns":4.0},{"damage":6.0,"enemies":"Looter","floor":7.0,"turns":3.0},{"damage":5.0,"enemies":"Lots of Slimes","floor":8.0,"turns":4.0},{"damage":4.0,"enemies":"3 Louse","floor":14.0,"turns":2.0},{"damage":26,"enemies":"Hexaghost","floor":16,"turns":10},{"damage":9,"enemies":"Chosen","floor":18,"turns":6},{"damage":0,"enemies":"Shell Parasite","floor":19,"turns":1}],"seed_played":"-8783567498647412666","potions_obtained":[{"floor":1.0,"key":"GhostInAJar"},{"floor":8.0,"key":"DuplicationPotion"}],"is_trial":false,"path_per_floor":["M","?","M","$","M","R","M","M","T","$","R","?","R","M","R","B",null,"M","M"],"character_chosen":"THE_SILENT","items_purchased":["Lantern","Noxious Fumes"],"campfire_rested":1,"item_purchase_floors":[4,4],"current_hp_per_floor":[33,33,33,33,30,30,24,19,19,19,38,38,38,34,34,8,52,43,43,43],"gold":127,"neow_bonus":"TWO_FIFTY_GOLD","is_daily":false,"chose_seed":false,"campfire_upgraded":3,"win_rate":0.0,"timestamp":1613704282,"path_taken":["M","?","M","$","M","R","M","M","T","$","R","?","R","M","R","BOSS","M","?"],"items_purchased_type":["Relic","Card"],"build_version":"2020-12-22","purchased_purges":1,"victory":false,"max_hp_per_floor":[66,66,66,66,66,66,66,66,66,66,66,66,66,66,66,66,66,66,66,66],"card_choices":[{"not_picked":["Accuracy","Catalyst"],"picked":"Cloak And Dagger","floor":1.0},{"not_picked":["Dagger Spray","Caltrops","Heel Hook"],"picked":"SKIP","floor":3.0},{"not_picked":["Backflip","Bane"],"picked":"Accuracy","floor":5.0},{"not_picked":["Deflect","Deadly Poison"],"picked":"Crippling Poison","floor":7.0},{"not_picked":["Leg Sweep","Underhanded Strike","Acrobatics"],"picked":"SKIP","floor":8.0},{"not_picked":["Deflect","Dagger Throw"],"picked":"Night Terror","floor":14.0},{"not_picked":["Flying Knee","Prepared","Dagger Spray"],"picked":"SKIP","floor":18}],"player_experience":1615123,"relics_obtained":[{"floor":9.0,"key":"Dream Catcher"}],"event_choices":[{"cards_removed":["Defend_G"],"damage_healed":0.0,"max_hp_gain":0.0,"max_hp_loss":0.0,"gold_gain":0.0,"event_name":"The Cleric","player_choice":"Card Removal","floor":2.0,"gold_loss":75.0,"damage_taken":0.0},{"damage_healed":0.0,"max_hp_gain":0.0,"max_hp_loss":0.0,"gold_gain":0.0,"cards_transformed":["Strike_G"],"event_name":"Transmorgrifier","player_choice":"Transformed","floor":12.0,"gold_loss":0.0,"damage_taken":0.0,"cards_obtained":["Corpse Explosion"]}],"is_beta":false,"boss_relics":[{"not_picked":["Calling Bell","Tiny House"],"picked":"Sozu"}],"items_purged_floors":[10],"is_endless":false,"potions_floor_spawned":[1,8,14,16],"killed_by":"Shell Parasite","ascension_level":20}}