{"host":"pmmuxs046gii331m","time":1613745957,"event":{"mods":["AchievementEnabler","BaseMod","Colored Powertips","Downfall","Gold Saver","Infinite Spire","Minty Spire (QoL Compilation)","Permanent Neow","Quick Restart","StSLib"],"gold_per_floor":[680,699,699,713,813,813,494,526,526,526,509,532,532,544,544,642,642,662,662,662,674,392,392,426,426,426,426,442,442,462,489,489,587,587,605,605,615,615,292,292,317,317,317,317,349,361,361,381,381,381,381],"floor_reached":50,"language":"ENG","playtime":3845,"items_purged":["Strike_R","Defend_R","Defend_R","Defend_R"],"score":696,"play_id":"ca876b53-4a6f-4451-885b-b52367e801f0","local_time":"20210219094557","is_ascension_mode":true,"campfire_choices":[{"data":"Fire Breathing","floor":6.0,"key":"SMITH"},{"floor":10.0,"key":"REST"},{"floor":13.0,"key":"REST"},{"data":"Armaments","floor":15.0,"key":"SMITH"},{"data":"Barricade","floor":23.0,"key":"SMITH"},{"data":"Inflame","floor":25.0,"key":"SMITH"},{"data":"Flame Barrier","floor":27.0,"key":"SMITH"},{"floor":32.0,"key":"REST"},{"data":"Impervious","floor":40.0,"key":"SMITH"},{"floor":42.0,"key":"RECALL"},{"data":"Seeing Red","floor":44.0,"key":"SMITH"},{"data":"Juggernaut","floor":47.0,"key":"SMITH"},{"data":"True Grit","floor":49.0,"key":"SMITH"}],"circlet_count":0,"master_deck":["Bash","Fire Breathing+1","Flex","Iron Wave+1","Inflame+1","Cleave","Sword Boomerang","Armaments+1","Flame Barrier+1","Barricade+1","Evolve","Bite","Bite+1","Bite","Bite","Bite","Feel No Pain","Seeing Red+1","Impervious+1","Rage+1","Wild Strike+1","Shrug It Off","Juggernaut+1","True Grit+1"],"relics":["Burning Blood","Oddly Smooth Stone","Paper Frog","Matryoshka","Odd Mushroom","Mark of Pain","Akabeko","Bag of Preparation","Pantograph","Toy Ornithopter","Centennial Puzzle","bronze:MakeshiftBattery","Whetstone","Sling","Lizard Tail","Anchor","Kunai"],"acts_visited":["Exordium","TheCity","TheBeyond"],"potions_floor_usage":[50],"damage_taken":[{"damage":8.0,"enemies":"Jaw Worm","floor":1.0,"turns":5.0},{"damage":0.0,"enemies":"Cultist","floor":2.0,"turns":2.0},{"damage":0.0,"enemies":"Small Slimes","floor":4.0,"turns":3.0},{"damage":34.0,"enemies":"Lagavulin","floor":8.0,"turns":10.0},{"damage":22.0,"enemies":"Exordium Thugs","floor":11.0,"turns":4.0},{"damage":39.0,"enemies":"The Mushroom Lair","floor":12.0,"turns":5.0},{"damage":3.0,"enemies":"3 Louse","floor":14.0,"turns":2.0},{"damage":48.0,"enemies":"The Guardian","floor":16.0,"turns":12.0},{"damage":6.0,"enemies":"Chosen","floor":18.0,"turns":3.0},{"damage":22.0,"enemies":"3 Byrds","floor":21.0,"turns":4.0},{"damage":27.0,"enemies":"Gremlin Leader","floor":24.0,"turns":5.0},{"damage":10.0,"enemies":"3 Cultists","floor":28.0,"turns":4.0},{"damage":28.0,"enemies":"Snecko","floor":30.0,"turns":6.0},{"damage":55.0,"enemies":"Collector","floor":33.0,"turns":11.0},{"damage":4.0,"enemies":"Orb Walker","floor":35.0,"turns":4.0},{"damage":4.0,"enemies":"3 Shapes","floor":37.0,"turns":3.0},{"damage":23.0,"enemies":"Nemesis","floor":41.0,"turns":5.0},{"damage":44.0,"enemies":"Reptomancer","floor":45.0,"turns":5.0},{"damage":22.0,"enemies":"Writhing Mass","floor":46.0,"turns":5.0},{"damage":42.0,"enemies":"Spire Growth","floor":48.0,"turns":5.0},{"damage":81,"enemies":"Awakened One","floor":50,"turns":5}],"seed_played":"652211421951095011","potions_obtained":[{"floor":1.0,"key":"champ:CounterPotion"},{"floor":4.0,"key":"Guardian:BlockOnCardUsePotion"},{"floor":11.0,"key":"Swift Potion"},{"floor":21.0,"key":"DistilledChaos"},{"floor":30.0,"key":"Fire Potion"},{"floor":33.0,"key":"LiquidBronze"},{"floor":35.0,"key":"ColorlessPotion"},{"floor":48.0,"key":"Guardian:BlockOnCardUsePotion"}],"is_trial":false,"path_per_floor":["M","M","?","M","?","R","$","E","T","R","M","?","R","M","R","B",null,"M","?","?","M","$","R","E","R","T","R","M","AVR","M","T","R","B",null,"M","?","M","T","$","R","E","R","T","R","E","M","R","M","R","B"],"character_chosen":"IRONCLAD","items_purchased":["Oddly Smooth Stone","Inflame","Cleave","Feel No Pain","CultistPotion","Sling","Energy Potion"],"campfire_rested":3,"item_purchase_floors":[7,7,7,22,22,39,39],"current_hp_per_floor":[78,84,88,88,88,88,88,60,60,86,70,37,63,66,66,24,72,72,61,61,49,49,49,44,44,44,44,49,49,40,40,58,44,57,61,61,61,61,61,61,56,56,56,56,28,26,26,53,53,0,0],"gold":381,"neow_bonus":"TEN_PERCENT_HP_BONUS","is_daily":false,"chose_seed":false,"campfire_upgraded":9,"win_rate":0.0,"timestamp":1613745957,"path_taken":["M","M","?","?","?","R","?","E","T","R","M","?","R","M","R","BOSS","M","?","?","M","$","R","E","R","T","R","M","AVR","M","?","R","BOSS","M","?","M","?","?","R","E","R","T","R","E","M","R","M","R","BOSS"],"items_purchased_type":["Relic","Card","Card","Card","Potion","Relic","Potion"],"build_version":"2020-12-22","purchased_purges":4,"victory":false,"max_hp_per_floor":[88,88,88,88,88,88,88,88,88,88,88,88,88,88,88,88,88,88,61,61,61,61,61,61,61,61,61,61,61,61,61,61,61,61,61,61,61,61,61,61,61,61,61,61,61,61,61,61,61,61,61],"card_choices":[{"not_picked":["Clash","Sword Boomerang"],"picked":"Fire Breathing","floor":1.0},{"not_picked":["Perfected Strike","Sentinel"],"picked":"Flex","floor":2.0},{"not_picked":["Twin Strike","Spot Weakness"],"picked":"Iron Wave","floor":4.0},{"not_picked":["Cleave","Headbutt"],"picked":"Sword Boomerang","floor":8.0},{"not_picked":["Clothesline","Whirlwind"],"picked":"Armaments","floor":11.0},{"not_picked":["Headbutt","Second Wind"],"picked":"Flame Barrier","floor":14.0},{"not_picked":["Reaper","Impervious"],"picked":"Barricade","floor":16.0},{"not_picked":["Cleave","Perfected Strike"],"picked":"Evolve","floor":18.0},{"not_picked":["Pommel Strike+1","Clothesline","Blood for Blood"],"picked":"SKIP","floor":21.0},{"not_picked":["Second Wind+1","Clothesline","Pummel"],"picked":"SKIP","floor":24.0},{"not_picked":["Spot Weakness","Whirlwind","Sever Soul"],"picked":"SKIP","floor":28.0},{"not_picked":["Shockwave+1","Warcry"],"picked":"Seeing Red","floor":30.0},{"not_picked":["Immolate","Feed"],"picked":"Impervious","floor":33.0},{"not_picked":["Headbutt+1","Second Wind+1"],"picked":"Rage+1","floor":35.0},{"not_picked":["Shockwave+1","Havoc+1"],"picked":"Wild Strike+1","floor":37.0},{"not_picked":["Hemokinesis+1","Warcry","Carnage"],"picked":"SKIP","floor":41.0},{"not_picked":["Hemokinesis","Disarm"],"picked":"Shrug It Off","floor":45.0},{"not_picked":["Pummel","Anger+1"],"picked":"Juggernaut","floor":46.0},{"not_picked":["Evolve","Thunderclap+1"],"picked":"True Grit","floor":48.0}],"player_experience":567573,"relics_obtained":[{"floor":8.0,"key":"Paper Frog"},{"floor":9.0,"key":"Matryoshka"},{"floor":12.0,"key":"Odd Mushroom"},{"floor":24.0,"key":"Akabeko"},{"floor":26.0,"key":"Bag of Preparation"},{"floor":31.0,"key":"Toy Ornithopter"},{"floor":31.0,"key":"Centennial Puzzle"},{"floor":38.0,"key":"Whetstone"},{"floor":41.0,"key":"Lizard Tail"},{"floor":43.0,"key":"Anchor"},{"floor":45.0,"key":"Kunai"}],"event_choices":[{"damage_healed":4.0,"max_hp_gain":0.0,"max_hp_loss":0.0,"gold_gain":0.0,"event_name":"Wheel of Change","player_choice":"Full Heal","floor":3.0,"gold_loss":0.0,"damage_taken":0.0},{"damage_healed":0.0,"max_hp_gain":0.0,"max_hp_loss":0.0,"gold_gain":100.0,"event_name":"Golden Shrine","player_choice":"Pray","floor":5.0,"gold_loss":0.0,"damage_taken":0.0},{"damage_healed":0.0,"max_hp_gain":0.0,"max_hp_loss":0.0,"gold_gain":0.0,"event_name":"Mushrooms","player_choice":"Fought Mushrooms","floor":12.0,"gold_loss":0.0,"damage_taken":0.0},{"damage_healed":0.0,"max_hp_gain":0.0,"max_hp_loss":27.0,"gold_gain":0.0,"event_name":"Vampires","player_choice":"Became a vampire","floor":19.0,"gold_loss":0.0,"damage_taken":0.0,"cards_obtained":["Bite","Bite","Bite","Bite","Bite"]},{"cards_removed":["Defend_R"],"damage_healed":0.0,"max_hp_gain":0.0,"max_hp_loss":0.0,"gold_gain":0.0,"event_name":"Back to Basics","player_choice":"Elegance","floor":20.0,"gold_loss":0.0,"damage_taken":0.0}],"is_beta":false,"boss_relics":[{"not_picked":["Runic Cube","Runic Dome"],"picked":"Mark of Pain"},{"not_picked":["Cursed Key","infinitespire:Burning Sword"],"picked":"bronze:MakeshiftBattery"}],"items_purged_floors":[7,22,29,39],"is_endless":false,"potions_floor_spawned":[1,4,11,21,30,33,35,48],"killed_by":"Awakened One","ascension_level":6}}