{"host":"ocllwaoi18j60ltd","time":1613748742,"event":{"mods":["BaseMod","DeckTracker","Minty Spire (QoL Compilation)","Permanent Neow","Quick Restart","StSLib","SuperFastMode"],"gold_per_floor":[115,190,190,210,224,224,239,239,287,321,321,354,369,380,380,454,454,464,464,480,3,20,20,20],"floor_reached":23,"language":"KOR","playtime":415,"items_purged":["Strike_B"],"score":456,"play_id":"865b3d59-7ac1-4efd-a595-74925758d400","local_time":"20210220003222","is_ascension_mode":true,"campfire_choices":[{"data":"Defragment","floor":6,"key":"SMITH"},{"data":"Glacier","floor":8,"key":"SMITH"},{"data":"Barrage","floor":11,"key":"SMITH"},{"data":"Turbo","floor":15,"key":"SMITH"}],"circlet_count":0,"master_deck":["AscendersBane","Strike_B","Strike_B","Strike_B","Defend_B","Defend_B","Defend_B","Defend_B","Zap","Dualcast+1","Ball Lightning","Glacier+1","Defragment+1","Ball Lightning","Sweeping Beam","Barrage+1","Turbo+1","Cold Snap","Thunder Strike","Defragment","Conserve Battery"],"relics":["Cracked Core","Anchor","Vajra","Oddly Smooth Stone","Nloth\u0027s Gift","Bird Faced Urn"],"acts_visited":["Exordium","TheCity"],"potions_floor_usage":[12,23],"damage_taken":[{"damage":5,"enemies":"Small Slimes","floor":1,"turns":3},{"damage":1,"enemies":"Cultist","floor":4,"turns":3},{"damage":0,"enemies":"2 Louse","floor":5,"turns":3},{"damage":6,"enemies":"Exordium Wildlife","floor":7,"turns":3},{"damage":3,"enemies":"3 Sentries","floor":10,"turns":5},{"damage":0,"enemies":"Gremlin Nob","floor":12,"turns":3},{"damage":2,"enemies":"Large Slime","floor":13,"turns":5},{"damage":0,"enemies":"2 Fungi Beasts","floor":14,"turns":2},{"damage":4,"enemies":"The Guardian","floor":16,"turns":10},{"damage":4,"enemies":"2 Thieves","floor":18,"turns":4},{"damage":17,"enemies":"Shell Parasite","floor":20,"turns":4},{"damage":21,"enemies":"Snake Plant","floor":22,"turns":4},{"damage":30,"enemies":"Book of Stabbing","floor":23,"turns":5}],"seed_played":"-4008271495522659475","potions_obtained":[{"floor":1,"key":"CultistPotion"},{"floor":5,"key":"Energy Potion"},{"floor":12,"key":"FocusPotion"}],"is_trial":false,"path_per_floor":["M","?","?","M","M","R","M","R","T","E","R","E","M","M","R","B",null,"M","?","M","$","M","E"],"character_chosen":"DEFECT","items_purchased":["Defragment","Bird Faced Urn"],"campfire_rested":0,"item_purchase_floors":[21,21],"current_hp_per_floor":[59,48,48,47,47,47,41,41,41,38,38,38,36,36,36,32,61,57,57,40,40,23,0,0],"gold":20,"neow_bonus":"THREE_CARDS","is_daily":false,"chose_seed":false,"campfire_upgraded":4,"win_rate":0.0,"timestamp":1613748742,"path_taken":["M","?","?","?","M","R","M","R","T","E","R","E","M","M","R","BOSS","M","?","?","$","M","E"],"items_purchased_type":["Card","Relic"],"build_version":"2020-12-22","purchased_purges":1,"victory":false,"max_hp_per_floor":[71,71,71,71,71,71,71,71,71,71,71,71,71,71,71,71,71,71,71,71,71,71,71,71],"card_choices":[{"not_picked":["Barrage","Stack"],"picked":"Ball Lightning","floor":0},{"not_picked":["Stack","Compile Driver"],"picked":"Glacier","floor":1},{"not_picked":["Consume","Coolheaded"],"picked":"Defragment","floor":4},{"not_picked":["Beam Cell","Skim"],"picked":"Ball Lightning","floor":5},{"not_picked":["Hologram","Gash"],"picked":"Sweeping Beam","floor":7},{"not_picked":["Hello World","Leap"],"picked":"Barrage","floor":10},{"not_picked":["Leap","Rebound"],"picked":"Turbo","floor":12},{"not_picked":["Streamline","Gash","Hologram"],"picked":"SKIP","floor":13},{"not_picked":["Aggregate","Barrage"],"picked":"Cold Snap","floor":14},{"not_picked":["Multi-Cast","Hyperbeam"],"picked":"Thunder Strike","floor":16},{"not_picked":["Go for the Eyes","Barrage","Turbo"],"picked":"SKIP","floor":18},{"not_picked":["FTL","Redo","Sweeping Beam"],"picked":"SKIP","floor":20},{"not_picked":["Heatsinks","Force Field"],"picked":"Conserve Battery","floor":22}],"player_experience":855225,"relics_obtained":[{"floor":9,"key":"Anchor"},{"floor":10,"key":"Vajra"},{"floor":12,"key":"Oddly Smooth Stone"}],"event_choices":[{"damage_healed":0,"gold_gain":75,"player_choice":"Gather Gold","damage_taken":11,"max_hp_gain":0,"max_hp_loss":0,"event_name":"World of Goop","floor":2,"gold_loss":0},{"damage_healed":0,"gold_gain":0,"player_choice":"Forge","damage_taken":0,"max_hp_gain":0,"max_hp_loss":0,"event_name":"Accursed Blacksmith","floor":3,"gold_loss":0,"cards_upgraded":["Dualcast"]},{"damage_healed":0,"gold_gain":0,"player_choice":"Traded Relic","damage_taken":0,"relics_obtained":["Nloth\u0027s Gift"],"max_hp_gain":0,"max_hp_loss":0,"event_name":"N\u0027loth","floor":19,"relics_lost":["Cursed Key"],"gold_loss":0}],"is_beta":false,"boss_relics":[{"not_picked":["Velvet Choker","Ectoplasm"],"picked":"Cursed Key"}],"items_purged_floors":[21],"is_endless":false,"potions_floor_spawned":[1,5,10,12,14,22],"killed_by":"Book of Stabbing","ascension_level":20}}