{"host":"glqsg3p5q4u9u1ra","time":1613754423,"event":{"mods":["Act Like it!","Arknights","BaseMod","Better Third Choice","BetterRewards","Colored Map","Downfall","Friendly Minions","GifTheSpireLib","Hallownest","Highlight Path","Infinite Spire","Lobotomy","LobotomyExtend","Mimic Mod","Minty Spire (QoL Compilation)","Pale of the Ancients","Reliquary","Replay The Spire","Ruina","Spicy Shops","Spire Birthday Party","StSLib","The Blue Laboratory","The Bug Knight","The Exalted","The Servant 0.9.4","Wandering Minibosses"],"gold_per_floor":[143,33,33,74,74,117,8,8,34,34,69,129,129,166,166,273,273,322,358,358,358,358,417,417,427,427],"floor_reached":25,"language":"ENG","playtime":654,"items_purged":["Strike_G","Pain","Strike_G"],"score":618,"play_id":"2f710873-2f95-4b22-8650-a419235751c0","local_time":"20210219090703","is_ascension_mode":true,"campfire_choices":[{"data":"Sadistic Nature","floor":8.0,"key":"SMITH"},{"floor":10.0,"key":"REST"},{"floor":13.0,"key":"REST"},{"floor":15.0,"key":"REST"},{"floor":24,"key":"REST"}],"circlet_count":0,"master_deck":["AscendersBane","Strike_G","Strike_G","Strike_G","Defend_G","Defend_G","Defend_G","Defend_G","Defend_G+1","Survivor","Neutralize","Poisoned Stab+1","Poisoned Stab","Purity","Dash","Poisoned Stab","Bouncing Flask+1","Footwork","Sadistic Nature+1","Deadly Poison","Replay:Poison Smokescreen","Poison Darts","Footwork","Deadly Poison","ReplayTheSpireMod:Chaos Vortex","Noxious Fumes","Corpse Explosion+1","Leg Sweep","Dash","ruina:Smile","ruina:Mimicry","Pain","Bouncing Flask+1"],"relics":["Ring of the Serpent","Membership Card","Replay:Bandana","Vampiric Spirits","ReplayTheSpireMod:CursedCoin","reliquary:RadioactivePellet","LetterFromLob","Blue Doll","CultistMask","Gremlin Food","Boot","BargainBundle","Oddly Smooth Stone","Juzu Bracelet","Orrery","infinitespire:Satchel","reliquary:PartyBalloon","Shovel","reliquary:JackalopeAntler"],"acts_visited":["Exordium","Exordium"],"potions_floor_usage":[23,23,25],"damage_taken":[{"damage":2.0,"enemies":"ats:Genji","floor":1.0,"turns":4.0},{"damage":1.0,"enemies":"Jaw Worm","floor":4.0,"turns":2.0},{"damage":6.0,"enemies":"2 Louse","floor":6.0,"turns":2.0},{"damage":0.0,"enemies":"Gremlin Gang","floor":11.0,"turns":4.0},{"damage":27.0,"enemies":"Gremlin Nob","floor":12.0,"turns":4.0},{"damage":0.0,"enemies":"Exordium Wildlife","floor":14.0,"turns":3.0},{"damage":19.0,"enemies":"Hexaghost","floor":16.0,"turns":6.0},{"damage":29.0,"enemies":"ruina:3_Bats","floor":18.0,"turns":4.0},{"damage":19.0,"enemies":"ruina:2_Scarecrows","floor":19.0,"turns":6.0},{"damage":42,"enemies":"ruina:ServantOfWrath","floor":23,"turns":3},{"damage":32,"enemies":"Nightmare","floor":25,"turns":4}],"seed_played":"8364833272875894797","potions_obtained":[{"floor":5.0,"key":"blueLaboratory:ForbiddenFruitJuice"},{"floor":5.0,"key":"blueLaboratory:BottleOfRum"},{"floor":12.0,"key":"SkillPotion"},{"floor":18.0,"key":"sneckomod:MuddlingPotion"},{"floor":23,"key":"Reflective Coating"}],"is_trial":false,"path_per_floor":["M","$","?","M","?","M","$","R","T","R","M","E","R","M","R","B",null,"M","M","?","$","?","E","R","NM"],"character_chosen":"THE_SILENT","items_purchased":["Membership Card","Replay:Bandana","Poisoned Stab","ReplayTheSpireMod:CursedCoin","reliquary:RadioactivePellet","Poisoned Stab","Blue Doll","Footwork","Sadistic Nature","BargainBundle","Noxious Fumes","Oddly Smooth Stone","Juzu Bracelet","infinitespire:BlackPotion","Corpse Explosion+1","Orrery","infinitespire:Satchel","reliquary:PartyBalloon","ruina:Smile","ruina:Mimicry"],"campfire_rested":4,"item_purchase_floors":[0,0,0,0,0,2,2,7,7,21,21,21,21,21,21,21,21,21,21,21],"current_hp_per_floor":[50,50,50,51,51,47,47,47,47,66,66,39,58,58,66,47,61,35,50,36,36,36,14,30,0,0],"gold":427,"neow_bonus":"","is_daily":false,"chose_seed":false,"campfire_upgraded":1,"win_rate":0.0,"timestamp":1613754423,"path_taken":["M","$","?","?","?","M","$","R","T","R","?","E","R","M","R","BOSS","M","M","?","$","?","E","R","NM"],"items_purchased_type":["Relic","Relic","Card","Relic","Relic","Card","Relic","Card","Card","Relic","Card","Relic","Relic","Potion","Card","Relic","Relic","Relic","Card","Card"],"build_version":"2020-12-22","purchased_purges":3,"victory":false,"max_hp_per_floor":[66,66,66,66,66,66,66,66,66,66,66,66,66,66,66,66,66,66,56,56,56,56,56,56,56,56],"card_choices":[{"not_picked":["Prepared","Acrobatics"],"picked":"Dash","floor":1.0},{"not_picked":["Prepared","Eviscerate"],"picked":"Bouncing Flask","floor":4.0},{"not_picked":["Cloak And Dagger","Flying Knee","Deflect"],"picked":"SKIP","floor":6.0},{"not_picked":["Hidden Blade","Slice","Infinite Blades"],"picked":"SKIP","floor":11.0},{"not_picked":["ReplayTheSpireMod:Shiv Toss","Outmaneuver"],"picked":"Deadly Poison","floor":12.0},{"not_picked":["Doppelganger","Accuracy"],"picked":"Replay:Poison Smokescreen","floor":14.0},{"not_picked":["Glass Knife","Wraith Form v2"],"picked":"Poison Darts","floor":16.0},{"not_picked":["Hidden Blade","ReplayTheSpireMod:Tripwire"],"picked":"Footwork","floor":18.0},{"not_picked":["Infinite Blades","Blade Dance"],"picked":"Deadly Poison","floor":19.0},{"not_picked":["ReplayTheSpireMod:Book of Names","infinitespire:TheBestDefense"],"picked":"ReplayTheSpireMod:Chaos Vortex","floor":20.0},{"not_picked":["Masterful Stab+1","Underhanded Strike"],"picked":"Leg Sweep","floor":21.0},{"not_picked":["Poisoned Stab","Sucker Punch"],"picked":"Dash","floor":21.0},{"not_picked":["Bane","Acrobatics+1"],"picked":"Bouncing Flask","floor":23}],"player_experience":1160548,"relics_obtained":[{"floor":1.0,"key":"LetterFromLob"},{"floor":9.0,"key":"Gremlin Food"},{"floor":12.0,"key":"Boot"},{"floor":23,"key":"reliquary:JackalopeAntler"}],"event_choices":[{"damage_healed":0.0,"max_hp_gain":0.0,"max_hp_loss":0.0,"gold_gain":0.0,"event_name":"FaceTrader","player_choice":"Trade","floor":3.0,"gold_loss":0.0,"damage_taken":0.0,"relics_obtained":["CultistMask"]},{"damage_healed":0.0,"max_hp_gain":0.0,"max_hp_loss":0.0,"gold_gain":0.0,"event_name":"Lab","player_choice":"Got Potions","floor":5.0,"gold_loss":0.0,"damage_taken":0.0}],"is_beta":false,"boss_relics":[{"not_picked":["Snecko Scales","Runic Pyramid"],"picked":"Ring of the Serpent"}],"items_purged_floors":[0,0,21],"is_endless":false,"potions_floor_spawned":[6,12,18,23],"killed_by":"Nightmare","ascension_level":20}}