{"host":"36t3qd3wjvajtu1z","time":1613710003,"event":{"mods":["2.2 Compatiblity","AchievementEnabler","BaseMod","Bestiary","Block Reminder","Colored Powertips","Curses Come First","Filter the Spire","Highlight Path","Minty Spire (QoL Compilation)","Permanent Neow","Quick Restart","Random Character Button","Rare Cards Sparkle","Relic Stats","Slay-I","StSLib","Unknown Chances"],"gold_per_floor":[117,130,149,149,162,162,195,195,247,272,272,283,283,40,40,115,115,130,144,44,44,44,44],"floor_reached":22,"language":"ENG","playtime":2161,"items_purged":["Strike_B","Strike_B"],"score":359,"play_id":"0d51a7d5-ae87-4997-9f96-4aec8f20f3cc","local_time":"20210218204643","is_ascension_mode":true,"campfire_choices":[{"data":"Beam Cell","floor":6,"key":"SMITH"},{"floor":8,"key":"REST"},{"data":"Fusion","floor":11,"key":"SMITH"},{"data":"Zap","floor":15,"key":"SMITH"}],"circlet_count":0,"master_deck":["AscendersBane","Strike_B","Defend_B","Defend_B","Defend_B","Defend_B","Zap+1","Dualcast","Core Surge","Rebound","Beam Cell","Streamline","Beam Cell+1","Sweeping Beam","Fusion+1","Doom and Gloom","Electrodynamics","Redo+1","Coolheaded"],"relics":["Cracked Core","Kunai","Orichalcum","Oddly Smooth Stone","Happy Flower"],"acts_visited":["Exordium","TheCity"],"potions_floor_usage":[7,19,22],"damage_taken":[{"damage":4,"enemies":"Jaw Worm","floor":1,"turns":4},{"damage":10,"enemies":"2 Louse","floor":2,"turns":3},{"damage":0,"enemies":"Cultist","floor":3,"turns":3},{"damage":9,"enemies":"Lots of Slimes","floor":5,"turns":4},{"damage":10,"enemies":"Gremlin Nob","floor":7,"turns":3},{"damage":11,"enemies":"3 Sentries","floor":10,"turns":5},{"damage":2,"enemies":"2 Fungi Beasts","floor":12,"turns":3},{"damage":24,"enemies":"The Guardian","floor":16,"turns":9},{"damage":18,"enemies":"Spheric Guardian","floor":18,"turns":4},{"damage":16,"enemies":"2 Thieves","floor":19,"turns":2},{"damage":15,"enemies":"Shelled Parasite and Fungi","floor":22,"turns":2}],"seed_played":"-2393727047695127721","potions_obtained":[{"floor":1,"key":"Block Potion"},{"floor":5,"key":"FearPotion"},{"floor":10,"key":"FearPotion"},{"floor":13,"key":"Fire Potion"},{"floor":16,"key":"LiquidMemories"}],"is_trial":false,"path_per_floor":["M","M","M","?","M","R","E","R","T","E","R","M","?","$","R","B",null,"M","M","$","?","M"],"character_chosen":"DEFECT","items_purchased":["Happy Flower"],"campfire_rested":1,"item_purchase_floors":[14],"current_hp_per_floor":[60,50,50,50,41,41,31,52,52,41,41,39,39,39,39,15,57,39,23,23,23,8,8],"gold":44,"neow_bonus":"ONE_RANDOM_RARE_CARD","is_daily":false,"chose_seed":false,"campfire_upgraded":3,"win_rate":0.0,"timestamp":1613710003,"path_taken":["M","M","M","?","M","R","E","R","T","E","R","M","?","$","R","BOSS","M","?","?","?","M"],"items_purchased_type":["Relic"],"build_version":"2020-12-22","purchased_purges":2,"victory":false,"max_hp_per_floor":[71,71,71,71,71,71,71,71,71,71,71,71,71,71,71,71,71,71,71,71,71,71,71],"relic_stats":{"Happy Flower":[5],"counters":[11,42],"Kunai":[10],"Orichalcum":[78],"obtain_stats":[{"Happy Flower":14,"Oddly Smooth Stone":10,"Kunai":7,"Orichalcum":9,"Cracked Core":0},{"Happy Flower":7,"Oddly Smooth Stone":6,"Kunai":5,"Orichalcum":5,"Cracked Core":0},{"Happy Flower":25,"Oddly Smooth Stone":22,"Kunai":17,"Orichalcum":17,"Cracked Core":0}]},"card_choices":[{"not_picked":["Darkness","Leap"],"picked":"Rebound","floor":1},{"not_picked":["Go for the Eyes","Hello World"],"picked":"Beam Cell","floor":2},{"not_picked":["Rebound","Barrage"],"picked":"Streamline","floor":3},{"not_picked":["BootSequence","Recycle"],"picked":"Beam Cell","floor":5},{"not_picked":["Blizzard","Chill"],"picked":"Sweeping Beam","floor":7},{"not_picked":["Loop","Skim"],"picked":"Fusion","floor":10},{"not_picked":["Force Field","Rip and Tear"],"picked":"Doom and Gloom","floor":12},{"not_picked":["Reboot","Machine Learning"],"picked":"Electrodynamics","floor":16},{"not_picked":["Cold Snap","Loop"],"picked":"Redo+1","floor":18},{"not_picked":["Beam Cell","Sweeping Beam"],"picked":"Coolheaded","floor":19}],"player_experience":553927,"relics_obtained":[{"floor":7,"key":"Kunai"},{"floor":9,"key":"Orichalcum"},{"floor":10,"key":"Oddly Smooth Stone"}],"event_choices":[{"damage_healed":0,"gold_gain":0,"player_choice":"Ignored","damage_taken":0,"max_hp_gain":0,"max_hp_loss":0,"event_name":"Liars Game","floor":4,"gold_loss":0},{"damage_healed":0,"gold_gain":0,"player_choice":"Got Potions","damage_taken":0,"max_hp_gain":0,"max_hp_loss":0,"event_name":"Lab","floor":13,"gold_loss":0},{"cards_removed":["Strike_B"],"damage_healed":0,"gold_gain":0,"player_choice":"Offered Basic","damage_taken":0,"max_hp_gain":0,"max_hp_loss":0,"event_name":"Bonfire Elementals","floor":21,"gold_loss":0}],"is_beta":false,"boss_relics":[{"not_picked":["Busted Crown","Coffee Dripper","Ectoplasm"]}],"items_purged_floors":[14,20],"is_endless":false,"potions_floor_spawned":[1,5,10,16,18],"killed_by":"Shelled Parasite and Fungi","ascension_level":17}}