{"host":"htvce8wym9d6pe5b","time":1613756424,"event":{"mods":["Act Like it!","BaseMod","Colored Map","Conspire","Downfall","Duelist Mod","Hermit","Highlight Path","Hubris","Infinite Spire","Jorbs\u0027s Wanderer Trilogy","Minty Spire (QoL Compilation)","Replay The Spire","StSLib","The Bug Knight","The Cursed","The Disciple","The Hierophant","The Runesmith"],"gold_per_floor":[119,112,112,127,76,96,96,123,174,174,164,164,164,191,191,187,187],"floor_reached":16,"language":"ENG","playtime":1266,"items_purged":[],"score":102,"play_id":"db7b1210-e168-4860-8969-00eca2c01334","local_time":"20210219114024","is_ascension_mode":false,"campfire_choices":[{"floor":7,"key":"REST"},{"floor":12,"key":"REST"},{"floor":15,"key":"REST"}],"circlet_count":0,"master_deck":["hierophant:Strike_Hierophant","hierophant:Strike_Hierophant","hierophant:Strike_Hierophant","hierophant:Strike_Hierophant","hierophant:Punish","hierophant:Defend_Hierophant","hierophant:Defend_Hierophant","hierophant:Defend_Hierophant","hierophant:Defend_Hierophant","hierophant:ChurchCoffers","hierophant:Doomsaying+1","hierophant:Doubloon","hierophant:Remorse","hierophant:HammerAndAnvil","hierophant:Empathy","hierophant:Empathy","hierophant:Martyrdom","hierophant:Upheaval","hierophant:TollTheBells","hierophant:Smite"],"relics":["hierophant:PropheticMaskRelic","conspire:Boomerang","infinitespire:Golems Mask","Replay:Wax Seal","hubris:Towel","Ring of Searing","Ring of Fangs"],"acts_visited":["Exordium"],"potions_floor_usage":[],"damage_taken":[{"damage":0,"enemies":"2 Louse","floor":1,"turns":2},{"damage":0,"enemies":"Small Slimes","floor":2,"turns":2},{"damage":11,"enemies":"Jaw Worm","floor":4,"turns":3},{"damage":40,"enemies":"Gremlin Nob","floor":6,"turns":6},{"damage":0,"enemies":"3 Louse","floor":8,"turns":2},{"damage":32,"enemies":"Large Slime","floor":11,"turns":8},{"damage":26,"enemies":"Red Slaver","floor":14,"turns":4},{"damage":41,"enemies":"Fading Forest","floor":16,"turns":8}],"seed_played":"7515317522292629374","potions_obtained":[{"floor":1,"key":"Energy Potion"},{"floor":4,"key":"FairyPotion"}],"is_trial":false,"path_per_floor":["M","M","?","M","$","E","R","M","T","?","M","R","?","M","R","B"],"character_chosen":"HIEROPHANT","items_purchased":["hierophant:Empathy"],"campfire_rested":3,"item_purchase_floors":[5],"current_hp_per_floor":[54,54,54,43,43,3,25,25,25,25,20,42,42,16,38,0,0],"gold":187,"neow_bonus":"ONE_RARE_RELIC","is_daily":false,"chose_seed":false,"campfire_upgraded":0,"win_rate":0.0,"timestamp":1613756424,"path_taken":["M","M","?","M","$","E","R","M","T","?","M","R","?","M","R","BOSS"],"items_purchased_type":["Card"],"build_version":"2020-12-22","purchased_purges":0,"victory":false,"max_hp_per_floor":[75,75,75,75,75,75,75,75,75,75,75,75,75,75,75,75,75],"card_choices":[{"not_picked":["hierophant:RecallFunds","hierophant:OrnateBuckler"],"picked":"hierophant:Doomsaying","floor":1},{"not_picked":["hierophant:Doubloon","hierophant:Sermon"],"picked":"hierophant:Remorse","floor":2},{"not_picked":["hierophant:Doomsaying","hierophant:HolyVerse"],"picked":"hierophant:HammerAndAnvil","floor":4},{"not_picked":["hierophant:PassingBell","hierophant:FlamingChariot"],"picked":"hierophant:Martyrdom","floor":6},{"not_picked":["hierophant:SealAway","hierophant:Embezzle"],"picked":"hierophant:Upheaval","floor":8},{"not_picked":["hierophant:Sermon","hierophant:AuricBeam"],"picked":"hierophant:TollTheBells","floor":11},{"not_picked":["hierophant:Martyrdom","hierophant:SealAway"],"picked":"hierophant:Smite","floor":14}],"player_experience":15228,"relics_obtained":[{"floor":6,"key":"infinitespire:Golems Mask"},{"floor":9,"key":"Replay:Wax Seal"},{"floor":13,"key":"Ring of Searing"},{"floor":13,"key":"Ring of Fangs"}],"event_choices":[],"is_beta":false,"boss_relics":[],"items_purged_floors":[],"is_endless":false,"potions_floor_spawned":[1,4],"killed_by":"Fading Forest","ascension_level":0}}