{"host":"m6rwrrl4vtok99e8","time":1613711587,"event":{"mods":["ATMod(??Mod)","Act Like it!","Aspiration","BaseMod","Colored Powertips","Downfall","Energized Spire","GungeonMod","Jedi Mod","Koishi","LagranYue(???·?)","Lobotomy","Marisa????????","Minty Spire (QoL Compilation)","Pale of the Ancients","Quick Restart","Relic Stats","Reliquary","Remilia??????","Replay The Spire","Spicy Shops","StSLib","TestMod","The Servant 0.9.4","Waifu the Spire","WarShipGirlsR/????R mod","??????REMEMod"],"gold_per_floor":[116,116,116,191,202,202,217,217,217,217,236,269,286,303,303,303,303],"floor_reached":16,"language":"ZHS","playtime":841,"items_purged":[],"score":102,"play_id":"1ab78dc7-1d2d-4998-88c4-47bbd93f060d","local_time":"20210219131307","is_ascension_mode":false,"campfire_choices":[{"data":"Defend_S","floor":6,"key":"SMITH"},{"data":"Defend_S","floor":8,"key":"SMITH"},{"data":"Defend_S","floor":10,"key":"SMITH"},{"floor":15,"key":"REST"}],"circlet_count":0,"master_deck":["Strike_S","Strike_S","Strike_S","Strike_S","Defend_S+1","Defend_S+1","Defend_S+1","Defend_S+1","KidneyShot+1","Exchange","OSAHOGD","DualDimension+1","MHz","Rearm+1","FlawlessForm"],"relics":["Uniform","AT_ATBox","testmod-TestBox","REME_ComplimentaryCards","LagranYue:RandomDrawCardRelic","CogitoBucket","testmod-FatalChain","Toxic Egg 2","Darkstone Periapt"],"acts_visited":["Exordium"],"potions_floor_usage":[13],"damage_taken":[{"damage":0,"enemies":"2 Louse","floor":1,"turns":2},{"damage":1,"enemies":"Small Slimes","floor":5,"turns":4},{"damage":0,"enemies":"Cultist","floor":7,"turns":4},{"damage":3,"enemies":"Exordium Wildlife","floor":11,"turns":5},{"damage":13,"enemies":"Lagavulin","floor":12,"turns":12},{"damage":14,"enemies":"Looter","floor":13,"turns":4},{"damage":7,"enemies":"Exordium Thugs","floor":14,"turns":9},{"damage":44,"enemies":"Slime Boss","floor":16,"turns":13}],"seed_played":"-2108635527590488027","potions_obtained":[{"floor":1,"key":"Elixir"},{"floor":7,"key":"jedi:StrikingPotion"},{"floor":12,"key":"DemoMod:BlankPotion"},{"floor":13,"key":"Venom Potion"}],"is_trial":false,"path_per_floor":["M","?","?","?","M","R","M","R","T","R","M","E","M","M","R","B"],"character_chosen":"THE_SERVANT","items_purchased":[],"campfire_rested":1,"item_purchase_floors":[],"current_hp_per_floor":[65,65,65,59,58,58,58,58,58,58,55,42,28,21,40,0,0],"gold":303,"neow_bonus":"","is_daily":false,"chose_seed":false,"campfire_upgraded":3,"win_rate":0.0,"timestamp":1613711587,"path_taken":["M","?","?","?","M","R","M","R","T","R","?","E","M","M","R","BOSS"],"items_purchased_type":[],"build_version":"2020-12-22","purchased_purges":0,"victory":false,"max_hp_per_floor":[65,65,65,65,65,65,65,65,65,65,65,65,65,65,65,65,65],"relic_stats":{"Darkstone Periapt":0,"counters":[9,54],"obtain_stats":[{"Darkstone Periapt":12,"CogitoBucket":0,"AT_ATBox":0,"testmod-TestBox":0,"LagranYue:RandomDrawCardRelic":0,"testmod-FatalChain":0,"DemoMod:GlassGuonStoneRelic":1,"Uniform":0,"Toxic Egg 2":9,"REME_ComplimentaryCards":0},{"Darkstone Periapt":5,"CogitoBucket":0,"AT_ATBox":0,"testmod-TestBox":0,"LagranYue:RandomDrawCardRelic":0,"testmod-FatalChain":0,"DemoMod:GlassGuonStoneRelic":1,"Uniform":0,"Toxic Egg 2":3,"REME_ComplimentaryCards":0},{"Darkstone Periapt":27,"CogitoBucket":0,"AT_ATBox":0,"testmod-TestBox":0,"LagranYue:RandomDrawCardRelic":0,"testmod-FatalChain":0,"DemoMod:GlassGuonStoneRelic":2,"Uniform":0,"Toxic Egg 2":10,"REME_ComplimentaryCards":0}]},"card_choices":[{"not_picked":["Wellcheers","WhitesApple"],"picked":"OSAHOGD","floor":1},{"not_picked":["Alleviate","Ricochet","SpecialFormula"],"picked":"SKIP","floor":1},{"not_picked":["FastForward","TimeWarp","Revamp"],"picked":"SKIP","floor":5},{"not_picked":["Potential","Spin","Revamp"],"picked":"SKIP","floor":7},{"not_picked":["Potential","Moondial+1"],"picked":"DualDimension+1","floor":11},{"not_picked":["UniverseFragment","CherryBlossoms"],"picked":"MHz","floor":12},{"not_picked":["FastForward+1","ForgedInTime+1"],"picked":"Rearm+1","floor":12},{"not_picked":["Alleviate+1","ShatteredReality"],"picked":"FlawlessForm","floor":13},{"not_picked":["FastForward+1","Comet","DoubleEdge"],"picked":"SKIP","floor":14}],"player_experience":37342,"relics_obtained":[{"floor":9,"key":"Toxic Egg 2"},{"floor":12,"key":"Darkstone Periapt"}],"event_choices":[{"damage_healed":0,"gold_gain":0,"player_choice":"Grow","damage_taken":0,"max_hp_gain":0,"max_hp_loss":0,"event_name":"Living Wall","floor":3,"gold_loss":0,"cards_upgraded":["Defend_S"]},{"damage_healed":0,"gold_gain":75,"player_choice":"Touch","damage_taken":6,"max_hp_gain":0,"max_hp_loss":0,"event_name":"FaceTrader","floor":4,"gold_loss":0}],"is_beta":false,"boss_relics":[],"items_purged_floors":[],"is_endless":false,"potions_floor_spawned":[1,7,12,13],"killed_by":"Slime Boss","ascension_level":0}}