{"host":"d52brwsy6af8zvaq","time":1613697708,"event":{"mods":["AchievementEnabler","BaseMod","Bestiary","Highlight Path","Minty Spire (QoL Compilation)","Quick Restart","Relic Stats","ojb\u0027s Better Paths Mod"],"gold_per_floor":[115,115,9,27,45,74,74,104,129,129,147,147,147,166,166,166,166],"floor_reached":16,"language":"ENG","playtime":537,"items_purged":[],"score":220,"play_id":"71e2f27d-0967-469a-8134-841632c7d39e","local_time":"20210218182148","is_ascension_mode":true,"campfire_choices":[{"floor":7,"key":"REST"},{"floor":12,"key":"REST"},{"data":"Coolheaded","floor":15,"key":"SMITH"}],"circlet_count":0,"master_deck":["AscendersBane","Strike_B","Strike_B","Strike_B","Strike_B","Defend_B","Defend_B","Defend_B","Defend_B","Zap+1","Dualcast","Go for the Eyes","Self Repair","Coolheaded","Beam Cell","Biased Cognition+1","Undo","Cold Snap","Coolheaded+1"],"relics":["Cracked Core","Omamori","Oddly Smooth Stone","Ancient Tea Set","Symbiotic Virus"],"acts_visited":[],"potions_floor_usage":[6],"damage_taken":[{"damage":2.0,"enemies":"2 Louse","floor":1.0,"turns":2.0},{"damage":0.0,"enemies":"Cultist","floor":4.0,"turns":3.0},{"damage":9.0,"enemies":"Small Slimes","floor":5.0,"turns":3.0},{"damage":63,"enemies":"Gremlin Nob","floor":6,"turns":6},{"damage":39,"enemies":"3 Sentries","floor":8,"turns":9},{"damage":1,"enemies":"Blue Slaver","floor":11,"turns":4},{"damage":4,"enemies":"Looter","floor":14,"turns":3},{"damage":46,"enemies":"Hexaghost","floor":16,"turns":11}],"seed_played":"-3140791368144441728","potions_obtained":[{"floor":1.0,"key":"ColorlessPotion"},{"floor":5.0,"key":"SmokeBomb"},{"floor":14,"key":"Swift Potion"}],"is_trial":false,"path_per_floor":["M","?","$","M","M","E","R","E","T","T","M","R","?","M","R","B"],"character_chosen":"DEFECT","items_purchased":["Self Repair","Coolheaded"],"campfire_rested":2,"item_purchase_floors":[3,3],"current_hp_per_floor":[69,69,69,76,74,18,41,9,9,9,15,38,38,41,41,0,0],"gold":166,"neow_bonus":"TEN_PERCENT_HP_BONUS","is_daily":false,"chose_seed":false,"campfire_upgraded":1,"win_rate":0.0,"timestamp":1613697708,"path_taken":["M","?","$","M","?","E","R","E","T","?","M","R","?","M","R","BOSS"],"items_purchased_type":["Card","Card"],"build_version":"2020-12-22","purchased_purges":0,"victory":false,"max_hp_per_floor":[78,78,78,78,78,78,78,78,78,78,78,78,78,78,78,78,78],"relic_stats":{"counters":[8,41],"obtain_stats":[{"Oddly Smooth Stone":8,"Omamori":6,"Cracked Core":0,"Ancient Tea Set":9,"Symbiotic Virus":10},{"Oddly Smooth Stone":5,"Omamori":4,"Cracked Core":0,"Ancient Tea Set":5,"Symbiotic Virus":5},{"Oddly Smooth Stone":23,"Omamori":14,"Cracked Core":0,"Ancient Tea Set":23,"Symbiotic Virus":23}]},"card_choices":[{"not_picked":["Hologram","Redo"],"picked":"Go for the Eyes","floor":1.0},{"not_picked":["Sweeping Beam","Scrape"],"picked":"Beam Cell","floor":4.0},{"not_picked":["Sweeping Beam","Blizzard","Go for the Eyes"],"picked":"SKIP","floor":5.0},{"not_picked":["Storm","Core Surge"],"picked":"Biased Cognition","floor":6},{"not_picked":["Storm","Biased Cognition"],"picked":"Undo","floor":8},{"not_picked":["Storm","Reprogram"],"picked":"Cold Snap","floor":11},{"not_picked":["Heatsinks","Rebound"],"picked":"Coolheaded","floor":14}],"player_experience":2310261,"relics_obtained":[{"floor":6,"key":"Omamori"},{"floor":8,"key":"Oddly Smooth Stone"},{"floor":9,"key":"Ancient Tea Set"},{"floor":10,"key":"Symbiotic Virus"}],"event_choices":[{"damage_healed":0.0,"max_hp_gain":0.0,"max_hp_loss":0.0,"gold_gain":0.0,"event_name":"Upgrade Shrine","player_choice":"Upgraded","floor":2.0,"gold_loss":0.0,"damage_taken":0.0,"cards_upgraded":["Zap"]},{"damage_healed":0,"gold_gain":0,"player_choice":"Grow","damage_taken":0,"max_hp_gain":0,"max_hp_loss":0,"event_name":"Living Wall","floor":13,"gold_loss":0,"cards_upgraded":["Biased Cognition"]}],"is_beta":false,"boss_relics":[],"items_purged_floors":[],"is_endless":false,"potions_floor_spawned":[1,5,14],"killed_by":"Hexaghost","ascension_level":20}}