{"host":"cijhj3091wf4aho3","time":1613704879,"event":{"mods":["BaseMod","Colored Map","Colored Powertips","Downfall","Friendly Minions","GifTheSpireLib","Highlight Path","Minty Spire (QoL Compilation)","Permanent Neow","Random Character Button","Relic Sorter","Relic Stats","StSLib","everything is the same but u backflip on backflip","slay the spire mod where everything is the same but ironclad has a cowboy hat"],"gold_per_floor":[99,116,116,139,168,214,253,65,89,118,160,172,184,215,245,356,368,380,407,436,458,484,496,583,607,619,731,743,755,767,779,809,821,821,821],"floor_reached":33,"language":"ENG","playtime":1109,"items_purged":[],"score":326,"play_id":"b1ef350d-783a-431a-9e72-cdf159066ffd","local_time":"20210218192119","is_ascension_mode":true,"campfire_choices":[{"floor":1,"key":"RECALL"},{"floor":8,"key":"REST"},{"floor":13,"key":"REST"},{"data":"bronze:HardenedForm","floor":18,"key":"SMITH"},{"data":"bronze:TinkerersToolbox","floor":23,"key":"SMITH"},{"data":"bronze:Iterate","floor":26,"key":"SMITH"},{"data":"bronze:DonuBeam","floor":30,"key":"SMITH"}],"circlet_count":0,"master_deck":["bronze:Strike","bronze:Strike","bronze:Strike","bronze:Defend","bronze:Defend","bronze:Defend","bronze:Defend","bronze:Replicate","bronze:Goto+1","bronze:Iterate+1","bronze:WhirlingStrike","bronze:TinkerersToolbox+1","bronze:InfiniteBeams","bronze:HardenedForm+1","bronze:DonuBeam+1"],"relics":["bronze:BronzeCore","MawBank","Potion Belt","Boot","downfall:HeartBlessingRed","downfall:HeartBlessingGreen","Bird Faced Urn","NlothsMask","bronze:ElectromagneticCoil","MutagenicStrength"],"acts_visited":["Exordium","TheCity"],"potions_floor_usage":[6,21,21,32,32],"damage_taken":[{"damage":1,"enemies":"Cultist","floor":2,"turns":4},{"damage":2,"enemies":"Small Slimes","floor":4,"turns":3},{"damage":1,"enemies":"2 Louse","floor":5,"turns":2},{"damage":44,"enemies":"Lagavulin","floor":6,"turns":10},{"damage":0,"enemies":"2 Fungi Beasts","floor":9,"turns":2},{"damage":0,"enemies":"downfall:LooterAlt","floor":10,"turns":2},{"damage":14,"enemies":"Gremlin Nob","floor":11,"turns":3},{"damage":0,"enemies":"3 Louse","floor":14,"turns":1},{"damage":2,"enemies":"Blue Slaver","floor":15,"turns":3},{"damage":20,"enemies":"SI_SHIV_ARCHETYPE","floor":16,"turns":7},{"damage":10,"enemies":"Spheric Guardian","floor":19,"turns":4},{"damage":0,"enemies":"Chosen","floor":20,"turns":4},{"damage":24,"enemies":"Snake Plant","floor":21,"turns":6},{"damage":9,"enemies":"Chosen and Byrds","floor":22,"turns":4},{"damage":6,"enemies":"3 Cultists","floor":25,"turns":4},{"damage":12,"enemies":"3 Cultists","floor":27,"turns":4},{"damage":2,"enemies":"Snake Plant","floor":32,"turns":2},{"damage":44,"enemies":"IC_MUSHROOM_ARCHETYPE","floor":33,"turns":4}],"seed_played":"-5538424023595891012","potions_obtained":[{"floor":2,"key":"Energy Potion"},{"floor":6,"key":"Energy Potion"},{"floor":14,"key":"Slimebound:ThreeZeroPotion"},{"floor":15,"key":"bronze:CleanCodePotion"},{"floor":19,"key":"Regen Potion"},{"floor":20,"key":"SkillPotion"},{"floor":32,"key":"SneckoOil"}],"is_trial":false,"path_per_floor":["R","M","?","M","M","E","T","R","M","M","E","?","R","M","M","B",null,"R","M","M","M","M","R","T","M","R","?","?","?","R","?","M","B"],"character_chosen":"THE_AUTOMATON","items_purchased":[],"campfire_rested":2,"item_purchase_floors":[],"current_hp_per_floor":[70,69,62,60,59,15,15,36,36,36,22,22,43,43,41,23,58,58,50,54,49,44,44,44,40,40,32,32,32,32,32,34,0,0,0],"gold":821,"neow_bonus":"UPGRADE_CARD","is_daily":false,"chose_seed":false,"campfire_upgraded":4,"win_rate":0.0,"timestamp":1613704879,"path_taken":["R","M","?","M","M","E","T","R","M","M","E","?","R","M","M","BOSS","R","M","M","?","M","R","T","M","R","?","?","?","R","?","M","BOSS"],"items_purchased_type":[],"build_version":"2020-12-22","purchased_purges":0,"victory":false,"max_hp_per_floor":[70,70,70,70,70,70,70,70,70,70,70,70,70,70,70,70,70,70,70,70,70,70,70,70,70,70,70,70,70,70,70,70,70,70,70],"relic_stats":{"counters":[18,69],"Bird Faced Urn":[30],"MawBank":360,"Boot":[211],"obtain_stats":[{"Potion Belt":6,"bronze:ElectromagneticCoil":17,"bronze:BronzeCore":0,"downfall:HeartBlessingRed":8,"Bird Faced Urn":11,"MutagenicStrength":31,"downfall:HeartBlessingGreen":8,"MawBank":3,"Boot":7,"NlothsMask":12},{"Potion Belt":4,"bronze:ElectromagneticCoil":10,"bronze:BronzeCore":0,"downfall:HeartBlessingRed":4,"Bird Faced Urn":7,"MutagenicStrength":16,"downfall:HeartBlessingGreen":4,"MawBank":1,"Boot":4,"NlothsMask":7},{"Potion Belt":19,"bronze:ElectromagneticCoil":37,"bronze:BronzeCore":0,"downfall:HeartBlessingRed":19,"Bird Faced Urn":26,"MutagenicStrength":63,"downfall:HeartBlessingGreen":19,"MawBank":4,"Boot":19,"NlothsMask":26}]},"card_choices":[{"not_picked":["bronze:CloningBeam","bronze:Separator"],"picked":"bronze:Iterate","floor":2},{"not_picked":["bronze:WildBeam","bronze:BuggyMess","bronze:Return"],"picked":"SKIP","floor":4},{"not_picked":["bronze:WhirlingStrike","bronze:OilSpill","bronze:Turbo"],"picked":"SKIP","floor":5},{"not_picked":["bronze:OilSpill","bronze:Turbo"],"picked":"bronze:WhirlingStrike","floor":5},{"not_picked":["bronze:FineTuning","bronze:Allocate","bronze:Invalidate"],"picked":"SKIP","floor":6},{"not_picked":["bronze:Overheat","bronze:BugBarrage","bronze:Invalidate"],"picked":"SKIP","floor":9},{"not_picked":["bronze:BitShift","bronze:WhirlingStrike","bronze:BuggyMess"],"picked":"SKIP","floor":10},{"not_picked":["bronze:DelayedGuard","bronze:CutThrough"],"picked":"bronze:TinkerersToolbox","floor":11},{"not_picked":["bronze:FineTuning","bronze:DigitalCarnage","bronze:BronzeArmor"],"picked":"SKIP","floor":14},{"not_picked":["bronze:DelayedSlice","bronze:Overheat"],"picked":"bronze:InfiniteBeams","floor":15},{"not_picked":["bronze:HyperBeam","bronze:Library"],"picked":"bronze:HardenedForm","floor":16},{"not_picked":["bronze:BitShift","bronze:NullPointer","bronze:Constructor+1"],"picked":"SKIP","floor":19},{"not_picked":["bronze:BitShift","bronze:OilSpill","bronze:ChildClass"],"picked":"SKIP","floor":20},{"not_picked":["bronze:BuggyMess","bronze:NullPointer","bronze:Branch"],"picked":"SKIP","floor":21},{"not_picked":["bronze:Shield+1","bronze:Shell","bronze:ChosenStrike"],"picked":"SKIP","floor":22},{"not_picked":["bronze:WhirlingStrike+1","bronze:GetLatest+1","bronze:BugBarrage"],"picked":"SKIP","floor":25},{"not_picked":[],"picked":"bronze:DonuBeam","floor":27},{"not_picked":["bronze:Repair","bronze:Return","bronze:Mutator"],"picked":"SKIP","floor":32}],"player_experience":595509,"relics_obtained":[{"floor":6,"key":"Potion Belt"},{"floor":7,"key":"Boot"},{"floor":11,"key":"Bird Faced Urn"}],"event_choices":[{"damage_healed":0,"gold_gain":0,"player_choice":"Success","damage_taken":7,"relics_obtained":["MawBank"],"max_hp_gain":0,"max_hp_loss":0,"event_name":"Scrap Ooze","floor":3,"gold_loss":0},{"damage_healed":0,"gold_gain":0,"player_choice":"Trade","damage_taken":0,"relics_obtained":["NlothsMask"],"max_hp_gain":0,"max_hp_loss":0,"event_name":"FaceTrader","floor":12,"gold_loss":0},{"damage_healed":0,"gold_gain":0,"player_choice":"Inject Mutagens","damage_taken":0,"relics_obtained":["MutagenicStrength"],"max_hp_gain":0,"max_hp_loss":0,"event_name":"Drug Dealer","floor":31,"gold_loss":0}],"is_beta":false,"boss_relics":[{"not_picked":["Runic Pyramid","Calling Bell"],"picked":"bronze:ElectromagneticCoil"}],"items_purged_floors":[],"is_endless":false,"potions_floor_spawned":[2,6,14,15,19,20,32],"killed_by":"IC_MUSHROOM_ARCHETYPE","ascension_level":5}}