{"host":"dscols65uipasqd2","time":1613717851,"event":{"mods":["2.2 Compatiblity","AchievementEnabler","Aspiration","BaseMod","Colored Powertips","Downfall","Energized Spire","GifTheSpireLib","Hermit","Hubris","Infinite Spire","Jorbs\u0027s Wanderer Trilogy","Minty Spire (QoL Compilation)","Rare Cards Sparkle","Relic Stats","Replay The Spire","Robot Space Explorer","Shade Mod","StSLib","Stuff the Spire","The Blue Laboratory","The Cursed","The Disciple","The Forsaken","The Hierophant","The Judge","The Jungle","The Mystic","The Runesmith","TheFirefly","Wandering Minibosses"],"gold_per_floor":[99,99,99,99,99,133,133,33,45,220,238,270,288,36,49,49,49,49],"floor_reached":16,"language":"ENG","playtime":630,"items_purged":[],"score":180,"play_id":"f3462d12-bf83-4972-98b5-339d12670955","local_time":"20210219015731","is_ascension_mode":true,"campfire_choices":[{"floor":1,"key":"RECALL"},{"floor":8,"key":"REST"}],"circlet_count":0,"master_deck":["sneckomod:Strike","sneckomod:Strike","sneckomod:Strike","sneckomod:Defend","sneckomod:Defend","sneckomod:Defend","sneckomod:TailWhip","sneckomod:SnekBite","sneckomod:Unknown","sneckomod:Unknown","sneckomod:UnknownCommonSkill","sneckomod:UnknownClassWORDO_MOD_COLOR","sneckomod:UnknownClassTHE_BRONZE_AUTOMATON","sneckomod:CheapStock","Doubt","sneckomod:UnknownCommonAttack","sneckomod:UnknownClassPURPLE","sneckomod:WideSting","sneckomod:UnknownClassSLIMEBOUND","expansioncontent:StudyTheSpire","sneckomod:UnknownClassMYSTIC_PURPLE"],"relics":["sneckomod:SneckoSoul","downfall:HeartsMalice","hubris:64BitClover","infinitespire:PuzzleCube","Counterbalance","downfall:HeartBlessingRed","aspiration:HiddenCompartment"],"acts_visited":["Exordium"],"potions_floor_usage":[16,16,16],"damage_taken":[{"damage":0,"enemies":"Small Slimes","floor":2,"turns":1},{"damage":0,"enemies":"Jaw Worm","floor":4,"turns":1},{"damage":0,"enemies":"Lagavulin","floor":6,"turns":1},{"damage":9,"enemies":"2 Louse","floor":9,"turns":2},{"damage":7,"enemies":"Blue Slaver","floor":11,"turns":4},{"damage":15,"enemies":"Gremlin Nob","floor":12,"turns":4},{"damage":11,"enemies":"3 Louse","floor":13,"turns":3},{"damage":0,"enemies":"downfall:FleeingMerchant","floor":14,"turns":4},{"damage":6,"enemies":"downfall:LooterAlt","floor":15,"turns":3},{"damage":47,"enemies":"IC_STATUS_ARCHETYPE","floor":16,"turns":6}],"seed_played":"3428388254552268004","potions_obtained":[{"floor":11,"key":"blueLaboratory:ArtificerPotion"},{"floor":13,"key":"FearPotion"}],"is_trial":false,"path_per_floor":["R","M","?","M","?","E","T","R","M","?","M","E","M","$","M","B"],"character_chosen":"THE_SNECKO","items_purchased":["expansioncontent:StudyTheSpire","SkillPotion"],"campfire_rested":1,"item_purchase_floors":[14,14],"current_hp_per_floor":[81,81,74,74,74,74,74,90,81,81,74,59,48,48,42,0,0,0],"gold":49,"neow_bonus":"THREE_ENEMY_KILL","is_daily":false,"chose_seed":false,"campfire_upgraded":0,"win_rate":0.0,"timestamp":1613717851,"path_taken":["R","M","?","M","?","E","T","R","M","?","M","E","M","$","M","BOSS"],"items_purchased_type":["Card","Potion"],"build_version":"2020-12-22","purchased_purges":0,"victory":false,"max_hp_per_floor":[90,90,90,90,90,90,90,90,90,90,90,90,90,90,90,90,90,90],"relic_stats":{"counters":[10,26],"obtain_stats":[{"downfall:HeartBlessingRed":8,"hubris:64BitClover":3,"Counterbalance":6,"downfall:HeartsMalice":0,"sneckomod:SneckoSoul":0,"aspiration:HiddenCompartment":12,"infinitespire:PuzzleCube":5},{"downfall:HeartBlessingRed":3,"hubris:64BitClover":1,"Counterbalance":3,"downfall:HeartsMalice":0,"sneckomod:SneckoSoul":0,"aspiration:HiddenCompartment":6,"infinitespire:PuzzleCube":2},{"downfall:HeartBlessingRed":0,"hubris:64BitClover":0,"Counterbalance":0,"downfall:HeartsMalice":0,"sneckomod:SneckoSoul":0,"aspiration:HiddenCompartment":10,"infinitespire:PuzzleCube":0}]},"card_choices":[{"not_picked":["sneckomod:SoulDraw","sneckomod:SoulRoll"],"picked":"sneckomod:UnknownCommonSkill","floor":2},{"not_picked":["sneckomod:SoulDraw","sneckomod:SerpentIdol"],"picked":"sneckomod:UnknownClassWORDO_MOD_COLOR","floor":4},{"not_picked":["sneckomod:Unknown1Cost","sneckomod:UnknownClassGUARDIAN"],"picked":"sneckomod:UnknownClassTHE_BRONZE_AUTOMATON","floor":6},{"not_picked":["sneckomod:QuickMove","sneckomod:ImprovisedGuard"],"picked":"sneckomod:CheapStock","floor":9},{"not_picked":["sneckomod:TrashToTreasure","sneckomod:UnknownDraw"],"picked":"sneckomod:UnknownCommonAttack","floor":11},{"not_picked":["sneckomod:UnknownClassWORDO_MOD_COLOR","sneckomod:Memorize"],"picked":"sneckomod:UnknownClassPURPLE","floor":12},{"not_picked":["sneckomod:SerpentMind","sneckomod:UnknownClassMYSTIC_PURPLE"],"picked":"sneckomod:WideSting","floor":13},{"not_picked":["sneckomod:UnknownX","sneckomod:SnakeSap"],"picked":"sneckomod:UnknownClassSLIMEBOUND","floor":14},{"not_picked":["sneckomod:Rotation","sneckomod:Nope"],"picked":"sneckomod:UnknownClassMYSTIC_PURPLE","floor":15}],"player_experience":647996,"relics_obtained":[{"floor":5,"key":"infinitespire:PuzzleCube"},{"floor":6,"key":"Counterbalance"},{"floor":12,"key":"aspiration:HiddenCompartment"}],"event_choices":[{"damage_healed":0,"gold_gain":0,"player_choice":"Success","damage_taken":7,"relics_obtained":["hubris:64BitClover"],"max_hp_gain":0,"max_hp_loss":0,"event_name":"Scrap Ooze","floor":3,"gold_loss":0}],"is_beta":false,"boss_relics":[],"items_purged_floors":[],"is_endless":false,"potions_floor_spawned":[11,13,15],"killed_by":"IC_STATUS_ARCHETYPE","ascension_level":7}}