{"host":"ibckqdmmf9y74ymf","time":1613699290,"event":{"mods":["2.2 Compatiblity","BaseMod","Colored Map","Curses Come First","Highlight Path","Minty Spire (QoL Compilation)","Quick Restart","Rare Cards Sparkle","Relic Stats","StSLib"],"gold_per_floor":[116,134,59,72,90,90,119,119,119,119,148,148,167,167,167,167,167],"floor_reached":16,"language":"ENG","playtime":650,"items_purged":[],"score":220,"play_id":"656e2928-539f-4da5-81ad-4c26fcc1bd97","local_time":"20210219024810","is_ascension_mode":true,"campfire_choices":[{"data":"Blade Dance","floor":6.0,"key":"SMITH"},{"data":"After Image","floor":8.0,"key":"SMITH"},{"floor":10.0,"key":"REST"},{"floor":12,"key":"REST"},{"data":"Cloak And Dagger","floor":15,"key":"SMITH"}],"circlet_count":0,"master_deck":["AscendersBane","Strike_G","Strike_G","Strike_G","Strike_G","Defend_G","Defend_G","Defend_G","Defend_G","Defend_G","Survivor","Neutralize","Blade Dance+1","Cloak And Dagger+1","After Image+1","Blur","Deflect","PiercingWail","Leg Sweep"],"relics":["Ring of the Snake","PreservedInsect","Singing Bowl"],"acts_visited":["Exordium"],"potions_floor_usage":[11],"damage_taken":[{"damage":0.0,"enemies":"2 Louse","floor":1.0,"turns":3.0},{"damage":6.0,"enemies":"Jaw Worm","floor":2.0,"turns":7.0},{"damage":7.0,"enemies":"Small Slimes","floor":4.0,"turns":4.0},{"damage":0.0,"enemies":"Red Slaver","floor":5.0,"turns":5.0},{"damage":23.0,"enemies":"Lagavulin","floor":7.0,"turns":8.0},{"damage":45,"enemies":"Gremlin Nob","floor":11,"turns":6},{"damage":0,"enemies":"Gremlin Gang","floor":13,"turns":7},{"damage":18,"enemies":"The Guardian","floor":16,"turns":5}],"seed_played":"8475014898520326361","potions_obtained":[{"floor":2.0,"key":"Regen Potion"},{"floor":4.0,"key":"AttackPotion"},{"floor":13,"key":"SteroidPotion"}],"is_trial":false,"path_per_floor":["M","M","?","M","M","R","E","R","T","R","E","R","M","?","R","B"],"character_chosen":"THE_SILENT","items_purchased":[],"campfire_rested":2,"item_purchase_floors":[],"current_hp_per_floor":[56,50,50,43,43,43,20,20,20,43,13,36,36,36,36,18,18],"gold":167,"neow_bonus":"TWENTY_PERCENT_HP_BONUS","is_daily":false,"chose_seed":false,"campfire_upgraded":3,"win_rate":0.0,"timestamp":1613699290,"path_taken":["M","M","?","M","M","R","E","R","T","R","E","R","M","?","R","BOSS"],"items_purchased_type":[],"build_version":"2020-12-22","purchased_purges":0,"victory":false,"max_hp_per_floor":[78,78,78,78,78,78,78,78,78,78,78,78,78,78,78,78,78],"relic_stats":{"Singing Bowl":0,"counters":[8,45],"PreservedInsect":22,"obtain_stats":[{"Singing Bowl":11,"PreservedInsect":7,"Ring of the Snake":0},{"Singing Bowl":6,"PreservedInsect":5,"Ring of the Snake":0},{"Singing Bowl":33,"PreservedInsect":27,"Ring of the Snake":0}],"Ring of the Snake":[16]},"card_choices":[{"not_picked":["PiercingWail","Calculated Gamble"],"picked":"Blade Dance","floor":1.0},{"not_picked":["Underhanded Strike","Outmaneuver"],"picked":"Cloak And Dagger","floor":2.0},{"not_picked":["Escape Plan","Backstab"],"picked":"After Image","floor":4.0},{"not_picked":["Prepared","Noxious Fumes"],"picked":"Blur","floor":5.0},{"not_picked":["Deadly Poison","Blur"],"picked":"Deflect","floor":7.0},{"not_picked":["Flying Knee","Poisoned Stab"],"picked":"PiercingWail","floor":11},{"not_picked":["Heel Hook","Catalyst"],"picked":"Leg Sweep","floor":13}],"player_experience":744450,"relics_obtained":[{"floor":7.0,"key":"PreservedInsect"},{"floor":11,"key":"Singing Bowl"}],"event_choices":[{"cards_removed":["Strike_G"],"damage_healed":0.0,"max_hp_gain":0.0,"max_hp_loss":0.0,"gold_gain":0.0,"event_name":"The Cleric","player_choice":"Card Removal","floor":3.0,"gold_loss":75.0,"damage_taken":0.0},{"damage_healed":0,"gold_gain":0,"player_choice":"Ignored","damage_taken":0,"max_hp_gain":0,"max_hp_loss":0,"event_name":"Liars Game","floor":14,"gold_loss":0}],"is_beta":false,"boss_relics":[],"items_purged_floors":[],"is_endless":false,"potions_floor_spawned":[2,4,13],"killed_by":"The Guardian","ascension_level":20}}