{"host":"gk9qdtkqd8dwfeg2","time":1613738136,"event":{"mods":["ATMod(∞¢Ë™Mod)","Act Like it!","Aspiration","BaseMod","Colored Powertips","Gensokyo","Minty Spire (QoL Compilation)","Quick Restart","Reimu£®≤©¿ˆ¡È√Œ£©","Remilia£®¿Ÿ√◊¿Ú—«£©","Shop Mod","StSLib","TestMod","The Servant 0.9.4","Waifu the Spire","Youmu£®ªÍ∆«—˝√Œ£©"],"gold_per_floor":[112,112,128,146,56,56,56,70,70,70,70,103,103,130,130,204,204,224,196,210,101,120,347,347,381,427,470,492,524,562,586,598,610,622,654,684,636,665,197,197,32,164,216,216,216,216,44,5,5,105,330,330,330,135,160,160],"floor_reached":57,"language":"ZHS","playtime":1700,"items_purged":[],"score":3227,"play_id":"86177aa5-7ae7-461b-a3b5-a8a0c26594c0","local_time":"20210219203536","is_ascension_mode":true,"campfire_choices":[{"data":"Eruption","floor":6.0,"key":"SMITH"},{"data":"Adaptation","floor":10.0,"key":"SMITH"},{"data":"AT_IrregularMenstruation","floor":13.0,"key":"SMITH"},{"data":"AT_OneInchPunch","floor":15.0,"key":"SMITH"},{"data":"AT_MachinaRedman","floor":24.0,"key":"SMITH"},{"floor":32.0,"key":"RECALL"},{"data":"AT_ChampionStep","floor":40,"key":"SMITH"},{"data":"AT_ChampionKick","floor":44,"key":"SMITH"},{"data":"Fasting2","floor":49,"key":"SMITH"},{"data":"AT_IrregularMenstruation","floor":53,"key":"SMITH"}],"circlet_count":0,"master_deck":["AscendersBane","Eruption+1","Vigilance","AT_IrregularMenstruation+1","Adaptation+1","AT_ChampionStep+1","TalkToTheHand","AT_MachinaRedman+1","Tantrum+1","Adaptation","BattleHymn","AT_IrregularMenstruation+1","Fasting2+1","CurseOfTheBell","InnerPeace","Gensokyo:CustomPotion","LessonLearned","Wish+1","AT_ChampionKick+1","Gensokyo:MedicineKit"],"relics":["PureWater","testmod-TestBox","AT_ATBox","NeowsBlessing","Gensokyo:Justice","Bottled Flame","Yang","testmod-Recursion","MerchantsRug","Eternal Feather","aspiration:Lifesprig","MawBank","Vajra","aspiration:StickyExplosives","Calling Bell","Toy Ornithopter","Lantern","Sling","Orrery","Bag of Preparation","Mastiff:ReiMu","Bag of Marbles","AT_SunfireAegis","HornCleat","testmod-EqualTreatment"],"acts_visited":["Exordium","Gensokyo:Gensokyo","Gensokyo:Gensokyoer","TheEnding"],"potions_floor_usage":[56,56],"damage_taken":[{"damage":0.0,"enemies":"Gensokyo:Gryphon","floor":1.0,"turns":1.0},{"damage":0.0,"enemies":"Gensokyo:2_Kodama","floor":3.0,"turns":1.0},{"damage":2.0,"enemies":"Gensokyo:3_Fairies","floor":4.0,"turns":2.0},{"damage":3.0,"enemies":"Gensokyo:3_Kodama","floor":8.0,"turns":3.0},{"damage":0.0,"enemies":"Gensokyo:Cirno","floor":12.0,"turns":4.0},{"damage":6.0,"enemies":"Gensokyo:Aya","floor":14.0,"turns":3.0},{"damage":38.0,"enemies":"Gensokyo:Kokoro","floor":16.0,"turns":4.0},{"damage":0.0,"enemies":"Gensokyo:2_Gloops","floor":18.0,"turns":1.0},{"damage":0.0,"enemies":"Gensokyo:Chomper","floor":20.0,"turns":1.0},{"damage":0.0,"enemies":"Gensokyo:Slime_Group","floor":22.0,"turns":1.0},{"damage":8.0,"enemies":"Gensokyo:Reisen","floor":23.0,"turns":2.0},{"damage":0.0,"enemies":"Gensokyo:Tenshi","floor":25.0,"turns":1.0},{"damage":0.0,"enemies":"Gensokyo:Reisen","floor":27.0,"turns":2.0},{"damage":0.0,"enemies":"Gensokyo:Wraith","floor":28.0,"turns":3.0},{"damage":0.0,"enemies":"Gensokyo:Chomper_and_Gloop","floor":29.0,"turns":2.0},{"damage":0.0,"enemies":"Gensokyo:Koishi","floor":30.0,"turns":1.0},{"damage":0.0,"enemies":"Gensokyo:Slime_Group","floor":31.0,"turns":1.0},{"damage":0.0,"enemies":"Gensokyo:Eternal_Rivals","floor":33.0,"turns":2.0},{"damage":0,"enemies":"Gensokyo:AncientGuardian","floor":35,"turns":1},{"damage":0,"enemies":"Gensokyo:3_Boulders","floor":36,"turns":1},{"damage":0,"enemies":"Gensokyo:Rafflesia","floor":38,"turns":1},{"damage":0,"enemies":"Gensokyo:Kasen","floor":42,"turns":1},{"damage":0,"enemies":"Gensokyo:Scarlet_Devils","floor":50,"turns":1},{"damage":26,"enemies":"Gensokyo:Shinki","floor":51,"turns":4},{"damage":0,"enemies":"Shield and Spear","floor":55,"turns":2},{"damage":24,"enemies":"The Heart","floor":56,"turns":4}],"seed_played":"-6943995797042682179","potions_obtained":[{"floor":1.0,"key":"BlessingOfTheForge"},{"floor":3.0,"key":"GamblersBrew"},{"floor":18.0,"key":"Ambrosia"},{"floor":29.0,"key":"AttackPotion"}],"is_trial":false,"path_per_floor":["M","?","M","M","$","R","?","M","T","R","?","E","R","E","R","B",null,"M","COS","M","$","M","E","R","E","T","E","M","M","E","M","R","B",null,"M","M","?","M","$","R","$","E","T","R","?","?","$","COS","R","B","B",null,"R","$","E","B",null],"character_chosen":"WATCHER","items_purchased":["TalkToTheHand","MerchantsRug","BattleHymn","Lantern","Sling","LessonLearned","Orrery","Bag of Marbles","HornCleat"],"campfire_rested":0,"item_purchase_floors":[5,21,21,39,39,39,41,47,54],"current_hp_per_floor":[61,61,61,59,59,59,59,56,56,56,59,59,59,53,53,15,55,55,55,55,55,55,47,53,53,53,53,53,53,53,53,59,59,76,76,76,76,76,76,78,78,78,78,78,78,78,78,78,78,78,52,72,78,78,78,72],"gold":160,"neow_bonus":"THREE_ENEMY_KILL","is_daily":false,"chose_seed":false,"campfire_upgraded":9,"win_rate":0.0,"timestamp":1613738136,"path_taken":["M","?","M","?","$","R","?","M","T","R","?","E","R","E","R","BOSS","M","COS","M","$","M","E","R","E","T","E","M","M","E","?","R","BOSS","M","M","?","M","$","R","?","E","T","R","?","?","?","COS","R","BOSS","BOSS","R","$","E","BOSS"],"items_purchased_type":["Card","Relic","Card","Relic","Relic","Card","Relic","Relic","Relic"],"build_version":"2020-12-22","purchased_purges":0,"victory":true,"max_hp_per_floor":[68,68,68,68,68,68,68,68,68,68,68,68,68,68,68,68,68,68,68,68,68,68,68,68,68,68,68,68,68,68,68,68,68,78,78,78,78,78,78,78,78,78,78,78,78,78,78,78,78,78,78,78,78,78,78,78],"card_choices":[{"not_picked":["JustLucky","Crescendo"],"picked":"WheelKick","floor":1.0},{"not_picked":["Worship","Weave"],"picked":"Adaptation","floor":3.0},{"not_picked":["EmptyBody","Prostrate"],"picked":"AT_ChampionStep","floor":4.0},{"not_picked":["EmptyBody","Weave"],"picked":"CutThroughFate","floor":8.0},{"not_picked":["Study","JustLucky"],"picked":"Collect","floor":12.0},{"not_picked":["Alpha","Evaluate","AT_OneInchPunch"],"picked":"SKIP","floor":14.0},{"not_picked":["Alpha","Evaluate"],"picked":"AT_OneInchPunch","floor":14.0},{"not_picked":["Wish","ConjureBlade"],"picked":"AT_MachinaRedman","floor":16.0},{"not_picked":["Protect","Worship"],"picked":"Tantrum+1","floor":18.0},{"not_picked":["PathToVictory","Crescendo"],"picked":"Adaptation","floor":20.0},{"not_picked":["Protect","Evaluate","Conclude+1"],"picked":"SKIP","floor":22.0},{"not_picked":["Adaptation","Evaluate+1"],"picked":"AT_IrregularMenstruation","floor":23.0},{"not_picked":["Conclude","Alpha","Protect"],"picked":"SKIP","floor":25.0},{"not_picked":["EmptyBody","EmptyFist"],"picked":"Fasting2","floor":27.0},{"not_picked":["PathToVictory","EmptyBody","WindmillStrike"],"picked":"SKIP","floor":28.0},{"not_picked":["Scrawl","EmptyFist","PathToVictory"],"picked":"SKIP","floor":29.0},{"not_picked":["Adaptation","Wallop","Scrawl"],"picked":"SKIP","floor":30.0},{"not_picked":["WheelKick","SashWhip","FlyingSleeves"],"picked":"SKIP","floor":31.0},{"not_picked":["EmptyBody+1","PathToVictory+1"],"picked":"InnerPeace","floor":35},{"not_picked":["Fasting2","SashWhip","Weave"],"picked":"SKIP","floor":36},{"not_picked":["ThirdEye","EmptyBody","EmptyFist"],"picked":"SKIP","floor":38},{"not_picked":["SashWhip","Prostrate"],"picked":"Wish","floor":41},{"not_picked":["JustLucky","AT_RealFormLess"],"picked":"AT_ChampionKick","floor":42},{"not_picked":["WaveOfTheHand","SashWhip","PathToVictory"],"picked":"SKIP","floor":55}],"player_experience":788296,"relics_obtained":[{"floor":12.0,"key":"Bottled Flame"},{"floor":14.0,"key":"Yang"},{"floor":23.0,"key":"Eternal Feather"},{"floor":25.0,"key":"aspiration:Lifesprig"},{"floor":26.0,"key":"MawBank"},{"floor":27.0,"key":"Vajra"},{"floor":30.0,"key":"aspiration:StickyExplosives"},{"floor":34,"key":"Toy Ornithopter"},{"floor":34,"key":"Pear"},{"floor":34,"key":"AT_TheCollector"},{"floor":42,"key":"Bag of Preparation"},{"floor":43,"key":"Mastiff:ReiMu"},{"floor":55,"key":"testmod-EqualTreatment"}],"event_choices":[],"is_beta":false,"boss_relics":[{"not_picked":["testmod-CardMagician","Pandora\u0027s Box"],"picked":"testmod-Recursion"},{"not_picked":["aspiration:FutureDiary","testmod-StringDisintegrator"],"picked":"Calling Bell"}],"items_purged_floors":[],"is_endless":false,"potions_floor_spawned":[1,3,8,16,18,20,27,29,35,38],"ascension_level":20}}