{"host":"qg654vxoo1kzp6cj","time":1613711270,"event":{"mods":["100% Spire Juice","2.2 Compatiblity","Act Like it!","Aspiration","BaseMod","Better Altar","Better Skull","Better Third Choice","Better Vampires","Bossed Relics","Displayed Cursed Tome","Downfall","Elementarium","Gensokyo","GifTheSpireLib","Hallownest","HololiveMod","Hubris","Ironclad Rager","Menagerie","Minty Spire (QoL Compilation)","MostiFishMod","Pale of the Ancients","Reliquary","Replay The Spire","Ruina","Shapeshifter Mod","Spicy Shops","StSLib","Stuff the Spire","The Animator","The Bug Knight","The Runesmith","The Senshi","The Servant 0.9.4","TheHero","Wandering Minibosses","WarShipGirlsR/????R mod"],"gold_per_floor":[117,88,104,119,132,162,162,162,162],"floor_reached":8,"language":"ENG","playtime":417,"items_purged":[],"score":85,"play_id":"d8b7080f-3b46-45d6-aa96-780f3e7bcbbe","local_time":"20210219000750","is_ascension_mode":true,"campfire_choices":[],"circlet_count":0,"master_deck":["Moonworks:Strike","Moonworks:Strike","Moonworks:Strike","Moonworks:Strike","Moonworks:Defend","Moonworks:Defend","Moonworks:Defend","Moonworks:Defend","Moonworks:Ambush","Moonworks:LongDistanceShot","Moonworks:JonathanRush","Moonworks:CloudOfSeagulls","Moonworks:EvilSpyWorkPreparation","Moonworks:BigMagnum","Moonworks:CompletionReward","Moonworks:AwakeningOfTalent"],"relics":["Moonworks:BrokenBomb","Moonworks:Homemark","DaveBox","DianDianMeat","SynthV:TestCard","Shuriken"],"acts_visited":["Exordium"],"potions_floor_usage":[6,8,8],"damage_taken":[{"damage":3,"enemies":"Gensokyo:2_Kodama","floor":1,"turns":3},{"damage":8,"enemies":"Gensokyo:Python","floor":3,"turns":3},{"damage":13,"enemies":"Gensokyo:Gryphon","floor":4,"turns":3},{"damage":5,"enemies":"Gensokyo:Kitsune","floor":5,"turns":2},{"damage":16,"enemies":"Gensokyo:Cirno","floor":6,"turns":6},{"damage":22,"enemies":"Gensokyo:Mamizou","floor":8,"turns":4}],"seed_played":"-2325860025214325090","potions_obtained":[{"floor":3,"key":"PowerPotion"},{"floor":4,"key":"Venom Potion"},{"floor":5,"key":"Swift Potion"}],"is_trial":false,"path_per_floor":["M","?","M","M","M","E","?","E"],"character_chosen":"THE_STARBREAKER","items_purchased":[],"campfire_rested":0,"item_purchase_floors":[],"current_hp_per_floor":[60,35,30,21,21,11,19,0,0],"gold":162,"neow_bonus":"THREE_CARDS","is_daily":false,"chose_seed":false,"campfire_upgraded":0,"win_rate":0.0,"timestamp":1613711270,"path_taken":["M","?","?","M","M","E","?","E"],"items_purchased_type":[],"build_version":"2020-12-22","purchased_purges":0,"victory":false,"max_hp_per_floor":[63,63,66,70,75,81,89,89,89],"card_choices":[{"not_picked":["Moonworks:EvilSpyWorkPreparation","Moonworks:ImOnFire"],"picked":"Moonworks:JonathanRush","floor":0},{"not_picked":["Moonworks:DeployBits","Moonworks:Dinner"],"picked":"Moonworks:CloudOfSeagulls","floor":1},{"not_picked":["Moonworks:DeployBits","Moonworks:NicePresent","Moonworks:LulusLuckyEgg","Moonworks:ForcedRevival"],"picked":"Moonworks:EvilSpyWorkPreparation","floor":3},{"not_picked":["Moonworks:NicePresent","Moonworks:WindyEnchantment","Moonworks:CrystalBarrier","Moonworks:ImOnFire"],"picked":"Moonworks:BigMagnum","floor":4},{"not_picked":["Moonworks:LulusLuckyEgg","Moonworks:CloudOfSeagulls","Moonworks:DeployBits","Moonworks:SweetBattle"],"picked":"Moonworks:CompletionReward","floor":5},{"not_picked":["Moonworks:BigMagnum","Moonworks:IndiscriminateFireSupport","Moonworks:Flamethrower","Moonworks:ScrambledEve"],"picked":"Moonworks:AwakeningOfTalent","floor":6}],"player_experience":856347,"relics_obtained":[{"floor":1,"key":"SynthV:TestCard"},{"floor":6,"key":"Shuriken"}],"event_choices":[{"damage_healed":0,"gold_gain":331,"player_choice":"GO GO GO ","damage_taken":28,"relics_obtained":[],"max_hp_gain":0,"max_hp_loss":0,"event_name":"betterSkull:BetterSkull","floor":2,"gold_loss":0,"cards_upgraded":[]}],"is_beta":false,"boss_relics":[],"items_purged_floors":[],"is_endless":false,"potions_floor_spawned":[3,4,5],"killed_by":"Gensokyo:Mamizou","ascension_level":1}}