{"host":"08xvxt5w1s7zc7e5","time":1613733721,"event":{"mods":["AchievementEnabler","Act Like it!","BaseMod","DeckTracker","Minty Spire (QoL Compilation)","Quick Restart","Ruina","StSLib","SuperFastMode"],"gold_per_floor":[117,94,107,124,137,170,182,182,182,182,196,224,224,76,76,172,172,190,190,200,150,163,163,195,212,212,36,68,44,44,44,44,145,145,157,177,80,91,91,119,119,130,130,130,145,145,196,207,207,207],"floor_reached":51,"language":"KOR","playtime":1454,"items_purged":[],"score":827,"play_id":"447f07d2-a1d2-40ee-ae8d-4332a76e7af8","local_time":"20210219202201","is_ascension_mode":false,"campfire_choices":[{"data":"Phantasmal Killer","floor":8.0,"key":"SMITH"},{"data":"Finisher","floor":10.0,"key":"SMITH"},{"data":"Predator","floor":15.0,"key":"SMITH"},{"data":"Adrenaline","floor":23.0,"key":"SMITH"},{"data":"ruina:HomingInstinct","floor":30.0,"key":"SMITH"},{"data":"Tactician","floor":32.0,"key":"SMITH"},{"data":"Burst","floor":41.0,"key":"SMITH"},{"floor":49,"key":"REST"}],"circlet_count":0,"master_deck":["Strike_G","Strike_G","Defend_G","Defend_G","Defend_G","Survivor","Neutralize+1","Phantasmal Killer+1","PiercingWail","Quick Slash","PiercingWail","Dash+1","Finisher+1","Predator+1","Choke","Finisher+1","Adrenaline+1","Tactician+1","Blade Dance+1","Backflip","Cloak And Dagger","ruina:HomingInstinct+1","Predator","Acrobatics","Burst+1","Adrenaline+1","Masterful Stab+1","Leg Sweep+1","Cloak And Dagger+1","Terror+1","Expertise+1","Secret Weapon","Calculated Gamble+1","Blade Dance+1","Crippling Poison+1","PiercingWail"],"relics":["Ring of the Snake","Whetstone","Letter Opener","Pen Nib","DollysMirror","Philosopher\u0027s Stone","Question Card","Matryoshka","Bottled Tornado","ruina:PrescriptsGrace","Astrolabe","Smiling Mask","Regal Pillow","Du-Vu Doll"],"acts_visited":["Exordium","Exordium","TheBeyond"],"potions_floor_usage":[50,50],"damage_taken":[{"damage":3.0,"enemies":"Jaw Worm","floor":1.0,"turns":4.0},{"damage":2.0,"enemies":"2 Louse","floor":3.0,"turns":3.0},{"damage":1.0,"enemies":"Cultist","floor":4.0,"turns":3.0},{"damage":4.0,"enemies":"Blue Slaver","floor":5.0,"turns":3.0},{"damage":27.0,"enemies":"Gremlin Nob","floor":6.0,"turns":4.0},{"damage":5.0,"enemies":"2 Fungi Beasts","floor":7.0,"turns":5.0},{"damage":2.0,"enemies":"Looter","floor":11.0,"turns":2.0},{"damage":7.0,"enemies":"Lagavulin","floor":12.0,"turns":5.0},{"damage":9.0,"enemies":"Slime Boss","floor":16.0,"turns":11.0},{"damage":12.0,"enemies":"ruina:3_Bats","floor":18.0,"turns":4.0},{"damage":6.0,"enemies":"ruina:Nosferatu","floor":20.0,"turns":2.0},{"damage":8.0,"enemies":"ruina:3_Scarecrows","floor":22.0,"turns":3.0},{"damage":0.0,"enemies":"ruina:RoadHome","floor":24.0,"turns":1.0},{"damage":0.0,"enemies":"ruina:QueenOfHate","floor":25.0,"turns":2.0},{"damage":0.0,"enemies":"ruina:ServantOfWrath","floor":28.0,"turns":3.0},{"damage":31.0,"enemies":"ruina:Red_and_Wolf","floor":33.0,"turns":7.0},{"damage":0.0,"enemies":"3 Darklings","floor":35.0,"turns":3.0},{"damage":0.0,"enemies":"3 Shapes","floor":36.0,"turns":2.0},{"damage":9.0,"enemies":"Transient","floor":38.0,"turns":5.0},{"damage":0.0,"enemies":"Giant Head","floor":40.0,"turns":4.0},{"damage":0.0,"enemies":"Jaw Worm Horde","floor":42.0,"turns":2.0},{"damage":9.0,"enemies":"Sphere and 2 Shapes","floor":45.0,"turns":3.0},{"damage":27.0,"enemies":"2 Orb Walkers","floor":47.0,"turns":4.0},{"damage":4,"enemies":"3 Darklings","floor":48,"turns":4},{"damage":49,"enemies":"Awakened One","floor":50,"turns":7}],"seed_played":"-3971101103242032217","potions_obtained":[{"floor":1.0,"key":"DuplicationPotion"},{"floor":4.0,"key":"DistilledChaos"},{"floor":7.0,"key":"Block Potion"},{"floor":11.0,"key":"CunningPotion"},{"floor":12.0,"key":"Dexterity Potion"},{"floor":20.0,"key":"FearPotion"},{"floor":21.0,"key":"Fire Potion"},{"floor":22.0,"key":"Poison Potion"},{"floor":33.0,"key":"DistilledChaos"},{"floor":40.0,"key":"CultistPotion"}],"is_trial":false,"path_per_floor":["M","$","M","M","M","E","M","R","T","R","M","E","?","$","R","B",null,"M","?","M","?","M","R","E","M","T","$","E","$","R","?","R","B",null,"M","M","$","M","?","E","R","M","T","?","M","?","?","M","R","B",null],"character_chosen":"THE_SILENT","items_purchased":["Quick Slash","DollysMirror","ruina:HomingInstinct","Acrobatics","GhostInAJar"],"campfire_rested":1,"item_purchase_floors":[2,14,27,29,37],"current_hp_per_floor":[67,67,65,64,60,33,28,28,28,28,26,19,19,19,19,10,70,58,70,64,64,56,56,56,56,56,56,56,56,56,56,56,25,70,70,70,70,61,61,61,61,61,61,61,52,52,25,21,55,6],"gold":207,"neow_bonus":"ONE_RANDOM_RARE_CARD","is_daily":false,"chose_seed":false,"campfire_upgraded":7,"win_rate":0.0,"timestamp":1613733721,"path_taken":["M","$","M","M","M","E","M","R","T","R","M","E","?","$","R","BOSS","M","?","M","?","M","R","E","M","T","$","E","$","R","?","R","BOSS","M","M","$","M","?","E","R","M","T","?","M","?","?","M","R","BOSS"],"items_purchased_type":["Card","Relic","Card","Card","Potion"],"build_version":"2020-12-22","purchased_purges":0,"victory":true,"max_hp_per_floor":[70,70,70,70,70,70,70,70,70,70,70,70,70,70,70,70,70,70,70,70,70,70,70,70,70,70,70,70,70,70,70,70,70,70,70,70,70,70,70,70,70,70,70,70,70,66,66,66,66,66],"card_choices":[{"not_picked":["Predator","Dodge and Roll"],"picked":"PiercingWail","floor":1.0},{"not_picked":["Choke","Underhanded Strike","All Out Attack"],"picked":"SKIP","floor":3.0},{"not_picked":["Quick Slash","Dodge and Roll"],"picked":"PiercingWail","floor":4.0},{"not_picked":["Outmaneuver","A Thousand Cuts"],"picked":"Dash","floor":5.0},{"not_picked":["Dagger Throw","Choke"],"picked":"Finisher","floor":6.0},{"not_picked":["Bane","Concentrate"],"picked":"Predator","floor":7.0},{"not_picked":["Sucker Punch","Eviscerate","Prepared"],"picked":"SKIP","floor":11.0},{"not_picked":["Envenom","Dodge and Roll","Flying Knee"],"picked":"SKIP","floor":12.0},{"not_picked":["Night Terror","Corpse Explosion"],"picked":"Adrenaline","floor":16.0},{"not_picked":["Deflect+1","Reflex"],"picked":"Tactician","floor":18.0},{"not_picked":["Dodge and Roll","Accuracy"],"picked":"Blade Dance+1","floor":20.0},{"not_picked":["Accuracy","Slice","Caltrops"],"picked":"SKIP","floor":22.0},{"not_picked":["Heel Hook+1","Infinite Blades"],"picked":"Backflip","floor":24.0},{"not_picked":["Backflip","Dagger Spray","Blade Dance"],"picked":"Cloak And Dagger","floor":25.0},{"not_picked":["Deflect","Dagger Spray","Cloak And Dagger"],"picked":"Predator","floor":28.0},{"not_picked":["Malaise","After Image","Tools of the Trade"],"picked":"Burst","floor":33.0},{"not_picked":["PiercingWail","Backflip","Flechettes+1"],"picked":"Cloak And Dagger+1","floor":35.0},{"not_picked":["Catalyst+1","Underhanded Strike","Acrobatics"],"picked":"Terror+1","floor":36.0},{"not_picked":["PiercingWail+1","Acrobatics","Setup"],"picked":"Expertise+1","floor":38.0},{"not_picked":["Trip","Purity","Bandage Up"],"picked":"Secret Weapon","floor":39.0},{"not_picked":["Well Laid Plans+1","Choke+1","Bouncing Flask"],"picked":"Calculated Gamble+1","floor":40.0},{"not_picked":["Bane","Deadly Poison+1","Slice+1"],"picked":"Blade Dance+1","floor":42.0},{"not_picked":["Catalyst","Dagger Spray+1","Eviscerate+1"],"picked":"Crippling Poison+1","floor":45.0},{"not_picked":["Deadly Poison","Die Die Die","Dodge and Roll"],"picked":"PiercingWail","floor":48}],"player_experience":390084,"relics_obtained":[{"floor":6.0,"key":"Whetstone"},{"floor":9.0,"key":"Letter Opener"},{"floor":12.0,"key":"Pen Nib"},{"floor":24.0,"key":"Question Card"},{"floor":26.0,"key":"Matryoshka"},{"floor":28.0,"key":"Bottled Tornado"},{"floor":40.0,"key":"Smiling Mask"},{"floor":43.0,"key":"Regal Pillow"},{"floor":47.0,"key":"Du-Vu Doll"}],"event_choices":[{"damage_healed":0.0,"max_hp_gain":0.0,"max_hp_loss":0.0,"gold_gain":0.0,"cards_transformed":["Strike_G"],"event_name":"Living Wall","player_choice":"Change","floor":13.0,"gold_loss":0.0,"damage_taken":0.0,"cards_obtained":["Choke"]},{"damage_healed":0.0,"max_hp_gain":0.0,"max_hp_loss":0.0,"gold_gain":0.0,"event_name":"SensoryStone","player_choice":"Memory 1","floor":39.0,"gold_loss":0.0,"damage_taken":0.0},{"cards_removed":["Strike_G"],"damage_healed":0.0,"max_hp_gain":0.0,"max_hp_loss":0.0,"gold_gain":0.0,"event_name":"Falling","player_choice":"Removed Attack","floor":44.0,"gold_loss":0.0,"damage_taken":0.0},{"damage_healed":0.0,"max_hp_gain":0.0,"max_hp_loss":4.0,"gold_gain":0.0,"event_name":"Winding Halls","player_choice":"Max HP","floor":46.0,"gold_loss":0.0,"damage_taken":0.0},{"damage_healed":0.0,"max_hp_gain":0.0,"max_hp_loss":0.0,"gold_gain":0.0,"event_name":"Mysterious Sphere","player_choice":"Fight","floor":47.0,"gold_loss":0.0,"damage_taken":0.0}],"is_beta":false,"boss_relics":[{"not_picked":["Fusion Hammer","Runic Dome"],"picked":"Philosopher\u0027s Stone"},{"not_picked":["Black Star","Calling Bell"],"picked":"Astrolabe"}],"items_purged_floors":[],"is_endless":false,"potions_floor_spawned":[1,4,7,11,12,20,22,33,38,40,47],"ascension_level":0}}