{"host":"etdvqcaukayomjhd","time":1613753026,"event":{"mods":["AchievementEnabler","Act Like it!","BaseMod","BetterRewards","Colored Powertips","Hermit","Infinite Spire","Minty Spire (QoL Compilation)","Quick Restart","Replay The Spire","Spicy Shops","StSLib","The Animator","Waifu the Spire"],"gold_per_floor":[114,114,114,124,139,139,152,180,180,215,215,235,260,290,290,389,389,404,10,109,123,152,184,184,196,196,221,221,239,239,268,268,370,370,380,380,395,410,510,541,541,570,594,622,622,622,844,878,928,1031,1031,1034,1109,1109,809,811,837,837,846,898,920,922,922,922,939,939,1044,1044,1054,404,404,402,411,411,426,426,453,455,457,459,474,474,474,585,585,589,585,593,595,595,614,622,273,273,273,293,301,316,352,352,468,468,486,488,488,502,502,538,538,563,563,580,580,450,462,63,63,186,186,197,216,224,224,241,567,567,608,608,616,635,177,182,132,132,261,261,271,181,193,193,206,206,236,303,342,629,641,686,716,753,765,854,866,878,372,398,523],"floor_reached":158,"language":"ENG","playtime":6425,"items_purged":["Replay:Hysterical Blindness","Strike_G+1","Strike_G+1","Pain","Regret","Survivor+1","Neutralize+1"],"score":5739,"play_id":"4623c26e-bf13-4c20-8f95-65caec001677","local_time":"20210219174346","is_ascension_mode":true,"campfire_choices":[{"data":"Blade Dance","floor":6.0,"key":"SMITH"},{"data":"Adrenaline","floor":15.0,"key":"SMITH"},{"floor":24.0,"key":"RECALL"},{"data":"Blade Dance","floor":30.0,"key":"SMITH"},{"floor":32.0,"key":"DIG"},{"floor":41.0,"key":"REST"},{"data":"Neutralize","floor":45.0,"key":"SMITH"},{"data":"Cloak And Dagger","floor":45.0,"key":"SMITH"},{"data":"Survivor","floor":58.0,"key":"SMITH"},{"data":"Hidden Blade","floor":58.0,"key":"SMITH"},{"data":"Strike_G","floor":63.0,"key":"SMITH"},{"data":"Strike_G","floor":63.0,"key":"SMITH"},{"data":"Defend_G","floor":66.0,"key":"SMITH"},{"data":"Defend_G","floor":66.0,"key":"SMITH"},{"data":"infinitespire:FutureSight","floor":74.0,"key":"SMITH"},{"data":"Defend_G","floor":74.0,"key":"SMITH"},{"floor":76.0,"key":"REST"},{"floor":83.0,"key":"REST"},{"data":"Defend_G+1","floor":95.0,"key":"SMITH"},{"data":"Defend_G+1","floor":95.0,"key":"SMITH"},{"data":"Defend_G+2","floor":100.0,"key":"SMITH"},{"data":"Defend_G+2","floor":100.0,"key":"SMITH"},{"data":"Defend_G+4","floor":109.0,"key":"SMITH"},{"data":"Defend_G+3","floor":109.0,"key":"SMITH"},{"data":"Defend_G+5","floor":113.0,"key":"SMITH"},{"data":"Defend_G+4","floor":113.0,"key":"SMITH"},{"data":"Defend_G+5","floor":117.0,"key":"SMITH"},{"data":"Defend_G+6","floor":117.0,"key":"SMITH"},{"data":"Defend_G+6","floor":126.0,"key":"SMITH"},{"data":"Defend_G+7","floor":126.0,"key":"SMITH"},{"data":"Defend_G+8","floor":134.0,"key":"SMITH"},{"data":"Defend_G+9","floor":134.0,"key":"SMITH"},{"data":"Defend_G+1","floor":142,"key":"SMITH"},{"data":"Defend_G+2","floor":142,"key":"SMITH"},{"data":"Regret","floor":147,"key":"PURGE"},{"data":"Defend_G+2","floor":151,"key":"SMITH"},{"data":"Defend_G+3","floor":151,"key":"SMITH"},{"data":"animator:Curse_Nutcracker","floor":154,"key":"PURGE"}],"circlet_count":0,"master_deck":["Defend_G+3","Defend_G+4","Blade Dance+1","Blade Dance+1","Accuracy+1","Blade Dance+1","Accuracy+1","Prepared+1","Adrenaline+1","Accuracy+1","Blade Dance+1","Storm of Steel+1","Cloak And Dagger+1","Cloak And Dagger+1","Hidden Blade+1","Prepared+1","infinitespire:Execution+1","Accuracy+1","Accuracy+1","infinitespire:FutureSight+1","Prepared+1","After Image+1","Blade Dance+1","infinitespire:NeuralNetwork+1","Burst+1","Accuracy+1","Envenom+1","Accuracy+1","Footwork+1","animator:Curse_Dizziness","Accuracy+1","Accuracy+1","Envenom+1"],"relics":["Ring of the Serpent","Strawberry","Frozen Egg 2","Bag of Marbles","Medical Kit","Incense Burner","TwistedFunnel","Lee\u0027s Waffle","DollysMirror","Ring of Fury","Ring of Peace","Matryoshka","HornCleat","Golden Egg","Iron Hammer","Ancient Tea Set","Kunai","MealTicket","Philosopher\u0027s Stone","infinitespire:Joker Card","Red Mask","Bag of Preparation","Whetstone","infinitespire:CheckeredPen","Divine Protection","infinitespire:WardingShard","Replay:Wax Seal","Lantern","Replay:Drink Me","Pondfish Scales","Replay:Arrowhead","Centennial Puzzle","Basket Of Snakes","infinitespire:Lucky Rock","Sozu","ReplayTheSpireMod:CursedCoin","Vampiric Spirits","infinitespire:Midas Blood","Toy Ornithopter","Smiling Mask","Replay:Bottled Eggs","Golden Idol","WarpedTongs","Quantum Egg","Happy Flower","ClockworkSouvenir","FaceOfCleric","Durian","Akabeko","Gremlin Food","Empty Cage","Simple Rune","Replay:Bandana","HandDrill","Replay:Bottled Steam","Prayer Wheel","WristBlade","Garlic","Pen Nib","Art of War","infinitespire:ShieldingShard","infinitespire:Broken Mirror","StoneCalendar","HoveringKite","Old Coin","Mango","Shuriken","Nilry\u0027s Codex","infinitespire:BottledMercury","War Paint","Replay:Ancient Bell","infinitespire:Beetle Shell","infinitespire:FocusingShard","BranchBurnRelic","MawBank","Peace Pipe","Dream Catcher","CaptainsWheel","Black Star","Membership Card","Replay:Kaleidoscope","ReplayFunnel","infinitespire:Satchel","Sundial","Blue Doll","Pantograph"],"acts_visited":["Exordium","TheCity","TheBeyond","Exordium","TheCity","TheBeyond","Exordium","TheCity","TheBeyond","TheEnding"],"potions_floor_usage":[152,157,157],"damage_taken":[{"damage":0.0,"enemies":"Small Slimes","floor":1.0,"turns":1.0},{"damage":0.0,"enemies":"Jaw Worm","floor":4.0,"turns":1.0},{"damage":0.0,"enemies":"Cultist","floor":5.0,"turns":1.0},{"damage":0.0,"enemies":"Red Slaver","floor":7.0,"turns":1.0},{"damage":0.0,"enemies":"3 Sentries","floor":8.0,"turns":4.0},{"damage":0.0,"enemies":"Lagavulin","floor":10.0,"turns":3.0},{"damage":0.0,"enemies":"Gremlin Gang","floor":12.0,"turns":1.0},{"damage":0.0,"enemies":"Replay:BlueRogue","floor":13.0,"turns":1.0},{"damage":12.0,"enemies":"Hexaghost","floor":16.0,"turns":4.0},{"damage":0.0,"enemies":"Spheric Guardian","floor":18.0,"turns":1.0},{"damage":0.0,"enemies":"2 Thieves","floor":21.0,"turns":1.0},{"damage":0.0,"enemies":"Masked Bandits","floor":22.0,"turns":1.0},{"damage":0.0,"enemies":"Book of Stabbing","floor":23.0,"turns":2.0},{"damage":0.0,"enemies":"Centurion and Healer","floor":25.0,"turns":1.0},{"damage":2.0,"enemies":"Gremlin Leader","floor":27.0,"turns":2.0},{"damage":0.0,"enemies":"Sentry and Sphere","floor":29.0,"turns":1.0},{"damage":0.0,"enemies":"Nightmare","floor":31.0,"turns":1.0},{"damage":0.0,"enemies":"Automaton","floor":33.0,"turns":2.0},{"damage":0.0,"enemies":"3 Darklings","floor":35.0,"turns":1.0},{"damage":0.0,"enemies":"3 Shapes","floor":37.0,"turns":1.0},{"damage":0.0,"enemies":"Writhing Mass","floor":38.0,"turns":1.0},{"damage":0.0,"enemies":"infinitespire:Three Voidlings","floor":39.0,"turns":2.0},{"damage":47.0,"enemies":"Nightmare_Alpha","floor":39.0,"turns":12.0},{"damage":0.0,"enemies":"R_Hoarder","floor":40.0,"turns":4.0},{"damage":0.0,"enemies":"Reptomancer","floor":42.0,"turns":1.0},{"damage":0.0,"enemies":"Nemesis","floor":44.0,"turns":1.0},{"damage":0.0,"enemies":"R_Hoarder","floor":48.0,"turns":4.0},{"damage":0.0,"enemies":"Donu and Deca","floor":50.0,"turns":2.0},{"damage":0.0,"enemies":"Cultist","floor":52.0,"turns":1.0},{"damage":0.0,"enemies":"Jaw Worm","floor":56.0,"turns":1.0},{"damage":0.0,"enemies":"Gremlin Nob","floor":57.0,"turns":1.0},{"damage":0.0,"enemies":"Lagavulin","floor":59.0,"turns":1.0},{"damage":0.0,"enemies":"Gremlin Nob","floor":61.0,"turns":1.0},{"damage":0.0,"enemies":"Small Slimes","floor":65.0,"turns":1.0},{"damage":0.0,"enemies":"Hexaghost","floor":67.0,"turns":1.0},{"damage":0.0,"enemies":"Spheric Guardian","floor":69.0,"turns":1.0},{"damage":0.0,"enemies":"3 Byrds","floor":72.0,"turns":1.0},{"damage":0.0,"enemies":"Snake Plant","floor":73.0,"turns":1.0},{"damage":0.0,"enemies":"Gremlin Leader","floor":75.0,"turns":1.0},{"damage":0.0,"enemies":"Shelled Parasite and Fungi","floor":78.0,"turns":1.0},{"damage":0.0,"enemies":"Centurion and Healer","floor":79.0,"turns":1.0},{"damage":0.0,"enemies":"Chosen and Byrds","floor":80.0,"turns":1.0},{"damage":0.0,"enemies":"Slavers","floor":81.0,"turns":2.0},{"damage":0.0,"enemies":"Collector","floor":84.0,"turns":1.0},{"damage":0.0,"enemies":"Orb Walker","floor":86.0,"turns":1.0},{"damage":0.0,"enemies":"3 Darklings","floor":87.0,"turns":1.0},{"damage":0.0,"enemies":"Spire Growth","floor":88.0,"turns":1.0},{"damage":0.0,"enemies":"R_Hoarder","floor":91.0,"turns":2.0},{"damage":7.0,"enemies":"Maw","floor":92.0,"turns":1.0},{"damage":0.0,"enemies":"3 Darklings","floor":96.0,"turns":2.0},{"damage":0.0,"enemies":"Spire Growth","floor":97.0,"turns":1.0},{"damage":0.0,"enemies":"Transient","floor":98.0,"turns":2.0},{"damage":0.0,"enemies":"Nightmare","floor":99.0,"turns":1.0},{"damage":0.0,"enemies":"Awakened One","floor":101.0,"turns":3.0},{"damage":0.0,"enemies":"2 Louse","floor":103.0,"turns":1.0},{"damage":0.0,"enemies":"Small Slimes","floor":106.0,"turns":1.0},{"damage":0.0,"enemies":"Lagavulin","floor":108.0,"turns":1.0},{"damage":0.0,"enemies":"3 Sentries","floor":110.0,"turns":2.0},{"damage":0.0,"enemies":"Cultist","floor":112.0,"turns":1.0},{"damage":0.0,"enemies":"Looter","floor":115.0,"turns":1.0},{"damage":0.0,"enemies":"Slime Boss","floor":118.0,"turns":1.0},{"damage":0.0,"enemies":"2 Thieves","floor":120.0,"turns":1.0},{"damage":0.0,"enemies":"Shell Parasite","floor":121.0,"turns":1.0},{"damage":0.0,"enemies":"Snake Plant","floor":122.0,"turns":1.0},{"damage":0.0,"enemies":"Snecko","floor":124.0,"turns":1.0},{"damage":0.0,"enemies":"Book of Stabbing","floor":125.0,"turns":2.0},{"damage":0.0,"enemies":"Centurion and Healer","floor":130.0,"turns":1.0},{"damage":0.0,"enemies":"Sentry and Sphere","floor":132.0,"turns":2.0},{"damage":0.0,"enemies":"infinitespire:LordOfFortification","floor":135.0,"turns":1.0},{"damage":0,"enemies":"3 Shapes","floor":137,"turns":2},{"damage":0,"enemies":"Orb Walker","floor":139,"turns":1},{"damage":0,"enemies":"Sphere and 2 Shapes","floor":141,"turns":1},{"damage":0,"enemies":"R_Hoarder","floor":143,"turns":3},{"damage":0,"enemies":"Mind Bloom Boss Battle","floor":144,"turns":2},{"damage":0,"enemies":"Giant Head","floor":148,"turns":2},{"damage":0,"enemies":"Maw","floor":149,"turns":2},{"damage":0,"enemies":"3 Darklings","floor":150,"turns":2},{"damage":0,"enemies":"infinitespire:LordOfFortification","floor":152,"turns":5},{"damage":0,"enemies":"Shield and Spear","floor":156,"turns":3},{"damage":50,"enemies":"The Heart","floor":157,"turns":5}],"seed_played":"4470897448306585364","potions_obtained":[{"floor":1.0,"key":"Energy Potion"},{"floor":10.0,"key":"Toxic Potion"},{"floor":16.0,"key":"SteroidPotion"},{"floor":27.0,"key":"ColorlessPotion"},{"floor":37.0,"key":"Cursed Concoction"},{"floor":40.0,"key":"Adrenaline Potion"},{"floor":42.0,"key":"Dexterity Potion"}],"is_trial":false,"path_per_floor":["M","?","?","M","M","R","M","E","T","E","?","M","E","?","R","B",null,"M","$","?","M","?","E","R","M","T","E","?","M","R","NM","R","B",null,"M","?","M","M","?","E","R","E","T","E","R","?","?","E","R","B",null,"M","?","?","$","M","E","R","E","T","E","?","R","?","M","R","B",null,"M","$","?","M","M","R","E","R","T","M","M","M","E","AVR","R","B",null,"M","M","M","?","?","E","M","$","T","R","M","M","M","NM","R","B",null,"M","?","?","M","?","E","R","E","T","M","R","$","M","$","R","B",null,"M","M","M","AVR","M","E","R","?","T","?","M","$","M","$","R","B",null,"M","?","M","?","M","R","E","?","T","?","R","E","M","M","R","B",null,"R","$","E","B",null],"character_chosen":"THE_SILENT","items_purchased":["Strawberry","Frozen Egg 2","Blade Dance","Bag of Marbles","Medical Kit","Incense Burner","Blade Dance+1","TwistedFunnel","Accuracy+1","Lee\u0027s Waffle","Blade Dance","DollysMirror","infinitespire:Joker Card","Cloak And Dagger","ReplayTheSpireMod:CursedCoin","Accuracy+1","Vampiric Spirits","Quantum Egg","Happy Flower","ClockworkSouvenir","Replay:Bandana","HandDrill","infinitespire:Broken Mirror","StoneCalendar","Footwork+1","infinitespire:BottledMercury","War Paint","Membership Card","Replay:Kaleidoscope","ReplayFunnel","infinitespire:Satchel","Sundial"],"campfire_rested":3,"item_purchase_floors":[0,0,0,0,0,0,0,0,0,0,0,0,19,19,55,55,55,70,70,70,93,93,114,116,116,131,131,155,155,155,155,155],"current_hp_per_floor":[84,84,84,84,84,84,84,84,84,84,84,84,84,84,84,72,84,84,84,84,84,84,84,84,84,84,82,82,82,82,82,82,82,63,63,63,63,63,16,16,34,34,34,34,34,34,34,34,34,34,63,63,52,52,63,63,63,63,63,63,63,48,48,48,63,63,63,63,63,63,63,64,65,65,71,71,71,72,73,74,75,75,75,76,76,77,78,79,60,60,76,77,77,77,77,78,79,80,81,81,82,82,83,76,76,84,84,85,85,86,86,87,87,87,88,88,88,89,89,90,91,92,92,93,94,94,71,71,55,109,109,110,110,110,111,111,112,112,113,113,114,114,115,116,116,116,116,117,118,119,119,120,120,120,120,121,72],"gold":523,"neow_bonus":"","is_daily":false,"chose_seed":false,"campfire_upgraded":31,"win_rate":0.0,"timestamp":1613753026,"path_taken":["M","?","?","M","M","R","M","E","T","E","?","M","E","?","R","BOSS","M","$","?","M","?","E","R","M","T","E","?","?","R","NM","R","BOSS","M","?","?","?","?","E","R","E","T","E","R","?","?","E","R","BOSS","M","?","?","$","?","E","R","E","T","E","?","R","?","?","R","BOSS","M","$","?","M","M","R","E","R","T","M","?","M","E","AVR","R","BOSS","M","M","M","?","?","E","?","$","T","R","M","M","M","NM","R","BOSS","M","?","?","M","?","E","R","E","T","M","R","?","?","$","R","BOSS","M","M","M","AVR","M","E","R","?","T","?","M","$","M","$","R","BOSS","M","?","?","?","M","R","E","?","T","?","R","E","M","?","R","BOSS","R","$","E","BOSS"],"items_purchased_type":["Relic","Relic","Card","Relic","Relic","Relic","Card","Relic","Card","Relic","Card","Relic","Relic","Card","Relic","Card","Relic","Relic","Relic","Relic","Relic","Relic","Relic","Relic","Card","Relic","Relic","Relic","Relic","Relic","Relic","Relic"],"build_version":"2020-12-22","purchased_purges":7,"victory":true,"max_hp_per_floor":[84,84,84,84,84,84,84,84,84,84,84,84,84,84,84,84,84,84,84,84,84,84,84,84,84,84,84,84,84,84,84,84,84,63,63,63,63,63,63,63,63,63,63,63,63,63,63,63,63,63,63,63,63,63,63,63,63,63,63,63,63,63,63,63,63,63,63,63,63,63,63,64,65,65,71,71,71,72,73,74,75,75,75,76,76,77,78,79,79,75,76,77,77,77,77,78,79,80,81,81,82,82,83,83,83,84,84,85,85,86,86,87,87,87,88,88,88,89,89,90,91,92,92,93,94,94,108,108,108,109,109,110,110,110,111,111,112,112,113,113,114,114,115,116,116,116,116,117,118,119,119,120,120,120,120,121,122],"card_choices":[{"not_picked":["Outmaneuver","Eviscerate","Deadly Poison"],"picked":"SKIP","floor":1.0},{"not_picked":["Sucker Punch","PiercingWail"],"picked":"Prepared","floor":4.0},{"not_picked":["Backflip","ReplayTheSpireMod:Tripwire","Quick Slash"],"picked":"SKIP","floor":5.0},{"not_picked":["Deadly Poison","Sucker Punch","Acrobatics"],"picked":"SKIP","floor":7.0},{"not_picked":["Blade Dance","Grand Finale"],"picked":"Adrenaline","floor":8.0},{"not_picked":["ReplayTheSpireMod:Tripwire","Blade Dance"],"picked":"Accuracy+1","floor":10.0},{"not_picked":["Reflex","Cloak And Dagger"],"picked":"Blade Dance","floor":12.0},{"not_picked":["Backflip","Bane","Dagger Spray"],"picked":"SKIP","floor":13.0},{"not_picked":["Replay:Bag of Tricks","Malaise"],"picked":"Storm of Steel","floor":16.0},{"not_picked":["Backflip+1","Predator"],"picked":"Cloak And Dagger","floor":18.0},{"not_picked":["Setup","Tactician","Dodge and Roll+1"],"picked":"SKIP","floor":21.0},{"not_picked":["Quick Slash+1","Finisher","Deflect"],"picked":"SKIP","floor":23.0},{"not_picked":["Noxious Fumes+1","Poisoned Stab"],"picked":"Hidden Blade","floor":25.0},{"not_picked":["Slice","Endless Agony","PiercingWail+1"],"picked":"SKIP","floor":27.0},{"not_picked":["Riddle With Holes","Setup","Outmaneuver"],"picked":"SKIP","floor":29.0},{"not_picked":["Bouncing Flask","Reflex+1","ReplayTheSpireMod:Shiv Toss"],"picked":"SKIP","floor":31.0},{"not_picked":["Calculated Gamble+1","Finisher","Deadly Poison+1"],"picked":"SKIP","floor":35.0},{"not_picked":["Cloak And Dagger","Flying Knee+1","Setup"],"picked":"SKIP","floor":37.0},{"not_picked":["Deflect","Slice+1"],"picked":"Prepared+1","floor":38.0},{"not_picked":["infinitespire:DeathsTouch","infinitespire:SevenWalls"],"picked":"infinitespire:Execution","floor":39.0},{"not_picked":["Fluid Movement+1","Deflect","Sucker Punch+1"],"picked":"SKIP","floor":40.0},{"not_picked":["PiercingWail","Dagger Spray","Endless Agony+1"],"picked":"SKIP","floor":42.0},{"not_picked":["Slice","Glass Knife","Deadly Poison"],"picked":"SKIP","floor":44.0},{"not_picked":["Caltrops+1","Infinite Blades+1","Underhanded Strike+1"],"picked":"SKIP","floor":48.0},{"not_picked":["Hidden Blade","Poisoned Stab"],"picked":"Accuracy+1","floor":52.0},{"not_picked":["Acrobatics","ReplayTheSpireMod:Speed Training","Poisoned Stab"],"picked":"SKIP","floor":56.0},{"not_picked":["Cloak And Dagger","Quick Slash","Hidden Blade"],"picked":"SKIP","floor":57.0},{"not_picked":["Slice","Quick Slash","ReplayTheSpireMod:Scrap Shanks+1"],"picked":"SKIP","floor":59.0},{"not_picked":["Poisoned Stab","Infinite Blades+1","Die Die Die"],"picked":"SKIP","floor":61.0},{"not_picked":["Draining Mist","Backflip","Deflect"],"picked":"SKIP","floor":65.0},{"not_picked":["infinitespire:Execution","infinitespire:Gouge"],"picked":"infinitespire:FutureSight","floor":68.0},{"not_picked":["Poisoned Stab","Dagger Spray","Concentrate"],"picked":"SKIP","floor":69.0},{"not_picked":["Quick Slash","Finisher","Blur"],"picked":"SKIP","floor":72.0},{"not_picked":["Quick Slash","Finisher","Blur"],"picked":"SKIP","floor":72.0},{"not_picked":["Bane+1","Catalyst","Masterful Stab"],"picked":"SKIP","floor":73.0},{"not_picked":["Dagger Spray","Acrobatics"],"picked":"Prepared+1","floor":75.0},{"not_picked":["Blur","Prepared","Well Laid Plans+1"],"picked":"SKIP","floor":78.0},{"not_picked":["Wraith Form v2+1","Crippling Poison","ReplayTheSpireMod:Speed Training+1"],"picked":"SKIP","floor":79.0},{"not_picked":["Hidden Blade","Flying Knee+1","Distraction"],"picked":"SKIP","floor":80.0},{"not_picked":["Riddle With Holes","Prepared","Finisher"],"picked":"SKIP","floor":81.0},{"not_picked":["Riddle With Holes","Prepared","Finisher"],"picked":"SKIP","floor":81.0},{"not_picked":["Die Die Die","Venomology"],"picked":"After Image+1","floor":84.0},{"not_picked":["Crippling Poison","Heel Hook"],"picked":"Blade Dance+1","floor":86.0},{"not_picked":["Flechettes","Outmaneuver","Toxin Wave+1"],"picked":"SKIP","floor":87.0},{"not_picked":["Dodge and Roll","Quick Slash","Deadly Poison"],"picked":"SKIP","floor":88.0},{"not_picked":["ReplayTheSpireMod:Echoes of Time","ReplayTheSpireMod:??????????????????????"],"picked":"infinitespire:NeuralNetwork","floor":89.0},{"not_picked":["Flying Knee+1","Noxious Fumes+1"],"picked":"Burst","floor":91.0},{"not_picked":["Poisoned Stab+1","Flechettes+1","Dagger Throw"],"picked":"SKIP","floor":92.0},{"not_picked":["Reflex","Concentrate+1","Flying Knee+1"],"picked":"SKIP","floor":96.0},{"not_picked":["Dagger Spray","Bouncing Flask+1","Sucker Punch+1"],"picked":"SKIP","floor":97.0},{"not_picked":["Blade Dance","Slice","PiercingWail"],"picked":"SKIP","floor":98.0},{"not_picked":["Dagger Spray","Deadly Poison","ReplayTheSpireMod:The Works+1"],"picked":"SKIP","floor":99.0},{"not_picked":["Dagger Throw","Slice"],"picked":"Accuracy+1","floor":103.0},{"not_picked":["Poisoned Stab","Slice","Blade Dance"],"picked":"SKIP","floor":103.0},{"not_picked":["Escape Plan","Prepared","Blade Dance"],"picked":"SKIP","floor":106.0},{"not_picked":["Underhanded Strike","Backflip","PiercingWail"],"picked":"SKIP","floor":106.0},{"not_picked":["Dodge and Roll","Dagger Spray"],"picked":"Envenom+1","floor":108.0},{"not_picked":["ReplayTheSpireMod:Tripwire","PiercingWail"],"picked":"Accuracy+1","floor":110.0},{"not_picked":["Caltrops+1","Endless Agony","Backstab"],"picked":"SKIP","floor":112.0},{"not_picked":["Fluid Movement+1","Sucker Punch","Blade Dance"],"picked":"SKIP","floor":112.0},{"not_picked":["ReplayTheSpireMod:Exploit Weakness","Outmaneuver","Deflect"],"picked":"SKIP","floor":115.0},{"not_picked":["Dagger Spray","Terror","PiercingWail"],"picked":"SKIP","floor":115.0},{"not_picked":["Backflip","Backstab","Fluid Movement+1"],"picked":"SKIP","floor":120.0},{"not_picked":["Bane","Deadly Poison+1","Backflip"],"picked":"SKIP","floor":120.0},{"not_picked":["Acrobatics","Backstab","PiercingWail"],"picked":"SKIP","floor":121.0},{"not_picked":["Riddle With Holes","Prepared","Quick Slash"],"picked":"SKIP","floor":121.0},{"not_picked":["Deadly Poison","Dagger Throw","Dagger Spray"],"picked":"SKIP","floor":122.0},{"not_picked":["Underhanded Strike","ReplayTheSpireMod:The Works","Prepared"],"picked":"SKIP","floor":122.0},{"not_picked":["Cloak And Dagger","Concentrate","Atom Bomb"],"picked":"SKIP","floor":124.0},{"not_picked":["Replay:Poison Smokescreen","Infinite Blades+1","Acrobatics+1"],"picked":"SKIP","floor":124.0},{"not_picked":["Deadly Poison+1","Dash","Calculated Gamble"],"picked":"SKIP","floor":125.0},{"not_picked":["Crippling Poison","ReplayTheSpireMod:Speed Training+1","Sucker Punch+1"],"picked":"SKIP","floor":130.0},{"not_picked":["Bane","Sucker Punch","Slice"],"picked":"SKIP","floor":130.0},{"not_picked":["Calculated Gamble","Quick Slash","Prepared+1"],"picked":"SKIP","floor":132.0},{"not_picked":["Calculated Gamble","Slice","Finisher+1"],"picked":"SKIP","floor":132.0},{"not_picked":["Normality","ReplayTheSpireMod:Doomed"],"picked":"ReplayTheSpireMod:Restless Dread","floor":136},{"not_picked":["Hallucinations","animator:Curse_Greed"],"picked":"animator:Curse_Nutcracker","floor":136},{"not_picked":["hermit:ImpendingDoom","ReplayTheSpireMod:Restless Dread"],"picked":"animator:Curse_Dizziness","floor":136},{"not_picked":["Acrobatics","PiercingWail+1"],"picked":"Accuracy+1","floor":137},{"not_picked":["Flying Knee+1","Blur","Escape Plan"],"picked":"SKIP","floor":137},{"not_picked":["Dodge and Roll","Hidden Blade","Acrobatics"],"picked":"SKIP","floor":139},{"not_picked":["Underhanded Strike","Riddle With Holes","PiercingWail+1"],"picked":"SKIP","floor":139},{"not_picked":["Deflect","Dagger Spray+1"],"picked":"Accuracy+1","floor":141},{"not_picked":["Flying Knee+1","Cloak And Dagger","Poisoned Stab+1"],"picked":"SKIP","floor":141},{"not_picked":["Infinite Blades+1","Masterful Stab","Backflip+1"],"picked":"SKIP","floor":143},{"not_picked":["Bane","Expertise","Terror"],"picked":"SKIP","floor":148},{"not_picked":["Acrobatics","Toxin Wave+1","Deadly Poison+1"],"picked":"SKIP","floor":149},{"not_picked":["Dash","Endless Agony+1","Deflect"],"picked":"SKIP","floor":149},{"not_picked":["Flechettes","Dagger Throw+1","Quick Slash"],"picked":"SKIP","floor":150},{"not_picked":["Dodge and Roll","PiercingWail","All Out Attack+1"],"picked":"SKIP","floor":150},{"not_picked":["Flying Knee","Dagger Throw","Heel Hook"],"picked":"SKIP","floor":156},{"not_picked":["Burst","Die Die Die"],"picked":"Envenom+1","floor":157}],"player_experience":390485,"relics_obtained":[{"floor":2.0,"key":"Ring of Fury"},{"floor":2.0,"key":"Ring of Peace"},{"floor":8.0,"key":"Matryoshka"},{"floor":9.0,"key":"HornCleat"},{"floor":9.0,"key":"Golden Egg"},{"floor":10.0,"key":"Iron Hammer"},{"floor":13.0,"key":"Kunai"},{"floor":22.0,"key":"Red Mask"},{"floor":23.0,"key":"Bag of Preparation"},{"floor":26.0,"key":"Whetstone"},{"floor":26.0,"key":"infinitespire:CheckeredPen"},{"floor":27.0,"key":"Divine Protection"},{"floor":31.0,"key":"Replay:Wax Seal"},{"floor":32.0,"key":"Lantern"},{"floor":39.0,"key":"Pondfish Scales"},{"floor":40.0,"key":"Replay:Arrowhead"},{"floor":42.0,"key":"Centennial Puzzle"},{"floor":44.0,"key":"Basket Of Snakes"},{"floor":48.0,"key":"infinitespire:Lucky Rock"},{"floor":57.0,"key":"infinitespire:Midas Blood"},{"floor":59.0,"key":"Toy Ornithopter"},{"floor":60.0,"key":"Smiling Mask"},{"floor":61.0,"key":"Replay:Bottled Eggs"},{"floor":75.0,"key":"Durian"},{"floor":77.0,"key":"Akabeko"},{"floor":81.0,"key":"Gremlin Food"},{"floor":91.0,"key":"Simple Rune"},{"floor":94.0,"key":"Replay:Bottled Steam"},{"floor":99.0,"key":"Prayer Wheel"},{"floor":108.0,"key":"Pen Nib"},{"floor":110.0,"key":"Art of War"},{"floor":111.0,"key":"infinitespire:ShieldingShard"},{"floor":125.0,"key":"Old Coin"},{"floor":127.0,"key":"Mango"},{"floor":128.0,"key":"Shuriken"},{"floor":129.0,"key":"Nilry\u0027s Codex"},{"floor":143,"key":"MawBank"},{"floor":144,"key":"Peace Pipe"},{"floor":145,"key":"Dream Catcher"},{"floor":148,"key":"CaptainsWheel"},{"floor":156,"key":"Blue Doll"},{"floor":156,"key":"Pantograph"}],"event_choices":[{"damage_healed":0.0,"max_hp_gain":0.0,"max_hp_loss":0.0,"gold_gain":0.0,"event_name":"Big Fish","player_choice":"Box","floor":11.0,"gold_loss":0.0,"damage_taken":0.0,"relics_obtained":["Ancient Tea Set"],"cards_obtained":["Regret"]},{"damage_healed":0.0,"max_hp_gain":0.0,"max_hp_loss":0.0,"gold_gain":30.0,"event_name":"Dead Adventurer","player_choice":"Searched \u00273\u0027 times","floor":14.0,"gold_loss":0.0,"damage_taken":0.0,"relics_obtained":["MealTicket"]},{"damage_healed":0.0,"max_hp_gain":0.0,"max_hp_loss":0.0,"gold_gain":99.0,"event_name":"Nest","player_choice":"Stole From Cult","floor":20.0,"gold_loss":0.0,"damage_taken":0.0},{"damage_healed":0.0,"max_hp_gain":0.0,"max_hp_loss":0.0,"gold_gain":0.0,"event_name":"Masked Bandits","player_choice":"Fought Bandits","floor":22.0,"gold_loss":0.0,"damage_taken":0.0},{"damage_healed":0.0,"max_hp_gain":0.0,"max_hp_loss":0.0,"gold_gain":0.0,"event_name":"Accursed Blacksmith","player_choice":"Forge","floor":36.0,"gold_loss":0.0,"damage_taken":0.0,"cards_upgraded":["Prepared"]},{"damage_healed":0.0,"max_hp_gain":0.0,"max_hp_loss":0.0,"gold_gain":0.0,"event_name":"Accursed Blacksmith","player_choice":"Forge","floor":39.0,"gold_loss":0.0,"damage_taken":0.0,"cards_upgraded":["infinitespire:Execution"]},{"damage_healed":0.0,"max_hp_gain":0.0,"max_hp_loss":0.0,"gold_gain":0.0,"event_name":"SensoryStone","player_choice":"Memory 1","floor":46.0,"gold_loss":0.0,"damage_taken":0.0},{"damage_healed":0.0,"max_hp_gain":0.0,"max_hp_loss":0.0,"gold_gain":222.0,"event_name":"Tomb of Lord Red Mask","player_choice":"Wore Mask","floor":47.0,"gold_loss":0.0,"damage_taken":0.0},{"damage_healed":0.0,"max_hp_gain":0.0,"max_hp_loss":0.0,"gold_gain":75.0,"event_name":"World of Goop","player_choice":"Gather Gold","floor":53.0,"gold_loss":0.0,"damage_taken":11.0},{"cards_removed":["Strike_G"],"damage_healed":0.0,"max_hp_gain":0.0,"max_hp_loss":0.0,"gold_gain":0.0,"event_name":"Bonfire Elementals","player_choice":"Offered Basic","floor":54.0,"gold_loss":0.0,"damage_taken":0.0},{"damage_healed":0.0,"max_hp_gain":0.0,"max_hp_loss":0.0,"gold_gain":0.0,"event_name":"Golden Idol","player_choice":"Take Damage","floor":62.0,"gold_loss":0.0,"damage_taken":15.0,"relics_obtained":["Golden Idol"]},{"damage_healed":0.0,"max_hp_gain":0.0,"max_hp_loss":0.0,"gold_gain":0.0,"event_name":"Accursed Blacksmith","player_choice":"Rummage","floor":64.0,"gold_loss":0.0,"damage_taken":0.0,"relics_obtained":["WarpedTongs"],"cards_obtained":["Pain"]},{"damage_healed":0.0,"max_hp_gain":0.0,"max_hp_loss":0.0,"gold_gain":0.0,"event_name":"FaceTrader","player_choice":"Trade","floor":71.0,"gold_loss":0.0,"damage_taken":0.0,"relics_obtained":["FaceOfCleric"]},{"damage_healed":0.0,"max_hp_gain":0.0,"max_hp_loss":4.0,"gold_gain":0.0,"event_name":"Winding Halls","player_choice":"Max HP","floor":90.0,"gold_loss":0.0,"damage_taken":0.0},{"cards_removed":["Strike_G"],"damage_healed":0.0,"max_hp_gain":0.0,"max_hp_loss":0.0,"gold_gain":0.0,"event_name":"Golden Wing","player_choice":"Card Removal","floor":104.0,"gold_loss":0.0,"damage_taken":7.0},{"damage_healed":0.0,"max_hp_gain":0.0,"max_hp_loss":0.0,"gold_gain":0.0,"event_name":"Big Fish","player_choice":"Box","floor":105.0,"gold_loss":0.0,"damage_taken":0.0,"relics_obtained":["Garlic"],"cards_obtained":["Regret"]},{"damage_healed":0.0,"max_hp_gain":0.0,"max_hp_loss":0.0,"gold_gain":0.0,"event_name":"Cursed Tome","player_choice":"Obtained Book","floor":129.0,"gold_loss":0.0,"damage_taken":16.0},{"cards_removed":["ReplayTheSpireMod:Restless Dread"],"damage_healed":0,"gold_gain":0,"player_choice":"Upgrade and Remove","damage_taken":0,"max_hp_gain":0,"max_hp_loss":0,"event_name":"Designer","floor":138,"gold_loss":90,"cards_upgraded":["Defend_G"]},{"damage_healed":0,"gold_gain":0,"player_choice":"Ignored","damage_taken":0,"max_hp_gain":0,"max_hp_loss":0,"event_name":"The Moai Head","floor":140,"gold_loss":0},{"damage_healed":0,"gold_gain":0,"player_choice":"Fight","damage_taken":0,"max_hp_gain":0,"max_hp_loss":0,"event_name":"MindBloom","floor":144,"gold_loss":0},{"damage_healed":0,"gold_gain":275,"player_choice":"Desecrate","damage_taken":0,"max_hp_gain":0,"max_hp_loss":0,"event_name":"Golden Shrine","floor":146,"gold_loss":0,"cards_obtained":["Regret"]}],"is_beta":false,"boss_relics":[{"not_picked":["Velvet Choker","Ring of Chaos"],"picked":"Philosopher\u0027s Stone"},{"not_picked":["Kintsugi","Runic Dome"],"picked":"Replay:Drink Me"},{"not_picked":["Empty Cage","Honey Jar"],"picked":"Sozu"},{"not_picked":["Coffee Dripper","Runic Dome"],"picked":"Ring of the Serpent"},{"not_picked":["Snecko Scales","Runic Pyramid"],"picked":"Empty Cage"},{"not_picked":["ReplayTheSpireMod:SealedPack","Honey Jar"],"picked":"WristBlade"},{"not_picked":["ChewingGum","ReplayTheSpireMod:SealedPack"],"picked":"HoveringKite"},{"not_picked":["Calling Bell","SlaversCollar"],"picked":"Replay:Ancient Bell"},{"not_picked":["Snake Skull","Potion Belt"],"picked":"infinitespire:Beetle Shell"},{"not_picked":["StrikeDummy","Toxic Egg 2"],"picked":"infinitespire:FocusingShard"},{"not_picked":["Du-Vu Doll","infinitespire:Golems Mask"],"picked":"Dead Branch"},{"not_picked":["Coffee Dripper","infinitespire:Cupcake"],"picked":"Black Star"}],"items_purged_floors":[55,70,70,93,131,133,155],"is_endless":true,"potions_floor_spawned":[1,10,16,22,27,33,37,38,40,42,57,59,65,67,69,75,78,84,86,87,91,98,99,108,118,120,121,124,130,139,141,144,150,156],"ascension_level":4}}