{"host":"p2ps6s9o3p66sm0r","time":1613763006,"event":{"mods":["BaseMod","Downfall","Hermit","Minty Spire (QoL Compilation)","Replay The Spire","StSLib","The Cursed","The Servant 0.9.4"],"gold_per_floor":[117,193,204,215,215,215,227,227,227,227,279,279,33,33,33,131,131,146,162,178,178,203,233,233,251,251],"floor_reached":25,"language":"ENG","playtime":2446,"items_purged":[],"score":211,"play_id":"3f5f72fe-3b54-4cce-bbab-1cf2889b1d40","local_time":"20210219143006","is_ascension_mode":false,"campfire_choices":[{"floor":6,"key":"REST"},{"floor":10,"key":"REST"},{"data":"TheCursedMod:StingEye","floor":12,"key":"SMITH"},{"data":"TheCursedMod:HellsGateOpen","floor":15,"key":"SMITH"},{"floor":24,"key":"REST"}],"circlet_count":0,"master_deck":["TheCursedMod:Strike_TheCursed","TheCursedMod:Strike_TheCursed","TheCursedMod:Strike_TheCursed","TheCursedMod:Strike_TheCursed","TheCursedMod:Defend_TheCursed+1","TheCursedMod:Defend_TheCursed","TheCursedMod:Defend_TheCursed+1","TheCursedMod:Defend_TheCursed","TheCursedMod:CursedWand+1","TheCursedMod:CleanUpWorkshop","TheCursedMod:Dregs","TheCursedMod:HellfireBreathing","TheCursedMod:ManaBullet","TheCursedMod:AshesToAshes","TheCursedMod:SpreadPlague","TheCursedMod:HellsGateOpen+1","TheCursedMod:StingEye+1","TheCursedMod:CursedAmulet","Deep Breath","TheCursedMod:NeowsMight","TheCursedMod:Grudge+1","TheCursedMod:CircleOfFlame","TheCursedMod:CircleOfWindfury+1","TheCursedMod:Evocation","TheCursedMod:StunningStrike","TheCursedMod:CircleOfCorruption+1"],"relics":["TheCursedMod:BlackMagic101","NeowsBlessing","Regal Pillow","TheAbacus","Snack Pack","Black Star","Red Mask","Vajra","HornCleat"],"acts_visited":["Exordium","TheCity"],"potions_floor_usage":[16,16,20,23,25],"damage_taken":[{"damage":0,"enemies":"2 Louse","floor":1,"turns":1},{"damage":0,"enemies":"Cultist","floor":3,"turns":1},{"damage":0,"enemies":"Jaw Worm","floor":4,"turns":1},{"damage":7,"enemies":"Looter","floor":7,"turns":4},{"damage":36,"enemies":"Slime Boss","floor":16,"turns":11},{"damage":0,"enemies":"Chosen","floor":18,"turns":4},{"damage":31,"enemies":"2 Thieves","floor":19,"turns":3},{"damage":21,"enemies":"Snecko","floor":20,"turns":6},{"damage":0,"enemies":"Masked Bandits","floor":22,"turns":4},{"damage":19,"enemies":"Replay:Snechameleon","floor":23,"turns":6},{"damage":0,"enemies":"Centurion and Healer","floor":25,"turns":3}],"seed_played":"8784510994713652265","potions_obtained":[{"floor":1,"key":"Energy Potion"},{"floor":4,"key":"bronze:BurnAndBuffPotion"},{"floor":16,"key":"Weak Potion"},{"floor":19,"key":"sneckomod:MuddlingPotion"},{"floor":22,"key":"Toxic Potion"},{"floor":23,"key":"PowerPotion"}],"is_trial":false,"path_per_floor":["M","?","M","M","?","R","M","?","T","R","T","R","$","?","R","B",null,"M","M","M","?","?","E","R","M"],"character_chosen":"THE_CURSED","items_purchased":["TheAbacus","Deep Breath"],"campfire_rested":3,"item_purchase_floors":[13,13],"current_hp_per_floor":[75,57,57,57,57,75,68,53,53,75,75,75,75,68,68,36,75,75,48,29,54,60,43,75,75,75],"gold":251,"neow_bonus":"THREE_ENEMY_KILL","is_daily":false,"chose_seed":false,"campfire_upgraded":2,"win_rate":0.0,"timestamp":1613763006,"path_taken":["M","?","M","?","?","R","M","?","T","R","?","R","$","?","R","BOSS","M","M","M","?","?","E","R","M"],"items_purchased_type":["Relic","Card"],"build_version":"2020-12-22","purchased_purges":0,"victory":false,"max_hp_per_floor":[75,75,75,75,75,75,75,75,75,75,75,75,75,75,75,75,75,75,75,75,75,75,75,75,75,75],"card_choices":[{"not_picked":["TheCursedMod:HellsGateOpen","TheCursedMod:CursedBoomerang"],"picked":"TheCursedMod:HellfireBreathing","floor":1},{"not_picked":["TheCursedMod:CircleOfCorruption","TheCursedMod:CursedSpellbook"],"picked":"TheCursedMod:ManaBullet","floor":2},{"not_picked":["TheCursedMod:Mangle","TheCursedMod:EmpowerCircles"],"picked":"TheCursedMod:AshesToAshes","floor":2},{"not_picked":["TheCursedMod:SaltUponWound","TheCursedMod:TacticalStrike"],"picked":"TheCursedMod:SpreadPlague","floor":2},{"not_picked":["TheCursedMod:SpitefulPray","TheCursedMod:DoubleShield"],"picked":"TheCursedMod:HellsGateOpen","floor":3},{"not_picked":["TheCursedMod:RapidMovement","TheCursedMod:PrepareRite"],"picked":"TheCursedMod:StingEye","floor":4},{"not_picked":["TheCursedMod:RapidMovement","TheCursedMod:SoulCrush"],"picked":"TheCursedMod:CursedAmulet","floor":7},{"not_picked":["TheCursedMod:ParallelWorld","TheCursedMod:DarkBarrier"],"picked":"TheCursedMod:NeowsMight","floor":16},{"not_picked":["TheCursedMod:DoubleShield","TheCursedMod:SmokeScreen"],"picked":"TheCursedMod:Grudge+1","floor":18},{"not_picked":["TheCursedMod:ReleasedStrength+1","TheCursedMod:DoubleShield"],"picked":"TheCursedMod:CircleOfFlame","floor":19},{"not_picked":["TheCursedMod:CircleOfCorruption","TheCursedMod:FleshFromBone+1"],"picked":"TheCursedMod:CircleOfWindfury+1","floor":20},{"not_picked":["TheCursedMod:Torture","TheCursedMod:Wield"],"picked":"TheCursedMod:Evocation","floor":22},{"not_picked":["TheCursedMod:PrepareRite","TheCursedMod:CircleOfCorruption"],"picked":"TheCursedMod:StunningStrike","floor":23},{"not_picked":["TheCursedMod:Wield+1","TheCursedMod:CursedMace"],"picked":"TheCursedMod:CircleOfCorruption+1","floor":25}],"player_experience":177125,"relics_obtained":[{"floor":11,"key":"Regal Pillow"},{"floor":22,"key":"Red Mask"},{"floor":23,"key":"Vajra"},{"floor":23,"key":"HornCleat"}],"event_choices":[{"damage_healed":0,"gold_gain":0,"player_choice":"Entered Light","damage_taken":15,"max_hp_gain":0,"max_hp_loss":0,"event_name":"Shining Light","floor":8,"gold_loss":0,"cards_upgraded":["TheCursedMod:Defend_TheCursed","TheCursedMod:Defend_TheCursed"]},{"damage_healed":0,"gold_gain":0,"player_choice":"Success","damage_taken":7,"relics_obtained":["Snack Pack"],"max_hp_gain":0,"max_hp_loss":0,"event_name":"Scrap Ooze","floor":14,"gold_loss":0},{"damage_healed":25,"gold_gain":0,"player_choice":"Heal","damage_taken":0,"max_hp_gain":0,"max_hp_loss":0,"event_name":"The Library","floor":21,"gold_loss":0},{"damage_healed":0,"gold_gain":0,"player_choice":"Fought Bandits","damage_taken":0,"max_hp_gain":0,"max_hp_loss":0,"event_name":"Masked Bandits","floor":22,"gold_loss":0}],"is_beta":false,"boss_relics":[{"not_picked":["Empty Cage","Cursed Key"],"picked":"Black Star"}],"items_purged_floors":[],"is_endless":false,"potions_floor_spawned":[1,4,16,19,22,23],"killed_by":"Centurion and Healer","ascension_level":0}}