{"host":"szkvl4ugkslb15zj","time":1613728168,"event":{"mods":["AchievementEnabler","BaseMod","Block Reminder","Card Forge","Colored Map","Colored Powertips","Duelist Mod","GifTheSpireLib","Hero for Fun","HololiveMod","Marisa????????","Minty Spire (QoL Compilation)","Quick Restart","Rare Cards Sparkle","StSLib","The Animator","The Bug Knight","The Cursed","The Exalted","The Gatherer","The Judge","The Mystic","The Poker Player","The Runesmith","The Senshi","The Servant 0.9.4"],"gold_per_floor":[178,31,44,44,60,95,95,95,95,106,118,42,53,67,67,164,164,178,24,24,36,36,36,36,54,77,77,77,111,111,127,127,245,245,279,279,304,318,318,318,360,398,421,0,44,44,65,65,65,70,70],"floor_reached":50,"language":"ENG","playtime":2889,"items_purged":[],"score":744,"play_id":"a3a2864c-1ce0-4087-970b-b3e74bc4574f","local_time":"20210219014928","is_ascension_mode":true,"campfire_choices":[{"data":"Hololive_OvertimeWork","floor":8.0,"key":"SMITH"},{"data":"Hololive_CallAZKi","floor":15.0,"key":"SMITH"},{"data":"Hololive_CandyCastle","floor":23.0,"key":"SMITH"},{"data":"Hololive_CallNakiriAyame","floor":32.0,"key":"SMITH"},{"data":"Hololive_CallFriendA","floor":40.0,"key":"SMITH"},{"data":"Hololive_FlyingPonyTail","floor":46.0,"key":"SMITH"},{"data":"Hololive_CallOzoraSubaru","floor":49,"key":"SMITH"}],"circlet_count":0,"master_deck":["Hololive_Strike","Hololive_Defend","Hololive_Defend","Hololive_OvertimeWork+1","Hololive_CallNatsuiroMatsuri","Hololive_CallYuzukiChoco","Hololive_CallNekomataOkayu","Hololive_CallUruhaRushia","Hololive_FlyingPonyTail+1","Hololive_CallYozoraMel","Hololive_ASMR","Hololive_CandyCastle+1","Hololive_Rebound+1","Hololive_BringToTrial","Hololive_CallAZKi+1","Hololive_CallNakiriAyame+1","Hololive_DDD+1","Hololive_CallFriendA+1","Hololive_Psychosis+1","Hololive_CallSakuraMiko","Hololive_CallAmaneKanata","Hololive_LuckPotion+1","Hololive_Watashimo+1","Hololive_FlareMind+1","Hololive_Rebound+1","Hololive_Trident","Hololive_CallMinatoAqua+1","Hololive_CocoNews","Hololive_IdolExercise","Hololive_CallOzoraSubaru+1","Shame","Hololive_Breathe+1","Hololive_CallTokinoSora+1"],"relics":["Hololive_TheStar","Hammer of Thor","Seething Fire","Anvil of the Gods","ClockworkSouvenir","White Beast Statue","Letter Opener","Cursed Key","War Paint","Regal Pillow","Gremlin Horn","Astrolabe","Runesmith:Locket","Bromod:ArcaneTempo","Red Mask","Eternal Feather"],"acts_visited":["Exordium","TheCity","TheBeyond"],"potions_floor_usage":[47,47,47,50],"damage_taken":[{"damage":0.0,"enemies":"Jaw Worm","floor":1.0,"turns":3.0},{"damage":1.0,"enemies":"Small Slimes","floor":3.0,"turns":4.0},{"damage":0.0,"enemies":"Cultist","floor":5.0,"turns":3.0},{"damage":0.0,"enemies":"Lagavulin","floor":6.0,"turns":5.0},{"damage":3.0,"enemies":"Exordium Thugs","floor":10.0,"turns":5.0},{"damage":0.0,"enemies":"3 Louse","floor":11.0,"turns":2.0},{"damage":0.0,"enemies":"2 Fungi Beasts","floor":13.0,"turns":3.0},{"damage":0.0,"enemies":"Looter","floor":14.0,"turns":3.0},{"damage":0.0,"enemies":"Slime Boss","floor":16.0,"turns":5.0},{"damage":3.0,"enemies":"2 Thieves","floor":18.0,"turns":4.0},{"damage":0.0,"enemies":"Spheric Guardian","floor":21.0,"turns":3.0},{"damage":0.0,"enemies":"Centurion and Healer","floor":25.0,"turns":6.0},{"damage":0.0,"enemies":"theDuelist:KaibaA2","floor":29.0,"turns":4.0},{"damage":6.0,"enemies":"Snake Plant","floor":31.0,"turns":4.0},{"damage":10.0,"enemies":"Collector","floor":33.0,"turns":7.0},{"damage":0.0,"enemies":"3 Darklings","floor":35.0,"turns":6.0},{"damage":0.0,"enemies":"Orb Walker","floor":37.0,"turns":3.0},{"damage":0.0,"enemies":"Sphere and 2 Shapes","floor":38.0,"turns":5.0},{"damage":7.0,"enemies":"Nemesis","floor":41.0,"turns":7.0},{"damage":0.0,"enemies":"Transient","floor":42.0,"turns":5.0},{"damage":0.0,"enemies":"Giant Head","floor":45.0,"turns":6.0},{"damage":18,"enemies":"Jaw Worm Horde","floor":47,"turns":5},{"damage":47,"enemies":"Donu and Deca","floor":50,"turns":8}],"seed_played":"-8863277506151428649","potions_obtained":[{"floor":3.0,"key":"ColorlessPotion"},{"floor":5.0,"key":"Strength Potion"},{"floor":10.0,"key":"FearPotion"},{"floor":11.0,"key":"Swift Potion"},{"floor":16.0,"key":"Energy Potion"},{"floor":18.0,"key":"Strength Potion"},{"floor":21.0,"key":"PowerPotion"},{"floor":25.0,"key":"Ancient Potion"},{"floor":29.0,"key":"Fire Potion"},{"floor":31.0,"key":"Fruit Juice"},{"floor":33.0,"key":"SpeedPotion"},{"floor":35.0,"key":"LiquidBronze"},{"floor":37.0,"key":"Fire Potion"},{"floor":38.0,"key":"Block Potion"},{"floor":41.0,"key":"BlessingOfTheForge"},{"floor":42.0,"key":"Dexterity Potion"},{"floor":45.0,"key":"SpeedPotion"},{"floor":47,"key":"LiquidBronze"}],"is_trial":false,"path_per_floor":["M","$","M","?","M","E","?","R","T","M","M","$","M","M","R","B",null,"M","$","?","M","$","R","$","M","T","?","?","E","?","M","R","B",null,"M","?","M","M","?","R","E","M","T","?","E","R","M","$","R","B"],"character_chosen":"Hololive_HololiveCharacter","items_purchased":["ClockworkSouvenir","Hololive_CallAZKi","War Paint"],"campfire_rested":0,"item_purchase_floors":[2,12,19],"current_hp_per_floor":[35,35,34,34,34,34,34,34,34,31,31,31,31,31,31,31,35,32,32,32,32,32,32,32,32,32,32,32,35,35,34,34,24,40,40,40,40,40,40,40,33,33,33,33,33,40,22,22,40,0,0],"gold":70,"neow_bonus":"HUNDRED_GOLD","is_daily":false,"chose_seed":false,"campfire_upgraded":7,"win_rate":0.0,"timestamp":1613728168,"path_taken":["M","$","M","?","M","E","?","R","T","M","M","$","M","M","R","BOSS","M","$","?","M","$","R","?","M","T","?","?","E","?","M","R","BOSS","M","?","M","M","?","R","E","M","T","?","E","R","?","$","R","BOSS"],"items_purchased_type":["Relic","Card","Relic"],"build_version":"2020-12-22","purchased_purges":0,"victory":false,"max_hp_per_floor":[35,35,35,35,35,35,35,35,35,35,35,35,35,35,35,35,35,35,35,35,35,35,35,35,35,35,35,35,35,35,40,40,40,40,40,40,40,40,40,40,40,40,40,40,40,40,40,40,40,40,40],"card_choices":[{"not_picked":["Hololive_Trident","Hololive_HuntDinosaur","Hololive_LuckPotion"],"picked":"Hololive_FlyingPonyTail","floor":1.0},{"not_picked":["Hololive_CallAiraniIofifteen","Hololive_Rebound","Hololive_CallYukihanaLamy"],"picked":"Hololive_CallYozoraMel","floor":3.0},{"not_picked":["Hololive_CallNatsuiroMatsuri","Hololive_Spy","Hololive_LuckPotion"],"picked":"Hololive_CandyCastle","floor":5.0},{"not_picked":["Hololive_SoulCatcher","Hololive_Sequa","Hololive_OvertimeWork"],"picked":"Hololive_Rebound","floor":6.0},{"not_picked":["Hololive_SoulCatcher","Hololive_Trident","Hololive_FlareMind"],"picked":"Hololive_BringToTrial","floor":10.0},{"not_picked":["Hololive_HuntDinosaur","Hololive_Psychosis","Hololive_Sequa"],"picked":"Hololive_StrengthChampion","floor":11.0},{"not_picked":["Hololive_HuntDinosaur","Hololive_Psychosis","Hololive_FlyingPonyTail"],"picked":"Hololive_Sequa","floor":13.0},{"not_picked":["Hololive_AWSL","Hololive_Trident","Hololive_Psychosis"],"picked":"Hololive_CallNakiriAyame","floor":14.0},{"not_picked":["Hololive_WolfAndLamb","Hololive_DurableLive","Hololive_BeCareful"],"picked":"Hololive_DDD","floor":16.0},{"not_picked":["Hololive_Drill","Hololive_Rebound+1","Hololive_LuckPotion"],"picked":"Hololive_CallFriendA","floor":18.0},{"not_picked":["Hololive_Drill+1","Hololive_Breathe+1","Hololive_LuckPotion+1"],"picked":"Hololive_Psychosis+1","floor":21.0},{"not_picked":["Hololive_CocoNews","Hololive_Trident","Hololive_IdolExercise"],"picked":"Hololive_CallSakuraMiko","floor":25.0},{"not_picked":["Hololive_Teleport+1","Hololive_Trident","Hololive_CocoNews"],"picked":"Hololive_CallAmaneKanata","floor":29.0},{"not_picked":["Hololive_CallSakuraMiko","Hololive_Drill","Hololive_StrengthChampion"],"picked":"Hololive_LuckPotion+1","floor":31.0},{"not_picked":["Hololive_DiamondStrike","Hololive_BeCareful","Hololive_AWSL"],"picked":"Hololive_ScarfAndHalo","floor":33.0},{"not_picked":["Hololive_LuckPotion+1","Hololive_StrengthChampion+1","Hololive_Sequa"],"picked":"Hololive_Trident","floor":35.0},{"not_picked":["Hololive_CallCivia","Hololive_LuckPotion+1","Hololive_CallMoonaHoshinova"],"picked":"Hololive_CallMinatoAqua+1","floor":37.0},{"not_picked":["Hololive_Drill","Hololive_OvertimeWork","Hololive_CallOzoraSubaru"],"picked":"Hololive_CocoNews","floor":38.0},{"not_picked":["Hololive_Sequa","Hololive_CallOkamiMio+1","Hololive_RevenueBasedLive"],"picked":"Hololive_IdolExercise","floor":41.0},{"not_picked":["Hololive_Rebound+1","Hololive_Trident","Hololive_CallAyundaRisu"],"picked":"Hololive_CallOzoraSubaru","floor":42.0},{"not_picked":["Hololive_Drill","Hololive_Trident+1","Hololive_Sequa+1"],"picked":"Hololive_Breathe+1","floor":45.0},{"not_picked":["Hololive_Watashimo+1","Hololive_CocoNews+1","Hololive_RevenueBasedLive"],"picked":"Hololive_CallTokinoSora+1","floor":47}],"player_experience":331955,"relics_obtained":[{"floor":6.0,"key":"White Beast Statue"},{"floor":9.0,"key":"Letter Opener"},{"floor":26.0,"key":"Regal Pillow"},{"floor":29.0,"key":"Gremlin Horn"},{"floor":41.0,"key":"Runesmith:Locket"},{"floor":43.0,"key":"Bromod:ArcaneTempo"},{"floor":45.0,"key":"Eternal Feather"}],"event_choices":[{"damage_healed":0.0,"max_hp_gain":0.0,"max_hp_loss":0.0,"gold_gain":0.0,"cards_transformed":["Hololive_CallRosalyn"],"event_name":"Living Wall","player_choice":"Change","floor":4.0,"gold_loss":0.0,"damage_taken":0.0,"cards_obtained":["Hololive_ASMR"]},{"damage_healed":0.0,"max_hp_gain":0.0,"max_hp_loss":0.0,"gold_gain":0.0,"event_name":"Purifier","player_choice":"Ignored","floor":7.0,"gold_loss":0.0,"damage_taken":0.0},{"damage_healed":0.0,"max_hp_gain":0.0,"max_hp_loss":0.0,"gold_gain":0.0,"event_name":"Match and Keep!","player_choice":"0 cards matched","floor":20.0,"gold_loss":0.0,"damage_taken":0.0,"cards_obtained":[]},{"damage_healed":0.0,"max_hp_gain":0.0,"max_hp_loss":0.0,"gold_gain":0.0,"event_name":"Ghosts","player_choice":"Ignored","floor":27.0,"gold_loss":0.0,"damage_taken":0.0},{"cards_removed":["theDuelist:CursedBill"],"damage_healed":0.0,"max_hp_gain":0.0,"max_hp_loss":0.0,"gold_gain":0.0,"event_name":"Back to Basics","player_choice":"Elegance","floor":28.0,"gold_loss":0.0,"damage_taken":0.0},{"damage_healed":0.0,"max_hp_gain":0.0,"max_hp_loss":0.0,"gold_gain":0.0,"event_name":"Beggar","player_choice":"Ignored","floor":30.0,"gold_loss":0.0,"damage_taken":0.0},{"cards_removed":["Hololive_Strike"],"damage_healed":0.0,"max_hp_gain":0.0,"max_hp_loss":0.0,"gold_gain":0.0,"event_name":"Falling","player_choice":"Removed Attack","floor":36.0,"gold_loss":0.0,"damage_taken":0.0},{"damage_healed":0.0,"max_hp_gain":0.0,"max_hp_loss":0.0,"gold_gain":0.0,"event_name":"SensoryStone","player_choice":"Memory 1","floor":39.0,"gold_loss":0.0,"damage_taken":0.0},{"damage_healed":0.0,"max_hp_gain":0.0,"max_hp_loss":0.0,"gold_gain":0.0,"event_name":"Tomb of Lord Red Mask","player_choice":"Paid","floor":44.0,"gold_loss":421.0,"damage_taken":0.0,"relics_obtained":["Red Mask"]}],"is_beta":false,"boss_relics":[{"not_picked":["Bromod:ArcaneGrace","SacredBark"],"picked":"Cursed Key"},{"not_picked":["Empty Cage","Philosopher\u0027s Stone"],"picked":"Astrolabe"}],"items_purged_floors":[],"is_endless":false,"potions_floor_spawned":[3,5,10,11,13,14,16,18,21,25,29,31,33,35,37,38,41,42,45,47],"killed_by":"Donu and Deca","ascension_level":3}}