{"host":"i9o21tdcc8l3o4rw","time":1613743880,"event":{"mods":["2.2 Compatiblity","Act Like it!","BaseMod","BetterRewards","Colored Map","Colored Powertips","Hubris","Infinite Spire","Jorbs\u0027s Wanderer Trilogy","Marisa????????","Menagerie","Minty Spire (QoL Compilation)","Replay The Spire","Shop Mod","StSLib","The Bladedancer","The Exalted","The Servant 0.9.4","??????REMEMod"],"gold_per_floor":[116,131,148,118,118,149,149,149,199,61,71,71,96,99,99,195,195,210,120,120],"floor_reached":19,"playtime":6958,"items_purged":["hubris:Disease"],"score":175,"play_id":"ebc9ade2-73d8-447b-b8f4-81f73fd3792c","local_time":"20210219151120","is_ascension_mode":false,"campfire_choices":[{"floor":7,"key":"REST"},{"data":"Bromod:Redirection","floor":12,"key":"SMITH"},{"floor":15,"key":"REST"}],"circlet_count":0,"master_deck":["Bromod:Strike_Bro","Bromod:Strike_Bro","Bromod:Strike_Bro","Bromod:Defend_Bro","Bromod:Defend_Bro","Bromod:Defend_Bro","Bromod:Defend_Bro","Bromod:SlashDash","Bromod:SlashDash","Bromod:SlashDash","Bromod:OrganShatter","Bromod:BodyCount","Bromod:BloodRush+1","Bromod:Reflection","Bromod:ShatteringImpact+1","Bromod:BulletJump","Bromod:OrganShatter","Bromod:Redirection+1","Bromod:Rejuvenation","Bromod:Berserker","Bromod:HeatedCharge"],"relics":["Bromod:Ordis","Bromod:AscarisDevice","REME_ComplimentaryCards","ReplayFunnel","hubris:Towel","Bromod:ArcaneMomentum","Calipers","ReplayTheSpireMod:CursedCoin"],"acts_visited":["Menagerie:Menagerie","TheCity"],"potions_floor_usage":[16,19],"damage_taken":[{"damage":13,"enemies":"Menagerie:MonstrousExperiment","floor":1,"turns":5},{"damage":0,"enemies":"Menagerie:2_RABBITS","floor":2,"turns":3},{"damage":9,"enemies":"Menagerie:WhisperingWraith","floor":3,"turns":3},{"damage":33,"enemies":"Menagerie:Hydra","floor":6,"turns":7},{"damage":2,"enemies":"Menagerie:DREAD_MOTH_AND_GRAFTED_WORMS","floor":11,"turns":2},{"damage":30,"enemies":"Menagerie:VoidReaper","floor":13,"turns":9},{"damage":19,"enemies":"Menagerie:Chimera","floor":16,"turns":16},{"damage":11,"enemies":"Chosen","floor":18,"turns":6},{"damage":56,"enemies":"2 Thieves","floor":19,"turns":5}],"seed_played":"2613090988040053210","potions_obtained":[{"floor":0,"key":"Ancient Potion"},{"floor":0,"key":"LifebloodPotion"},{"floor":0,"key":"SkillPotion"},{"floor":16,"key":"SteroidPotion"}],"is_trial":false,"path_per_floor":["M","M","M","?","?","E","R","?","T","$","M","R","E","$","R","B",null,"M","M"],"character_chosen":"THE_EXALTED","items_purchased":["Bromod:ShatteringImpact+1","Bromod:BulletJump","Bromod:OrganShatter","Bromod:Rejuvenation","ReplayTheSpireMod:CursedCoin"],"campfire_rested":2,"item_purchase_floors":[10,10,10,14,14],"current_hp_per_floor":[62,62,53,71,71,38,60,60,60,60,58,58,28,28,50,31,75,64,8,8],"gold":120,"neow_bonus":"THREE_SMALL_POTIONS","is_daily":false,"chose_seed":false,"campfire_upgraded":1,"win_rate":0.0,"timestamp":1613743880,"path_taken":["M","?","?","?","?","E","R","?","T","$","M","R","E","$","R","BOSS","M","M"],"items_purchased_type":["Card","Card","Card","Card","Relic"],"build_version":"2020-11-29","purchased_purges":1,"victory":false,"max_hp_per_floor":[75,75,75,75,75,75,75,75,75,75,75,75,75,75,75,75,75,75,75,75],"card_choices":[{"not_picked":["Bromod:PressurePoint","Bromod:QuickDraw"],"picked":"Bromod:OrganShatter","floor":1},{"not_picked":["Bromod:QuickDraw","Bromod:SlipMagazine"],"picked":"Bromod:BodyCount","floor":2},{"not_picked":["Bromod:ConditionOverload","Bromod:Stretch"],"picked":"Bromod:BloodRush","floor":3},{"not_picked":["Bromod:SteelFiber","Bromod:OrganShatter"],"picked":"Bromod:Reflection","floor":6},{"not_picked":["Bromod:SteelFiber","Bromod:Foundry"],"picked":"Bromod:Redirection","floor":11},{"not_picked":["Bromod:Foundry","Bromod:Stretch","Bromod:QuickDraw"],"picked":"SKIP","floor":13},{"not_picked":["Bromod:SplitChamber","Bromod:LethalTorrent"],"picked":"Bromod:Berserker","floor":16},{"not_picked":["Bromod:SteelFiber+1","Bromod:FastHands"],"picked":"Bromod:HeatedCharge","floor":18}],"player_experience":159565,"relics_obtained":[{"floor":6,"key":"ReplayFunnel"},{"floor":9,"key":"Bromod:ArcaneMomentum"},{"floor":13,"key":"Calipers"}],"event_choices":[{"damage_healed":18,"gold_gain":0,"player_choice":"Heal","damage_taken":0,"max_hp_gain":0,"max_hp_loss":0,"event_name":"Menagerie:MagicPeddler","floor":4,"gold_loss":30}],"is_beta":false,"boss_relics":[{"not_picked":["Runic Pyramid","Kintsugi","hubris:BlackHole"]}],"items_purged_floors":[14],"is_endless":false,"potions_floor_spawned":[3,6,16],"killed_by":"2 Thieves","ascension_level":0}}