{"host":"gf8hyl7jhl0is674","time":1613699961,"event":{"mods":["2.2 Compatiblity","Act Like it!","BaseMod","CapriCore","Chen","Colored Map","Gensokyo","Hallownest","KinomotoSakuraMod(????)","Koishi","Marisa????????","Minty Spire (QoL Compilation)","Permanent Neow","Reimu??????","StSLib","The Administrix","The Blue Laboratory","The Immortal","The Servant 0.9.4","Waifu the Spire"],"gold_per_floor":[115,1,20,33,245,276,288,400,412,440,452,97,177,177,177,288,288,305,50,50,50,62,62,82,114,161,261,278,98,98,98,98,199,199,212,87,87,87,87,87,87,87,134,134,134,154,169,189,189,189,189,189,39,72,72],"floor_reached":56,"language":"ENG","playtime":3608,"items_purged":["Strike_MRS","Defend_MRS","Strike_MRS","Strike_MRS"],"score":1326,"play_id":"2f93c322-46ab-46ba-89fd-aa339e943a45","local_time":"20210218185921","is_ascension_mode":false,"campfire_choices":[{"floor":7,"key":"REST"},{"data":"AlicesGift","floor":11,"key":"SMITH"},{"data":"ManaRampage","floor":15,"key":"SMITH"},{"data":"StarDustReverie","floor":23,"key":"SMITH"},{"data":"Reinforced Body","floor":30,"key":"SMITH"},{"data":"GrandCross","floor":32,"key":"SMITH"},{"data":"EventHorizon","floor":40,"key":"SMITH"},{"floor":49,"key":"RECALL"},{"data":"UpSweep","floor":52,"key":"SMITH"}],"circlet_count":0,"master_deck":["Strike_MRS+1","Defend_MRS","MasterSpark","UpSweep+1","GasGiant","EventHorizon+1","ShootingEcho+1","GrandCross+1","MagicAbsorber","AlicesGift+1","ManaRampage+1","StarDustReverie+1","OortCloud+1","Reinforced Body+1","EnergyFlow+1","Gensokyo:MenInBlack","EscapeVelocity+1"],"relics":["MiniHakkero","MawBank","AmplifyWand","Gensokyo:MarisaPhilosophersStone","Frozen Egg 2","Chemical X","RampagingMagicTools","Whetstone","Juzu Bracelet","Bronze Scales","FossilizedHelix","Ice Cream","Busted Crown","Gensokyo:DualWield","PreservedInsect","Unceasing Top","CeramicFish","Thread and Needle","Calipers","CaptainsWheel"],"acts_visited":["Gensokyo:Gensokyo","Gensokyo:Gensokyoer","Gensokyo:Gensokyoest","TheEnding"],"potions_floor_usage":[5,16,25,33,55,55,55],"damage_taken":[{"damage":0,"enemies":"Gensokyo:2_Kodama","floor":1,"turns":4},{"damage":4,"enemies":"Gensokyo:Gryphon","floor":3,"turns":4},{"damage":4,"enemies":"Gensokyo:Python","floor":4,"turns":4},{"damage":57,"enemies":"Gensokyo:Python","floor":5,"turns":7},{"damage":3,"enemies":"Gensokyo:Gryphon_and_Rabbit","floor":6,"turns":4},{"damage":0,"enemies":"Gensokyo:VengefulSpirit","floor":10,"turns":3},{"damage":12,"enemies":"Gensokyo:Yukari","floor":16,"turns":6},{"damage":2,"enemies":"Gensokyo:2_Gloops","floor":18,"turns":3},{"damage":5,"enemies":"Gensokyo:3_Dogs","floor":22,"turns":3},{"damage":5,"enemies":"Gensokyo:Chomper_and_Gloop","floor":24,"turns":3},{"damage":19,"enemies":"Gensokyo:Koishi","floor":25,"turns":6},{"damage":0,"enemies":"Gensokyo:Koishi","floor":27,"turns":6},{"damage":5,"enemies":"Gensokyo:Wraith","floor":28,"turns":3},{"damage":2,"enemies":"Gensokyo:Kaguya","floor":33,"turns":7},{"damage":0,"enemies":"Gensokyo:3_Boulders","floor":35,"turns":1},{"damage":0,"enemies":"Gensokyo:3_Bats","floor":46,"turns":1},{"damage":5,"enemies":"Gensokyo:SeedOfUnknown","floor":47,"turns":3},{"damage":0,"enemies":"Gensokyo:Rafflesia","floor":48,"turns":3},{"damage":0,"enemies":"Gensokyo:Scarlet_Devils","floor":50,"turns":5},{"damage":0,"enemies":"Shield and Spear","floor":54,"turns":3},{"damage":14,"enemies":"The Heart","floor":55,"turns":8}],"seed_played":"6888093978396413732","potions_obtained":[{"floor":1,"key":"Strength Potion"},{"floor":10,"key":"PowerPotion"},{"floor":25,"key":"Fruit Juice"},{"floor":27,"key":"PowerPotion"},{"floor":28,"key":"blueLaboratory:CorrosionFlask"},{"floor":46,"key":"blueLaboratory:PolymorphPotion"},{"floor":47,"key":"SkillPotion"},{"floor":48,"key":"GamblersBrew"}],"is_trial":false,"path_per_floor":["M","COS","M","M","?","M","R","?","T","M","R","$","?","?","R","B",null,"M","$","?","T","M","R","M","E","T","?","M","COS","R","?","R","B",null,"M","$","?","?","?","R","$","?","T","?","?","M","M","M","R","B",null,"R","$","E","B",null],"character_chosen":"MARISA","items_purchased":["ManaRampage","Chemical X","Whetstone"],"campfire_rested":1,"item_purchase_floors":[12,12,19],"current_hp_per_floor":[75,75,71,67,10,7,29,29,29,29,29,29,29,29,29,17,75,73,73,73,73,68,68,63,49,49,49,44,44,44,44,44,42,72,72,72,72,72,62,62,62,62,62,62,34,34,37,39,39,39,72,72,72,72,58],"gold":72,"neow_bonus":"THREE_CARDS","is_daily":false,"chose_seed":false,"campfire_upgraded":7,"win_rate":0.0,"timestamp":1613699961,"path_taken":["M","COS","M","M","?","M","R","?","T","?","R","$","?","?","R","BOSS","M","$","?","?","?","R","M","E","T","?","M","COS","R","?","R","BOSS","M","$","?","?","?","R","?","?","T","?","?","M","M","M","R","BOSS","R","$","E","BOSS"],"items_purchased_type":["Card","Relic","Relic"],"build_version":"2020-12-22","purchased_purges":4,"victory":true,"max_hp_per_floor":[75,75,75,75,75,75,75,75,75,75,75,75,75,75,75,75,75,75,75,75,75,75,75,75,80,80,80,80,80,80,72,72,72,72,72,72,72,72,72,72,72,72,72,72,72,72,72,72,72,72,72,72,72,72,72],"card_choices":[{"not_picked":["IllusionStar","ShootingEcho"],"picked":"GasGiant","floor":0},{"not_picked":["IllusionStar","Acceleration"],"picked":"EventHorizon","floor":1},{"not_picked":["PropBag","LuminesStrike"],"picked":"ShootingEcho","floor":3},{"not_picked":["NonDirectionalLaser","StarlightTyphoon","SporeBomb"],"picked":"SKIP","floor":4},{"not_picked":["MysteriousBeam","Robbery"],"picked":"MagicAbsorber","floor":5},{"not_picked":["Robbery","WitchLeyline"],"picked":"AlicesGift","floor":6},{"not_picked":["GravityBeat","DoubleSpark","GalacticHalo"],"picked":"SKIP","floor":10},{"not_picked":["FinalSpark","AbsoluteMagnitude"],"picked":"StarDustReverie","floor":16},{"not_picked":["GrandCross","DarkSpark+1"],"picked":"OortCloud+1","floor":18},{"not_picked":["GravityBeat","AlicesGift","MysteriousBeam+1"],"picked":"SKIP","floor":22},{"not_picked":["MysteriousBeam","MilkyWay+1","DC"],"picked":"SKIP","floor":24},{"not_picked":["MaximisePower","NonDirectionalLaser+1","WitchOfGreed+1"],"picked":"SKIP","floor":25},{"not_picked":["AsteroidBelt","GalacticHalo"],"picked":"EnergyFlow+1","floor":27},{"not_picked":["NonDirectionalLaser","ChargeUpSpray","WitchOfGreed+1"],"picked":"SKIP","floor":28},{"not_picked":["Gensokyo:RedCapeBlueCape","Gensokyo:EightFeetTall"],"picked":"Gensokyo:MenInBlack","floor":31},{"not_picked":["AbsoluteMagnitude","BigCrunch"],"picked":"EscapeVelocity+1","floor":33},{"not_picked":["GalacticHalo+1"],"picked":"SKIP","floor":35},{"not_picked":["StarlightTyphoon+1"],"picked":"SKIP","floor":46},{"not_picked":["GravityBeat"],"picked":"SKIP","floor":47},{"not_picked":["6A+1"],"picked":"SKIP","floor":48},{"not_picked":["Acceleration"],"picked":"SKIP","floor":54}],"player_experience":459790,"relics_obtained":[{"floor":5,"key":"Gensokyo:MarisaPhilosophersStone"},{"floor":9,"key":"Frozen Egg 2"},{"floor":25,"key":"Juzu Bracelet"},{"floor":26,"key":"Bronze Scales"},{"floor":27,"key":"FossilizedHelix"},{"floor":27,"key":"Ice Cream"},{"floor":43,"key":"PreservedInsect"},{"floor":54,"key":"CaptainsWheel"}],"event_choices":[],"is_beta":false,"boss_relics":[{"not_picked":["Ectoplasm","SlaversCollar"],"picked":"RampagingMagicTools"},{"not_picked":["Philosopher\u0027s Stone","Runic Dome"],"picked":"Busted Crown"}],"items_purged_floors":[12,19,36,53],"is_endless":false,"potions_floor_spawned":[1,10,25,27,28,46,47,48,54],"ascension_level":0}}