{"host":"1w49m7d9l6qfkfhx","time":1613710759,"event":{"mods":["BaseMod","Colored Map","Conspire","Hermit","Minty Spire (QoL Compilation)","Replay The Spire","StSLib","The Construct","The Cursed","The Disciple","The Servant 0.9.4","egg"],"gold_per_floor":[110,110,157,170,180,209,67,67,94,114,114,114,114,129,129,230,230,250,267,281,281,281,281,281],"floor_reached":23,"language":"ENG","playtime":2224,"items_purged":["Voices"],"score":191,"play_id":"d6453c9a-dfc0-4db5-8259-82ee2d71e55a","local_time":"20210218235919","is_ascension_mode":false,"campfire_choices":[{"data":"hermit:EyeOfTheStorm","floor":8,"key":"SMITH"},{"data":"hermit:Roulette","floor":12,"key":"SMITH"},{"floor":15,"key":"REST"}],"circlet_count":0,"master_deck":["hermit:Strike_Hermit+1","hermit:Strike_Hermit","hermit:Strike_Hermit","hermit:Strike_Hermit","hermit:Defend_Hermit","hermit:Defend_Hermit","hermit:Defend_Hermit","hermit:Snapshot","hermit:Covet","hermit:Enervate+1","hermit:Ricochet","hermit:HoleUp","hermit:EyeOfTheStorm+1","hermit:Roulette+1","hermit:Gambit","hermit:Deadeye+1","hermit:Ricochet+1"],"relics":["hermit:Momento","NeowsBlessing","ReplayTheSpireMod:Ring of Addiction","Chameleon Ring","Potion Belt","Orichalcum","Whetstone","Replay:Mystery Machine","MutagenicStrength"],"acts_visited":["Exordium","TheCity"],"potions_floor_usage":[6,6,10,16,16,19,23],"damage_taken":[{"damage":0,"enemies":"Cultist","floor":1,"turns":1},{"damage":0,"enemies":"Jaw Worm","floor":4,"turns":1},{"damage":0,"enemies":"2 Louse","floor":5,"turns":1},{"damage":23,"enemies":"Gremlin Nob","floor":6,"turns":4},{"damage":3,"enemies":"2 Fungi Beasts","floor":10,"turns":3},{"damage":6,"enemies":"Blue Slaver","floor":14,"turns":2},{"damage":44,"enemies":"The Guardian","floor":16,"turns":9},{"damage":23,"enemies":"conspire:FuzzyDice","floor":18,"turns":5},{"damage":24,"enemies":"2 Thieves","floor":19,"turns":4},{"damage":18,"enemies":"Snecko","floor":20,"turns":4},{"damage":4,"enemies":"Replay:Snechameleon","floor":23,"turns":1}],"seed_played":"1686168494623298302","potions_obtained":[{"floor":1,"key":"DuplicationPotion"},{"floor":2,"key":"Dexterity Potion"},{"floor":2,"key":"SkillPotion"},{"floor":2,"key":"Elixir"},{"floor":5,"key":"BlessingOfTheForge"},{"floor":6,"key":"SteroidPotion"},{"floor":14,"key":"conspire:TimeTravelPotion"},{"floor":19,"key":"BlessingOfTheForge"}],"is_trial":false,"path_per_floor":["M","?","T","M","M","E","$","R","T","M","T","R","$","M","R","B",null,"M","M","M","?","?","E"],"character_chosen":"HERMIT","items_purchased":["hermit:EyeOfTheStorm"],"campfire_rested":1,"item_purchase_floors":[7],"current_hp_per_floor":[75,75,75,75,75,50,50,50,50,47,47,47,47,41,61,17,69,46,22,4,4,4,0,0],"gold":281,"neow_bonus":"THREE_ENEMY_KILL","is_daily":false,"chose_seed":false,"campfire_upgraded":2,"win_rate":0.0,"timestamp":1613710759,"path_taken":["M","?","?","?","M","E","$","R","T","M","?","R","?","?","R","BOSS","M","M","?","?","?","E"],"items_purchased_type":["Card"],"build_version":"2020-12-22","purchased_purges":1,"victory":false,"max_hp_per_floor":[75,75,75,75,75,73,73,73,73,71,71,71,71,69,69,69,69,69,69,69,69,69,67,67],"card_choices":[{"not_picked":["hermit:Grudge","hermit:Gestalt"],"picked":"hermit:Enervate","floor":1},{"not_picked":["hermit:HoleUp","hermit:LowProfile"],"picked":"hermit:Ricochet","floor":4},{"not_picked":["hermit:LowProfile","hermit:Roulette","hermit:Purgatory"],"picked":"SKIP","floor":5},{"not_picked":["hermit:WideOpen","hermit:CursedWeapon"],"picked":"hermit:HoleUp","floor":6},{"not_picked":["hermit:Headshot","hermit:Vantage"],"picked":"hermit:Roulette","floor":10},{"not_picked":["hermit:Brawl","hermit:Coalescence","hermit:DeadMansHand"],"picked":"SKIP","floor":14},{"not_picked":["hermit:HighNoon","hermit:OverwhelmingPower"],"picked":"hermit:Gambit","floor":16},{"not_picked":["hermit:BodyArmor","hermit:Snipe","hermit:Desperado"],"picked":"SKIP","floor":18},{"not_picked":["hermit:Headshot+1","hermit:ItchyTrigger"],"picked":"hermit:Deadeye+1","floor":19},{"not_picked":["hermit:Horror","hermit:BodyArmor"],"picked":"hermit:Ricochet+1","floor":20}],"player_experience":344532,"relics_obtained":[{"floor":2,"key":"ReplayTheSpireMod:Ring of Addiction"},{"floor":2,"key":"Chameleon Ring"},{"floor":2,"key":"Potion Belt"},{"floor":3,"key":"Orichalcum"},{"floor":6,"key":"Whetstone"},{"floor":9,"key":"Replay:Mystery Machine"}],"event_choices":[{"damage_healed":0,"gold_gain":0,"player_choice":"Inject Mutagens","damage_taken":0,"relics_obtained":["MutagenicStrength"],"max_hp_gain":0,"max_hp_loss":0,"event_name":"Drug Dealer","floor":21,"gold_loss":0},{"cards_removed":["hermit:Defend_Hermit"],"damage_healed":0,"gold_gain":0,"player_choice":"Elegance","damage_taken":0,"max_hp_gain":0,"max_hp_loss":0,"event_name":"Back to Basics","floor":22,"gold_loss":0}],"is_beta":false,"boss_relics":[{"not_picked":["hermit:DentedPlate","hermit:ClaspedLocket","Velvet Choker"]}],"items_purged_floors":[7],"is_endless":false,"potions_floor_spawned":[1,5,6,14,19],"killed_by":"Replay:Snechameleon","ascension_level":0}}