{"host":"mr1ctipv0dcr6y8g","time":1613759475,"event":{"mods":["BaseMod","Beaked The Cultist","DeckTracker","Downfall","Energized Spire","Minty Spire (QoL Compilation)","READ ME - Guardian Mod","Shop Mod","StSLib","The Construct"],"gold_per_floor":[99,115,115,128,128,146,170,197,39,39,54,64,64,84,104,205,205,105,116,129,141,26,26,26,44,44,44,44],"floor_reached":26,"language":"ENG","playtime":1768,"items_purged":["hexamod:Strike+1","downfall:Malfunctioning"],"score":212,"play_id":"e81c7e3d-0d6a-4b1e-88fe-6cd7493a511c","local_time":"20210219113115","is_ascension_mode":false,"campfire_choices":[{"data":"hexamod:Sear","floor":1,"key":"SMITH"},{"floor":13,"key":"REST"},{"data":"hexamod:SoulSteal","floor":18,"key":"SMITH"},{"floor":23,"key":"REST"}],"circlet_count":0,"master_deck":["hexamod:Strike+1","hexamod:Strike+1","hexamod:Defend+1","hexamod:Defend+1","hexamod:Defend+1","hexamod:Defend+1","hexamod:Sear+1","hexamod:Float+1","hexamod:NightmareStrike","hexamod:ExtraCrispy+1","hexamod:SwordOfDarkness+1","hexamod:SpectersWail+1","hexamod:SixthSeal","hexamod:GhostOfSpirePast+1","hexamod:GhostflameInferno","hexamod:FlamesFromBeyond+1","hexamod:ExtraCrispy+1","hexamod:RainOfEmbers","hexamod:SoulSteal+1","hexamod:TimeOfNeed+1","hexamod:ChargedBarrage+1","hexamod:NightmareGuise","hexamod:PhantomCloak","hexamod:InspiringFlames+1","hexamod:Rewind+1"],"relics":["construct:WeddingRing","Tiny Chest","War Paint","Black Star","downfall:HeartBlessingGreen"],"acts_visited":["Exordium","TheCity"],"potions_floor_usage":[20,20,25],"damage_taken":[{"damage":0,"enemies":"Small Slimes","floor":2,"turns":3},{"damage":1,"enemies":"2 Louse","floor":4,"turns":4},{"damage":0,"enemies":"Cultist","floor":6,"turns":3},{"damage":30,"enemies":"3 Sentries","floor":8,"turns":7},{"damage":2,"enemies":"downfall:FleeingMerchant","floor":9,"turns":4},{"damage":0,"enemies":"3 Louse","floor":11,"turns":4},{"damage":12,"enemies":"Exordium Thugs","floor":12,"turns":3},{"damage":0,"enemies":"Exordium Wildlife","floor":14,"turns":3},{"damage":16,"enemies":"downfall:LooterAlt","floor":15,"turns":4},{"damage":30,"enemies":"DF_ARCHETYPE_STREAMLINE","floor":16,"turns":8},{"damage":15,"enemies":"Shell Parasite","floor":19,"turns":3},{"damage":12,"enemies":"3 Byrds","floor":20,"turns":3},{"damage":25,"enemies":"Snake Plant","floor":21,"turns":4},{"damage":6,"enemies":"downfall:FleeingMerchant","floor":22,"turns":4},{"damage":12,"enemies":"Chosen and Byrds","floor":25,"turns":6},{"damage":31,"enemies":"Book of Stabbing","floor":26,"turns":5}],"seed_played":"-8530373752760236699","potions_obtained":[{"floor":8,"key":"SpeedPotion"},{"floor":11,"key":"LiquidBronze"},{"floor":15,"key":"SkillPotion"},{"floor":20,"key":"SkillPotion"}],"is_trial":false,"path_per_floor":["R","M","?","M","?","M","T","E","$","?","M","M","R","M","M","B",null,"R","M","M","M","$","R","T","M","E"],"character_chosen":"THE_SPIRIT","items_purchased":["hexamod:GhostOfSpirePast"],"campfire_rested":2,"item_purchase_floors":[9],"current_hp_per_floor":[70,70,70,69,74,74,74,44,42,42,42,30,52,52,36,6,75,75,60,48,23,17,39,39,27,0,0,0],"gold":44,"neow_bonus":"BOSS_RELIC","is_daily":false,"chose_seed":false,"campfire_upgraded":2,"win_rate":0.0,"timestamp":1613759475,"path_taken":["R","M","?","M","?","M","T","E","$","?","M","M","R","M","M","BOSS","R","M","M","?","$","R","T","M","E"],"items_purchased_type":["Card"],"build_version":"2020-12-22","purchased_purges":2,"victory":false,"max_hp_per_floor":[70,70,70,70,75,75,75,75,75,75,75,75,75,75,75,75,75,75,75,75,75,75,75,75,75,75,75,75],"card_choices":[{"not_picked":["hexamod:BurningTouch","hexamod:HeatCrush"],"picked":"hexamod:NightmareStrike","floor":2},{"not_picked":["hexamod:ThermalTransfer","hexamod:Firestarter"],"picked":"hexamod:ExtraCrispy","floor":4},{"not_picked":["hexamod:BurningTouch","hexamod:Haunt"],"picked":"hexamod:SwordOfDarkness","floor":6},{"not_picked":["hexamod:InspiringFlames","hexamod:UnlimitedPower"],"picked":"hexamod:SpectersWail","floor":8},{"not_picked":["hexamod:BacktrackSmack","hexamod:Firestarter"],"picked":"hexamod:SixthSeal","floor":9},{"not_picked":["hexamod:NecessarySacrifice","hexamod:NightmareStrike"],"picked":"hexamod:FlamesFromBeyond","floor":11},{"not_picked":["hexamod:FourthSeal","hexamod:SecondSeal"],"picked":"hexamod:ExtraCrispy","floor":12},{"not_picked":["hexamod:EmpoweredFlame","hexamod:DynamicBlow"],"picked":"hexamod:RainOfEmbers","floor":14},{"not_picked":["hexamod:FastForward","hexamod:Again"],"picked":"hexamod:SoulSteal","floor":15},{"not_picked":["hexamod:UnlimitedPower","hexamod:UnleashSpirits"],"picked":"hexamod:TimeOfNeed","floor":16},{"not_picked":["hexamod:GhostShield","hexamod:InspiringFlames"],"picked":"hexamod:ChargedBarrage+1","floor":19},{"not_picked":["hexamod:ThermalTransfer","hexamod:UnleashSpirits"],"picked":"hexamod:NightmareGuise","floor":20},{"not_picked":["hexamod:NightmareStrike+1","hexamod:SecondSeal"],"picked":"hexamod:PhantomCloak","floor":21},{"not_picked":["hexamod:Rewind","hexamod:HauntingEcho"],"picked":"hexamod:InspiringFlames+1","floor":22},{"not_picked":["hexamod:NightmareGuise","hexamod:SwordOfDarkness"],"picked":"hexamod:Rewind+1","floor":25}],"player_experience":1760829,"relics_obtained":[{"floor":7,"key":"Tiny Chest"},{"floor":8,"key":"War Paint"}],"event_choices":[{"damage_healed":0,"gold_gain":0,"player_choice":"Donut","damage_taken":0,"max_hp_gain":5,"max_hp_loss":0,"event_name":"Big Fish","floor":5,"gold_loss":0}],"is_beta":false,"boss_relics":[{"not_picked":["energizedSpire:CursedPentagram","energizedSpire:EnergizedDie"],"picked":"Black Star"}],"items_purged_floors":[9,22],"is_endless":false,"potions_floor_spawned":[8,11,15,16,19,20],"killed_by":"Book of Stabbing","ascension_level":0}}