{"host":"9mxh6ws95chy03c4","time":1613764403,"event":{"mods":["BaseMod","BetterRewards","Downfall","Minty Spire (QoL Compilation)","StSLib"],"gold_per_floor":[118,129,129,140,140,140,152,152,152,185,26,26,26,36,36,141,141,159,159,159,178,192,192,211,211,211,211,225,237,253,267,267,267,267],"floor_reached":33,"language":"ENG","playtime":2239,"items_purged":[],"score":289,"play_id":"3aaf34bf-20fe-45da-96a8-760cf48b4bf2","local_time":"20210219145323","is_ascension_mode":true,"campfire_choices":[{"floor":6.0,"key":"REST"},{"data":"Dualcast","floor":8.0,"key":"SMITH"},{"floor":13.0,"key":"REST"},{"floor":15.0,"key":"REST"},{"floor":23.0,"key":"REST"},{"floor":25.0,"key":"REST"},{"floor":27.0,"key":"REST"},{"floor":32.0,"key":"REST"}],"circlet_count":0,"master_deck":["Strike_B","Strike_B","Strike_B","Strike_B","Defend_B","Defend_B","Defend_B","Defend_B","Zap+1","Dualcast+1","Thunder Strike","Gash","Streamline","Go for the Eyes","Melter","Electrodynamics+1","Buffer+1","Hologram","Steam+1","Scrape"],"relics":["Cracked Core","InkBottle","Potion Belt","Meat on the Bone","Pear"],"acts_visited":["Exordium","TheCity"],"potions_floor_usage":[33,33,33],"damage_taken":[{"damage":1.0,"enemies":"Cultist","floor":1.0,"turns":3.0},{"damage":1.0,"enemies":"2 Louse","floor":2.0,"turns":2.0},{"damage":10.0,"enemies":"Small Slimes","floor":4.0,"turns":3.0},{"damage":12.0,"enemies":"3 Louse","floor":7.0,"turns":4.0},{"damage":35.0,"enemies":"3 Sentries","floor":10.0,"turns":6.0},{"damage":6.0,"enemies":"Blue Slaver","floor":14.0,"turns":2.0},{"damage":34.0,"enemies":"Hexaghost","floor":16.0,"turns":8.0},{"damage":7.0,"enemies":"Chosen","floor":18.0,"turns":4.0},{"damage":30.0,"enemies":"Shell Parasite","floor":21.0,"turns":5.0},{"damage":24.0,"enemies":"Centurion and Healer","floor":22.0,"turns":4.0},{"damage":29.0,"enemies":"Shelled Parasite and Fungi","floor":24.0,"turns":5.0},{"damage":7.0,"enemies":"3 Cultists","floor":28.0,"turns":3.0},{"damage":43.0,"enemies":"Centurion and Healer","floor":29.0,"turns":5.0},{"damage":10.0,"enemies":"Sentry and Sphere","floor":30.0,"turns":3.0},{"damage":5.0,"enemies":"3 Cultists","floor":31.0,"turns":4.0},{"damage":79,"enemies":"Automaton","floor":33,"turns":8}],"seed_played":"-5673506620381575563","potions_obtained":[{"floor":2.0,"key":"Weak Potion"},{"floor":10.0,"key":"hexamod:SoulburnPotion"},{"floor":18.0,"key":"bronze:BurnAndBuffPotion"},{"floor":24.0,"key":"PotionOfCapacity"},{"floor":28.0,"key":"Energy Potion"},{"floor":29.0,"key":"PowerPotion"}],"is_trial":false,"path_per_floor":["M","M","?","M","?","R","M","R","T","E","$","?","R","M","R","B",null,"M","?","?","M","M","R","M","R","T","R","M","M","M","M","R","B"],"character_chosen":"DEFECT","items_purchased":["Electrodynamics"],"campfire_rested":7,"item_purchase_floors":[11],"current_hp_per_floor":[74,73,73,63,63,75,63,63,63,28,28,28,50,44,66,32,75,68,68,68,38,26,48,31,53,63,85,78,47,49,44,69,0,0],"gold":267,"neow_bonus":"ONE_RANDOM_RARE_CARD","is_daily":false,"chose_seed":false,"campfire_upgraded":1,"win_rate":0.0,"timestamp":1613764403,"path_taken":["M","?","?","?","?","R","M","R","T","E","$","?","R","M","R","BOSS","M","?","?","M","M","R","?","R","T","R","M","M","M","M","R","BOSS"],"items_purchased_type":["Card"],"build_version":"2020-12-22","purchased_purges":0,"victory":false,"max_hp_per_floor":[75,75,75,75,75,75,75,75,75,75,75,75,75,75,75,75,75,75,75,75,75,75,75,75,75,85,85,85,85,85,85,85,85,85],"card_choices":[{"not_picked":["Leap","Darkness"],"picked":"Gash","floor":1.0},{"not_picked":["Force Field","Capacitor"],"picked":"Streamline","floor":2.0},{"not_picked":["Reprogram","Blizzard","Barrage"],"picked":"SKIP","floor":4.0},{"not_picked":["Storm","Coolheaded"],"picked":"Go for the Eyes","floor":7.0},{"not_picked":["Cold Snap","Tempest"],"picked":"Melter","floor":10.0},{"not_picked":["Redo","Coolheaded","Recycle"],"picked":"SKIP","floor":14.0},{"not_picked":["Machine Learning","Thunder Strike"],"picked":"Buffer","floor":16.0},{"not_picked":["Ball Lightning","Tempest+1"],"picked":"Hologram","floor":18.0},{"not_picked":["Cold Snap","Barrage","Capacitor"],"picked":"SKIP","floor":21.0},{"not_picked":["Rebound","Barrage"],"picked":"Steam+1","floor":22.0},{"not_picked":["Compile Driver","Reinforced Body","Coolheaded"],"picked":"SKIP","floor":24.0},{"not_picked":["Hello World","FTL","Heatsinks"],"picked":"SKIP","floor":28.0},{"not_picked":["Chaos+1","Aggregate","Steam Power"],"picked":"SKIP","floor":29.0},{"not_picked":["Tempest","Streamline"],"picked":"Scrape","floor":30.0},{"not_picked":["Fission","Undo","Redo"],"picked":"SKIP","floor":31.0}],"player_experience":105317,"relics_obtained":[{"floor":9.0,"key":"InkBottle"},{"floor":10.0,"key":"Potion Belt"},{"floor":26.0,"key":"Pear"}],"event_choices":[{"damage_healed":0.0,"max_hp_gain":0.0,"max_hp_loss":0.0,"gold_gain":0.0,"event_name":"Upgrade Shrine","player_choice":"Upgraded","floor":3.0,"gold_loss":0.0,"damage_taken":0.0,"cards_upgraded":["Zap"]},{"damage_healed":0.0,"max_hp_gain":0.0,"max_hp_loss":0.0,"gold_gain":0.0,"event_name":"The Cleric","player_choice":"Leave","floor":5.0,"gold_loss":0.0,"damage_taken":0.0},{"damage_healed":0.0,"max_hp_gain":0.0,"max_hp_loss":0.0,"gold_gain":0.0,"event_name":"Living Wall","player_choice":"Grow","floor":12.0,"gold_loss":0.0,"damage_taken":0.0,"cards_upgraded":["Electrodynamics"]},{"damage_healed":0.0,"max_hp_gain":0.0,"max_hp_loss":0.0,"gold_gain":0.0,"event_name":"The Mausoleum","player_choice":"Opened","floor":19.0,"gold_loss":0.0,"damage_taken":0.0,"relics_obtained":["Meat on the Bone"]},{"damage_healed":0.0,"max_hp_gain":0.0,"max_hp_loss":0.0,"gold_gain":0.0,"event_name":"Upgrade Shrine","player_choice":"Upgraded","floor":20.0,"gold_loss":0.0,"damage_taken":0.0,"cards_upgraded":["Buffer"]}],"is_beta":false,"boss_relics":[{"not_picked":["Ectoplasm","Busted Crown","Snecko Eye"]}],"items_purged_floors":[],"is_endless":false,"potions_floor_spawned":[2,10,18,24,28,29],"killed_by":"Automaton","ascension_level":3}}