{"host":"rw1trt79hfpl7pom","time":1613729918,"event":{"mods":["BaseMod","Bestiary","Colored Map","Jorbs\u0027s Wanderer Trilogy","Minty Spire (QoL Compilation)","Relic Stats","StSLib","SuperFastMode"],"gold_per_floor":[117,130,16,32,46,46,73,73,125,25,36,68,68,101,101,172,172,191,191,191,191,201,233,233,265,289,289,43,68,68,84,84,158,158,174,174,174,191,216,243,243,277,277,309,319,30,44,75,75,75,75],"floor_reached":50,"language":"ENG","playtime":3209,"items_purged":["Strike_G","Strike_G","Strike_G+1"],"score":1518,"play_id":"e84d86c0-2e25-4090-adc1-71b1ad37b497","local_time":"20210219021838","is_ascension_mode":true,"campfire_choices":[{"data":"Blade Dance","floor":6.0,"key":"SMITH"},{"data":"Accuracy","floor":13.0,"key":"SMITH"},{"data":"Finisher","floor":15.0,"key":"SMITH"},{"data":"J.A.X.","floor":24.0,"key":"SMITH"},{"data":"Accuracy","floor":27.0,"key":"SMITH"},{"data":"Well Laid Plans","floor":32.0,"key":"SMITH"},{"floor":49,"key":"RECALL"}],"circlet_count":0,"master_deck":["AscendersBane","Defend_G+1","Defend_G+1","Defend_G+1","Defend_G+1","Defend_G+1","Survivor","Neutralize","Storm of Steel","Blade Dance+1","Accuracy+1","Noxious Fumes","All Out Attack","Night Terror+1","Finisher+1","Dagger Spray","Venomology","PiercingWail","J.A.X.+1","Accuracy+1","PiercingWail","Cloak And Dagger+1","Well Laid Plans+1","Corpse Explosion","Bullet Time","Deep Breath","Flash of Steel","Acrobatics","Malaise"],"relics":["Ring of the Snake","Meat on the Bone","Nunchaku","Potion Belt","Toy Ornithopter","HoveringKite","PreservedInsect","Matryoshka","Blue Candle","War Paint","Bag of Preparation","Art of War","Nilry\u0027s Codex","WristBlade","FossilizedHelix","Tingsha","Pear","Juzu Bracelet","Boot","TwistedFunnel","Akabeko"],"acts_visited":["Exordium","TheCity","TheBeyond"],"potions_floor_usage":[40,40,42,42,44,45,45,45,45,47,48,48,48,48,50,50,50,50,50,50,50,50],"damage_taken":[{"damage":0.0,"enemies":"Cultist","floor":1.0,"turns":3.0},{"damage":0.0,"enemies":"2 Louse","floor":2.0,"turns":4.0},{"damage":2.0,"enemies":"Jaw Worm","floor":4.0,"turns":4.0},{"damage":0.0,"enemies":"Gremlin Gang","floor":5.0,"turns":6.0},{"damage":10.0,"enemies":"Lagavulin","floor":7.0,"turns":6.0},{"damage":0.0,"enemies":"Exordium Thugs","floor":11.0,"turns":4.0},{"damage":10.0,"enemies":"3 Sentries","floor":12.0,"turns":5.0},{"damage":0.0,"enemies":"Gremlin Nob","floor":14.0,"turns":2.0},{"damage":0.0,"enemies":"Slime Boss","floor":16.0,"turns":6.0},{"damage":4.0,"enemies":"3 Byrds","floor":18.0,"turns":5.0},{"damage":10.0,"enemies":"Chosen","floor":22.0,"turns":4.0},{"damage":26.0,"enemies":"Book of Stabbing","floor":23.0,"turns":4.0},{"damage":7.0,"enemies":"Gremlin Leader","floor":25.0,"turns":5.0},{"damage":14.0,"enemies":"Slavers","floor":29.0,"turns":6.0},{"damage":0.0,"enemies":"3 Cultists","floor":31.0,"turns":2.0},{"damage":22.0,"enemies":"Automaton","floor":33.0,"turns":7.0},{"damage":6.0,"enemies":"3 Darklings","floor":35.0,"turns":5.0},{"damage":2.0,"enemies":"Orb Walker","floor":38.0,"turns":3.0},{"damage":3.0,"enemies":"Mind Bloom Boss Battle","floor":39.0,"turns":6.0},{"damage":0,"enemies":"Giant Head","floor":40,"turns":5},{"damage":34,"enemies":"Reptomancer","floor":42,"turns":7},{"damage":0,"enemies":"Nemesis","floor":44,"turns":3},{"damage":4,"enemies":"3 Darklings","floor":45,"turns":8},{"damage":5,"enemies":"Jaw Worm Horde","floor":47,"turns":3},{"damage":49,"enemies":"Giant Head","floor":48,"turns":7},{"damage":91,"enemies":"Time Eater","floor":50,"turns":9}],"seed_played":"5847794802067638380","potions_obtained":[{"floor":2.0,"key":"LiquidMemories"},{"floor":4.0,"key":"SpeedPotion"},{"floor":14.0,"key":"SkillPotion"},{"floor":16.0,"key":"Swift Potion"},{"floor":18.0,"key":"ColorlessPotion"},{"floor":23.0,"key":"Explosive Potion"},{"floor":29.0,"key":"Dexterity Potion"},{"floor":31.0,"key":"ColorlessPotion"},{"floor":33.0,"key":"Weak Potion"},{"floor":35.0,"key":"AttackPotion"},{"floor":39.0,"key":"BlessingOfTheForge"},{"floor":42,"key":"CunningPotion"},{"floor":47,"key":"LiquidBronze"}],"is_trial":false,"path_per_floor":["M","M","$","M","M","R","E","?","T","$","M","E","R","E","R","B",null,"M","?","?","?","M","E","R","E","T","R","$","E","?","M","R","B",null,"M","?","?","M","?","E","?","E","T","E","M","$","M","E","R","B"],"character_chosen":"THE_SILENT","items_purchased":["Noxious Fumes","Well Laid Plans","Bag of Preparation","TwistedFunnel"],"campfire_rested":0,"item_purchase_floors":[3,28,28,46],"current_hp_per_floor":[59,59,59,57,57,57,47,40,40,40,40,42,42,42,42,47,61,57,57,57,57,66,48,48,51,51,51,51,37,16,33,33,28,57,66,66,56,54,66,66,63,49,49,54,70,70,68,36,36,0,0],"gold":75,"neow_bonus":"ONE_RANDOM_RARE_CARD","is_daily":false,"chose_seed":false,"campfire_upgraded":6,"win_rate":0.0,"timestamp":1613729918,"path_taken":["M","M","$","?","M","R","E","?","T","?","?","E","R","E","R","BOSS","M","?","?","?","M","E","R","E","T","R","$","E","?","M","R","BOSS","M","?","?","M","?","E","?","E","T","E","M","?","M","E","R","BOSS"],"items_purchased_type":["Card","Card","Relic","Relic"],"build_version":"2020-12-22","purchased_purges":3,"victory":false,"max_hp_per_floor":[66,66,66,66,66,66,66,66,66,66,66,66,66,66,66,66,66,66,66,66,66,66,66,66,66,66,66,66,66,66,66,66,66,66,66,66,66,66,66,66,63,73,73,73,73,73,73,73,73,73,73],"relic_stats":{"counters":[26,129],"Blue Candle":[0],"HoveringKite":[31],"Tingsha":[66],"PreservedInsect":464,"Bag of Preparation":[26],"Juzu Bracelet":0,"War Paint":["Cloak And Dagger","Night Terror"],"Boot":[4],"Nunchaku":[30],"Art of War":[14],"obtain_stats":[{"Potion Belt":12,"TwistedFunnel":46,"Pear":42,"Nilry\u0027s Codex":30,"Blue Candle":26,"HoveringKite":17,"Tingsha":40,"PreservedInsect":23,"Bag of Preparation":28,"Juzu Bracelet":43,"War Paint":26,"Boot":44,"Akabeko":48,"Nunchaku":9,"Matryoshka":25,"WristBlade":34,"Art of War":29,"Toy Ornithopter":14,"FossilizedHelix":39,"Ring of the Snake":0,"Meat on the Bone":7},{"Potion Belt":7,"TwistedFunnel":23,"Pear":21,"Nilry\u0027s Codex":14,"Blue Candle":13,"HoveringKite":9,"Tingsha":20,"PreservedInsect":12,"Bag of Preparation":13,"Juzu Bracelet":21,"War Paint":13,"Boot":22,"Akabeko":25,"Nunchaku":5,"Matryoshka":13,"WristBlade":16,"Art of War":14,"Toy Ornithopter":8,"FossilizedHelix":19,"Ring of the Snake":0,"Meat on the Bone":5},{"Potion Belt":32,"TwistedFunnel":110,"Pear":99,"Nilry\u0027s Codex":64,"Blue Candle":58,"HoveringKite":40,"Tingsha":92,"PreservedInsect":53,"Bag of Preparation":58,"Juzu Bracelet":99,"War Paint":58,"Boot":102,"Akabeko":120,"Nunchaku":23,"Matryoshka":58,"WristBlade":73,"Art of War":64,"Toy Ornithopter":34,"FossilizedHelix":87,"Ring of the Snake":0,"Meat on the Bone":23}],"Toy Ornithopter":165,"Ring of the Snake":[52],"Meat on the Bone":48},"card_choices":[{"not_picked":["Sucker Punch","Dagger Throw"],"picked":"Blade Dance","floor":1.0},{"not_picked":["Outmaneuver","Bane"],"picked":"Accuracy","floor":2.0},{"not_picked":["Deadly Poison","Acrobatics"],"picked":"All Out Attack","floor":4.0},{"not_picked":["Quick Slash","Caltrops"],"picked":"Night Terror","floor":5.0},{"not_picked":["Quick Slash","Prepared","Sucker Punch"],"picked":"SKIP","floor":7.0},{"not_picked":["Blur","Dodge and Roll"],"picked":"Finisher","floor":11.0},{"not_picked":["Heel Hook","Eviscerate","Dagger Throw"],"picked":"SKIP","floor":12.0},{"not_picked":["Skewer","Endless Agony"],"picked":"Dagger Spray","floor":14.0},{"not_picked":["Malaise","Tools of the Trade"],"picked":"Venomology","floor":16.0},{"not_picked":["All Out Attack","Deflect"],"picked":"PiercingWail","floor":18.0},{"not_picked":["Backflip","Outmaneuver"],"picked":"PiercingWail","floor":22.0},{"not_picked":["Endless Agony","Sucker Punch","Catalyst"],"picked":"SKIP","floor":23.0},{"not_picked":["Deadly Poison+1","Setup"],"picked":"Cloak And Dagger","floor":25.0},{"not_picked":["Quick Slash","Flying Knee"],"picked":"Corpse Explosion","floor":29.0},{"not_picked":["Skewer+1","Flying Knee","Slice"],"picked":"SKIP","floor":31.0},{"not_picked":["Unload","A Thousand Cuts"],"picked":"Bullet Time","floor":33.0},{"not_picked":["Backstab","Deadly Poison","Riddle With Holes"],"picked":"SKIP","floor":35.0},{"not_picked":["Panache","Trip"],"picked":"Deep Breath","floor":37.0},{"not_picked":["PanicButton","Dark Shackles"],"picked":"Flash of Steel","floor":37.0},{"not_picked":["Dagger Spray","PiercingWail","All Out Attack+1"],"picked":"SKIP","floor":38.0},{"not_picked":["Masterful Stab","Caltrops+1","Bane"],"picked":"SKIP","floor":40},{"not_picked":["Setup+1","Underhanded Strike"],"picked":"Acrobatics","floor":42},{"not_picked":["Outmaneuver","Predator"],"picked":"Malaise","floor":44},{"not_picked":["Caltrops+1","Deadly Poison+1","Underhanded Strike+1"],"picked":"SKIP","floor":45},{"not_picked":["Bane","Underhanded Strike+1","Escape Plan"],"picked":"SKIP","floor":47},{"not_picked":["Flying Knee+1","Setup+1","Dagger Throw+1"],"picked":"SKIP","floor":48}],"player_experience":2797264,"relics_obtained":[{"floor":7.0,"key":"Meat on the Bone"},{"floor":9.0,"key":"Nunchaku"},{"floor":12.0,"key":"Potion Belt"},{"floor":14.0,"key":"Toy Ornithopter"},{"floor":23.0,"key":"PreservedInsect"},{"floor":25.0,"key":"Matryoshka"},{"floor":26.0,"key":"Blue Candle"},{"floor":26.0,"key":"War Paint"},{"floor":29.0,"key":"Art of War"},{"floor":30.0,"key":"Nilry\u0027s Codex"},{"floor":39.0,"key":"FossilizedHelix"},{"floor":40,"key":"Tingsha"},{"floor":42,"key":"Pear"},{"floor":43,"key":"Juzu Bracelet"},{"floor":44,"key":"Boot"},{"floor":48,"key":"Akabeko"}],"event_choices":[{"cards_removed":["Strike_G"],"damage_healed":0.0,"max_hp_gain":0.0,"max_hp_loss":0.0,"gold_gain":0.0,"event_name":"Golden Wing","player_choice":"Card Removal","floor":8.0,"gold_loss":0.0,"damage_taken":7.0},{"damage_healed":0.0,"max_hp_gain":0.0,"max_hp_loss":0.0,"gold_gain":0.0,"event_name":"Back to Basics","player_choice":"Simplicity","floor":19.0,"gold_loss":0.0,"damage_taken":0.0,"cards_upgraded":["Strike_G","Strike_G","Defend_G","Defend_G","Defend_G","Defend_G","Defend_G"]},{"damage_healed":0.0,"max_hp_gain":0.0,"max_hp_loss":0.0,"gold_gain":0.0,"event_name":"Drug Dealer","player_choice":"Obtain J.A.X.","floor":20.0,"gold_loss":0.0,"damage_taken":0.0,"cards_obtained":["J.A.X."]},{"damage_healed":0.0,"max_hp_gain":0.0,"max_hp_loss":0.0,"gold_gain":0.0,"event_name":"The Library","player_choice":"Read","floor":21.0,"gold_loss":0.0,"damage_taken":0.0,"cards_obtained":["Accuracy"]},{"damage_healed":0.0,"max_hp_gain":0.0,"max_hp_loss":0.0,"gold_gain":0.0,"event_name":"Cursed Tome","player_choice":"Obtained Book","floor":30.0,"gold_loss":0.0,"damage_taken":21.0},{"cards_removed":["Strike_G"],"damage_healed":0.0,"max_hp_gain":0.0,"max_hp_loss":0.0,"gold_gain":0.0,"event_name":"Falling","player_choice":"Removed Attack","floor":36.0,"gold_loss":0.0,"damage_taken":0.0},{"damage_healed":0.0,"max_hp_gain":0.0,"max_hp_loss":0.0,"gold_gain":0.0,"event_name":"SensoryStone","player_choice":"Memory 3","floor":37.0,"gold_loss":0.0,"damage_taken":10.0},{"damage_healed":0.0,"max_hp_gain":0.0,"max_hp_loss":0.0,"gold_gain":0.0,"event_name":"MindBloom","player_choice":"Fight","floor":39.0,"gold_loss":0.0,"damage_taken":0.0},{"damage_healed":0,"gold_gain":0,"player_choice":"Max HP","damage_taken":0,"max_hp_gain":0,"max_hp_loss":3,"event_name":"Winding Halls","floor":41,"gold_loss":0}],"is_beta":false,"boss_relics":[{"not_picked":["Tiny House","Pandora\u0027s Box"],"picked":"HoveringKite"},{"not_picked":["Calling Bell","Sozu"],"picked":"WristBlade"}],"items_purged_floors":[3,10,46],"is_endless":false,"potions_floor_spawned":[2,4,5,14,16,18,23,29,31,33,35,39,42,45,47],"killed_by":"Time Eater","ascension_level":20}}