{"host":"hg2vyukq38ky973l","time":1613775116,"event":{"mods":["AchievementEnabler","BaseMod","Minty Spire (QoL Compilation)"],"gold_per_floor":[116,134,134,149,149,180,180,180,225,225,77,93,93,18,18,123,123,143,158,158,171,189,189,206,58,84,101,125,125,135,135,135,240,240,251,267,122,138,163,191,191,521,544,561,561,578,591,639,639,639,639],"floor_reached":50,"language":"ENG","playtime":3029,"items_purged":["Defend_G","Strike_G"],"score":686,"play_id":"0a36eec5-1e1e-4fe2-87a3-8faab9fc64f3","local_time":"20210220085156","is_ascension_mode":true,"campfire_choices":[{"floor":7.0,"key":"REST"},{"data":"After Image","floor":10.0,"key":"SMITH"},{"floor":13.0,"key":"REST"},{"data":"Infinite Blades","floor":15.0,"key":"SMITH"},{"floor":29,"key":"REST"},{"data":"After Image","floor":32,"key":"SMITH"},{"data":"Envenom","floor":41,"key":"SMITH"},{"data":"Accuracy","floor":45,"key":"SMITH"},{"data":"Accuracy","floor":49,"key":"SMITH"}],"circlet_count":0,"master_deck":["Strike_G","Strike_G+1","Defend_G","Defend_G","Defend_G","Survivor","Neutralize","Deflect","Infinite Blades+1","After Image+1","Accuracy+1","Infinite Blades","Storm of Steel","Dodge and Roll","Die Die Die","Masterful Stab+1","Prepared+1","After Image+1","Prepared+1","Blade Dance","Accuracy+1","Envenom+1","Blade Dance","Deflect+1","Outmaneuver","Backflip+1","Blade Dance","Tactician+1","Bane+1"],"relics":["Ring of the Snake","Toy Ornithopter","Centennial Puzzle","Busted Crown","Eternal Feather","Orrery","Blood Vial","Whetstone","HoveringKite","Smiling Mask","Gremlin Horn","Old Coin","Boot","Unceasing Top"],"acts_visited":["Exordium","TheCity","TheBeyond"],"potions_floor_usage":[38,42],"damage_taken":[{"damage":1.0,"enemies":"Small Slimes","floor":1.0,"turns":6.0},{"damage":0.0,"enemies":"Cultist","floor":2.0,"turns":5.0},{"damage":2.0,"enemies":"Jaw Worm","floor":4.0,"turns":7.0},{"damage":57.0,"enemies":"Lagavulin","floor":6.0,"turns":12.0},{"damage":13.0,"enemies":"3 Louse","floor":12.0,"turns":4.0},{"damage":27.0,"enemies":"Hexaghost","floor":16.0,"turns":10.0},{"damage":36.0,"enemies":"Shell Parasite","floor":18.0,"turns":5.0},{"damage":2.0,"enemies":"3 Byrds","floor":19.0,"turns":5.0},{"damage":12.0,"enemies":"Sentry and Sphere","floor":21.0,"turns":6.0},{"damage":8.0,"enemies":"Chosen and Byrds","floor":22.0,"turns":6.0},{"damage":9.0,"enemies":"Snake Plant","floor":24.0,"turns":4.0},{"damage":0,"enemies":"Shelled Parasite and Fungi","floor":27,"turns":8},{"damage":2,"enemies":"3 Cultists","floor":30,"turns":7},{"damage":34,"enemies":"Automaton","floor":33,"turns":10},{"damage":21,"enemies":"3 Darklings","floor":35,"turns":6},{"damage":1,"enemies":"Orb Walker","floor":36,"turns":4},{"damage":1,"enemies":"Maw","floor":38,"turns":5},{"damage":8,"enemies":"Reptomancer","floor":40,"turns":6},{"damage":0,"enemies":"Nemesis","floor":42,"turns":7},{"damage":18,"enemies":"4 Shapes","floor":44,"turns":5},{"damage":23,"enemies":"Spire Growth","floor":46,"turns":4},{"damage":0,"enemies":"Maw","floor":47,"turns":5},{"damage":17,"enemies":"2 Orb Walkers","floor":48,"turns":5},{"damage":56,"enemies":"Time Eater","floor":50,"turns":4}],"seed_played":"-1664330494276525295","potions_obtained":[{"floor":1.0,"key":"BlessingOfTheForge"},{"floor":12.0,"key":"AttackPotion"},{"floor":16.0,"key":"BlessingOfTheForge"},{"floor":18.0,"key":"DuplicationPotion"},{"floor":21.0,"key":"FearPotion"},{"floor":30,"key":"DistilledChaos"},{"floor":38,"key":"DistilledChaos"},{"floor":40,"key":"SpeedPotion"},{"floor":44,"key":"SteroidPotion"},{"floor":47,"key":"Strength Potion"}],"is_trial":false,"path_per_floor":["M","M","?","M","?","E","R","?","T","R","$","M","R","$","R","B",null,"M","M","?","M","M","?","M","$","T","M","T","R","M","?","R","B",null,"M","M","$","M","T","E","R","E","T","M","R","M","M","?","R","B"],"character_chosen":"THE_SILENT","items_purchased":["Accuracy","Infinite Blades","Orrery","Blade Dance"],"campfire_rested":3,"item_purchase_floors":[11,14,25,37],"current_hp_per_floor":[76,76,76,74,74,17,40,40,40,40,40,27,50,50,50,28,65,29,27,27,20,12,12,8,8,8,10,10,45,45,45,57,25,64,45,46,46,52,52,46,61,68,68,52,67,46,48,33,48,0,0],"gold":639,"neow_bonus":"TEN_PERCENT_HP_BONUS","is_daily":false,"chose_seed":false,"campfire_upgraded":6,"win_rate":0.0,"timestamp":1613775116,"path_taken":["M","M","?","?","?","E","R","?","T","R","$","M","R","?","R","BOSS","M","M","?","?","M","?","M","$","T","M","?","R","?","?","R","BOSS","M","?","$","M","?","E","R","E","T","M","R","M","M","?","R","BOSS"],"items_purchased_type":["Card","Card","Relic","Card"],"build_version":"2020-12-22","purchased_purges":2,"victory":false,"max_hp_per_floor":[77,77,77,77,77,77,77,77,77,77,77,77,77,77,77,77,77,77,77,77,77,77,77,77,77,77,77,77,77,77,77,77,77,77,77,77,77,77,77,77,77,77,77,77,77,77,77,77,77,77,77],"card_choices":[{"not_picked":["Distraction","Outmaneuver"],"picked":"Deflect","floor":1.0},{"not_picked":["Underhanded Strike","Blur","Predator"],"picked":"SKIP","floor":2.0},{"not_picked":["Backflip","Heel Hook"],"picked":"Infinite Blades","floor":4.0},{"not_picked":["Terror","Tools of the Trade"],"picked":"After Image","floor":6.0},{"not_picked":["Deadly Poison","Tactician","Dagger Throw"],"picked":"SKIP","floor":12.0},{"not_picked":["Malaise","Glass Knife"],"picked":"Storm of Steel","floor":16.0},{"not_picked":["Crippling Poison"],"picked":"SKIP","floor":18.0},{"not_picked":["Acrobatics"],"picked":"SKIP","floor":19.0},{"not_picked":["Riddle With Holes"],"picked":"SKIP","floor":21.0},{"not_picked":[],"picked":"Dodge and Roll","floor":22.0},{"not_picked":[],"picked":"Prepared+1","floor":24.0},{"not_picked":[],"picked":"After Image","floor":25.0},{"not_picked":[],"picked":"Prepared+1","floor":25.0},{"not_picked":["Flying Knee"],"picked":"SKIP","floor":27},{"not_picked":[],"picked":"Blade Dance","floor":30},{"not_picked":[],"picked":"Envenom","floor":33},{"not_picked":["Sucker Punch"],"picked":"SKIP","floor":35},{"not_picked":["PiercingWail+1"],"picked":"SKIP","floor":36},{"not_picked":[],"picked":"Deflect+1","floor":38},{"not_picked":[],"picked":"Outmaneuver","floor":40},{"not_picked":[],"picked":"Backflip+1","floor":42},{"not_picked":[],"picked":"Blade Dance","floor":44},{"not_picked":[],"picked":"Tactician+1","floor":46},{"not_picked":["Outmaneuver"],"picked":"SKIP","floor":47},{"not_picked":[],"picked":"Bane+1","floor":48}],"player_experience":321354,"relics_obtained":[{"floor":6.0,"key":"Toy Ornithopter"},{"floor":26.0,"key":"Blood Vial"},{"floor":28,"key":"Whetstone"},{"floor":39,"key":"Smiling Mask"},{"floor":40,"key":"Gremlin Horn"},{"floor":42,"key":"Old Coin"},{"floor":43,"key":"Boot"},{"floor":48,"key":"Unceasing Top"}],"event_choices":[{"cards_removed":["Defend_G"],"damage_healed":0.0,"max_hp_gain":0.0,"max_hp_loss":0.0,"gold_gain":0.0,"event_name":"Purifier","player_choice":"Purged","floor":3.0,"gold_loss":0.0,"damage_taken":0.0},{"damage_healed":0.0,"max_hp_gain":0.0,"max_hp_loss":0.0,"gold_gain":0.0,"event_name":"Liars Game","player_choice":"Ignored","floor":5.0,"gold_loss":0.0,"damage_taken":0.0},{"damage_healed":0.0,"max_hp_gain":0.0,"max_hp_loss":0.0,"gold_gain":0.0,"event_name":"Dead Adventurer","player_choice":"Searched \u00271\u0027 times","floor":8.0,"gold_loss":0.0,"damage_taken":0.0,"relics_obtained":["Centennial Puzzle"]},{"damage_healed":0.0,"max_hp_gain":0.0,"max_hp_loss":0.0,"gold_gain":0.0,"event_name":"WeMeetAgain","player_choice":"Gave Potion","floor":20.0,"gold_loss":0.0,"damage_taken":0.0,"relics_obtained":["Eternal Feather"]},{"damage_healed":0.0,"max_hp_gain":0.0,"max_hp_loss":0.0,"gold_gain":0.0,"cards_transformed":["Strike_G","Strike_G"],"event_name":"Drug Dealer","player_choice":"Became Test Subject","floor":23.0,"gold_loss":0.0,"damage_taken":0.0,"cards_obtained":["Die Die Die","Masterful Stab"]},{"damage_healed":0,"gold_gain":0,"player_choice":"1 cards matched","damage_taken":0,"max_hp_gain":0,"max_hp_loss":0,"event_name":"Match and Keep!","floor":31,"gold_loss":0,"cards_obtained":["Accuracy"]},{"damage_healed":0,"gold_gain":0,"player_choice":"Fight","damage_taken":0,"max_hp_gain":0,"max_hp_loss":0,"event_name":"Mysterious Sphere","floor":48,"gold_loss":0}],"is_beta":false,"boss_relics":[{"not_picked":["Ring of the Serpent","Philosopher\u0027s Stone"],"picked":"Busted Crown"},{"not_picked":["Pandora\u0027s Box","Tiny House"],"picked":"HoveringKite"}],"items_purged_floors":[11,37],"is_endless":false,"potions_floor_spawned":[1,12,16,18,21,30,38,40,44,47,48],"killed_by":"Time Eater","ascension_level":5}}