{"host":"lxu17chzujqn8whl","time":1613769857,"event":{"mods":["BaseMod","Minty Spire (QoL Compilation)","Relic Stats","StSLib"],"gold_per_floor":[32,64,114,114,114,145,145,190,217,217,217,217,88,104,104,232,232,307,307,331,369,383,414,462,531,558,558,858,858,858],"floor_reached":29,"language":"ENG","playtime":657,"items_purged":[],"score":265,"play_id":"46758f21-6d6b-47a5-93d3-0dc85aee6788","local_time":"20210219132417","is_ascension_mode":false,"campfire_choices":[{"data":"HandOfGreed","floor":7.0,"key":"SMITH"},{"floor":11.0,"key":"DIG"},{"data":"Conserve Battery","floor":15.0,"key":"SMITH"}],"circlet_count":0,"master_deck":["Strike_B","Strike_B","Strike_B","Strike_B","Defend_B","Defend_B","Defend_B","Defend_B","Zap","Dualcast","HandOfGreed+1","Streamline","Ball Lightning","Coolheaded","Injury","Conserve Battery+1","White Noise","Self Repair","Conserve Battery","Hologram","Echo Form","Barrage","Double Energy","Turbo+1","Sweeping Beam","Doom and Gloom","Steam Power+1"],"relics":["Cracked Core","Golden Idol","Akabeko","Bag of Marbles","Juzu Bracelet","Shovel","Anchor","Nuclear Battery","Bronze Scales","Centennial Puzzle","Regal Pillow","MutagenicStrength","Old Coin"],"acts_visited":["Exordium","TheCity"],"potions_floor_usage":[23,23,25],"damage_taken":[{"damage":1.0,"enemies":"Jaw Worm","floor":1.0,"turns":2.0},{"damage":1.0,"enemies":"2 Louse","floor":2.0,"turns":4.0},{"damage":5.0,"enemies":"Small Slimes","floor":3.0,"turns":6.0},{"damage":30.0,"enemies":"Gremlin Nob","floor":6.0,"turns":4.0},{"damage":0.0,"enemies":"3 Louse","floor":8.0,"turns":3.0},{"damage":0.0,"enemies":"Blue Slaver","floor":14.0,"turns":2.0},{"damage":48.0,"enemies":"Hexaghost","floor":16.0,"turns":9.0},{"damage":10.0,"enemies":"3 Byrds","floor":18.0,"turns":5.0},{"damage":5.0,"enemies":"Spheric Guardian","floor":20.0,"turns":3.0},{"damage":7.0,"enemies":"Centurion and Healer","floor":21.0,"turns":5.0},{"damage":12.0,"enemies":"Snake Plant","floor":22.0,"turns":3.0},{"damage":20,"enemies":"Book of Stabbing","floor":23,"turns":4},{"damage":5,"enemies":"Shelled Parasite and Fungi","floor":24,"turns":2},{"damage":19,"enemies":"Slavers","floor":25,"turns":4},{"damage":20,"enemies":"Gremlin Leader","floor":29,"turns":4}],"seed_played":"-4833226471231081327","potions_obtained":[{"floor":2.0,"key":"LiquidBronze"},{"floor":6.0,"key":"EssenceOfSteel"},{"floor":14.0,"key":"Swift Potion"}],"is_trial":false,"path_per_floor":["M","M","M","?","T","E","R","M","T","?","R","?","$","M","R","B",null,"M","?","M","M","M","E","M","E","T","?","T","E"],"character_chosen":"DEFECT","items_purchased":["Self Repair","Conserve Battery"],"campfire_rested":0,"item_purchase_floors":[13,13],"current_hp_per_floor":[74,73,68,68,68,38,38,38,38,31,31,56,56,63,63,22,75,75,75,75,75,63,43,38,19,19,19,19,0,0],"gold":858,"neow_bonus":"RANDOM_COLORLESS_2","is_daily":false,"chose_seed":false,"campfire_upgraded":2,"win_rate":0.0,"timestamp":1613769857,"path_taken":["M","M","M","?","?","E","R","M","T","?","R","?","$","M","R","BOSS","M","?","M","M","M","E","M","E","T","?","?","E"],"items_purchased_type":["Card","Card"],"build_version":"2020-12-22","purchased_purges":0,"victory":false,"max_hp_per_floor":[75,75,75,75,75,75,75,75,75,75,75,75,75,75,75,75,75,75,75,75,75,75,75,75,75,75,75,75,75,75],"relic_stats":{"Centennial Puzzle":[3],"Regal Pillow":0,"Shovel":1,"counters":[15,59],"Golden Idol":75,"Bronze Scales":[42],"Juzu Bracelet":0,"obtain_stats":[{"Regal Pillow":26,"Golden Idol":4,"Juzu Bracelet":9,"Akabeko":5,"Nuclear Battery":17,"Old Coin":28,"Anchor":11,"Centennial Puzzle":25,"Shovel":10,"Bronze Scales":23,"MutagenicStrength":27,"Bag of Marbles":6,"Cracked Core":0},{"Regal Pillow":14,"Golden Idol":3,"Juzu Bracelet":5,"Akabeko":3,"Nuclear Battery":7,"Old Coin":14,"Anchor":5,"Centennial Puzzle":14,"Shovel":5,"Bronze Scales":12,"MutagenicStrength":14,"Bag of Marbles":4,"Cracked Core":0},{"Regal Pillow":55,"Golden Idol":12,"Juzu Bracelet":19,"Akabeko":12,"Nuclear Battery":29,"Old Coin":55,"Anchor":19,"Centennial Puzzle":55,"Shovel":19,"Bronze Scales":49,"MutagenicStrength":55,"Bag of Marbles":16,"Cracked Core":0}]},"card_choices":[{"not_picked":["Chrysalis","The Bomb"],"picked":"HandOfGreed","floor":0.0},{"not_picked":["Rip and Tear","Melter"],"picked":"Streamline","floor":1.0},{"not_picked":["Turbo","Static Discharge"],"picked":"Ball Lightning","floor":2.0},{"not_picked":["Steam","Gash"],"picked":"Coolheaded","floor":3.0},{"not_picked":["Steam Power","Rebound"],"picked":"Conserve Battery","floor":6.0},{"not_picked":["Barrage","Steam"],"picked":"White Noise","floor":8.0},{"not_picked":["Auto Shields","Heatsinks"],"picked":"Hologram","floor":14.0},{"not_picked":["Electrodynamics","Buffer"],"picked":"Echo Form","floor":16.0},{"not_picked":["Rip and Tear","Compile Driver"],"picked":"Barrage","floor":18.0},{"not_picked":["Beam Cell","Turbo+1"],"picked":"Double Energy","floor":20.0},{"not_picked":["Scrape","Hologram"],"picked":"Turbo+1","floor":21.0},{"not_picked":["Self Repair","Steam Power"],"picked":"Sweeping Beam","floor":22.0},{"not_picked":["Beam Cell","Ball Lightning"],"picked":"Doom and Gloom","floor":23},{"not_picked":["Multi-Cast","Lockon","Gash"],"picked":"SKIP","floor":24},{"not_picked":["Gash+1","Turbo+1"],"picked":"Steam Power+1","floor":25}],"player_experience":717867,"relics_obtained":[{"floor":5.0,"key":"Akabeko"},{"floor":6.0,"key":"Bag of Marbles"},{"floor":9.0,"key":"Juzu Bracelet"},{"floor":11.0,"key":"Anchor"},{"floor":23,"key":"Bronze Scales"},{"floor":25,"key":"Centennial Puzzle"},{"floor":26,"key":"Regal Pillow"},{"floor":28,"key":"Old Coin"}],"event_choices":[{"damage_healed":0.0,"max_hp_gain":0.0,"max_hp_loss":0.0,"gold_gain":0.0,"event_name":"Golden Idol","player_choice":"Take Wound","floor":4.0,"gold_loss":0.0,"damage_taken":0.0,"relics_obtained":["Golden Idol"],"cards_obtained":["Injury"]},{"damage_healed":0.0,"max_hp_gain":0.0,"max_hp_loss":0.0,"gold_gain":0.0,"event_name":"Scrap Ooze","player_choice":"Success","floor":10.0,"gold_loss":0.0,"damage_taken":7.0,"relics_obtained":["Shovel"]},{"damage_healed":25.0,"max_hp_gain":0.0,"max_hp_loss":0.0,"gold_gain":0.0,"event_name":"Big Fish","player_choice":"Banana","floor":12.0,"gold_loss":0.0,"damage_taken":0.0},{"damage_healed":0.0,"max_hp_gain":0.0,"max_hp_loss":0.0,"gold_gain":0.0,"event_name":"Vampires","player_choice":"Ignored","floor":19.0,"gold_loss":0.0,"damage_taken":0.0},{"damage_healed":0,"gold_gain":0,"player_choice":"Inject Mutagens","damage_taken":0,"relics_obtained":["MutagenicStrength"],"max_hp_gain":0,"max_hp_loss":0,"event_name":"Drug Dealer","floor":27,"gold_loss":0}],"is_beta":false,"boss_relics":[{"not_picked":["SacredBark","Empty Cage"],"picked":"Nuclear Battery"}],"items_purged_floors":[],"is_endless":false,"potions_floor_spawned":[2,6,14,21,22],"killed_by":"Gremlin Leader","ascension_level":0}}