{"host":"BK","time":1613761601,"event":{"mods":["BaseMod","Highlight Path","Minty Spire (QoL Compilation)","StSLib"],"gold_per_floor":[112,112,124,138,111,111,137,137,187,218,30,30,30,30,30,30,30],"floor_reached":16,"language":"ENG","playtime":850,"items_purged":["Strike_R"],"score":216,"play_id":"4c6674ab-76d5-4d7a-bbc7-0b7a40a05782","local_time":"20210219120641","is_ascension_mode":true,"campfire_choices":[{"data":"Searing Blow","floor":6,"key":"SMITH"},{"data":"Whirlwind","floor":8,"key":"SMITH"},{"data":"Searing Blow+1","floor":15,"key":"SMITH"}],"circlet_count":0,"master_deck":["AscendersBane","Strike_R","Strike_R","Strike_R","Defend_R+1","Defend_R","Defend_R","Defend_R+1","Bash","Anger","Searing Blow+2","Whirlwind+1","Battle Trance"],"relics":["Burning Blood","Bag of Preparation","The Courier","Juzu Bracelet","Lantern","War Paint","Golden Idol"],"acts_visited":["Exordium"],"potions_floor_usage":[16],"damage_taken":[{"damage":7,"enemies":"Small Slimes","floor":1,"turns":3},{"damage":1,"enemies":"Cultist","floor":3,"turns":3},{"damage":2,"enemies":"Jaw Worm","floor":4,"turns":3},{"damage":20,"enemies":"Exordium Thugs","floor":5,"turns":4},{"damage":32,"enemies":"Gremlin Nob","floor":7,"turns":4},{"damage":20,"enemies":"3 Sentries","floor":10,"turns":6},{"damage":24,"enemies":"Hexaghost","floor":16,"turns":9}],"seed_played":"-989267443874365729","potions_obtained":[{"floor":5,"key":"GamblersBrew"},{"floor":7,"key":"EssenceOfSteel"}],"is_trial":false,"path_per_floor":["M","?","M","M","M","R","E","R","T","E","$","?","$","?","R","B"],"character_chosen":"IRONCLAD","items_purchased":["War Paint"],"campfire_rested":0,"item_purchase_floors":[11],"current_hp_per_floor":[67,67,72,75,61,61,35,35,35,21,21,21,21,21,21,0,0],"gold":30,"neow_bonus":"RANDOM_COMMON_RELIC","is_daily":false,"chose_seed":false,"campfire_upgraded":3,"win_rate":0.0,"timestamp":1613761601,"path_taken":["M","?","M","M","?","R","E","R","T","E","$","?","?","?","R","BOSS"],"items_purchased_type":["Relic"],"build_version":"2020-12-18","purchased_purges":1,"victory":false,"max_hp_per_floor":[75,75,75,75,75,75,75,75,75,75,75,75,75,68,68,68,68],"card_choices":[{"not_picked":["Twin Strike","Sword Boomerang"],"picked":"Anger","floor":1},{"not_picked":["Iron Wave","Anger"],"picked":"Searing Blow","floor":3},{"not_picked":["Iron Wave","Sword Boomerang","Heavy Blade"],"picked":"SKIP","floor":4},{"not_picked":["Shockwave","Rupture"],"picked":"Whirlwind","floor":5},{"not_picked":["Bludgeon","Iron Wave","Searing Blow"],"picked":"SKIP","floor":7},{"not_picked":["Headbutt","Armaments"],"picked":"Battle Trance","floor":10}],"player_experience":2595374,"relics_obtained":[{"floor":7,"key":"The Courier"},{"floor":9,"key":"Juzu Bracelet"},{"floor":10,"key":"Lantern"}],"event_choices":[{"cards_removed":["Strike_R"],"damage_healed":0,"gold_gain":0,"player_choice":"Offered Basic","damage_taken":0,"max_hp_gain":0,"max_hp_loss":0,"event_name":"Bonfire Elementals","floor":2,"gold_loss":0},{"damage_healed":0,"gold_gain":0,"player_choice":"Ignored","damage_taken":0,"max_hp_gain":0,"max_hp_loss":0,"event_name":"Purifier","floor":12,"gold_loss":0},{"damage_healed":0,"gold_gain":0,"player_choice":"Lose Max HP","damage_taken":0,"relics_obtained":["Golden Idol"],"max_hp_gain":0,"max_hp_loss":7,"event_name":"Golden Idol","floor":14,"gold_loss":0}],"is_beta":true,"boss_relics":[],"items_purged_floors":[11],"is_endless":false,"potions_floor_spawned":[5,7],"killed_by":"Hexaghost","ascension_level":20}}