{"host":"dl909bjyolgrn2uw","time":1613702447,"event":{"mods":["2.2 Compatiblity","BaseMod","Bestiary","Better Altar","Better Note","Better Sensory Stone","Better Skull","Better Vampires","Better-Laid Plans","Colored Powertips","Curses Come First","Disable Question Mark Monsters","Displayed Cursed Tome","Emptier Cage","Minty Spire (QoL Compilation)","Morshu Shopkeeper","Permanent Neow","Rare Cards Sparkle","Relic Stats","Shop Mod","Spicy Shops","StSLib","SuperFastMode","Transform Curses"],"gold_per_floor":[164,181,181,13,27,56,66,66,66,76,89,89,89,89,89,165,165,185,185,201,219,219,219,247,247,247,32,32,32,60,77,77,154,154,170,181,200,200,218,218,243,261,261,273,273,293,293,313,313,313],"floor_reached":51,"language":"ENG","playtime":3255,"items_purged":[],"score":1395,"play_id":"6d618f23-8cad-45c7-97f4-f75e2744c6c0","local_time":"20210218204047","is_ascension_mode":true,"campfire_choices":[{"data":"Whirlwind","floor":8.0,"key":"SMITH"},{"data":"Pommel Strike","floor":13.0,"key":"SMITH"},{"data":"Metallicize","floor":15.0,"key":"SMITH"},{"floor":23.0,"key":"REST"},{"floor":25.0,"key":"REST"},{"data":"Corruption","floor":29.0,"key":"SMITH"},{"data":"Barricade","floor":32.0,"key":"SMITH"},{"data":"Secret Technique","floor":40.0,"key":"SMITH"},{"data":"Evolve","floor":49,"key":"SMITH"}],"circlet_count":0,"master_deck":["AscendersBane","Strike_R+1","Defend_R","Defend_R","Bash+1","Pommel Strike+1","Pommel Strike","Armaments","Whirlwind+1","Barricade+1","Shrug It Off","Corruption+1","Metallicize+1","Impervious","Metallicize+1","Power Through+1","Rupture+1","Power Through","Entrench","Battle Trance","Metallicize","Fiend Fire","Combust","Flame Barrier","Secret Technique+1","Thinking Ahead","Shockwave","Dual Wield","Evolve+1","Dark Embrace"],"relics":["Tiny House","Chemical X","Whetstone","Akabeko","Astrolabe","Bloody Idol","Gremlin Horn","HornCleat","Eternal Feather","Anchor","Cursed Key","Centennial Puzzle"],"acts_visited":["Exordium","TheCity","TheBeyond"],"potions_floor_usage":[50,50],"damage_taken":[{"damage":4.0,"enemies":"Small Slimes","floor":1.0,"turns":3.0},{"damage":6.0,"enemies":"Cultist","floor":2.0,"turns":3.0},{"damage":14.0,"enemies":"2 Louse","floor":5.0,"turns":3.0},{"damage":13.0,"enemies":"3 Sentries","floor":6.0,"turns":9.0},{"damage":7.0,"enemies":"Looter","floor":7.0,"turns":3.0},{"damage":1.0,"enemies":"Exordium Thugs","floor":10.0,"turns":3.0},{"damage":11.0,"enemies":"Lots of Slimes","floor":11.0,"turns":3.0},{"damage":26.0,"enemies":"The Guardian","floor":16.0,"turns":8.0},{"damage":9.0,"enemies":"Spheric Guardian","floor":18.0,"turns":8.0},{"damage":11.0,"enemies":"2 Thieves","floor":20.0,"turns":3.0},{"damage":0.0,"enemies":"3 Cultists","floor":21.0,"turns":2.0},{"damage":20.0,"enemies":"Book of Stabbing","floor":24.0,"turns":4.0},{"damage":26.0,"enemies":"Slavers","floor":30.0,"turns":5.0},{"damage":0.0,"enemies":"Shelled Parasite and Fungi","floor":31.0,"turns":3.0},{"damage":0.0,"enemies":"Champ","floor":33.0,"turns":22.0},{"damage":17.0,"enemies":"3 Shapes","floor":35.0,"turns":3.0},{"damage":0.0,"enemies":"Orb Walker","floor":36.0,"turns":2.0},{"damage":21.0,"enemies":"3 Darklings","floor":37.0,"turns":3.0},{"damage":0.0,"enemies":"Maw","floor":39.0,"turns":11.0},{"damage":7,"enemies":"Giant Head","floor":41,"turns":7},{"damage":0,"enemies":"Writhing Mass","floor":42,"turns":24},{"damage":15,"enemies":"Sphere and 2 Shapes","floor":44,"turns":11},{"damage":1,"enemies":"Jaw Worm Horde","floor":46,"turns":2},{"damage":11,"enemies":"Transient","floor":48,"turns":6},{"damage":34,"enemies":"Time Eater","floor":50,"turns":15}],"seed_played":"8966036367910657418","potions_obtained":[{"floor":0.0,"key":"SkillPotion"},{"floor":2.0,"key":"DuplicationPotion"},{"floor":3.0,"key":"HeartOfIron"},{"floor":10.0,"key":"Weak Potion"},{"floor":11.0,"key":"Regen Potion"},{"floor":16.0,"key":"EssenceOfSteel"},{"floor":21.0,"key":"DuplicationPotion"},{"floor":30.0,"key":"Ancient Potion"},{"floor":31.0,"key":"Swift Potion"},{"floor":37.0,"key":"BlessingOfTheForge"},{"floor":44,"key":"DistilledChaos"},{"floor":48,"key":"ColorlessPotion"}],"is_trial":false,"path_per_floor":["M","M","?","$","M","E","M","R","T","M","M","?","R","?","R","B",null,"M","?","M","M","?","R","E","R","T","$","?","R","E","M","R","B",null,"M","M","M","?","M","R","E","M","T","M","?","M","?","M","R","B",null],"character_chosen":"IRONCLAD","items_purchased":["Chemical X","Eternal Feather","Metallicize"],"campfire_rested":2,"item_purchase_floors":[4,27,27],"current_hp_per_floor":[69,63,63,63,49,36,29,29,29,28,17,43,43,43,43,32,68,59,59,48,48,4,28,13,37,37,37,37,49,28,33,45,50,73,61,66,50,50,55,70,68,73,73,63,63,67,67,61,79,45],"gold":313,"neow_bonus":"BOSS_RELIC","is_daily":false,"chose_seed":false,"campfire_upgraded":7,"win_rate":0.0,"timestamp":1613702447,"path_taken":["M","M","?","$","M","E","M","R","T","?","M","?","R","?","R","BOSS","M","?","M","?","?","R","E","R","T","$","?","R","E","M","R","BOSS","M","M","M","?","M","R","E","M","T","M","?","M","?","M","R","BOSS"],"items_purchased_type":["Relic","Relic","Card"],"build_version":"2020-12-22","purchased_purges":0,"victory":true,"max_hp_per_floor":[80,80,80,80,80,80,80,80,80,80,80,80,80,80,80,80,80,80,80,80,80,80,80,80,80,80,80,80,80,80,80,80,80,80,80,80,80,80,80,80,80,80,80,80,80,80,80,80,80,80],"relic_stats":{"Centennial Puzzle":[12],"Gremlin Horn":[5,5],"counters":[25,166],"Astrolabe":["Metallicize","Power Through","Rupture"],"Bloody Idol":65,"Eternal Feather":57,"Chemical X":[46],"Whetstone":["Strike_R","Bash"],"Cursed Key":0,"obtain_stats":[{"Tiny House":0,"Gremlin Horn":24,"Astrolabe":17,"Eternal Feather":27,"Whetstone":6,"Cursed Key":34,"Burning Blood":0,"Akabeko":9,"Anchor":30,"Centennial Puzzle":41,"HornCleat":26,"Bloody Idol":22,"Chemical X":4},{"Tiny House":0,"Gremlin Horn":12,"Astrolabe":8,"Eternal Feather":12,"Whetstone":4,"Cursed Key":15,"Burning Blood":0,"Akabeko":5,"Anchor":13,"Centennial Puzzle":20,"HornCleat":12,"Bloody Idol":11,"Chemical X":2},{"Tiny House":0,"Gremlin Horn":52,"Astrolabe":35,"Eternal Feather":52,"Whetstone":18,"Cursed Key":82,"Burning Blood":0,"Akabeko":21,"Anchor":57,"Centennial Puzzle":108,"HornCleat":52,"Bloody Idol":48,"Chemical X":6}]},"card_choices":[{"not_picked":["Body Slam","Clothesline"],"picked":"Pommel Strike","floor":0.0},{"not_picked":["Shrug It Off","Fire Breathing"],"picked":"Pommel Strike","floor":1.0},{"not_picked":["Headbutt","Blood for Blood","Flex"],"picked":"SKIP","floor":2.0},{"not_picked":["Clash","Infernal Blade"],"picked":"Armaments","floor":5.0},{"not_picked":["True Grit","Dropkick"],"picked":"Whirlwind","floor":6.0},{"not_picked":["Clash","Twin Strike"],"picked":"Barricade","floor":7.0},{"not_picked":["Infernal Blade","Sword Boomerang","Perfected Strike"],"picked":"SKIP","floor":10.0},{"not_picked":["Pommel Strike","Thunderclap"],"picked":"Shrug It Off","floor":11.0},{"not_picked":["Reaper","Feed"],"picked":"Impervious","floor":16.0},{"not_picked":["Rampage","Perfected Strike","Body Slam"],"picked":"SKIP","floor":18.0},{"not_picked":["Clash","Perfected Strike"],"picked":"Power Through","floor":20.0},{"not_picked":["Wild Strike","Havoc"],"picked":"Entrench","floor":21.0},{"not_picked":["True Grit","Havoc"],"picked":"Battle Trance","floor":24.0},{"not_picked":["Pummel","Body Slam"],"picked":"Fiend Fire","floor":30.0},{"not_picked":["Rupture","Iron Wave+1"],"picked":"Sentinel+1","floor":31.0},{"not_picked":["True Grit","Anger+1"],"picked":"Combust","floor":35.0},{"not_picked":["Warcry+1","Anger"],"picked":"Flame Barrier","floor":36.0},{"not_picked":["Reckless Charge","Uppercut+1","Clash"],"picked":"SKIP","floor":37.0},{"not_picked":["Blind","Trip"],"picked":"Secret Technique","floor":38.0},{"not_picked":["Impatience","Blind"],"picked":"Thinking Ahead","floor":38.0},{"not_picked":["Iron Wave","Armaments"],"picked":"Shockwave","floor":39.0},{"not_picked":["Perfected Strike","Searing Blow+1"],"picked":"Dual Wield","floor":41},{"not_picked":["Intimidate","Armaments","Shrug It Off"],"picked":"SKIP","floor":42},{"not_picked":["Dropkick","Carnage","Flex"],"picked":"SKIP","floor":44},{"not_picked":["Power Through","Flex+1"],"picked":"Evolve","floor":46},{"not_picked":["Pommel Strike","Searing Blow"],"picked":"Dark Embrace","floor":48}],"player_experience":469532,"relics_obtained":[{"floor":6.0,"key":"Whetstone"},{"floor":9.0,"key":"Akabeko"},{"floor":24.0,"key":"Gremlin Horn"},{"floor":26.0,"key":"HornCleat"},{"floor":30.0,"key":"Anchor"},{"floor":41,"key":"Centennial Puzzle"}],"event_choices":[{"damage_healed":0.0,"max_hp_gain":0.0,"max_hp_loss":0.0,"gold_gain":0.0,"event_name":"Lab","player_choice":"Got Potions","floor":3.0,"gold_loss":0.0,"damage_taken":0.0},{"damage_healed":26.0,"max_hp_gain":0.0,"max_hp_loss":0.0,"gold_gain":0.0,"event_name":"Big Fish","player_choice":"Banana","floor":12.0,"gold_loss":0.0,"damage_taken":0.0},{"damage_healed":0.0,"max_hp_gain":0.0,"max_hp_loss":0.0,"gold_gain":0.0,"event_name":"Match and Keep!","player_choice":"2 cards matched","floor":14.0,"gold_loss":0.0,"damage_taken":0.0,"cards_obtained":["Corruption","Metallicize"]},{"cards_removed":["Defend_R"],"damage_healed":0.0,"max_hp_gain":0.0,"max_hp_loss":0.0,"gold_gain":0.0,"event_name":"Bonfire Elementals","player_choice":"Offered Basic","floor":19.0,"gold_loss":0.0,"damage_taken":0.0},{"damage_healed":0.0,"max_hp_gain":48.0,"max_hp_loss":4.0,"gold_gain":0.0,"event_name":"betterAltar:BetterAltar","player_choice":" Idol ","floor":22.0,"potions_obtained":[],"relics_lost":[],"gold_loss":0.0,"damage_taken":44.0,"relics_obtained":["Bloody Idol"]},{"cards_removed":["Defend_R"],"damage_healed":0.0,"max_hp_gain":0.0,"max_hp_loss":0.0,"gold_gain":0.0,"event_name":"Purifier","player_choice":"Purged","floor":28.0,"gold_loss":0.0,"damage_taken":0.0},{"damage_healed":0.0,"max_hp_gain":0.0,"max_hp_loss":0.0,"gold_gain":3.0,"event_name":"betterStone:BetterStone","player_choice":"1","floor":38.0,"gold_loss":0.0,"damage_taken":0.0},{"cards_removed":["Sentinel"],"damage_healed":0,"gold_gain":0,"player_choice":"Removed Skill","damage_taken":0,"max_hp_gain":0,"max_hp_loss":0,"event_name":"Falling","floor":45,"gold_loss":0},{"cards_removed":["Strike_R"],"damage_healed":0,"gold_gain":0,"player_choice":"Purged","damage_taken":0,"max_hp_gain":0,"max_hp_loss":0,"event_name":"Purifier","floor":47,"gold_loss":0}],"is_beta":false,"boss_relics":[{"not_picked":["Busted Crown","Runic Cube"],"picked":"Astrolabe"},{"not_picked":["SlaversCollar","Sozu"],"picked":"Cursed Key"}],"items_purged_floors":[],"is_endless":false,"potions_floor_spawned":[2,10,11,16,21,30,31,37,44,46,48],"ascension_level":18}}