{"host":"7kbs9tkabmhxmc03","time":1613720390,"event":{"mods":["A Magickal Journey","Bartender","BaseMod","BetterRewards","CatGirl Mod","Conspire","Friendly Minions","GifTheSpireLib","Hermit","Hubris","Jedi Mod","Koishi","LagranYue(???·?)","Marisa????????","Minty Spire (QoL Compilation)","Prisma Mod","Railgun Mod","Remilia??????","Replay The Spire","Shapeshifter Mod","StSLib","Td1madao Mod","The Animator","The Blackbeard","The Bladedancer","The Bug Knight","The Construct","The Cursed","The Death Knight","The Disciple","The Dragon Tamer","The Druid","The Gatherer","The Hierophant","The Marked","The Mystic","The Necromancer","The Poker Player","The Runesmith","The Senshi","The Servant 0.9.4","The Vixen","TheBandit","TheFirefly","TheSwordswoman","Waifu the Spire","Yuri Mod"],"gold_per_floor":[114,127,48,67,78,105,10,10,10,10,29,29,5,22,22,22,22],"floor_reached":16,"language":"ENG","playtime":1341,"items_purged":[],"score":102,"play_id":"a1d9cd53-7bde-42ff-be2d-88b4e3d2340b","local_time":"20210219083950","is_ascension_mode":false,"campfire_choices":[{"data":"theSenshi:MoonPrismPowerMakeUp","floor":8,"key":"SMITH"},{"floor":12,"key":"REST"},{"floor":15,"key":"REST"}],"circlet_count":0,"master_deck":["theSenshi:SailorKick","theSenshi:SailorKick","theSenshi:SailorKick","theSenshi:SailorKick","theSenshi:SailorBlock","theSenshi:SailorBlock","theSenshi:SailorBlock","theSenshi:SailorBlock","theSenshi:RoseThrow","theSenshi:MoonPrismPowerMakeUp+1","theSenshi:UranusStrength","theSenshi:SailorChibiMoonAssists","theSenshi:SteeledNerves","theSenshi:SailorVenusAssists","theSenshi:TuxedoSmokingBomber","theSenshi:MoonPunch","theSenshi:MoonKick","theSenshi:MoonsReflection","theSenshi:CrisisMakeUp+1","theSenshi:MercurysCunning","theSenshi:SailorChibiMoonAssists","theSenshi:LunaSensingAllies"],"relics":["theSenshi:TransformationBroochRelic","LagranYue:RandomDrawCardRelic","hubris:TinFlute","Replay:Bottled Steam"],"acts_visited":["Exordium"],"potions_floor_usage":[16,16],"damage_taken":[{"damage":0,"enemies":"Cultist","floor":1,"turns":4},{"damage":0,"enemies":"Small Slimes","floor":2,"turns":3},{"damage":8,"enemies":"Jaw Worm","floor":4,"turns":2},{"damage":3,"enemies":"Large Slime","floor":5,"turns":6},{"damage":30,"enemies":"3 Sentries","floor":6,"turns":7},{"damage":36,"enemies":"Lots of Slimes","floor":11,"turns":5},{"damage":20,"enemies":"Looter","floor":14,"turns":3},{"damage":46,"enemies":"The Guardian","floor":16,"turns":7}],"seed_played":"8315670584020033713","potions_obtained":[{"floor":1,"key":"jedi:StrikingPotion"},{"floor":4,"key":"Flashbang"}],"is_trial":false,"path_per_floor":["M","M","$","M","M","E","$","R","T","?","M","R","$","M","R","B"],"character_chosen":"THE_SENSHI","items_purchased":["theSenshi:SteeledNerves","theSenshi:SailorVenusAssists","theSenshi:MoonsReflection","theSenshi:CrisisMakeUp","theSenshi:SailorChibiMoonAssists"],"campfire_rested":2,"item_purchase_floors":[3,3,7,7,13],"current_hp_per_floor":[82,82,82,74,71,41,41,41,41,41,5,29,29,9,33,0,0],"gold":22,"neow_bonus":"TEN_PERCENT_HP_BONUS","is_daily":false,"chose_seed":false,"campfire_upgraded":1,"win_rate":0.0,"timestamp":1613720390,"path_taken":["M","M","$","?","M","E","$","R","T","?","M","R","?","M","R","BOSS"],"items_purchased_type":["Card","Card","Card","Card","Card"],"build_version":"2020-12-22","purchased_purges":0,"victory":false,"max_hp_per_floor":[82,82,82,82,82,82,82,82,82,82,82,82,82,82,82,82,82],"card_choices":[{"not_picked":["theSenshi:Sidestep","theSenshi:LunasBite"],"picked":"theSenshi:UranusStrength","floor":1},{"not_picked":["theSenshi:LateForSchool","theSenshi:LunasBite"],"picked":"theSenshi:SailorChibiMoonAssists","floor":2},{"not_picked":["theSenshi:SchoolBag","theSenshi:MoonCrystalPowerMakeUp"],"picked":"theSenshi:TuxedoSmokingBomber","floor":4},{"not_picked":["theSenshi:TuxedoMaskAssists","theSenshi:LunasBite"],"picked":"theSenshi:MoonPunch","floor":5},{"not_picked":["theSenshi:SailorPlanetAttack","theSenshi:GatheringStrength"],"picked":"theSenshi:MoonKick","floor":6},{"not_picked":["theSenshi:SchoolBag","theSenshi:MoonsReflection"],"picked":"theSenshi:MercurysCunning","floor":11},{"not_picked":["theSenshi:GatheringStrength","theSenshi:MoonPrincessHalation"],"picked":"theSenshi:LunaSensingAllies","floor":14}],"player_experience":46885,"relics_obtained":[{"floor":6,"key":"hubris:TinFlute"},{"floor":9,"key":"Replay:Bottled Steam"}],"event_choices":[],"is_beta":false,"boss_relics":[],"items_purged_floors":[],"is_endless":false,"potions_floor_spawned":[1,4],"killed_by":"The Guardian","ascension_level":0}}