{"host":"x73jdofm2fk9hsud","time":1613769176,"event":{"mods":["BaseMod","Bestiary","Minty Spire (QoL Compilation)","Relic Stats","ojb\u0027s Better Paths Mod","ojb\u0027s Info Mod"],"gold_per_floor":[39,39,64,64,38,38,132,132,181,42,42,87,6,76,76,165,165,203,203,203,243,306,347,347,347,347,347,17,77,77,90,90,211,211,234,156,195,253,253,288,288,328,328,328,384,717,717,717],"floor_reached":47,"language":"ENG","playtime":2000,"items_purged":["Strike_G","Strike_G","Flying Knee"],"score":1141,"play_id":"cef7c45a-23ea-44cb-888e-32359573e5ae","local_time":"20210219161256","is_ascension_mode":true,"campfire_choices":[{"data":"HandOfGreed","floor":6.0,"key":"SMITH"},{"floor":8.0,"key":"REST"},{"data":"Footwork","floor":11.0,"key":"SMITH"},{"data":"Noxious Fumes","floor":15,"key":"SMITH"},{"floor":24,"key":"REST"},{"floor":27,"key":"REST"},{"data":"Well Laid Plans","floor":30,"key":"SMITH"},{"floor":32,"key":"REST"}],"circlet_count":0,"master_deck":["AscendersBane","Defend_G","Defend_G","Defend_G","Defend_G","Defend_G","Survivor","Neutralize","HandOfGreed+1","Deflect","Deadly Poison","Footwork+1","Backflip","Noxious Fumes+1","PiercingWail","Tools of the Trade+1","Blur+1","Bullet Time+1","Escape Plan","Catalyst+1","Backflip","Well Laid Plans+1","Glass Knife","PiercingWail","Crippling Poison","Footwork+1","Escape Plan","After Image","Prepared+1","Backflip","Deflect+1","Blade Dance","Clumsy","Dodge and Roll"],"relics":["Ring of the Snake","Juzu Bracelet","Letter Opener","Snake Skull","Smiling Mask","Matryoshka","Astrolabe","Dream Catcher","Kunai","Blood Vial","Paper Crane","Bottled Lightning","Frozen Eye","InkBottle","Cursed Key","Shovel","HornCleat","Torii"],"acts_visited":["Exordium","TheCity","TheBeyond"],"potions_floor_usage":[16,47],"damage_taken":[{"damage":0.0,"enemies":"Jaw Worm","floor":1.0,"turns":5.0},{"damage":26.0,"enemies":"3 Sentries","floor":7.0,"turns":13.0},{"damage":0,"enemies":"2 Louse","floor":12,"turns":2},{"damage":13,"enemies":"Lagavulin Event","floor":14,"turns":6},{"damage":7,"enemies":"Hexaghost","floor":16,"turns":9},{"damage":2,"enemies":"Shell Parasite","floor":18,"turns":6},{"damage":3,"enemies":"2 Thieves","floor":21,"turns":5},{"damage":9,"enemies":"Centurion and Healer","floor":22,"turns":7},{"damage":28,"enemies":"Book of Stabbing","floor":23,"turns":6},{"damage":8,"enemies":"Gremlin Leader","floor":29,"turns":7},{"damage":0,"enemies":"Cultist and Chosen","floor":31,"turns":4},{"damage":0,"enemies":"Automaton","floor":33,"turns":10},{"damage":10,"enemies":"Orb Walker","floor":35,"turns":6},{"damage":0,"enemies":"3 Darklings","floor":37,"turns":4},{"damage":6,"enemies":"2 Orb Walkers","floor":38,"turns":8},{"damage":0,"enemies":"Nemesis","floor":40,"turns":11},{"damage":6,"enemies":"Writhing Mass","floor":42,"turns":6},{"damage":0,"enemies":"Mind Bloom Boss Battle","floor":45,"turns":7},{"damage":66,"enemies":"Reptomancer","floor":47,"turns":4}],"seed_played":"5279131676436651644","potions_obtained":[{"floor":12,"key":"CultistPotion"},{"floor":23,"key":"DuplicationPotion"},{"floor":31,"key":"LiquidBronze"},{"floor":35,"key":"GamblersBrew"},{"floor":45,"key":"Regen Potion"}],"is_trial":false,"path_per_floor":["M","?","T","?","$","R","E","R","T","$","R","M","$","?","R","B",null,"M","?","T","M","M","E","R","?","T","R","$","E","R","M","R","B",null,"M","$","M","?","?","E","?","M","T","?","?","?","E"],"character_chosen":"THE_SILENT","items_purchased":["Deadly Poison","Footwork","Noxious Fumes","PiercingWail","Frozen Eye","Crippling Poison","Backflip"],"campfire_rested":4,"item_purchase_floors":[5,10,13,28,28,28,36],"current_hp_per_floor":[59,59,59,41,41,41,15,33,33,33,33,33,33,20,20,13,48,46,46,46,43,34,6,24,24,24,42,42,36,36,38,56,58,60,50,50,52,48,48,50,50,46,46,41,43,43,0,0],"gold":717,"neow_bonus":"RANDOM_COLORLESS_2","is_daily":false,"chose_seed":false,"campfire_upgraded":4,"win_rate":0.0,"timestamp":1613769176,"path_taken":["M","?","?","?","$","R","E","R","T","$","R","M","?","?","R","BOSS","M","?","?","M","M","E","R","?","T","R","$","E","R","M","R","BOSS","M","$","M","?","?","E","?","M","T","?","?","?","E"],"items_purchased_type":["Card","Card","Card","Card","Relic","Card","Card"],"build_version":"2020-12-22","purchased_purges":3,"victory":false,"max_hp_per_floor":[66,60,60,60,60,60,60,60,60,60,60,60,60,60,60,60,60,60,60,60,60,60,60,60,60,60,60,60,60,60,60,60,60,60,60,60,60,60,60,60,57,57,57,57,57,57,57,57],"relic_stats":{"Torii":4,"counters":[19,126],"Astrolabe":["Tools of the Trade","Blur","Bullet Time"],"Snake Skull":[145],"Juzu Bracelet":2,"Letter Opener":[510],"Smiling Mask":150,"Cursed Key":1,"Blood Vial":18,"Dream Catcher":3,"Shovel":0,"Kunai":[4],"obtain_stats":[{"Torii":45,"Golden Idol":2,"Astrolabe":17,"Snake Skull":7,"Juzu Bracelet":3,"Letter Opener":4,"Paper Crane":26,"Smiling Mask":9,"Cursed Key":34,"Blood Vial":23,"Frozen Eye":28,"Dream Catcher":20,"Matryoshka":14,"Shovel":38,"HornCleat":40,"Kunai":20,"Bottled Lightning":26,"InkBottle":29,"Ring of the Snake":0},{"Torii":18,"Golden Idol":1,"Astrolabe":5,"Snake Skull":2,"Juzu Bracelet":1,"Letter Opener":1,"Paper Crane":9,"Smiling Mask":2,"Cursed Key":12,"Blood Vial":9,"Frozen Eye":9,"Dream Catcher":6,"Matryoshka":3,"Shovel":15,"HornCleat":16,"Kunai":6,"Bottled Lightning":9,"InkBottle":10,"Ring of the Snake":0},{"Torii":122,"Golden Idol":5,"Astrolabe":35,"Snake Skull":18,"Juzu Bracelet":5,"Letter Opener":5,"Paper Crane":59,"Smiling Mask":18,"Cursed Key":80,"Blood Vial":59,"Frozen Eye":59,"Dream Catcher":41,"Matryoshka":20,"Shovel":98,"HornCleat":109,"Kunai":41,"Bottled Lightning":59,"InkBottle":66,"Ring of the Snake":0}],"InkBottle":[21],"Ring of the Snake":[38]},"card_choices":[{"not_picked":["Chrysalis","Mayhem"],"picked":"HandOfGreed","floor":0.0},{"not_picked":["Dagger Spray","Outmaneuver"],"picked":"Deflect","floor":1.0},{"not_picked":["Acrobatics","Slice"],"picked":"Flying Knee","floor":7.0},{"not_picked":["Bane","Bullet Time"],"picked":"Backflip","floor":12},{"not_picked":["Backflip","Prepared"],"picked":"PiercingWail","floor":14},{"not_picked":["Unload","Storm of Steel"],"picked":"Die Die Die","floor":16},{"not_picked":["Cloak And Dagger","Slice"],"picked":"Escape Plan","floor":18},{"not_picked":["Prepared","Slice"],"picked":"Backflip","floor":21},{"not_picked":["Deflect","Sucker Punch+1"],"picked":"Well Laid Plans","floor":22},{"not_picked":["Prepared","Outmaneuver"],"picked":"Glass Knife","floor":23},{"not_picked":["Blade Dance+1","Predator"],"picked":"Footwork+1","floor":29},{"not_picked":["Bouncing Flask","Backflip"],"picked":"Escape Plan","floor":31},{"not_picked":["Storm of Steel","Night Terror"],"picked":"After Image","floor":33},{"not_picked":["Slice","Deflect+1"],"picked":"Prepared+1","floor":35},{"not_picked":["Terror","Slice"],"picked":"Deflect+1","floor":37},{"not_picked":["Backflip","Underhanded Strike+1","PiercingWail"],"picked":"SKIP","floor":40},{"not_picked":["Acrobatics","Masterful Stab+1"],"picked":"Blade Dance","floor":42},{"not_picked":["Skewer","Dagger Throw"],"picked":"Dodge and Roll","floor":45}],"player_experience":5392970,"relics_obtained":[{"floor":3.0,"key":"Juzu Bracelet"},{"floor":7.0,"key":"Snake Skull"},{"floor":9.0,"key":"Smiling Mask"},{"floor":20,"key":"Dream Catcher"},{"floor":20,"key":"Kunai"},{"floor":23,"key":"Blood Vial"},{"floor":26,"key":"Paper Crane"},{"floor":26,"key":"Bottled Lightning"},{"floor":29,"key":"InkBottle"},{"floor":38,"key":"Shovel"},{"floor":40,"key":"HornCleat"},{"floor":45,"key":"Torii"}],"event_choices":[{"damage_healed":0.0,"max_hp_gain":0.0,"max_hp_loss":6.0,"gold_gain":0.0,"event_name":"Golden Idol","player_choice":"Lose Max HP","floor":2.0,"gold_loss":0.0,"damage_taken":0.0,"relics_obtained":["Golden Idol"]},{"damage_healed":0.0,"max_hp_gain":0.0,"max_hp_loss":0.0,"gold_gain":0.0,"event_name":"Scrap Ooze","player_choice":"Success","floor":4.0,"gold_loss":0.0,"damage_taken":18.0,"relics_obtained":["Letter Opener"]},{"damage_healed":0,"gold_gain":0,"player_choice":"Searched \u00272\u0027 times","damage_taken":0,"relics_obtained":["Matryoshka"],"max_hp_gain":0,"max_hp_loss":0,"event_name":"Dead Adventurer","floor":14,"gold_loss":0},{"damage_healed":0,"gold_gain":0,"player_choice":"Read","damage_taken":0,"max_hp_gain":0,"max_hp_loss":0,"event_name":"The Library","floor":19,"gold_loss":0,"cards_obtained":["Catalyst"]},{"damage_healed":0,"gold_gain":0,"player_choice":"Upgraded","damage_taken":0,"max_hp_gain":0,"max_hp_loss":0,"event_name":"Upgrade Shrine","floor":25,"gold_loss":0,"cards_upgraded":["Catalyst"]},{"damage_healed":0,"gold_gain":0,"player_choice":"Fight","damage_taken":0,"max_hp_gain":0,"max_hp_loss":0,"event_name":"Mysterious Sphere","floor":38,"gold_loss":0},{"cards_removed":["Die Die Die"],"damage_healed":0,"gold_gain":0,"player_choice":"Removed Attack","damage_taken":0,"max_hp_gain":0,"max_hp_loss":0,"event_name":"Falling","floor":39,"gold_loss":0},{"damage_healed":0,"gold_gain":0,"player_choice":"Max HP","damage_taken":0,"max_hp_gain":0,"max_hp_loss":3,"event_name":"Winding Halls","floor":41,"gold_loss":0},{"damage_healed":0,"gold_gain":0,"player_choice":"Memory 2","damage_taken":5,"max_hp_gain":0,"max_hp_loss":0,"event_name":"SensoryStone","floor":44,"gold_loss":0},{"damage_healed":0,"gold_gain":0,"player_choice":"Fight","damage_taken":0,"max_hp_gain":0,"max_hp_loss":0,"event_name":"MindBloom","floor":45,"gold_loss":0},{"damage_healed":0,"gold_gain":333,"player_choice":"Gave Idol","damage_taken":0,"max_hp_gain":0,"max_hp_loss":0,"event_name":"The Moai Head","floor":46,"relics_lost":["Golden Idol"],"gold_loss":0}],"is_beta":false,"boss_relics":[{"not_picked":["Velvet Choker","Calling Bell"],"picked":"Astrolabe"},{"not_picked":["Tiny House","Coffee Dripper"],"picked":"Cursed Key"}],"items_purged_floors":[10,28,36],"is_endless":false,"potions_floor_spawned":[12,23,31,33,35,45],"killed_by":"Reptomancer","ascension_level":20}}