{"host":"sc0o2qwpf9j16a4i","time":1613745184,"event":{"mods":["AchievementEnabler","BaseMod","BetterRewards","Block Reminder","Colored Map","Colored Powertips","Custom Start","Highlight Path","Minty Spire (QoL Compilation)","Relic Stats"],"gold_per_floor":[114,114,114,131,131,163,163,180,180,180,31,64,78,89,89,192,192,204,216,63,74,87,87,120,135,158,158,158,191,191,210,210,313,313,333,343,39,39,54,54,79,79,79,112,112,141,141,17,17,17],"floor_reached":51,"language":"ENG","playtime":1560,"items_purged":[],"score":1033,"play_id":"70208232-accf-4ed6-b625-da267a1901dd","local_time":"20210219163304","daily_mods":["Cursed Run","Time Dilation","Lethality"],"is_ascension_mode":false,"campfire_choices":[{"data":"Fiend Fire","floor":7,"key":"SMITH"},{"data":"Combust","floor":10,"key":"SMITH"},{"data":"Immolate","floor":15,"key":"SMITH"},{"data":"True Grit","floor":23,"key":"SMITH"},{"data":"Barricade","floor":30,"key":"SMITH"},{"data":"Ghostly","floor":32,"key":"SMITH"},{"data":"1","floor":40,"key":"LIFT"},{"floor":42,"key":"REST"},{"floor":47,"key":"REST"},{"data":"Ghostly","floor":49,"key":"SMITH"}],"circlet_count":0,"master_deck":["Strike_R","Strike_R","Strike_R","Strike_R","Defend_R","Defend_R","Defend_R","Defend_R","Bash+1","Iron Wave","Regret","Thunderclap","Fiend Fire+1","Combust+1","Decay","Flex","Immolate+1","Infernal Blade","Clumsy","Impervious","Headbutt+1","Seeing Red","Feed","True Grit+1","Barricade+1","Injury","Ghostly+1","Ghostly+1","Ghostly","Ghostly+1","Ghostly+1","Pommel Strike+1","Shrug It Off+1","Injury","Reaper","CurseOfTheBell","Feel No Pain+1","Heavy Blade+1","Second Wind","Enlightenment","Burning Pact","Offering","Regret","Body Slam","Madness","Madness","Sever Soul+1","Evolve","Shrug It Off","Normality"],"relics":["Cursed Key","Darkstone Periapt","Du-Vu Doll","Meat on the Bone","Boot","Sundial","OrangePellets","Pantograph","Mark of Pain","Pear","Potion Belt","Lizard Tail","Calling Bell","MealTicket","Matryoshka","Girya","Toolbox","War Paint","Dream Catcher","Singing Bowl","Akabeko","Shuriken"],"acts_visited":["Exordium","TheCity","TheBeyond"],"potions_floor_usage":[24,33,41,41,46,50,50,50],"damage_taken":[{"damage":0,"enemies":"2 Louse","floor":1,"turns":2},{"damage":4,"enemies":"Jaw Worm","floor":4,"turns":2},{"damage":10,"enemies":"3 Sentries","floor":6,"turns":5},{"damage":0,"enemies":"Small Slimes","floor":8,"turns":2},{"damage":15,"enemies":"Lagavulin","floor":12,"turns":4},{"damage":0,"enemies":"3 Louse","floor":13,"turns":1},{"damage":0,"enemies":"Large Slime","floor":14,"turns":1},{"damage":4,"enemies":"Slime Boss","floor":16,"turns":4},{"damage":0,"enemies":"Shell Parasite","floor":18,"turns":2},{"damage":11,"enemies":"Chosen","floor":19,"turns":2},{"damage":49,"enemies":"Snake Plant","floor":21,"turns":3},{"damage":4,"enemies":"3 Cultists","floor":22,"turns":3},{"damage":5,"enemies":"Slavers","floor":24,"turns":4},{"damage":7,"enemies":"Shelled Parasite and Fungi","floor":25,"turns":4},{"damage":2,"enemies":"Book of Stabbing","floor":29,"turns":3},{"damage":3,"enemies":"Sentry and Sphere","floor":31,"turns":4},{"damage":18,"enemies":"Collector","floor":33,"turns":8},{"damage":1,"enemies":"3 Darklings","floor":35,"turns":3},{"damage":0,"enemies":"Orb Walker","floor":36,"turns":1},{"damage":0,"enemies":"4 Shapes","floor":39,"turns":5},{"damage":84,"enemies":"Giant Head","floor":41,"turns":10},{"damage":6,"enemies":"Reptomancer","floor":44,"turns":3},{"damage":81,"enemies":"Nemesis","floor":46,"turns":9},{"damage":89,"enemies":"Awakened One","floor":50,"turns":10}],"seed_played":"5048231043967626956","potions_obtained":[{"floor":1,"key":"Fire Potion"},{"floor":12,"key":"Strength Potion"},{"floor":13,"key":"Weak Potion"},{"floor":14,"key":"LiquidMemories"},{"floor":29,"key":"BloodPotion"},{"floor":33,"key":"Fire Potion"},{"floor":36,"key":"Regen Potion"},{"floor":44,"key":"LiquidBronze"},{"floor":46,"key":"DuplicationPotion"}],"is_trial":true,"path_per_floor":["M","?","?","M","?","E","R","M","T","R","$","E","M","M","R","B",null,"M","M","$","M","M","R","E","M","T","?","?","E","R","M","R","B",null,"M","M","$","?","M","R","E","R","T","E","?","E","R","$","R","B",null],"character_chosen":"IRONCLAD","items_purchased":["OrangePellets","Feed","Second Wind","Enlightenment","Toolbox","Evolve","Shrug It Off"],"campfire_rested":2,"item_purchase_floors":[11,20,37,37,37,48,48],"current_hp_per_floor":[80,80,86,82,82,72,72,72,78,78,78,63,63,63,63,90,98,98,87,87,53,64,64,72,68,74,63,63,61,61,58,58,51,75,77,80,81,81,84,84,28,53,59,86,74,47,76,91,91,33],"gold":17,"neow_bonus":"","is_daily":false,"chose_seed":false,"campfire_upgraded":7,"win_rate":0.0,"timestamp":1613745184,"path_taken":["M","?","?","M","?","E","R","?","T","R","?","E","M","M","R","BOSS","M","M","$","M","M","R","E","M","T","?","?","E","R","M","R","BOSS","M","?","?","?","M","R","E","R","T","E","?","E","R","$","R","BOSS"],"items_purchased_type":["Relic","Card","Card","Card","Relic","Card","Card"],"build_version":"2020-12-22","purchased_purges":0,"victory":true,"max_hp_per_floor":[80,80,86,86,86,86,86,86,92,92,92,92,92,92,92,98,98,98,98,98,101,104,104,117,120,126,63,63,63,63,63,63,69,75,78,81,81,81,84,84,84,84,90,93,93,93,95,95,95,101],"relic_stats":{"Darkstone Periapt":48,"Singing Bowl":2,"counters":[24,95],"War Paint":["Ghostly","Ghostly"],"Cursed Key":3,"Boot":[27],"OrangePellets":[4],"Lizard Tail":0,"Dream Catcher":1,"Sundial":[4],"Shuriken":[2],"Pantograph":34,"MealTicket":16,"obtain_stats":[{"Darkstone Periapt":0,"Potion Belt":26,"Girya":34,"Pear":24,"Singing Bowl":43,"War Paint":41,"Cursed Key":0,"Boot":6,"Akabeko":44,"Du-Vu Doll":0,"Calling Bell":34,"OrangePellets":11,"Lizard Tail":29,"Dream Catcher":43,"Matryoshka":34,"Sundial":9,"Shuriken":46,"Pantograph":12,"Toolbox":37,"MealTicket":34,"Mark of Pain":17,"Meat on the Bone":3},{"Darkstone Periapt":0,"Potion Belt":14,"Girya":17,"Pear":13,"Singing Bowl":21,"War Paint":21,"Cursed Key":0,"Boot":3,"Akabeko":22,"Du-Vu Doll":0,"Calling Bell":17,"OrangePellets":4,"Lizard Tail":15,"Dream Catcher":21,"Matryoshka":17,"Sundial":4,"Shuriken":23,"Pantograph":5,"Toolbox":19,"MealTicket":17,"Mark of Pain":8,"Meat on the Bone":1},{"Darkstone Periapt":0,"Potion Belt":39,"Girya":54,"Pear":35,"Singing Bowl":73,"War Paint":73,"Cursed Key":0,"Boot":9,"Akabeko":76,"Du-Vu Doll":0,"Calling Bell":54,"OrangePellets":11,"Lizard Tail":42,"Dream Catcher":73,"Matryoshka":54,"Sundial":11,"Shuriken":85,"Pantograph":15,"Toolbox":58,"MealTicket":54,"Mark of Pain":21,"Meat on the Bone":2}],"Meat on the Bone":60},"card_choices":[{"not_picked":["Spot Weakness","Warcry"],"picked":"Iron Wave","floor":1},{"not_picked":["Pommel Strike","Warcry"],"picked":"Thunderclap","floor":4},{"not_picked":["Burning Pact","Flex"],"picked":"Fiend Fire","floor":6},{"not_picked":["Blood for Blood","Fire Breathing"],"picked":"Combust","floor":8},{"not_picked":["Second Wind","Clothesline"],"picked":"Flex","floor":12},{"not_picked":["Iron Wave","Sword Boomerang"],"picked":"Immolate","floor":13},{"not_picked":["Havoc","Shrug It Off"],"picked":"Infernal Blade","floor":14},{"not_picked":["Juggernaut","Feed"],"picked":"Impervious","floor":16},{"not_picked":["Entrench","Flex"],"picked":"Headbutt+1","floor":18},{"not_picked":["Clothesline","Havoc"],"picked":"Seeing Red","floor":19},{"not_picked":["Reckless Charge","Wild Strike"],"picked":"True Grit","floor":21},{"not_picked":["Body Slam+1","Dark Embrace","Perfected Strike+1"],"picked":"SKIP","floor":22},{"not_picked":["Twin Strike","Seeing Red"],"picked":"Barricade","floor":24},{"not_picked":["Warcry","Perfected Strike","Flex"],"picked":"SKIP","floor":25},{"not_picked":["Inflame","Bloodletting"],"picked":"Pommel Strike+1","floor":29},{"not_picked":["Clash","Iron Wave"],"picked":"Shrug It Off+1","floor":31},{"not_picked":["Brutality","Offering"],"picked":"Reaper","floor":33},{"not_picked":["Sword Boomerang","Flex+1"],"picked":"Feel No Pain+1","floor":35},{"not_picked":["Twin Strike+1","True Grit"],"picked":"Heavy Blade+1","floor":36},{"not_picked":["Hemokinesis+1","Flex+1"],"picked":"Burning Pact","floor":39},{"not_picked":["Headbutt","Sever Soul"],"picked":"Offering","floor":41},{"not_picked":["Reckless Charge","Armaments"],"picked":"Body Slam","floor":44},{"not_picked":["Rupture","Thunderclap+1"],"picked":"Sever Soul+1","floor":46},{"not_picked":["Hemokinesis","Whirlwind","Twin Strike+1"],"picked":"Singing Bowl","floor":47}],"player_experience":1476290,"relics_obtained":[{"floor":6,"key":"Boot"},{"floor":9,"key":"Sundial"},{"floor":12,"key":"Pantograph"},{"floor":24,"key":"Pear"},{"floor":26,"key":"Potion Belt"},{"floor":29,"key":"Lizard Tail"},{"floor":34,"key":"MealTicket"},{"floor":34,"key":"Matryoshka"},{"floor":34,"key":"Girya"},{"floor":41,"key":"War Paint"},{"floor":43,"key":"Dream Catcher"},{"floor":43,"key":"Singing Bowl"},{"floor":44,"key":"Akabeko"},{"floor":46,"key":"Shuriken"}],"event_choices":[{"damage_healed":0,"gold_gain":0,"player_choice":"Grow","damage_taken":0,"max_hp_gain":0,"max_hp_loss":0,"event_name":"Living Wall","floor":2,"gold_loss":0,"cards_upgraded":["Bash"]},{"damage_healed":0,"gold_gain":0,"player_choice":"Box","damage_taken":0,"relics_obtained":["Meat on the Bone"],"max_hp_gain":0,"max_hp_loss":0,"event_name":"Big Fish","floor":3,"gold_loss":0,"cards_obtained":["Regret"]},{"damage_healed":0,"gold_gain":0,"player_choice":"Ignored","damage_taken":0,"max_hp_gain":0,"max_hp_loss":0,"event_name":"Purifier","floor":5,"gold_loss":0},{"damage_healed":0,"gold_gain":0,"player_choice":"Became a Ghost","damage_taken":0,"max_hp_gain":0,"max_hp_loss":63,"event_name":"Ghosts","floor":27,"gold_loss":0,"cards_obtained":["Ghostly","Ghostly","Ghostly","Ghostly","Ghostly"]},{"damage_healed":0,"gold_gain":0,"player_choice":"Ignored","damage_taken":0,"max_hp_gain":0,"max_hp_loss":0,"event_name":"NoteForYourself","floor":28,"gold_loss":0},{"cards_removed":["Strike_R"],"damage_healed":0,"gold_gain":0,"player_choice":"Removed Attack","damage_taken":0,"max_hp_gain":0,"max_hp_loss":0,"event_name":"Falling","floor":38,"gold_loss":0},{"damage_healed":0,"gold_gain":0,"player_choice":"Embrace Madness","damage_taken":12,"max_hp_gain":0,"max_hp_loss":0,"event_name":"Winding Halls","floor":45,"gold_loss":0,"cards_obtained":["Madness","Madness"]}],"is_beta":false,"boss_relics":[{"not_picked":["Philosopher\u0027s Stone","Ectoplasm"],"picked":"Mark of Pain"},{"not_picked":["Sozu","Runic Pyramid"],"picked":"Calling Bell"}],"items_purged_floors":[],"is_endless":false,"potions_floor_spawned":[1,12,13,14,16,19,22,29,33,36,44,46],"ascension_level":0}}