{"host":"dcj2yvrgcvh5dl2s","time":1613731974,"event":{"mods":["BaseMod","Bestiary","Better Note","Block Reminder","Colored Powertips","Curses Come First","DeckTracker","Displayed Cursed Tome","Minty Spire (QoL Compilation)","Quick Restart","Rare Cards Sparkle","Relic Stats","StSLib"],"gold_per_floor":[111,111,0,14,30,56,56,89,89,138,32,32,61,88,88,164,164,175,175,195,211,211,211],"floor_reached":22,"language":"ENG","playtime":866,"items_purged":["Pain"],"score":504,"play_id":"c629f06e-f4a4-4b78-97cf-ea63d7e21739","local_time":"20210219205254","is_ascension_mode":true,"campfire_choices":[{"data":"Whirlwind","floor":7,"key":"SMITH"},{"floor":12,"key":"REST"},{"floor":15,"key":"REST"}],"circlet_count":0,"master_deck":["AscendersBane","Strike_R","Strike_R","Strike_R","Strike_R","Strike_R","Defend_R","Defend_R","Defend_R","Defend_R","Bash","Flex","Whirlwind+1","Infernal Blade","Pommel Strike","Dropkick","Heavy Blade","Flex","True Grit","Sword Boomerang","Exhume","Intimidate","Barricade","Flex"],"relics":["Burning Blood","WarpedTongs","Potion Belt","Eternal Feather","Dream Catcher","Toy Ornithopter","Darkstone Periapt","Odd Mushroom","Coffee Dripper","Nloth\u0027s Gift"],"acts_visited":["Exordium","TheCity"],"potions_floor_usage":[6,13,16,22],"damage_taken":[{"damage":0,"enemies":"2 Louse","floor":1,"turns":1},{"damage":0,"enemies":"Cultist","floor":4,"turns":1},{"damage":2,"enemies":"Small Slimes","floor":5,"turns":1},{"damage":30,"enemies":"3 Sentries","floor":6,"turns":5},{"damage":32,"enemies":"Gremlin Nob","floor":8,"turns":4},{"damage":15,"enemies":"Lagavulin","floor":13,"turns":5},{"damage":22,"enemies":"The Mushroom Lair","floor":14,"turns":4},{"damage":0,"enemies":"Slime Boss","floor":16,"turns":6},{"damage":33,"enemies":"Shell Parasite","floor":18,"turns":4},{"damage":22,"enemies":"2 Thieves","floor":20,"turns":4},{"damage":16,"enemies":"3 Cultists","floor":21,"turns":4},{"damage":37,"enemies":"Cultist and Chosen","floor":22,"turns":6}],"seed_played":"3484570327977880419","potions_obtained":[{"floor":4,"key":"SpeedPotion"},{"floor":5,"key":"Explosive Potion"},{"floor":8,"key":"ColorlessPotion"},{"floor":14,"key":"LiquidMemories"},{"floor":20,"key":"Weak Potion"}],"is_trial":false,"path_per_floor":["M","?","$","M","M","E","R","E","T","T","$","R","E","?","R","B",null,"M","?","M","M","M"],"character_chosen":"IRONCLAD","items_purchased":["Whirlwind","Flex","True Grit"],"campfire_rested":2,"item_purchase_floors":[3,11,11],"current_hp_per_floor":[74,74,74,75,75,51,51,25,25,25,25,56,52,36,70,75,75,48,48,32,22,0,0],"gold":211,"neow_bonus":"THREE_ENEMY_KILL","is_daily":false,"chose_seed":false,"campfire_upgraded":1,"win_rate":0.0,"timestamp":1613731974,"path_taken":["M","?","$","?","M","E","R","E","T","?","$","R","E","?","R","BOSS","M","?","M","?","M"],"items_purchased_type":["Card","Card","Card"],"build_version":"2020-12-22","purchased_purges":1,"victory":false,"max_hp_per_floor":[75,75,75,75,75,75,75,75,75,75,75,75,75,75,75,75,75,75,75,75,75,75,75],"relic_stats":{"Darkstone Periapt":0,"Dream Catcher":2,"counters":[12,45],"Eternal Feather":21,"Nloth\u0027s Gift":1,"obtain_stats":[{"Potion Belt":6,"Darkstone Periapt":13,"Dream Catcher":9,"NeowsBlessing":0,"Eternal Feather":8,"Coffee Dripper":17,"Nloth\u0027s Gift":19,"Odd Mushroom":14,"Burning Blood":0,"Toy Ornithopter":10,"WarpedTongs":2},{"Potion Belt":4,"Darkstone Periapt":6,"Dream Catcher":5,"NeowsBlessing":0,"Eternal Feather":5,"Coffee Dripper":8,"Nloth\u0027s Gift":9,"Odd Mushroom":7,"Burning Blood":0,"Toy Ornithopter":5,"WarpedTongs":1},{"Potion Belt":8,"Darkstone Periapt":17,"Dream Catcher":12,"NeowsBlessing":0,"Eternal Feather":12,"Coffee Dripper":27,"Nloth\u0027s Gift":31,"Odd Mushroom":21,"Burning Blood":0,"Toy Ornithopter":12,"WarpedTongs":1}],"Burning Blood":51,"Toy Ornithopter":15,"WarpedTongs":[43]},"card_choices":[{"not_picked":["Sword Boomerang","Rampage"],"picked":"Flex","floor":1},{"not_picked":["Havoc","Pommel Strike"],"picked":"Infernal Blade","floor":4},{"not_picked":["Headbutt","Thunderclap"],"picked":"Pommel Strike","floor":5},{"not_picked":["Twin Strike","Evolve"],"picked":"Dropkick","floor":6},{"not_picked":["Inflame","Headbutt"],"picked":"Heavy Blade","floor":8},{"not_picked":["Uppercut","Entrench"],"picked":"Sword Boomerang","floor":12},{"not_picked":["Iron Wave","Flame Barrier"],"picked":"Exhume","floor":13},{"not_picked":["Fire Breathing","Power Through"],"picked":"Intimidate","floor":15},{"not_picked":["Brutality","Feed"],"picked":"Barricade","floor":16},{"not_picked":["Fire Breathing","Havoc"],"picked":"Flex","floor":18},{"not_picked":["Clothesline","Cleave","Havoc"],"picked":"SKIP","floor":20},{"not_picked":["Brutality","Clash","Headbutt+1"],"picked":"SKIP","floor":21}],"player_experience":2446239,"relics_obtained":[{"floor":6,"key":"Potion Belt"},{"floor":8,"key":"Eternal Feather"},{"floor":9,"key":"Dream Catcher"},{"floor":10,"key":"Toy Ornithopter"},{"floor":13,"key":"Darkstone Periapt"},{"floor":14,"key":"Odd Mushroom"}],"event_choices":[{"damage_healed":0,"gold_gain":0,"player_choice":"Rummage","damage_taken":0,"relics_obtained":["WarpedTongs"],"max_hp_gain":0,"max_hp_loss":0,"event_name":"Accursed Blacksmith","floor":2,"gold_loss":0,"cards_obtained":["Pain"]},{"damage_healed":0,"gold_gain":0,"player_choice":"Fought Mushrooms","damage_taken":0,"max_hp_gain":0,"max_hp_loss":0,"event_name":"Mushrooms","floor":14,"gold_loss":0},{"damage_healed":0,"gold_gain":0,"player_choice":"Traded Relic","damage_taken":0,"relics_obtained":["Nloth\u0027s Gift"],"max_hp_gain":0,"max_hp_loss":0,"event_name":"N\u0027loth","floor":19,"relics_lost":["NeowsBlessing"],"gold_loss":0}],"is_beta":false,"boss_relics":[{"not_picked":["Astrolabe","Calling Bell"],"picked":"Coffee Dripper"}],"items_purged_floors":[3],"is_endless":false,"potions_floor_spawned":[4,5,8,14,20],"killed_by":"Cultist and Chosen","ascension_level":20}}