{"host":"dmtlrev5pkc1867p","time":1613751833,"event":{"mods":["AchievementEnabler","BaseMod","Colored Map","Colored Powertips","Downfall","Hermit","Highlight Path","Hubris","Infinite Spire","Marisa¡]Ãú«B¡@Å]²z¨F¡^","Minty Spire (QoL Compilation)","Permanent Neow","Quick Restart","Rare Cards Sparkle","Relic Sorter","Relic Stats","Replay The Spire","Shop Mod","StSLib","SuperFastMode","The Construct","The Cursed","The Mystic","The Necromancer","The Poker Player","The Runesmith","The Servant 0.9.4"],"gold_per_floor":[114,127,127,202,220,240,240,240,265,35,35,52,85,48,48,149,149,160,160,160,204,204,204,204,216,216,216,216,226,241,276,276,380,380,391,391,391,391,391,391,79,79,79,79,99,99,99,118,118,118,118,118,118,118],"floor_reached":53,"language":"ZHS","playtime":5828,"items_purged":["Voices","ReplayTheSpireMod:Splinters"],"score":669,"play_id":"24ab5e2d-1c67-4007-8afb-fe2608a0ac13","local_time":"20210220002353","is_ascension_mode":false,"campfire_choices":[{"floor":7.0,"key":"RECALL"},{"floor":11.0,"key":"REST"},{"floor":15.0,"key":"REST"},{"data":"ReplayTheSpireMod:Black Plague","floor":23.0,"key":"SMITH"},{"floor":27.0,"key":"REST"},{"floor":32.0,"key":"REST"},{"floor":40.0,"key":"REST"},{"data":"Specialist","floor":44.0,"key":"SMITH"},{"data":"infinitespire:NeuralNetwork","floor":47.0,"key":"SMITH"},{"floor":49.0,"key":"REST"},{"data":"mysticmod:Momentum","floor":52,"key":"SMITH"}],"circlet_count":0,"master_deck":["mysticmod:Strike_Mystic+1","mysticmod:Strike_Mystic+1","mysticmod:Strike_Mystic+1","mysticmod:Strike_Mystic+1","mysticmod:Defend_Mystic+1","mysticmod:Defend_Mystic+1","mysticmod:Defend_Mystic+1","mysticmod:Defend_Mystic+1","mysticmod:ArcaneDodge","mysticmod:ShockingGrasp","mysticmod:MagicWeapon","mysticmod:Stoneskin","mysticmod:PowerAttack","ReplayTheSpireMod:Black Plague+1","mysticmod:Snowball","mysticmod:Doublecast","mysticmod:ArcaneAccuracy","mysticmod:PowerSlash","mysticmod:Fireball","mysticmod:VorpalThrust","mysticmod:Momentum+1","mysticmod:HeavyStrike+1","mysticmod:HeavyStrike+1","mysticmod:Alacrity+1","J.A.X.","mysticmod:SuddenClarity+1","mysticmod:CureLightWounds","mysticmod:PunishingArmor","mysticmod:PunishingArmor","mysticmod:MirrorEntity","Sickly","construct:AttackMode","mysticmod:GeminiForm","Replay:Bootleg Shield Generator","infinitespire:NeuralNetwork+1","mysticmod:MagicWeapon","Specialist+1","mysticmod:FiveFootStep+1","ReplayTheSpireMod:Black Plague+1","mysticmod:EnchantedMoulinet"],"relics":["mysticmod:SpellBook","Replay:Rubber Ducky","Potion Belt","expansioncontent:StudyCardRelic","hubris:Icosahedron","Regal Pillow","hubris:SlimyHat","hubris:Towel","ReplayTheSpireMod:Lightbulb","ReplayTheSpireMod:SealedPack","Ring of Fangs","Ring of Hypnosis","Centennial Puzzle","TungstenRod"],"acts_visited":["Exordium","TheCity","TheBeyond","TheEnding"],"potions_floor_usage":[],"damage_taken":[{"damage":0.0,"enemies":"Cultist","floor":1.0,"turns":3.0},{"damage":0.0,"enemies":"2 Louse","floor":2.0,"turns":3.0},{"damage":1.0,"enemies":"Small Slimes","floor":5.0,"turns":3.0},{"damage":1.0,"enemies":"Exordium Thugs","floor":6.0,"turns":3.0},{"damage":6.0,"enemies":"Looter","floor":12.0,"turns":2.0},{"damage":21.0,"enemies":"3 Sentries","floor":13.0,"turns":6.0},{"damage":56.0,"enemies":"The Guardian","floor":16.0,"turns":10.0},{"damage":0.0,"enemies":"Chosen","floor":18.0,"turns":3.0},{"damage":20.0,"enemies":"2 Thieves","floor":25.0,"turns":4.0},{"damage":32.0,"enemies":"Snake Plant","floor":29.0,"turns":6.0},{"damage":10.0,"enemies":"Shelled Parasite and Fungi","floor":30.0,"turns":4.0},{"damage":17.0,"enemies":"Replay:Snechameleon","floor":31.0,"turns":7.0},{"damage":57.0,"enemies":"Collector","floor":33.0,"turns":13.0},{"damage":35.0,"enemies":"Orb Walker","floor":35.0,"turns":4.0},{"damage":5.0,"enemies":"3 Darklings","floor":45.0,"turns":5.0},{"damage":43.0,"enemies":"Spire Growth","floor":48.0,"turns":5.0},{"damage":71.0,"enemies":"Donu and Deca","floor":50.0,"turns":10.0}],"seed_played":"-7685335815380164987","potions_obtained":[{"floor":1.0,"key":"ColorlessPotion"},{"floor":2.0,"key":"Elixir"},{"floor":12.0,"key":"Fire Potion"},{"floor":16.0,"key":"Weak Potion"},{"floor":21.0,"key":"champ:CounterPotion"},{"floor":25.0,"key":"Fire Potion"},{"floor":30.0,"key":"SpeedPotion"},{"floor":31.0,"key":"Slimebound:ThreeZeroPotion"},{"floor":33.0,"key":"Milkshake"},{"floor":48.0,"key":"champ:CounterPotion"}],"is_trial":false,"path_per_floor":["M","M","?","?","M","M","R","?","T","$","R","M","E","$","R","B",null,"M","?","?","?","?","R","$","M","T","R","?","M","M","E","R","B",null,"M","?","?","?","?","R","$","AVR","T","R","M","?","R","M","R","B",null,"R","$"],"character_chosen":"MYSTIC_CLASS","items_purchased":["Replay:Rubber Ducky","mysticmod:ArcaneAccuracy","mysticmod:VorpalThrust","Specialist","Centennial Puzzle"],"campfire_rested":6,"item_purchase_floors":[10,10,14,41,41],"current_hp_per_floor":[77,77,59,52,51,50,50,50,50,50,73,67,46,46,69,13,77,77,77,77,77,77,77,77,57,57,77,77,45,37,23,61,7,77,42,42,42,42,42,77,77,77,77,77,74,74,74,34,72,4,77,77,77,77],"gold":118,"neow_bonus":"THREE_CARDS","is_daily":false,"chose_seed":false,"campfire_upgraded":4,"win_rate":0.0,"timestamp":1613751833,"path_taken":["M","M","?","?","?","M","R","?","T","?","R","M","E","$","R","BOSS","M","?","?","?","?","R","$","M","T","R","?","M","?","E","R","BOSS","M","?","?","?","?","R","?","AVR","T","R","M","?","R","M","R","BOSS","R","$"],"items_purchased_type":["Relic","Card","Card","Card","Relic"],"build_version":"2020-12-22","purchased_purges":2,"victory":false,"max_hp_per_floor":[77,77,77,77,77,77,77,77,77,77,77,77,77,77,77,77,77,77,77,77,77,77,77,77,77,77,77,77,77,77,77,77,77,77,77,77,77,77,77,77,77,77,77,77,77,77,77,77,77,77,77,77,77,77],"relic_stats":{"Regal Pillow":42,"Centennial Puzzle":[9],"counters":[17,91],"obtain_stats":[{"Potion Belt":13,"Regal Pillow":21,"Ring of Hypnosis":39,"mysticmod:SpellBook":0,"ReplayTheSpireMod:SealedPack":34,"expansioncontent:StudyCardRelic":17,"hubris:SlimyHat":26,"hubris:Towel":28,"Replay:Rubber Ducky":10,"Centennial Puzzle":41,"hubris:Icosahedron":19,"Ring of Fangs":39,"ReplayTheSpireMod:Lightbulb":31,"TungstenRod":43},{"Potion Belt":6,"Regal Pillow":8,"Ring of Hypnosis":14,"mysticmod:SpellBook":0,"ReplayTheSpireMod:SealedPack":13,"expansioncontent:StudyCardRelic":7,"hubris:SlimyHat":9,"hubris:Towel":9,"Replay:Rubber Ducky":4,"Centennial Puzzle":14,"hubris:Icosahedron":8,"Ring of Fangs":14,"ReplayTheSpireMod:Lightbulb":12,"TungstenRod":14},{"Potion Belt":20,"Regal Pillow":33,"Ring of Hypnosis":71,"mysticmod:SpellBook":0,"ReplayTheSpireMod:SealedPack":67,"expansioncontent:StudyCardRelic":30,"hubris:SlimyHat":37,"hubris:Towel":37,"Replay:Rubber Ducky":12,"Centennial Puzzle":71,"hubris:Icosahedron":33,"Ring of Fangs":71,"ReplayTheSpireMod:Lightbulb":54,"TungstenRod":71}],"TungstenRod":20},"card_choices":[{"not_picked":["mysticmod:Sideswipe","mysticmod:DiviningBlow"],"picked":"mysticmod:MagicWeapon","floor":0.0},{"not_picked":["mysticmod:Feint","mysticmod:LightningBolt"],"picked":"mysticmod:Stoneskin","floor":1.0},{"not_picked":["mysticmod:PureInstinct","mysticmod:LightningBolt"],"picked":"mysticmod:PowerAttack","floor":2.0},{"not_picked":["infinitespire:Execution","ReplayTheSpireMod:Haul"],"picked":"ReplayTheSpireMod:Black Plague","floor":3.0},{"not_picked":["mysticmod:CorrosiveTouch","mysticmod:StyleChange"],"picked":"mysticmod:Snowball","floor":5.0},{"not_picked":["mysticmod:ComponentsPouch","mysticmod:Fireball"],"picked":"mysticmod:Doublecast","floor":6.0},{"not_picked":["mysticmod:Daze","mysticmod:LightningBolt"],"picked":"mysticmod:PowerSlash","floor":12.0},{"not_picked":["mysticmod:Flourish","mysticmod:CorrosiveTouch"],"picked":"mysticmod:Fireball","floor":13.0},{"not_picked":["mysticmod:KnowledgePool","mysticmod:EnchantedMoulinet"],"picked":"mysticmod:Momentum","floor":16.0},{"not_picked":["mysticmod:SuddenClarity","mysticmod:DiviningBlow+1"],"picked":"mysticmod:HeavyStrike+1","floor":18.0},{"not_picked":["mysticmod:ComponentsPouch","mysticmod:LightningBolt"],"picked":"mysticmod:HeavyStrike+1","floor":21.0},{"not_picked":["mysticmod:StyleChange","mysticmod:Daze"],"picked":"mysticmod:Alacrity+1","floor":21.0},{"not_picked":["mysticmod:EbbAndFlow","mysticmod:Shield"],"picked":"mysticmod:SuddenClarity+1","floor":25.0},{"not_picked":["mysticmod:HeavyStrike+1","mysticmod:LightningBolt"],"picked":"mysticmod:CureLightWounds","floor":29.0},{"not_picked":["mysticmod:Probe","mysticmod:Fly"],"picked":"mysticmod:PunishingArmor","floor":30.0},{"not_picked":["mysticmod:StyleChange","mysticmod:CorrosiveTouch"],"picked":"mysticmod:PunishingArmor","floor":31.0},{"not_picked":["mysticmod:Spellstrike","mysticmod:Natural20"],"picked":"mysticmod:MirrorEntity","floor":33.0},{"not_picked":["Exchange","Slimebound:Tackle"],"picked":"construct:AttackMode","floor":34.0},{"not_picked":["mysticmod:Disintegrate","mysticmod:Spellstrike"],"picked":"mysticmod:GeminiForm","floor":34.0},{"not_picked":["Replay:Sssssssssshield","Dramatic Entrance"],"picked":"Replay:Bootleg Shield Generator","floor":34.0},{"not_picked":["ReplayTheSpireMod:Haul","infinitespire:FutureSight"],"picked":"infinitespire:NeuralNetwork","floor":34.0},{"not_picked":["mysticmod:HeavyStrike","mysticmod:SpellCombat"],"picked":"mysticmod:MagicWeapon","floor":35.0},{"not_picked":["mysticmod:SuddenClarity","mysticmod:Snowball"],"picked":"mysticmod:FiveFootStep+1","floor":45.0},{"not_picked":["mysticmod:Disengage","mysticmod:Stoneskin"],"picked":"mysticmod:EnchantedMoulinet","floor":48.0}],"player_experience":737595,"relics_obtained":[{"floor":13.0,"key":"Potion Belt"},{"floor":21.0,"key":"Regal Pillow"},{"floor":26.0,"key":"hubris:SlimyHat"},{"floor":31.0,"key":"ReplayTheSpireMod:Lightbulb"},{"floor":39.0,"key":"Ring of Fangs"},{"floor":39.0,"key":"Ring of Hypnosis"},{"floor":43.0,"key":"TungstenRod"}],"event_choices":[{"damage_healed":0.0,"max_hp_gain":0.0,"max_hp_loss":0.0,"gold_gain":75.0,"event_name":"FaceTrader","player_choice":"Touch","floor":4.0,"gold_loss":0.0,"damage_taken":7.0},{"damage_healed":0.0,"max_hp_gain":0.0,"max_hp_loss":0.0,"gold_gain":0.0,"event_name":"Back to Basics","player_choice":"Simplicity","floor":20.0,"gold_loss":0.0,"damage_taken":0.0,"cards_upgraded":["mysticmod:Strike_Mystic","mysticmod:Strike_Mystic","mysticmod:Strike_Mystic","mysticmod:Strike_Mystic","mysticmod:Defend_Mystic","mysticmod:Defend_Mystic","mysticmod:Defend_Mystic","mysticmod:Defend_Mystic"]},{"damage_healed":0.0,"max_hp_gain":0.0,"max_hp_loss":0.0,"gold_gain":0.0,"event_name":"Drug Dealer","player_choice":"Obtain J.A.X.","floor":22.0,"gold_loss":0.0,"damage_taken":0.0,"cards_obtained":["J.A.X."]},{"damage_healed":0.0,"max_hp_gain":0.0,"max_hp_loss":0.0,"gold_gain":0.0,"event_name":"Mysterious Sphere","player_choice":"Ignored","floor":36.0,"gold_loss":0.0,"damage_taken":0.0},{"damage_healed":0.0,"max_hp_gain":0.0,"max_hp_loss":0.0,"gold_gain":0.0,"event_name":"Tomb of Lord Red Mask","player_choice":"Ignored","floor":37.0,"gold_loss":0.0,"damage_taken":0.0},{"damage_healed":0.0,"max_hp_gain":0.0,"max_hp_loss":0.0,"gold_gain":0.0,"event_name":"Duplicator","player_choice":"Copied","floor":46.0,"gold_loss":0.0,"damage_taken":0.0,"cards_obtained":["ReplayTheSpireMod:Black Plague"]}],"is_beta":false,"boss_relics":[{"not_picked":["hubris:RunicObelisk","hubris:ScarierMask"],"picked":"expansioncontent:StudyCardRelic"},{"not_picked":["Empty Cage","Coffee Dripper"],"picked":"ReplayTheSpireMod:SealedPack"}],"items_purged_floors":[41,42],"is_endless":false,"potions_floor_spawned":[1,2,12,16,25,30,31,33,48],"ascension_level":0}}