{"host":"4jj9j1v1tx707ann","time":1613722643,"event":{"mods":["AchievementEnabler","BaseMod","Colored Map","Keyboard Shortcuts","Minty Spire (QoL Compilation)","Permanent Neow","Quick Restart","Rare Cards Sparkle","StSLib","SuperFastMode","everything is the same but u backflip on backflip"],"gold_per_floor":[359,74,87,102,119,119,154,154,154,184,184,184,202,221,221,316,316,334,350,51,51,68,68,82,82,82,117,137,137,154,79,79,79,79],"floor_reached":33,"language":"KOR","playtime":775,"items_purged":["Strike_R","Strike_R"],"score":363,"play_id":"eab7584d-64a6-4906-ada9-260e01abb22e","local_time":"20210219171723","is_ascension_mode":true,"campfire_choices":[{"data":"Apotheosis","floor":6.0,"key":"SMITH"},{"data":"Carnage","floor":8,"key":"SMITH"},{"floor":11,"key":"REST"},{"data":"Inflame","floor":15,"key":"SMITH"},{"floor":23,"key":"RECALL"},{"floor":25,"key":"REST"},{"floor":32,"key":"REST"}],"circlet_count":0,"master_deck":["Strike_R","Strike_R","Defend_R","Defend_R","Defend_R","Defend_R","Bash","Apotheosis+1","Evolve+1","Second Wind","Carnage+1","Dropkick","Inflame+1","Thunderclap","Warcry","Intimidate","Barricade","Purity"],"relics":["Burning Blood","Ancient Tea Set","Mercury Hourglass","Kunai","Fusion Hammer","PrismaticShard","Torii","Singing Bowl"],"acts_visited":["Exordium","TheCity"],"potions_floor_usage":[27,33],"damage_taken":[{"damage":11.0,"enemies":"2 Louse","floor":1.0,"turns":3.0},{"damage":8.0,"enemies":"Cultist","floor":3.0,"turns":4.0},{"damage":2.0,"enemies":"Jaw Worm","floor":4.0,"turns":4.0},{"damage":22.0,"enemies":"Exordium Thugs","floor":5.0,"turns":6.0},{"damage":10,"enemies":"Lagavulin","floor":7,"turns":6},{"damage":17,"enemies":"3 Sentries","floor":10,"turns":4},{"damage":8,"enemies":"Blue Slaver","floor":13,"turns":3},{"damage":2,"enemies":"Exordium Wildlife","floor":14,"turns":4},{"damage":34,"enemies":"The Guardian","floor":16,"turns":7},{"damage":2,"enemies":"Chosen","floor":18,"turns":4},{"damage":11,"enemies":"2 Thieves","floor":19,"turns":2},{"damage":12,"enemies":"3 Cultists","floor":22,"turns":5},{"damage":13,"enemies":"Sentry and Sphere","floor":24,"turns":5},{"damage":32,"enemies":"Gremlin Leader","floor":27,"turns":4},{"damage":31,"enemies":"Chosen and Byrds","floor":28,"turns":5},{"damage":13,"enemies":"Snake Plant","floor":30,"turns":5},{"damage":59,"enemies":"Champ","floor":33,"turns":5}],"seed_played":"-99245118050623450","potions_obtained":[{"floor":10,"key":"Weak Potion"},{"floor":14,"key":"LiquidBronze"},{"floor":16,"key":"SteroidPotion"},{"floor":18,"key":"LiquidMemories"}],"is_trial":false,"path_per_floor":["M","$","M","M","M","R","E","R","T","E","R","?","M","M","R","B",null,"M","M","$","?","M","R","M","R","T","E","M","?","M","?","R","B"],"character_chosen":"IRONCLAD","items_purchased":["Apotheosis","Evolve","Warcry","PrismaticShard"],"campfire_rested":3,"item_purchase_floors":[2,2,20,20],"current_hp_per_floor":[67,67,65,69,53,53,49,49,49,38,59,59,57,61,61,33,62,66,61,61,61,55,55,48,69,69,43,20,20,15,15,37,0,0],"gold":79,"neow_bonus":"TWO_FIFTY_GOLD","is_daily":false,"chose_seed":false,"campfire_upgraded":3,"win_rate":0.0,"timestamp":1613722643,"path_taken":["M","$","M","M","M","R","E","R","T","E","R","?","?","M","R","BOSS","M","M","$","?","M","R","M","R","T","E","M","?","M","?","R","BOSS"],"items_purchased_type":["Card","Card","Card","Relic"],"build_version":"2020-12-22","purchased_purges":2,"victory":false,"max_hp_per_floor":[72,72,72,72,72,72,72,72,72,72,72,72,72,72,72,72,72,72,72,72,72,72,72,72,72,72,72,74,74,76,76,76,76,76],"card_choices":[{"not_picked":["Havoc","True Grit","Rupture"],"picked":"SKIP","floor":1.0},{"not_picked":["Entrench","Perfected Strike","Clothesline"],"picked":"SKIP","floor":3.0},{"not_picked":["Shockwave","Warcry"],"picked":"Second Wind","floor":4.0},{"not_picked":["Sword Boomerang","Hemokinesis"],"picked":"Carnage","floor":5.0},{"not_picked":["Cleave","Combust","Dual Wield"],"picked":"SKIP","floor":7},{"not_picked":["Twin Strike","Battle Trance"],"picked":"Dropkick","floor":10},{"not_picked":["Cleave","Warcry"],"picked":"Inflame","floor":13},{"not_picked":["True Grit","Bloodletting"],"picked":"Thunderclap","floor":14},{"not_picked":["Dropkick+1","Clothesline","Heavy Blade"],"picked":"SKIP","floor":18},{"not_picked":["Heavy Blade","Combust","Iron Wave"],"picked":"SKIP","floor":19},{"not_picked":["Carnage","Pommel Strike"],"picked":"Intimidate","floor":22},{"not_picked":["Doom and Gloom","Cloak And Dagger"],"picked":"Barricade","floor":24},{"not_picked":["All Out Attack","Conserve Battery"],"picked":"Purity","floor":27},{"not_picked":["Consecrate+1","CutThroughFate+1","Clash"],"picked":"Singing Bowl","floor":28},{"not_picked":["Setup","Armaments+1","Dagger Spray"],"picked":"Singing Bowl","floor":30}],"player_experience":184398,"relics_obtained":[{"floor":7,"key":"Ancient Tea Set"},{"floor":9,"key":"Mercury Hourglass"},{"floor":10,"key":"Kunai"},{"floor":26,"key":"Torii"},{"floor":27,"key":"Singing Bowl"}],"event_choices":[{"damage_healed":0,"gold_gain":0,"player_choice":"Upgraded","damage_taken":0,"max_hp_gain":0,"max_hp_loss":0,"event_name":"Upgrade Shrine","floor":12,"gold_loss":0,"cards_upgraded":["Evolve"]},{"damage_healed":0,"gold_gain":0,"player_choice":"Ignored","damage_taken":0,"max_hp_gain":0,"max_hp_loss":0,"event_name":"Vampires","floor":21,"gold_loss":0},{"damage_healed":0,"gold_gain":0,"player_choice":"Ignored","damage_taken":0,"max_hp_gain":0,"max_hp_loss":0,"event_name":"Cursed Tome","floor":29,"gold_loss":0},{"cards_removed":["Strike_R"],"damage_healed":0,"gold_gain":0,"player_choice":"Gave Gold","damage_taken":0,"max_hp_gain":0,"max_hp_loss":0,"event_name":"Beggar","floor":31,"gold_loss":75}],"is_beta":false,"boss_relics":[{"not_picked":["SacredBark","Pandora\u0027s Box"],"picked":"Fusion Hammer"}],"items_purged_floors":[2,20],"is_endless":false,"potions_floor_spawned":[10,14,16,18,22,24],"killed_by":"Champ","ascension_level":6}}