{"host":"my4gslufyvqsq7r2","time":1613769072,"event":{"mods":["BaseMod","Colored Powertips","Hermit","Hubris","Infinite Spire","Minty Spire (QoL Compilation)","Rare Cards Sparkle","Relic Stats","Reliquary","Replay The Spire","Robot Space Explorer","StSLib"],"gold_per_floor":[119,119,119,135,146,146,166,182,182,201,201,220,220,233,233,233,233],"floor_reached":16,"language":"ENG","playtime":920,"items_purged":[],"score":96,"play_id":"8e3eced1-e15c-4d1b-a125-4778d0af6214","local_time":"20210219161112","is_ascension_mode":false,"campfire_choices":[{"data":"hermit:Quickdraw","floor":6,"key":"SMITH"},{"floor":13,"key":"REST"},{"floor":15,"key":"REST"}],"circlet_count":0,"master_deck":["hermit:Strike_Hermit","hermit:Strike_Hermit","hermit:Strike_Hermit","hermit:Strike_Hermit+1","hermit:Defend_Hermit","hermit:Defend_Hermit","hermit:Defend_Hermit+1","hermit:Defend_Hermit","hermit:Snapshot","hermit:Covet","hermit:HighCaliber","hermit:Quickdraw+1","hermit:Deadeye","hermit:TakeCover","hermit:Glare","hermit:Dive","hermit:CursedWeapon"],"relics":["hermit:Momento","Singing Bowl"],"acts_visited":["Exordium"],"potions_floor_usage":[16],"damage_taken":[{"damage":1,"enemies":"Jaw Worm","floor":1,"turns":4},{"damage":1,"enemies":"2 Louse","floor":4,"turns":3},{"damage":1,"enemies":"Cultist","floor":5,"turns":3},{"damage":0,"enemies":"Large Slime","floor":7,"turns":4},{"damage":4,"enemies":"Red Slaver","floor":8,"turns":3},{"damage":16,"enemies":"Gremlin Gang","floor":10,"turns":6},{"damage":3,"enemies":"Exordium Thugs","floor":12,"turns":5},{"damage":2,"enemies":"Looter","floor":14,"turns":2},{"damage":86,"enemies":"Fading Forest","floor":16,"turns":7}],"seed_played":"-5594676445674569047","potions_obtained":[{"floor":1,"key":"SpeedPotion"},{"floor":4,"key":"Dexterity Potion"},{"floor":14,"key":"Reflective Coating"}],"is_trial":false,"path_per_floor":["M","?","?","M","M","R","M","M","T","M","?","M","R","M","R","B"],"character_chosen":"HERMIT","items_purchased":[],"campfire_rested":2,"item_purchase_floors":[],"current_hp_per_floor":[81,81,81,80,79,79,79,75,75,59,43,40,64,64,84,0,0],"gold":233,"neow_bonus":"TEN_PERCENT_HP_BONUS","is_daily":false,"chose_seed":false,"campfire_upgraded":1,"win_rate":0.0,"timestamp":1613769072,"path_taken":["M","?","?","M","M","R","M","M","T","M","?","M","R","M","R","BOSS"],"items_purchased_type":[],"build_version":"2020-12-22","purchased_purges":0,"victory":false,"max_hp_per_floor":[82,82,82,82,82,82,82,82,82,82,82,82,82,84,84,84,84],"relic_stats":{"Singing Bowl":2,"counters":[9,37],"obtain_stats":[{"Singing Bowl":9,"hermit:Momento":0},{"Singing Bowl":5,"hermit:Momento":0},{"Singing Bowl":17,"hermit:Momento":0}]},"card_choices":[{"not_picked":["hermit:HoleUp","hermit:Ricochet"],"picked":"hermit:HighCaliber","floor":1},{"not_picked":["hermit:Roulette","hermit:HighCaliber"],"picked":"hermit:Quickdraw","floor":4},{"not_picked":["hermit:Snipe","hermit:Showdown"],"picked":"hermit:Deadeye","floor":5},{"not_picked":["hermit:Roulette","hermit:Roughhouse"],"picked":"hermit:TakeCover","floor":7},{"not_picked":["hermit:Gestalt","hermit:SprayPray"],"picked":"hermit:Glare","floor":8},{"not_picked":["hermit:Vantage","hermit:WideOpen"],"picked":"hermit:Dive","floor":10},{"not_picked":["hermit:Vantage","hermit:HoleUp"],"picked":"hermit:CursedWeapon","floor":12},{"not_picked":["hermit:Misfire","hermit:Manifest","hermit:Ricochet"],"picked":"Singing Bowl","floor":14}],"player_experience":555604,"relics_obtained":[{"floor":9,"key":"Singing Bowl"}],"event_choices":[{"damage_healed":0,"gold_gain":0,"player_choice":"Ignored","damage_taken":0,"max_hp_gain":0,"max_hp_loss":0,"event_name":"Liars Game","floor":3,"gold_loss":0},{"damage_healed":0,"gold_gain":0,"player_choice":"Entered Light","damage_taken":16,"max_hp_gain":0,"max_hp_loss":0,"event_name":"Shining Light","floor":11,"gold_loss":0,"cards_upgraded":["hermit:Strike_Hermit","hermit:Defend_Hermit"]}],"is_beta":false,"boss_relics":[],"items_purged_floors":[],"is_endless":false,"potions_floor_spawned":[1,4,14],"killed_by":"Fading Forest","ascension_level":0}}