{"host":"f9ztaq6figs4snwj","time":1613763527,"event":{"mods":["BaseMod","Bestiary","Colored Map","Colored Powertips","Curses Come First","DeckTracker","Minty Spire (QoL Compilation)","Quick Restart","StSLib"],"gold_per_floor":[112,37,37,56,26,26,39,56,56,87,87,87,106,163,163,264,264,278,296,395,395,405,405,424,63,89,121,121,137,57,72,72,168,168,183,83,0,0,0,0,0],"floor_reached":40,"language":"ENG","playtime":2354,"items_purged":["Defend_G","Grand Finale+1"],"score":575,"play_id":"582eecb7-83cd-428e-bff9-57e17a594053","local_time":"20210219203847","is_ascension_mode":true,"campfire_choices":[{"data":"Dagger Throw","floor":6.0,"key":"SMITH"},{"data":"Blade Dance","floor":12.0,"key":"SMITH"},{"floor":15.0,"key":"REST"},{"data":"Bullet Time","floor":23,"key":"SMITH"},{"data":"Adrenaline","floor":32,"key":"SMITH"}],"circlet_count":0,"master_deck":["Strike_G","Strike_G","Strike_G","Strike_G","Defend_G","Defend_G+1","Defend_G","Survivor","Neutralize+1","Accuracy","Blur","Blade Dance+1","Slice","Backflip","Bullet Time+1","PiercingWail","Neutralize","Cloak And Dagger","Phantasmal Killer","Blade Dance+1","Prepared+1","Adrenaline+1","Storm of Steel","After Image","Storm of Steel+1","Leg Sweep+1","Cloak And Dagger"],"relics":["Ring of the Snake","Question Card","Bottled Lightning","White Beast Statue","Blue Candle","SacredBark","DollysMirror","Strawberry","Ginger","Astrolabe","Red Mask"],"acts_visited":["Exordium","TheCity","TheBeyond"],"potions_floor_usage":[19,22,24,27,29,29,33,33,40,40],"damage_taken":[{"damage":4.0,"enemies":"Cultist","floor":1.0,"turns":5.0},{"damage":0.0,"enemies":"2 Louse","floor":4.0,"turns":5.0},{"damage":1.0,"enemies":"Small Slimes","floor":7.0,"turns":4.0},{"damage":0.0,"enemies":"Blue Slaver","floor":8.0,"turns":4.0},{"damage":17.0,"enemies":"3 Sentries","floor":10.0,"turns":8.0},{"damage":6.0,"enemies":"Looter","floor":13.0,"turns":2.0},{"damage":6.0,"enemies":"Gremlin Nob","floor":14.0,"turns":4.0},{"damage":22.0,"enemies":"Hexaghost","floor":16.0,"turns":10.0},{"damage":7.0,"enemies":"Chosen","floor":18.0,"turns":5.0},{"damage":0,"enemies":"Spheric Guardian","floor":19,"turns":1},{"damage":18,"enemies":"Snake Plant","floor":22,"turns":7},{"damage":34,"enemies":"3 Cultists","floor":24,"turns":7},{"damage":16,"enemies":"Book of Stabbing","floor":27,"turns":5},{"damage":0,"enemies":"Shelled Parasite and Fungi","floor":29,"turns":5},{"damage":23,"enemies":"Snake Plant","floor":31,"turns":5},{"damage":0,"enemies":"Collector","floor":33,"turns":2},{"damage":7,"enemies":"3 Shapes","floor":35,"turns":7},{"damage":80,"enemies":"Reptomancer","floor":40,"turns":8}],"seed_played":"7055567337476614441","potions_obtained":[{"floor":5.0,"key":"Fruit Juice"},{"floor":5.0,"key":"CultistPotion"},{"floor":7.0,"key":"EssenceOfSteel"},{"floor":8.0,"key":"Poison Potion"},{"floor":10.0,"key":"Dexterity Potion"},{"floor":14.0,"key":"Explosive Potion"},{"floor":16.0,"key":"SpeedPotion"},{"floor":18.0,"key":"FairyPotion"},{"floor":19,"key":"ColorlessPotion"},{"floor":22,"key":"AttackPotion"},{"floor":24,"key":"Dexterity Potion"},{"floor":27,"key":"Dexterity Potion"},{"floor":29,"key":"Strength Potion"},{"floor":31,"key":"SkillPotion"},{"floor":33,"key":"Swift Potion"},{"floor":35,"key":"SteroidPotion"}],"is_trial":false,"path_per_floor":["M","$","?","M","?","R","M","M","T","E","?","R","M","?","R","B",null,"M","M","?","?","M","R","M","$","T","E","?","M","$","M","R","B",null,"M","$","?","?","?","E"],"character_chosen":"THE_SILENT","items_purchased":["Cloak And Dagger","Phantasmal Killer","DollysMirror","Adrenaline"],"campfire_rested":1,"item_purchase_floors":[25,25,25,30],"current_hp_per_floor":[66,66,59,59,64,64,63,63,63,46,31,31,25,19,41,19,75,68,68,68,68,50,50,16,16,23,7,7,7,7,33,33,33,82,75,75,75,75,75,0,0],"gold":0,"neow_bonus":"TRANSFORM_CARD","is_daily":false,"chose_seed":false,"campfire_upgraded":4,"win_rate":0.0,"timestamp":1613763527,"path_taken":["M","?","?","M","?","R","?","M","T","E","?","R","M","?","R","BOSS","M","M","?","?","?","R","M","$","T","E","?","M","$","M","R","BOSS","M","$","?","?","?","E"],"items_purchased_type":["Card","Card","Relic","Card"],"build_version":"2020-12-22","purchased_purges":2,"victory":false,"max_hp_per_floor":[70,70,70,70,75,75,75,75,75,75,75,75,75,75,75,75,75,75,75,75,75,75,75,75,75,82,82,82,82,82,82,82,82,82,82,82,82,82,78,78,78],"card_choices":[{"not_picked":["Underhanded Strike","Sucker Punch"],"picked":"Blur","floor":1.0},{"not_picked":["Backstab","Reflex","PiercingWail"],"picked":"Dagger Throw","floor":4.0},{"not_picked":["Predator","Dagger Spray","Expertise"],"picked":"Slice","floor":7.0},{"not_picked":["Calculated Gamble","Backflip","Distraction"],"picked":"Blade Dance","floor":8.0},{"not_picked":["Die Die Die","Riddle With Holes","Sucker Punch"],"picked":"Slice","floor":10.0},{"not_picked":["Underhanded Strike","Deflect","Acrobatics"],"picked":"Slice","floor":13.0},{"not_picked":["Dagger Spray","All Out Attack","Sucker Punch"],"picked":"Backflip","floor":14.0},{"not_picked":["Tools of the Trade","Unload","Doppelganger"],"picked":"Bullet Time","floor":16.0},{"not_picked":["Deadly Poison+1","Setup","Bane","Dagger Spray"],"picked":"SKIP","floor":18.0},{"not_picked":["Dagger Spray","Distraction","Catalyst+1"],"picked":"PiercingWail","floor":19},{"not_picked":["Sucker Punch","Flechettes","All Out Attack+1","Poisoned Stab"],"picked":"SKIP","floor":22},{"not_picked":["Calculated Gamble","Dodge and Roll","Sucker Punch","Heel Hook"],"picked":"SKIP","floor":24},{"not_picked":["Poisoned Stab","Footwork","Quick Slash"],"picked":"Prepared+1","floor":27},{"not_picked":["Leg Sweep","Sucker Punch","Underhanded Strike+1","PiercingWail+1"],"picked":"SKIP","floor":29},{"not_picked":["Blade Dance","Poisoned Stab","Deadly Poison+1"],"picked":"Storm of Steel","floor":31},{"not_picked":["Adrenaline","Grand Finale","Corpse Explosion"],"picked":"After Image","floor":33},{"not_picked":["Prepared","Backflip","Poisoned Stab+1"],"picked":"Cloak And Dagger","floor":35}],"player_experience":415884,"relics_obtained":[{"floor":9.0,"key":"Bottled Lightning"},{"floor":10.0,"key":"White Beast Statue"},{"floor":14.0,"key":"Blue Candle"},{"floor":26,"key":"Strawberry"},{"floor":27,"key":"Ginger"}],"event_choices":[{"damage_healed":0.0,"max_hp_gain":0.0,"max_hp_loss":0.0,"gold_gain":0.0,"event_name":"Scrap Ooze","player_choice":"Success","floor":3.0,"gold_loss":0.0,"damage_taken":7.0,"relics_obtained":["Question Card"]},{"damage_healed":0.0,"max_hp_gain":0.0,"max_hp_loss":0.0,"gold_gain":0.0,"event_name":"The Woman in Blue","player_choice":"Bought 2 Potions","floor":5.0,"gold_loss":0.0,"damage_taken":0.0},{"damage_healed":0.0,"max_hp_gain":0.0,"max_hp_loss":0.0,"gold_gain":0.0,"event_name":"Shining Light","player_choice":"Entered Light","floor":11.0,"gold_loss":0.0,"damage_taken":15.0,"cards_upgraded":["Defend_G","Neutralize"]},{"damage_healed":0.0,"max_hp_gain":0.0,"max_hp_loss":0.0,"gold_gain":0.0,"event_name":"Dead Adventurer","player_choice":"Searched \u00271\u0027 times","floor":14.0,"gold_loss":0.0,"damage_taken":0.0},{"damage_healed":0,"gold_gain":99,"player_choice":"Stole From Cult","damage_taken":0,"max_hp_gain":0,"max_hp_loss":0,"event_name":"Nest","floor":20,"gold_loss":0},{"damage_healed":0,"gold_gain":0,"player_choice":"1 cards matched","damage_taken":0,"max_hp_gain":0,"max_hp_loss":0,"event_name":"Match and Keep!","floor":21,"gold_loss":0,"cards_obtained":["Neutralize"]},{"damage_healed":0,"gold_gain":0,"cards_transformed":["Slice","Slice"],"player_choice":"Became Test Subject","damage_taken":0,"max_hp_gain":0,"max_hp_loss":0,"event_name":"Drug Dealer","floor":28,"gold_loss":0,"cards_obtained":["Crippling Poison","Corpse Explosion"]},{"damage_healed":0,"gold_gain":0,"player_choice":"Paid","damage_taken":0,"relics_obtained":["Red Mask"],"max_hp_gain":0,"max_hp_loss":0,"event_name":"Tomb of Lord Red Mask","floor":37,"gold_loss":83},{"cards_removed":["Defend_G"],"damage_healed":0,"gold_gain":0,"player_choice":"Removed Skill","damage_taken":0,"max_hp_gain":0,"max_hp_loss":0,"event_name":"Falling","floor":38,"gold_loss":0},{"damage_healed":0,"gold_gain":0,"player_choice":"Max HP","damage_taken":0,"max_hp_gain":0,"max_hp_loss":4,"event_name":"Winding Halls","floor":39,"gold_loss":0}],"is_beta":false,"boss_relics":[{"not_picked":["Cursed Key","Ring of the Serpent"],"picked":"SacredBark"},{"not_picked":["Philosopher\u0027s Stone","Runic Pyramid"],"picked":"Astrolabe"}],"items_purged_floors":[2,36],"is_endless":false,"potions_floor_spawned":[7,8,10,13,14,16,18,19,22,24,27,29,31,33,35],"killed_by":"Reptomancer","ascension_level":4}}