{"host":"s4ojoik2izpnmj7q","time":1613737945,"event":{"mods":["ATMod(°¢èªMod)","Act Like it!","BaseMod","Minty Spire (QoL Compilation)","MostiFishMod","StSLib"],"gold_per_floor":[116,130,130,205,223,223,251,251,251,251,251,251],"floor_reached":11,"language":"ZHS","playtime":258,"items_purged":[],"score":122,"play_id":"53c21f25-e757-4639-b4b1-94bbd84d1e54","local_time":"20210219203225","is_ascension_mode":true,"campfire_choices":[{"data":"MostiFishMod:GatherIntelligence","floor":6.0,"key":"SMITH"},{"data":"MostiFishMod:GatherIntelligence","floor":8.0,"key":"SMITH"},{"data":"Dualcast","floor":10.0,"key":"SMITH"}],"circlet_count":0,"master_deck":["AscendersBane","Strike_B","Strike_B","Strike_B","Strike_B","Defend_B","Defend_B","Defend_B","Defend_B","Zap","Dualcast+1","MostiFishMod:GatherIntelligence+1","MostiFishMod:GatherIntelligence+1","Turbo"],"relics":["DaveBox","AT_ATBox","BrkXgEgg","GreenFoldingFan","SynthV:TestCard","AT_ImmortalShieldbow","Odd Mushroom","Toxic Egg 2"],"acts_visited":["Exordium"],"potions_floor_usage":[],"damage_taken":[{"damage":6.0,"enemies":"Small Slimes","floor":1.0,"turns":3.0},{"damage":15.0,"enemies":"Jaw Worm","floor":2.0,"turns":3.0},{"damage":6.0,"enemies":"Cultist","floor":5.0,"turns":3.0},{"damage":28.0,"enemies":"The Mushroom Lair","floor":7.0,"turns":4.0},{"damage":23,"enemies":"3 Sentries","floor":11,"turns":7}],"seed_played":"8479523425915202440","potions_obtained":[{"floor":1.0,"key":"Regen Potion"}],"is_trial":false,"path_per_floor":["M","M","?","?","M","R","?","R","T","R","E"],"character_chosen":"DEFECT","items_purchased":[],"campfire_rested":0,"item_purchase_floors":[],"current_hp_per_floor":[68,63,18,7,17,17,17,17,17,17,0,0],"gold":251,"neow_bonus":"BOSS_RELIC","is_daily":false,"chose_seed":false,"campfire_upgraded":3,"win_rate":0.0,"timestamp":1613737945,"path_taken":["M","M","?","?","M","R","?","R","T","R","E"],"items_purchased_type":[],"build_version":"2020-12-22","purchased_purges":0,"victory":false,"max_hp_per_floor":[71,71,71,71,71,71,71,71,71,71,71,71],"card_choices":[{"not_picked":["FTL","Storm","Beam Cell"],"picked":"SKIP","floor":1.0},{"not_picked":["Rebound","Auto Shields","AT_HeatAcrobatics","Gash"],"picked":"MostiFishMod:GatherIntelligence","floor":2.0},{"not_picked":["MostiFishMod:PushDownKick","Stack","AT_HeatAcrobatics","Coolheaded"],"picked":"MostiFishMod:GatherIntelligence","floor":5.0},{"not_picked":["Redo","Leap","MostiFishMod:PushDownKick","AT_HeatAcrobatics"],"picked":"Turbo","floor":7.0}],"player_experience":623091,"relics_obtained":[{"floor":1.0,"key":"SynthV:TestCard"},{"floor":7.0,"key":"Odd Mushroom"},{"floor":9.0,"key":"Toxic Egg 2"}],"event_choices":[{"damage_healed":0.0,"max_hp_gain":0.0,"max_hp_loss":0.0,"gold_gain":0.0,"event_name":"Scrap Ooze","player_choice":"Success","floor":3.0,"gold_loss":0.0,"damage_taken":45.0,"relics_obtained":["AT_ImmortalShieldbow"]},{"damage_healed":0.0,"max_hp_gain":0.0,"max_hp_loss":0.0,"gold_gain":75.0,"event_name":"World of Goop","player_choice":"Gather Gold","floor":4.0,"gold_loss":0.0,"damage_taken":11.0},{"damage_healed":0.0,"max_hp_gain":0.0,"max_hp_loss":0.0,"gold_gain":0.0,"event_name":"Mushrooms","player_choice":"Fought Mushrooms","floor":7.0,"gold_loss":0.0,"damage_taken":0.0}],"is_beta":false,"boss_relics":[],"items_purged_floors":[],"is_endless":false,"potions_floor_spawned":[1],"killed_by":"3 Sentries","ascension_level":20}}