{"host":"w5thk1acqacem6ba","time":1613742028,"event":{"mods":["AchievementEnabler","BaseMod","Colored Map","KOR Keyword Fix","Minty Spire (QoL Compilation)","SuperFastMode"],"gold_per_floor":[110,110,120,45,120,120,136,136,136,167,184,201,201,216,216,319,319,332,131,144,164,178,178,198,198,198,198,198,213,213,88,88,186,236,247,260,170,23,35,35,47,47,47],"floor_reached":42,"language":"KOR","playtime":2011,"items_purged":["Strike_G","Strike_G","Defend_G"],"score":523,"play_id":"0a8e507f-9970-45e7-93ae-067b2608eb55","local_time":"20210219224028","is_ascension_mode":true,"campfire_choices":[{"floor":6.0,"key":"REST"},{"floor":8.0,"key":"REST"},{"floor":13.0,"key":"REST"},{"floor":15.0,"key":"REST"},{"floor":23.0,"key":"REST"},{"floor":25.0,"key":"REST"},{"floor":27.0,"key":"REST"},{"floor":32.0,"key":"REST"},{"floor":40.0,"key":"REST"}],"circlet_count":0,"master_deck":["Strike_G","Defend_G","Defend_G","Defend_G","Defend_G","Survivor","Neutralize+1","Underhanded Strike","Acrobatics","Crippling Poison","Footwork","Burst+1","Poisoned Stab+1","Prepared+1","Poisoned Stab","Envenom","Dash","Bouncing Flask+1"],"relics":["Fusion Hammer","Shuriken","The Specimen","Velvet Choker","Letter Opener","Tiny House","Bronze Scales"],"acts_visited":["Exordium","TheCity","TheBeyond"],"potions_floor_usage":[42,42,42],"damage_taken":[{"damage":0.0,"enemies":"Small Slimes","floor":1.0,"turns":4.0},{"damage":4.0,"enemies":"Jaw Worm","floor":3.0,"turns":3.0},{"damage":0.0,"enemies":"Cultist","floor":7.0,"turns":4.0},{"damage":40.0,"enemies":"3 Sentries","floor":10.0,"turns":13.0},{"damage":0.0,"enemies":"Exordium Wildlife","floor":11.0,"turns":4.0},{"damage":6.0,"enemies":"Exordium Thugs","floor":12.0,"turns":6.0},{"damage":0.0,"enemies":"Gremlin Gang","floor":14.0,"turns":4.0},{"damage":62.0,"enemies":"Slime Boss","floor":16.0,"turns":18.0},{"damage":7.0,"enemies":"Spheric Guardian","floor":18.0,"turns":10.0},{"damage":0.0,"enemies":"Chosen","floor":20.0,"turns":7.0},{"damage":24.0,"enemies":"3 Cultists","floor":21.0,"turns":7.0},{"damage":16.0,"enemies":"Snecko","floor":22.0,"turns":8.0},{"damage":11.0,"enemies":"Snake Plant","floor":24.0,"turns":4.0},{"damage":5.0,"enemies":"Cultist and Chosen","floor":29.0,"turns":7.0},{"damage":54.0,"enemies":"Champ","floor":33.0,"turns":13.0},{"damage":29.0,"enemies":"3 Shapes","floor":35.0,"turns":5.0},{"damage":5.0,"enemies":"Orb Walker","floor":36.0,"turns":6.0},{"damage":18.0,"enemies":"4 Shapes","floor":39.0,"turns":4.0},{"damage":23.0,"enemies":"Jaw Worm Horde","floor":41.0,"turns":4.0},{"damage":17,"enemies":"Spire Growth","floor":42,"turns":4}],"seed_played":"7743852510396566700","potions_obtained":[{"floor":3.0,"key":"Weak Potion"},{"floor":10.0,"key":"PowerPotion"},{"floor":12.0,"key":"SkillPotion"},{"floor":20.0,"key":"BlessingOfTheForge"},{"floor":22.0,"key":"FearPotion"},{"floor":24.0,"key":"Dexterity Potion"},{"floor":30.0,"key":"Explosive Potion"},{"floor":33.0,"key":"SneckoOil"},{"floor":34.0,"key":"LiquidMemories"},{"floor":35.0,"key":"Poison Potion"},{"floor":39.0,"key":"FearPotion"},{"floor":41.0,"key":"SkillPotion"}],"is_trial":false,"path_per_floor":["M","?","M","$","?","R","M","R","T","E","M","M","R","M","R","B",null,"M","$","M","M","M","R","M","R","T","R","?","M","?","$","R","B",null,"M","M","?","$","M","R","M","M"],"character_chosen":"THE_SILENT","items_purchased":["Fire Potion","Fire Potion","Bronze Scales"],"campfire_rested":9,"item_purchase_floors":[19,19,38],"current_hp_per_floor":[63,63,59,59,48,69,69,70,70,30,30,24,45,45,66,4,54,47,47,47,23,7,28,17,38,38,59,59,54,54,54,70,16,62,33,28,28,28,10,32,9,0,0],"gold":47,"neow_bonus":"BOSS_RELIC","is_daily":false,"chose_seed":false,"campfire_upgraded":0,"win_rate":0.0,"timestamp":1613742028,"path_taken":["M","?","M","$","?","R","M","R","T","E","M","M","R","M","R","BOSS","M","$","M","M","M","R","M","R","T","R","?","?","?","?","R","BOSS","M","?","?","$","M","R","M","M"],"items_purchased_type":["Potion","Potion","Relic"],"build_version":"2020-12-22","purchased_purges":3,"victory":false,"max_hp_per_floor":[70,70,70,70,70,70,70,70,70,70,70,70,70,70,70,70,70,70,70,70,70,70,70,70,70,70,70,70,70,70,70,70,70,75,75,75,75,75,75,75,75,75,75],"card_choices":[{"not_picked":["Poisoned Stab","Sucker Punch"],"picked":"Underhanded Strike","floor":1.0},{"not_picked":["Concentrate","Flechettes","Predator"],"picked":"SKIP","floor":3.0},{"not_picked":["Infinite Blades","Prepared"],"picked":"Acrobatics","floor":7.0},{"not_picked":["Terror","Night Terror"],"picked":"Crippling Poison","floor":10.0},{"not_picked":["Slice","Terror"],"picked":"Footwork","floor":11.0},{"not_picked":["Infinite Blades","Heel Hook","Acrobatics"],"picked":"SKIP","floor":12.0},{"not_picked":["Prepared","Dagger Spray","Slice"],"picked":"SKIP","floor":14.0},{"not_picked":["Unload","Die Die Die"],"picked":"Burst","floor":16.0},{"not_picked":["Predator","Underhanded Strike+1","Sucker Punch"],"picked":"SKIP","floor":18.0},{"not_picked":["Dodge and Roll","Bane"],"picked":"Poisoned Stab","floor":20.0},{"not_picked":["Well Laid Plans+1","Quick Slash","All Out Attack+1"],"picked":"SKIP","floor":21.0},{"not_picked":["Dodge and Roll+1","Outmaneuver","Cloak And Dagger"],"picked":"SKIP","floor":22.0},{"not_picked":["Burst","Outmaneuver"],"picked":"Prepared+1","floor":24.0},{"not_picked":["Dodge and Roll","Outmaneuver"],"picked":"Poisoned Stab","floor":29.0},{"not_picked":["Phantasmal Killer","Tools of the Trade"],"picked":"Envenom","floor":33.0},{"not_picked":["Cloak And Dagger","Prepared+1"],"picked":"Dash","floor":34.0},{"not_picked":["Quick Slash+1","Heel Hook+1","Dagger Throw"],"picked":"SKIP","floor":35.0},{"not_picked":["Finisher+1","Prepared"],"picked":"Bouncing Flask+1","floor":36.0},{"not_picked":["Bullet Time","Finisher","Dagger Spray+1"],"picked":"SKIP","floor":39.0},{"not_picked":["Blade Dance+1","Skewer+1","Dodge and Roll"],"picked":"SKIP","floor":41.0}],"player_experience":425876,"relics_obtained":[{"floor":9.0,"key":"Shuriken"},{"floor":10.0,"key":"The Specimen"},{"floor":26.0,"key":"Letter Opener"}],"event_choices":[{"damage_healed":0.0,"max_hp_gain":0.0,"max_hp_loss":0.0,"gold_gain":0.0,"event_name":"Living Wall","player_choice":"Grow","floor":2.0,"gold_loss":0.0,"damage_taken":0.0,"cards_upgraded":["Neutralize"]},{"damage_healed":0.0,"max_hp_gain":0.0,"max_hp_loss":0.0,"gold_gain":75.0,"event_name":"World of Goop","player_choice":"Gather Gold","floor":5.0,"gold_loss":0.0,"damage_taken":11.0},{"cards_removed":["Strike_G"],"damage_healed":0.0,"max_hp_gain":0.0,"max_hp_loss":0.0,"gold_gain":0.0,"event_name":"Bonfire Elementals","player_choice":"Offered Basic","floor":28.0,"gold_loss":0.0,"damage_taken":0.0},{"damage_healed":0.0,"max_hp_gain":0.0,"max_hp_loss":0.0,"gold_gain":0.0,"event_name":"Lab","player_choice":"Got Potions","floor":30.0,"gold_loss":0.0,"damage_taken":0.0},{"cards_removed":["Strike_G"],"damage_healed":0.0,"max_hp_gain":0.0,"max_hp_loss":0.0,"gold_gain":0.0,"event_name":"Designer","player_choice":"Upgrade and Remove","floor":37.0,"gold_loss":90.0,"damage_taken":0.0,"cards_upgraded":["Burst"]}],"is_beta":false,"boss_relics":[{"not_picked":["Philosopher\u0027s Stone","SlaversCollar"],"picked":"Velvet Choker"},{"not_picked":["Busted Crown","WristBlade"],"picked":"Tiny House"}],"items_purged_floors":[4,19,31],"is_endless":false,"potions_floor_spawned":[3,10,12,20,22,24,33,35,36,39,41],"killed_by":"Spire Growth","ascension_level":6}}