{"host":"ad59wuc8ynh8u2z6","time":1613733836,"event":{"mods":["AchievementEnabler","BaseMod","Colored Powertips","DeckTracker","Highlight Path","Minty Spire (QoL Compilation)","Permanent Neow"],"gold_per_floor":[115,132,5,5,5,5,34,34,34,53,53,80,96,131,131,234,234,248,163,179,203,203,234,234,234,234],"floor_reached":25,"language":"ENG","playtime":772,"items_purged":["Strike_B"],"score":311,"play_id":"9f082ad9-bbb1-45a2-b0d7-158dbf2f8b12","local_time":"20210219122356","is_ascension_mode":true,"campfire_choices":[{"data":"Dualcast","floor":6.0,"key":"SMITH"},{"data":"Ball Lightning","floor":8.0,"key":"SMITH"},{"data":"Ball Lightning","floor":11.0,"key":"SMITH"},{"data":"Defend_B","floor":15.0,"key":"SMITH"},{"data":"Electrodynamics","floor":24,"key":"SMITH"}],"circlet_count":0,"master_deck":["Strike_B","Strike_B","Strike_B","Defend_B+1","Defend_B","Defend_B","Defend_B","Zap+1","Dualcast+1","Ball Lightning+1","Ball Lightning+1","Electrodynamics+1","Conserve Battery+1"],"relics":["Runic Pyramid","DataDisk","Omamori","Art of War","Darkstone Periapt","Coffee Dripper","CeramicFish","Gremlin Horn","Blue Candle"],"acts_visited":["Exordium","TheCity"],"potions_floor_usage":[23,25],"damage_taken":[{"damage":1.0,"enemies":"Small Slimes","floor":1.0,"turns":4.0},{"damage":0.0,"enemies":"Cultist","floor":2.0,"turns":3.0},{"damage":20.0,"enemies":"3 Sentries","floor":7.0,"turns":6.0},{"damage":7.0,"enemies":"Jaw Worm","floor":10.0,"turns":2.0},{"damage":10.0,"enemies":"Lagavulin","floor":12.0,"turns":5.0},{"damage":0.0,"enemies":"3 Louse","floor":13.0,"turns":2.0},{"damage":25.0,"enemies":"3 Sentries","floor":14.0,"turns":6.0},{"damage":2.0,"enemies":"Hexaghost","floor":16.0,"turns":8.0},{"damage":1.0,"enemies":"Spheric Guardian","floor":18.0,"turns":3.0},{"damage":2.0,"enemies":"Shell Parasite","floor":20.0,"turns":3.0},{"damage":6.0,"enemies":"Snake Plant","floor":21.0,"turns":3.0},{"damage":16,"enemies":"Slavers","floor":23,"turns":2},{"damage":38,"enemies":"Book of Stabbing","floor":25,"turns":4}],"seed_played":"-4347246815124041291","potions_obtained":[{"floor":7.0,"key":"SkillPotion"},{"floor":13.0,"key":"ColorlessPotion"},{"floor":16.0,"key":"PowerPotion"},{"floor":20.0,"key":"Strength Potion"}],"is_trial":false,"path_per_floor":["M","M","$","?","$","R","E","R","T","M","R","E","M","E","R","B",null,"M","?","M","M","?","E","R","E"],"character_chosen":"DEFECT","items_purchased":["Ball Lightning"],"campfire_rested":0,"item_purchase_floors":[3],"current_hp_per_floor":[67,67,67,67,67,67,47,47,47,40,40,30,30,5,5,3,57,56,56,54,48,48,32,32,0,0],"gold":234,"neow_bonus":"BOSS_RELIC","is_daily":false,"chose_seed":false,"campfire_upgraded":5,"win_rate":0.0,"timestamp":1613733836,"path_taken":["M","M","$","?","?","R","E","R","T","M","R","E","M","E","R","BOSS","M","?","M","M","?","E","R","E"],"items_purchased_type":["Card"],"build_version":"2020-12-22","purchased_purges":1,"victory":false,"max_hp_per_floor":[75,75,75,75,75,75,75,75,75,75,75,75,75,75,75,75,75,75,75,75,75,75,75,75,75,75],"card_choices":[{"not_picked":["Redo","Aggregate"],"picked":"Ball Lightning","floor":1.0},{"not_picked":["Compile Driver","Cold Snap","Hologram"],"picked":"SKIP","floor":2.0},{"not_picked":["Amplify","Undo","Rebound"],"picked":"SKIP","floor":7.0},{"not_picked":["Streamline","Rebound","Barrage"],"picked":"SKIP","floor":10.0},{"not_picked":["Darkness","Melter","Gash"],"picked":"SKIP","floor":12.0},{"not_picked":["Force Field","Streamline","Hologram"],"picked":"SKIP","floor":13.0},{"not_picked":["Double Energy","Gash","Meteor Strike"],"picked":"SKIP","floor":14.0},{"not_picked":["Fission","Biased Cognition"],"picked":"Electrodynamics","floor":16.0},{"not_picked":["Sunder","Redo+1","Cold Snap+1"],"picked":"SKIP","floor":18.0},{"not_picked":["Blizzard","Beam Cell+1","Creative AI"],"picked":"SKIP","floor":20.0},{"not_picked":["Go for the Eyes+1","Skim"],"picked":"Conserve Battery+1","floor":21.0},{"not_picked":["Hologram+1","Go for the Eyes","Hello World"],"picked":"SKIP","floor":23}],"player_experience":108874,"relics_obtained":[{"floor":7.0,"key":"DataDisk"},{"floor":9.0,"key":"Omamori"},{"floor":12.0,"key":"Art of War"},{"floor":14.0,"key":"Darkstone Periapt"},{"floor":23,"key":"Blue Candle"}],"event_choices":[{"damage_healed":0.0,"max_hp_gain":0.0,"max_hp_loss":0.0,"gold_gain":0.0,"event_name":"Upgrade Shrine","player_choice":"Upgraded","floor":4.0,"gold_loss":0.0,"damage_taken":0.0,"cards_upgraded":["Zap"]},{"damage_healed":0.0,"max_hp_gain":0.0,"max_hp_loss":0.0,"gold_gain":0.0,"event_name":"Addict","player_choice":"Obtained Relic","floor":19.0,"gold_loss":85.0,"damage_taken":0.0,"relics_obtained":["CeramicFish"]},{"damage_healed":0.0,"max_hp_gain":0.0,"max_hp_loss":0.0,"gold_gain":0.0,"event_name":"The Mausoleum","player_choice":"Opened","floor":22.0,"gold_loss":0.0,"damage_taken":0.0,"relics_obtained":["Gremlin Horn"],"cards_obtained":["Writhe"]}],"is_beta":false,"boss_relics":[{"not_picked":["Philosopher\u0027s Stone","Astrolabe"],"picked":"Coffee Dripper"}],"items_purged_floors":[3],"is_endless":false,"potions_floor_spawned":[7,13,16,20,21],"killed_by":"Book of Stabbing","ascension_level":6}}