{"host":"oppekiptvqnc9ncd","time":1613725325,"event":{"mods":["AchievementEnabler","BaseMod","Colored Map","Colored Powertips","GifTheSpireLib","Highlight Path","Minty Spire (QoL Compilation)","Random Character Button","SacredBarkPlus","StSLib","everything is the same but u backflip on backflip"],"gold_per_floor":[111,111,128,142,142,175,175,218,243,243,243,262,262,113,113,243,243,259,259,259,174,192,235,235,63,63,78,78,91,19,57,57,185,185,199,0,23,356,356,383,383,402,484,518,518,128,128,146,146,146],"floor_reached":51,"language":"ENG","playtime":4865,"items_purged":["Strike_P","Strike_P"],"score":774,"play_id":"abe46ffc-aa4d-496d-a64b-10126e99ff65","local_time":"20210219040205","is_ascension_mode":false,"campfire_choices":[{"floor":7,"key":"REST"},{"floor":15,"key":"REST"},{"floor":24,"key":"REST"},{"data":"Vault","floor":28,"key":"SMITH"},{"data":"Vault","floor":32,"key":"SMITH"},{"data":"Blasphemy","floor":41,"key":"SMITH"},{"data":"Crescendo","floor":45,"key":"SMITH"},{"data":"BowlingBash","floor":49,"key":"SMITH"}],"circlet_count":0,"master_deck":["Strike_P+1","Strike_P+1","Defend_P","Defend_P+1","Defend_P","Defend_P","Eruption+1","Vigilance","PathToVictory","Protect","EmptyBody","BowlingBash+1","Crescendo+1","Vault+1","Evaluate+1","PathToVictory","Vault+1","PathToVictory","ThirdEye","WaveOfTheHand","FlurryOfBlows+1","ClearTheMind+1","BowlingBash+1","Blasphemy+1"],"relics":["HolyWater","NeowsBlessing","Whetstone","Ancient Tea Set","Orichalcum","Nunchaku","Oddly Smooth Stone","Velvet Choker","Centennial Puzzle","Enchiridion","Dream Catcher","Incense Burner","FossilizedHelix","Matryoshka","Red Mask","Darkstone Periapt","Strawberry","Gremlin Horn","HornCleat","Toy Ornithopter","HandDrill"],"acts_visited":["Exordium","TheCity","TheBeyond"],"potions_floor_usage":[8,31],"damage_taken":[{"damage":0,"enemies":"2 Louse","floor":1,"turns":1},{"damage":0,"enemies":"Small Slimes","floor":3,"turns":1},{"damage":0,"enemies":"Jaw Worm","floor":4,"turns":1},{"damage":4,"enemies":"Gremlin Nob","floor":6,"turns":3},{"damage":18,"enemies":"Lagavulin","floor":8,"turns":7},{"damage":5,"enemies":"3 Louse","floor":12,"turns":3},{"damage":43,"enemies":"The Guardian","floor":16,"turns":13},{"damage":29,"enemies":"Spheric Guardian","floor":18,"turns":5},{"damage":0,"enemies":"3 Byrds","floor":22,"turns":5},{"damage":3,"enemies":"Gremlin Leader","floor":23,"turns":4},{"damage":0,"enemies":"Snake Plant","floor":27,"turns":3},{"damage":0,"enemies":"Centurion and Healer","floor":29,"turns":4},{"damage":0,"enemies":"Slavers","floor":31,"turns":4},{"damage":18,"enemies":"Collector","floor":33,"turns":9},{"damage":0,"enemies":"3 Darklings","floor":35,"turns":6},{"damage":0,"enemies":"Orb Walker","floor":37,"turns":3},{"damage":7,"enemies":"Nemesis","floor":40,"turns":9},{"damage":0,"enemies":"Maw","floor":42,"turns":8},{"damage":0,"enemies":"Giant Head","floor":44,"turns":7},{"damage":0,"enemies":"Writhing Mass","floor":48,"turns":4},{"damage":4,"enemies":"Donu and Deca","floor":50,"turns":9}],"seed_played":"4070785942263193570","potions_obtained":[{"floor":6,"key":"Ancient Potion"},{"floor":22,"key":"Swift Potion"},{"floor":27,"key":"FearPotion"},{"floor":31,"key":"PowerPotion"},{"floor":33,"key":"BottledMiracle"},{"floor":37,"key":"SpeedPotion"},{"floor":44,"key":"EssenceOfSteel"}],"is_trial":false,"path_per_floor":["M","?","M","M","?","E","R","E","T","?","?","M","?","$","R","B",null,"M","?","?","?","M","E","R","$","T","M","R","M","$","E","R","B",null,"M","?","M","?","?","E","R","M","T","E","R","$","?","M","R","B",null],"character_chosen":"WATCHER","items_purchased":["Oddly Smooth Stone","PathToVictory","ThirdEye","WaveOfTheHand","Toy Ornithopter","HandDrill"],"campfire_rested":3,"item_purchase_floors":[14,25,25,30,46,46],"current_hp_per_floor":[72,58,58,58,40,36,57,39,39,32,32,27,27,27,48,5,72,43,43,27,27,27,24,45,45,45,45,45,45,45,45,45,27,72,72,72,72,72,72,65,65,65,72,72,72,72,72,72,72,68],"gold":146,"neow_bonus":"THREE_ENEMY_KILL","is_daily":false,"chose_seed":false,"campfire_upgraded":5,"win_rate":0.0,"timestamp":1613725325,"path_taken":["M","?","M","M","?","E","R","E","T","?","?","?","?","$","R","BOSS","M","?","?","?","M","E","R","$","T","M","R","M","?","E","R","BOSS","M","?","M","?","?","E","R","M","T","E","R","$","?","M","R","BOSS"],"items_purchased_type":["Relic","Card","Card","Card","Relic","Relic"],"build_version":"2020-12-22","purchased_purges":2,"victory":true,"max_hp_per_floor":[72,72,72,72,72,72,72,72,72,72,72,72,72,72,72,72,72,72,72,72,72,72,72,72,72,72,72,72,72,72,72,72,72,72,72,72,72,72,72,72,72,72,79,79,79,79,79,79,79,79],"card_choices":[{"not_picked":["ThirdEye","Consecrate"],"picked":"PathToVictory","floor":1},{"not_picked":["FlurryOfBlows","FlyingSleeves"],"picked":"Protect","floor":3},{"not_picked":["CarveReality","Prostrate"],"picked":"EmptyBody","floor":4},{"not_picked":["Perseverance","ReachHeaven"],"picked":"BowlingBash","floor":6},{"not_picked":["FollowUp","DevaForm"],"picked":"Crescendo","floor":8},{"not_picked":["SashWhip","SandsOfTime","Prostrate"],"picked":"SKIP","floor":12},{"not_picked":["Brilliance","DevaForm"],"picked":"Vault","floor":16},{"not_picked":["FlyingSleeves","SashWhip+1"],"picked":"Evaluate+1","floor":18},{"not_picked":["Prostrate","Crescendo"],"picked":"PathToVictory","floor":22},{"not_picked":["DevaForm","Fasting2+1"],"picked":"Vault","floor":23},{"not_picked":["LikeWater","Prostrate","EmptyMind"],"picked":"SKIP","floor":27},{"not_picked":["ThirdEye","JustLucky","Worship"],"picked":"SKIP","floor":29},{"not_picked":["Evaluate","EmptyFist+1"],"picked":"FlurryOfBlows+1","floor":31},{"not_picked":["Nirvana+1","DeceiveReality"],"picked":"ClearTheMind+1","floor":35},{"not_picked":["FollowUp+1","Crescendo"],"picked":"BowlingBash","floor":37},{"not_picked":["Study","Prostrate+1"],"picked":"Blasphemy","floor":40},{"not_picked":["JustLucky+1","Protect","Conclude+1"],"picked":"SKIP","floor":42},{"not_picked":["DeceiveReality+1","Establishment","Collect+1"],"picked":"SKIP","floor":44},{"not_picked":["FollowUp","JustLucky+1","Crescendo+1"],"picked":"SKIP","floor":48}],"player_experience":31875,"relics_obtained":[{"floor":6,"key":"Whetstone"},{"floor":8,"key":"Ancient Tea Set"},{"floor":9,"key":"Orichalcum"},{"floor":20,"key":"Enchiridion"},{"floor":23,"key":"Incense Burner"},{"floor":26,"key":"FossilizedHelix"},{"floor":31,"key":"Matryoshka"},{"floor":40,"key":"Darkstone Periapt"},{"floor":43,"key":"Strawberry"},{"floor":43,"key":"Gremlin Horn"},{"floor":44,"key":"HornCleat"}],"event_choices":[{"damage_healed":0,"gold_gain":0,"player_choice":"Entered Light","damage_taken":14,"max_hp_gain":0,"max_hp_loss":0,"event_name":"Shining Light","floor":2,"gold_loss":0,"cards_upgraded":["Defend_P","Strike_P"]},{"damage_healed":0,"gold_gain":0,"player_choice":"Take Damage","damage_taken":18,"relics_obtained":["Golden Idol"],"max_hp_gain":0,"max_hp_loss":0,"event_name":"Golden Idol","floor":5,"gold_loss":0},{"damage_healed":0,"gold_gain":0,"player_choice":"Success","damage_taken":7,"relics_obtained":["Nunchaku"],"max_hp_gain":0,"max_hp_loss":0,"event_name":"Scrap Ooze","floor":10,"gold_loss":0},{"damage_healed":0,"gold_gain":0,"player_choice":"Ignored","damage_taken":0,"max_hp_gain":0,"max_hp_loss":0,"event_name":"Golden Wing","floor":11,"gold_loss":0},{"damage_healed":0,"gold_gain":0,"player_choice":"Grow","damage_taken":0,"max_hp_gain":0,"max_hp_loss":0,"event_name":"Living Wall","floor":13,"gold_loss":0,"cards_upgraded":["BowlingBash"]},{"damage_healed":0,"gold_gain":0,"player_choice":"Opened","damage_taken":0,"relics_obtained":["Centennial Puzzle"],"max_hp_gain":0,"max_hp_loss":0,"event_name":"The Mausoleum","floor":19,"gold_loss":0},{"damage_healed":0,"gold_gain":0,"player_choice":"Obtained Book","damage_taken":16,"max_hp_gain":0,"max_hp_loss":0,"event_name":"Cursed Tome","floor":20,"gold_loss":0},{"damage_healed":0,"gold_gain":0,"player_choice":"Obtained Relic","damage_taken":0,"relics_obtained":["Dream Catcher"],"max_hp_gain":0,"max_hp_loss":0,"event_name":"Addict","floor":21,"gold_loss":85},{"damage_healed":0,"gold_gain":0,"player_choice":"Paid","damage_taken":0,"relics_obtained":["Red Mask"],"max_hp_gain":0,"max_hp_loss":0,"event_name":"Tomb of Lord Red Mask","floor":36,"gold_loss":199},{"damage_healed":0,"gold_gain":333,"player_choice":"Gave Idol","damage_taken":0,"max_hp_gain":0,"max_hp_loss":0,"event_name":"The Moai Head","floor":38,"relics_lost":["Golden Idol"],"gold_loss":0},{"damage_healed":0,"gold_gain":0,"player_choice":"Ignored","damage_taken":0,"max_hp_gain":0,"max_hp_loss":0,"event_name":"Mysterious Sphere","floor":39,"gold_loss":0},{"damage_healed":0,"gold_gain":0,"player_choice":"Memory 1","damage_taken":0,"max_hp_gain":0,"max_hp_loss":0,"event_name":"SensoryStone","floor":47,"gold_loss":0}],"is_beta":false,"boss_relics":[{"not_picked":["SlaversCollar","Runic Pyramid"],"picked":"Velvet Choker"},{"not_picked":["Snecko Eye","Empty Cage"],"picked":"HolyWater"}],"items_purged_floors":[25,46],"is_endless":false,"potions_floor_spawned":[6,22,27,31,33,37,44],"ascension_level":0}}