{"host":"rtw1tnr74gozsrw1","time":1613710259,"event":{"mods":["BaseMod","Colored Map","Colored Powertips","Highlight Path","Infinite Spire","Minty Spire (QoL Compilation)","StSLib","The Cursed","The Jungle"],"gold_per_floor":[111,111,122,122,122,122,138,173,173,173,190,265,144,162,162,265,265,280,280,379,379,279,298,309,323,370,370,370,388,421,218,218,313,313,327,177,177,177],"floor_reached":37,"language":"ENG","playtime":1039,"items_purged":["Strike_B","Strike_B","Defend_B","Defend_B","Defend_B"],"score":528,"play_id":"5068b1bf-d9c4-4855-80fd-e12bf2cfbd32","local_time":"20210219055059","is_ascension_mode":true,"campfire_choices":[{"data":"Zap","floor":6,"key":"SMITH"},{"data":"Gash","floor":10,"key":"SMITH"},{"floor":15,"key":"REST"},{"floor":28,"key":"REST"},{"floor":32,"key":"REST"}],"circlet_count":0,"master_deck":["Defend_B+1","Zap+1","Dualcast","Gash+1","infinitespire:Gouge","Gash","Chill+1","Beam Cell","Gash","Reboot","Gash","Compile Driver","Glacier+1","Streamline","Gash","Skim","Seek","Streamline+1"],"relics":["Cracked Core","NeowsBlessing","Kunai","Bottled Lightning","Inserter","infinitespire:Bottled Soul","War Paint","Symbiotic Virus","Philosopher\u0027s Stone"],"acts_visited":["Exordium","TheCity","TheBeyond"],"potions_floor_usage":[8,16,25],"damage_taken":[{"damage":0,"enemies":"Jaw Worm","floor":1,"turns":1},{"damage":0,"enemies":"2 Louse","floor":3,"turns":1},{"damage":0,"enemies":"Cultist","floor":7,"turns":1},{"damage":13,"enemies":"Gremlin Nob","floor":8,"turns":4},{"damage":1,"enemies":"Looter","floor":11,"turns":2},{"damage":0,"enemies":"Exordium Thugs","floor":14,"turns":4},{"damage":38,"enemies":"Slime Boss","floor":16,"turns":9},{"damage":4,"enemies":"Spheric Guardian","floor":18,"turns":3},{"damage":0,"enemies":"3 Byrds","floor":23,"turns":4},{"damage":11,"enemies":"Snake Plant","floor":24,"turns":4},{"damage":4,"enemies":"Shelled Parasite and Fungi","floor":25,"turns":3},{"damage":5,"enemies":"Snecko","floor":29,"turns":4},{"damage":12,"enemies":"Book of Stabbing","floor":30,"turns":5},{"damage":34,"enemies":"Collector","floor":33,"turns":4},{"damage":20,"enemies":"3 Darklings","floor":35,"turns":4},{"damage":22,"enemies":"3 Shapes","floor":37,"turns":4}],"seed_played":"-8435900963671025087","potions_obtained":[{"floor":3,"key":"Swift Potion"},{"floor":8,"key":"PowerPotion"},{"floor":23,"key":"Explosive Potion"},{"floor":29,"key":"EssenceOfSteel"},{"floor":30,"key":"DuplicationPotion"}],"is_trial":false,"path_per_floor":["M","?","M","?","?","R","M","E","T","R","M","?","$","M","R","B",null,"M","AVR","?","?","$","M","M","M","T","?","R","M","E","$","R","B",null,"M","$","M"],"character_chosen":"DEFECT","items_purchased":["Beam Cell","Skim"],"campfire_rested":3,"item_purchase_floors":[13,31],"current_hp_per_floor":[68,68,68,50,50,50,50,37,37,37,36,29,29,29,51,13,60,56,56,56,42,42,42,31,27,27,27,51,46,34,34,58,24,66,46,46,24,24],"gold":177,"neow_bonus":"THREE_ENEMY_KILL","is_daily":false,"chose_seed":false,"campfire_upgraded":2,"win_rate":0.0,"timestamp":1613710259,"path_taken":["M","?","M","?","?","R","M","E","T","R","?","?","$","M","R","BOSS","M","AVR","?","?","$","M","M","M","T","?","R","?","E","$","R","BOSS","M","$","M"],"items_purchased_type":["Card","Card"],"build_version":"2020-12-22","purchased_purges":5,"victory":false,"max_hp_per_floor":[75,75,75,75,75,75,75,75,75,75,75,75,75,75,75,75,75,75,75,75,80,80,80,80,80,80,80,80,80,80,80,80,80,80,80,80,80,80],"card_choices":[{"not_picked":["Storm","Undo"],"picked":"Gash","floor":1},{"not_picked":["Cold Snap","Barrage","Hologram"],"picked":"SKIP","floor":3},{"not_picked":["infinitespire:Starlight","infinitespire:UltimateForm"],"picked":"infinitespire:Gouge","floor":4},{"not_picked":["Hologram","Go for the Eyes"],"picked":"Gash","floor":7},{"not_picked":["Tempest","Darkness"],"picked":"Chill","floor":8},{"not_picked":["Leap","Compile Driver","Barrage"],"picked":"SKIP","floor":11},{"not_picked":["Blizzard","Core Surge"],"picked":"Gash","floor":14},{"not_picked":["Electrodynamics","Multi-Cast"],"picked":"Reboot","floor":16},{"not_picked":["Hologram","Storm","Undo"],"picked":"SKIP","floor":18},{"not_picked":["Stack","Compile Driver"],"picked":"Gash","floor":23},{"not_picked":["Hologram","Rebound"],"picked":"Compile Driver","floor":24},{"not_picked":["Electrodynamics","Coolheaded"],"picked":"Glacier+1","floor":25},{"not_picked":["Chill","Leap"],"picked":"Streamline","floor":29},{"not_picked":["Conserve Battery","Fusion"],"picked":"Gash","floor":30},{"not_picked":["Thunder Strike","Buffer"],"picked":"Seek","floor":33},{"not_picked":["Loop","Ball Lightning+1"],"picked":"Streamline+1","floor":35}],"player_experience":177319,"relics_obtained":[{"floor":8,"key":"Kunai"},{"floor":9,"key":"Bottled Lightning"},{"floor":26,"key":"War Paint"},{"floor":30,"key":"Symbiotic Virus"}],"event_choices":[{"cards_removed":["Strike_B"],"damage_healed":0,"gold_gain":0,"player_choice":"Card Removal","damage_taken":0,"max_hp_gain":0,"max_hp_loss":0,"event_name":"Wheel of Change","floor":5,"gold_loss":0},{"damage_healed":0,"gold_gain":75,"player_choice":"Touch","damage_taken":7,"max_hp_gain":0,"max_hp_loss":0,"event_name":"FaceTrader","floor":12,"gold_loss":0},{"damage_healed":0,"gold_gain":99,"player_choice":"Stole From Cult","damage_taken":0,"max_hp_gain":0,"max_hp_loss":0,"event_name":"Nest","floor":20,"gold_loss":0},{"damage_healed":0,"gold_gain":0,"player_choice":"Shed Blood","damage_taken":19,"max_hp_gain":5,"max_hp_loss":0,"event_name":"Forgotten Altar","floor":21,"gold_loss":0},{"damage_healed":0,"gold_gain":0,"player_choice":"Ignored","damage_taken":0,"max_hp_gain":0,"max_hp_loss":0,"event_name":"The Mausoleum","floor":27,"gold_loss":0}],"is_beta":false,"boss_relics":[{"not_picked":["Runic Pyramid","Snecko Eye"],"picked":"Inserter"},{"not_picked":["Nuclear Battery","Black Star"],"picked":"Philosopher\u0027s Stone"}],"items_purged_floors":[13,19,22,31,36],"is_endless":false,"potions_floor_spawned":[3,8,23,29,30],"killed_by":"3 Shapes","ascension_level":6}}