{"host":"rq7gz685gkaokql0","time":1613765265,"event":{"mods":["BaseMod","Infinite Spire","Minty Spire (QoL Compilation)","Replay The Spire","StSLib"],"gold_per_floor":[109,184,459,20,39,66,66,94,139,139,139,157,181,181,181,280,280,298,314,142,156,156,156,156],"floor_reached":23,"language":"ENG","playtime":695,"items_purged":["Regret"],"score":398,"play_id":"97724d0c-ec4f-4083-93d6-4da8e931d80d","local_time":"20210219100745","is_ascension_mode":true,"campfire_choices":[{"floor":7,"key":"REST"},{"floor":10,"key":"REST"},{"floor":15,"key":"REST"}],"circlet_count":0,"master_deck":["AscendersBane","Strike_B","Strike_B","Strike_B","Strike_B","Defend_B","Defend_B","Defend_B","Defend_B","Zap","Dualcast","Go for the Eyes","Redo+1","BootSequence","Pot Of Greed","Pot Of Greed","Chaos","Loop","Hologram","Streamline","Cold Snap","Steam Power","Melter","Echo Form","Cold Snap","Pot Of Greed","Barrage","BasicCrystalCard+1","infinitespire:SevenWalls","ReplayTheSpireMod:Echoes of Time"],"relics":["Cracked Core","Dream Catcher","Incense Burner","Grinning Jar","Oddly Smooth Stone","Bag of Marbles","Golden Idol","Inserter","PrismaticShard","TungstenRod","SacredBark"],"acts_visited":["Exordium","TheCity"],"potions_floor_usage":[16,16,19,19],"damage_taken":[{"damage":7,"enemies":"Cultist","floor":1,"turns":4},{"damage":0,"enemies":"Jaw Worm","floor":5,"turns":3},{"damage":12,"enemies":"Gremlin Nob","floor":6,"turns":4},{"damage":36,"enemies":"3 Sentries","floor":8,"turns":8},{"damage":6,"enemies":"Small Slimes","floor":12,"turns":3},{"damage":5,"enemies":"3 Louse","floor":13,"turns":3},{"damage":31,"enemies":"Hexaghost","floor":16,"turns":9},{"damage":0,"enemies":"Spheric Guardian","floor":18,"turns":1},{"damage":22,"enemies":"2 Thieves","floor":19,"turns":4},{"damage":28,"enemies":"Centurion and Healer","floor":21,"turns":8},{"damage":11,"enemies":"3 Cultists","floor":23,"turns":2}],"seed_played":"6266053096859076901","potions_obtained":[{"floor":6,"key":"Weak Potion"},{"floor":8,"key":"AttackPotion"},{"floor":12,"key":"infinitespire:BlackPotion"},{"floor":16,"key":"Energy Potion"},{"floor":18,"key":"Fire Potion"}],"is_trial":false,"path_per_floor":["M","?","?","$","M","E","R","E","T","R","?","M","M","?","R","B",null,"M","M","$","M","AVR","M"],"character_chosen":"DEFECT","items_purchased":["Incense Burner","Redo+1","PrismaticShard"],"campfire_rested":3,"item_purchase_floors":[4,4,20],"current_hp_per_floor":[57,46,46,46,46,34,55,19,19,40,40,34,29,29,50,19,58,58,36,36,8,8,0,0],"gold":156,"neow_bonus":"RANDOM_COMMON_RELIC","is_daily":false,"chose_seed":false,"campfire_upgraded":0,"win_rate":0.0,"timestamp":1613765265,"path_taken":["M","?","?","$","?","E","R","E","T","R","?","M","M","?","R","BOSS","M","M","$","?","AVR","M"],"items_purchased_type":["Relic","Card","Relic"],"build_version":"2020-12-22","purchased_purges":1,"victory":false,"max_hp_per_floor":[71,71,71,71,71,71,71,71,71,71,71,71,71,71,71,71,71,71,71,71,71,71,71,71],"card_choices":[{"not_picked":["FTL","Redo"],"picked":"Go for the Eyes","floor":1},{"not_picked":["Coolheaded","Steam"],"picked":"BootSequence","floor":5},{"not_picked":["Hello World","Reprogram"],"picked":"Chaos","floor":6},{"not_picked":["Rip and Tear","Doom and Gloom"],"picked":"Loop","floor":7},{"not_picked":["Rebound","ReplaySolidLightProjector"],"picked":"Hologram","floor":8},{"not_picked":["Rebound","Beam Cell"],"picked":"Streamline","floor":10},{"not_picked":["Streamline","Gash"],"picked":"Cold Snap","floor":12},{"not_picked":["Turbo","Streamline"],"picked":"Steam Power","floor":13},{"not_picked":["Redo","ReplayTheSpireMod:GoodbyeWorld"],"picked":"Melter","floor":15},{"not_picked":["Hyperbeam","Creative AI"],"picked":"Echo Form","floor":16},{"not_picked":["Heatsinks","BasicCrystalCard"],"picked":"Cold Snap","floor":18},{"not_picked":["Rebound","Fusion"],"picked":"Barrage","floor":19},{"not_picked":["ClearTheMind","Well Laid Plans"],"picked":"BasicCrystalCard+1","floor":21}],"player_experience":1318093,"relics_obtained":[{"floor":6,"key":"Grinning Jar"},{"floor":8,"key":"Oddly Smooth Stone"},{"floor":9,"key":"Bag of Marbles"}],"event_choices":[{"damage_healed":0,"gold_gain":75,"player_choice":"Gather Gold","damage_taken":11,"max_hp_gain":0,"max_hp_loss":0,"event_name":"World of Goop","floor":2,"gold_loss":0},{"damage_healed":0,"gold_gain":275,"player_choice":"Desecrate","damage_taken":0,"max_hp_gain":0,"max_hp_loss":0,"event_name":"Golden Shrine","floor":3,"gold_loss":0,"cards_obtained":["Regret"]},{"damage_healed":0,"gold_gain":0,"player_choice":"Take Wound","damage_taken":0,"relics_obtained":["Golden Idol"],"max_hp_gain":0,"max_hp_loss":0,"event_name":"Golden Idol","floor":11,"gold_loss":0,"cards_obtained":["Injury"]},{"cards_removed":["Injury"],"damage_healed":0,"gold_gain":0,"player_choice":"Card Removal","damage_taken":0,"max_hp_gain":0,"max_hp_loss":0,"event_name":"Wheel of Change","floor":14,"gold_loss":0}],"is_beta":false,"boss_relics":[{"not_picked":["Coffee Dripper","Replay:Grab Bag"],"picked":"Inserter"}],"items_purged_floors":[4],"is_endless":false,"potions_floor_spawned":[6,8,12,13,16,18],"killed_by":"3 Cultists","ascension_level":20}}