{"host":"6p0attdrtjqaih7v","time":1613756992,"event":{"mods":["2.2 Compatiblity","AchievementEnabler","Bard","BaseMod","Better Skull","Better Third Choice","Card Filter","Colored Powertips","Hermit","Highlight Path","Hubris","Key Reminder","Minty Spire (QoL Compilation)","Permanent Neow","Quick Restart","Random Character Button","Relic Filter","Relic Stats","Reliquary","Replay The Spire","Robot Space Explorer","StSLib","The Hayseed","The Witch"],"gold_per_floor":[110,126,142,162,224,258,271,283,307,324,350,360,360,389,389,485,485,505,519,532,164,180,180,211,227,281,306,306,320,320,26,26,124,174,192,192,67,84,84,84,99,99,99,149,149,5,22,55,55,55],"floor_reached":51,"language":"ENG","playtime":2355,"items_purged":["TheSimpletonMod:Strike_TheSimpleton","TheSimpletonMod:Strike_TheSimpleton","TheSimpletonMod:Defend_TheSimpleton"],"score":1084,"play_id":"749138a9-04cd-44a7-821b-8d8a9552df1b","local_time":"20210219124952","is_ascension_mode":true,"campfire_choices":[{"data":"TheSimpletonMod:BuzzBomb","floor":13,"key":"SMITH"},{"data":"TheSimpletonMod:Swelter","floor":15,"key":"SMITH"},{"data":"TheSimpletonMod:Rake","floor":23,"key":"SMITH"},{"data":"TheSimpletonMod:BuzzBomb","floor":28,"key":"SMITH"},{"data":"TheSimpletonMod:Fecundity","floor":32,"key":"SMITH"},{"data":"TheSimpletonMod:Aerate","floor":40,"key":"SMITH"},{"data":"TheSimpletonMod:Aerate","floor":42,"key":"SMITH"},{"data":"TheSimpletonMod:ReapAndSow","floor":49,"key":"SMITH"}],"circlet_count":0,"master_deck":["TheSimpletonMod:Strike_TheSimpleton","TheSimpletonMod:Strike_TheSimpleton","TheSimpletonMod:Defend_TheSimpleton","TheSimpletonMod:Defend_TheSimpleton","TheSimpletonMod:Defend_TheSimpleton+1","TheSimpletonMod:Haymaker","TheSimpletonMod:ReapAndSow+1","TheSimpletonMod:PestManagement","TheSimpletonMod:Potatoes","TheSimpletonMod:Swelter+1","TheSimpletonMod:SlashAndBurn","TheSimpletonMod:Fecundity+1","TheSimpletonMod:RootDown","TheSimpletonMod:BuzzBomb+1","TheSimpletonMod:Mulch","TheSimpletonMod:Aerate+1","TheSimpletonMod:TakeHeart+1","TheSimpletonMod:Rake+1","TheSimpletonMod:BuzzBomb+1","TheSimpletonMod:BumperCrop+1","TheSimpletonMod:ResearchGrant","Pot Of Greed","Pot Of Greed","TheSimpletonMod:Aerate+1","Pot Of Greed","TheSimpletonMod:CloseScrape+1","TheSimpletonMod:Aerate+1","TheSimpletonMod:Fecundity+1","TheSimpletonMod:Swelter+1"],"relics":["TheSimpletonMod:NightSoil","TheSimpletonMod:TheHarvester","Coffee Dripper","reliquary:SharkskinSheath","ReplayTheSpireMod:Lightbulb","Centennial Puzzle","Onion Ring","Vajra","Sozu","Frozen Eye","Grinning Jar","reliquary:Firecrackers","Vajra","Tiny House","hubris:TenFootPole","Unceasing Top","reliquary:RoseTintedGlasses","Pocketwatch"],"acts_visited":["Exordium","TheCity","TheBeyond"],"potions_floor_usage":[5,6,10,11,16,33],"damage_taken":[{"damage":1,"enemies":"Cultist","floor":1,"turns":3},{"damage":0,"enemies":"2 Louse","floor":2,"turns":4},{"damage":2,"enemies":"Jaw Worm","floor":3,"turns":4},{"damage":13,"enemies":"Red Slaver","floor":4,"turns":5},{"damage":6,"enemies":"Gremlin Nob","floor":6,"turns":4},{"damage":10,"enemies":"2 Fungi Beasts","floor":7,"turns":3},{"damage":4,"enemies":"Large Slime","floor":8,"turns":5},{"damage":12,"enemies":"Exordium Thugs","floor":10,"turns":3},{"damage":10,"enemies":"3 Sentries","floor":11,"turns":4},{"damage":0,"enemies":"2 Fungi Beasts","floor":12,"turns":1},{"damage":0,"enemies":"Replay:BlueRogue","floor":14,"turns":3},{"damage":2,"enemies":"Hexaghost","floor":16,"turns":7},{"damage":0,"enemies":"Spheric Guardian","floor":18,"turns":2},{"damage":5,"enemies":"Shell Parasite","floor":19,"turns":3},{"damage":0,"enemies":"Snecko","floor":20,"turns":3},{"damage":9,"enemies":"Snake Plant","floor":22,"turns":4},{"damage":12,"enemies":"Slavers","floor":24,"turns":3},{"damage":2,"enemies":"Chosen and Byrds","floor":25,"turns":3},{"damage":9,"enemies":"Book of Stabbing","floor":27,"turns":4},{"damage":0,"enemies":"Cultist and Chosen","floor":29,"turns":1},{"damage":0,"enemies":"Automaton","floor":33,"turns":4},{"damage":1,"enemies":"3 Darklings","floor":35,"turns":2},{"damage":0,"enemies":"Orb Walker","floor":38,"turns":2},{"damage":11,"enemies":"Jaw Worm Horde","floor":41,"turns":3},{"damage":4,"enemies":"Mind Bloom Boss Battle","floor":44,"turns":7},{"damage":26,"enemies":"Maw","floor":47,"turns":6},{"damage":8,"enemies":"Giant Head","floor":48,"turns":6},{"damage":27,"enemies":"Time Eater","floor":50,"turns":12}],"seed_played":"-7560122756631162527","potions_obtained":[{"floor":2,"key":"Fruit Juice"},{"floor":4,"key":"Weak Potion"},{"floor":5,"key":"GamblersBrew"},{"floor":5,"key":"FairyPotion"},{"floor":7,"key":"Weak Potion"},{"floor":10,"key":"Explosive Potion"},{"floor":11,"key":"Venom Potion"},{"floor":12,"key":"CultistPotion"}],"is_trial":false,"path_per_floor":["M","M","M","M","?","E","M","M","T","M","E","M","R","E","R","B",null,"M","M","M","$","M","R","E","M","T","E","R","M","?","$","R","B",null,"M","?","$","M","?","R","M","R","T","?","?","$","M","E","R","B",null],"character_chosen":"THE_SIMPLETON","items_purchased":["TheSimpletonMod:BuzzBomb","Frozen Eye","TheSimpletonMod:Aerate","reliquary:SculptingSteel","reliquary:RoseTintedGlasses"],"campfire_rested":0,"item_purchase_floors":[21,21,31,31,46],"current_hp_per_floor":[71,75,75,66,53,51,45,45,45,37,31,31,31,31,31,33,68,73,73,73,73,71,71,68,70,70,70,70,74,74,74,74,80,85,84,84,84,85,85,85,79,79,79,84,84,84,67,68,68,50],"gold":55,"neow_bonus":"BOSS_RELIC","is_daily":false,"chose_seed":false,"campfire_upgraded":8,"win_rate":0.0,"timestamp":1613756992,"path_taken":["M","M","?","M","?","E","M","M","T","M","E","M","R","E","R","BOSS","M","M","M","$","M","R","E","M","T","E","R","M","?","$","R","BOSS","M","?","$","?","?","R","M","R","T","?","?","$","?","E","R","BOSS"],"items_purchased_type":["Card","Relic","Card","Relic","Relic"],"build_version":"2020-12-22","purchased_purges":3,"victory":true,"max_hp_per_floor":[75,75,75,75,80,80,80,80,80,80,80,80,80,80,80,80,80,80,80,80,80,80,80,80,80,80,80,80,80,80,80,80,80,85,85,85,85,85,85,85,85,85,85,85,85,85,85,85,85,85],"relic_stats":{"Sozu":6,"Centennial Puzzle":[42],"counters":[28,111],"obtain_stats":[{"Tiny House":34,"reliquary:Firecrackers":27,"Vajra":14,"TheSimpletonMod:TheHarvester":0,"Sozu":17,"Frozen Eye":21,"Centennial Puzzle":9,"Onion Ring":11,"reliquary:SculptingSteel":31,"reliquary:RoseTintedGlasses":46,"TheSimpletonMod:SpudOfTheInnocent":0,"Coffee Dripper":0,"hubris:TenFootPole":43,"Grinning Jar":26,"TheSimpletonMod:NightSoil":0,"ReplayTheSpireMod:Lightbulb":6,"Unceasing Top":44,"reliquary:SharkskinSheath":5,"Pocketwatch":48},{"Tiny House":21,"reliquary:Firecrackers":19,"Vajra":11,"TheSimpletonMod:TheHarvester":0,"Sozu":12,"Frozen Eye":15,"Centennial Puzzle":7,"Onion Ring":9,"reliquary:SculptingSteel":20,"reliquary:RoseTintedGlasses":25,"TheSimpletonMod:SpudOfTheInnocent":0,"Coffee Dripper":0,"hubris:TenFootPole":24,"Grinning Jar":18,"TheSimpletonMod:NightSoil":0,"ReplayTheSpireMod:Lightbulb":5,"Unceasing Top":25,"reliquary:SharkskinSheath":4,"Pocketwatch":27},{"Tiny House":73,"reliquary:Firecrackers":68,"Vajra":39,"TheSimpletonMod:TheHarvester":0,"Sozu":46,"Frozen Eye":54,"Centennial Puzzle":28,"Onion Ring":35,"reliquary:SculptingSteel":69,"reliquary:RoseTintedGlasses":87,"TheSimpletonMod:SpudOfTheInnocent":0,"Coffee Dripper":0,"hubris:TenFootPole":80,"Grinning Jar":64,"TheSimpletonMod:NightSoil":0,"ReplayTheSpireMod:Lightbulb":20,"Unceasing Top":87,"reliquary:SharkskinSheath":16,"Pocketwatch":99}],"Unceasing Top":[2],"Pocketwatch":[18]},"card_choices":[{"not_picked":["TheSimpletonMod:ToughenUp","TheSimpletonMod:Pruning","TheSimpletonMod:Polyculture"],"picked":"SKIP","floor":1},{"not_picked":["TheSimpletonMod:CloseScrape","TheSimpletonMod:Ferment"],"picked":"TheSimpletonMod:PestManagement","floor":2},{"not_picked":["TheSimpletonMod:SeedCoat","TheSimpletonMod:DoubleBarrel"],"picked":"TheSimpletonMod:Potatoes","floor":3},{"not_picked":["TheSimpletonMod:SaladShooter","TheSimpletonMod:ToughenUp"],"picked":"TheSimpletonMod:Swelter","floor":4},{"not_picked":["TheSimpletonMod:SaladShooter","TheSimpletonMod:Rototilling"],"picked":"TheSimpletonMod:SlashAndBurn","floor":5},{"not_picked":["TheSimpletonMod:SoilSample","TheSimpletonMod:ErosionControl"],"picked":"TheSimpletonMod:Fecundity","floor":6},{"not_picked":["TheSimpletonMod:Turnips","TheSimpletonMod:Germinate"],"picked":"TheSimpletonMod:RootDown","floor":7},{"not_picked":["TheSimpletonMod:SpiceUp","TheSimpletonMod:OnionBloom","TheSimpletonMod:CropRotation"],"picked":"SKIP","floor":8},{"not_picked":["TheSimpletonMod:SlashAndBurn","TheSimpletonMod:ToughenUp","TheSimpletonMod:OnionBloom"],"picked":"SKIP","floor":10},{"not_picked":["TheSimpletonMod:StockTheCellar","TheSimpletonMod:Rototilling"],"picked":"TheSimpletonMod:BuzzBomb","floor":11},{"not_picked":["TheSimpletonMod:SpiceUp","TheSimpletonMod:VineRipen"],"picked":"TheSimpletonMod:Mulch","floor":12},{"not_picked":["TheSimpletonMod:Potatoes","TheSimpletonMod:CullingStrike"],"picked":"TheSimpletonMod:Aerate","floor":14},{"not_picked":["TheSimpletonMod:ResistantStrain","TheSimpletonMod:DesperatePlunge"],"picked":"TheSimpletonMod:TakeHeart","floor":16},{"not_picked":["TheSimpletonMod:Ferment","TheSimpletonMod:VineRipen"],"picked":"TheSimpletonMod:Rake","floor":18},{"not_picked":["TheSimpletonMod:Rake","TheSimpletonMod:BumperCrop","TheSimpletonMod:DoubleBarrel"],"picked":"SKIP","floor":19},{"not_picked":["TheSimpletonMod:CropRotation+1","TheSimpletonMod:Polyculture","TheSimpletonMod:Pruning"],"picked":"SKIP","floor":20},{"not_picked":["TheSimpletonMod:Germinate","TheSimpletonMod:KeenEdge"],"picked":"TheSimpletonMod:BumperCrop+1","floor":22},{"not_picked":["TheSimpletonMod:SaladShooter","TheSimpletonMod:Innovate"],"picked":"TheSimpletonMod:ResearchGrant","floor":24},{"not_picked":["TheSimpletonMod:SoilSample+1","TheSimpletonMod:Pruning","TheSimpletonMod:GoToMarket+1"],"picked":"SKIP","floor":25},{"not_picked":["TheSimpletonMod:SeedCoat","TheSimpletonMod:OnionBloom+1","TheSimpletonMod:SaladShooter"],"picked":"SKIP","floor":27},{"not_picked":["TheSimpletonMod:SeedCoat","TheSimpletonMod:OnionBloom+1","TheSimpletonMod:SaladShooter"],"picked":"SKIP","floor":27},{"not_picked":["TheSimpletonMod:RootDown","TheSimpletonMod:Pruning","TheSimpletonMod:Potatoes+1"],"picked":"SKIP","floor":29},{"not_picked":["TheSimpletonMod:StockTheCellar+1","TheSimpletonMod:CullingStrike+1","TheSimpletonMod:SoilSample"],"picked":"SKIP","floor":35},{"not_picked":["TheSimpletonMod:Germinate+1","TheSimpletonMod:CropRotation+1"],"picked":"TheSimpletonMod:CloseScrape+1","floor":38},{"not_picked":["TheSimpletonMod:VineRipen","TheSimpletonMod:SaladShooter","TheSimpletonMod:Ferment"],"picked":"SKIP","floor":41},{"not_picked":["TheSimpletonMod:Potatoes+1","TheSimpletonMod:StockTheCellar+1"],"picked":"TheSimpletonMod:Aerate+1","floor":44},{"not_picked":["TheSimpletonMod:Pruning","TheSimpletonMod:SeedCoat+1"],"picked":"TheSimpletonMod:Swelter+1","floor":47},{"not_picked":["TheSimpletonMod:VineRipen+1","TheSimpletonMod:RootDown","TheSimpletonMod:Mulch"],"picked":"SKIP","floor":48}],"player_experience":1138704,"relics_obtained":[{"floor":5,"key":"reliquary:SharkskinSheath"},{"floor":6,"key":"ReplayTheSpireMod:Lightbulb"},{"floor":9,"key":"Centennial Puzzle"},{"floor":11,"key":"Onion Ring"},{"floor":14,"key":"Vajra"},{"floor":26,"key":"Grinning Jar"},{"floor":27,"key":"reliquary:Firecrackers"},{"floor":43,"key":"hubris:TenFootPole"},{"floor":44,"key":"Unceasing Top"},{"floor":48,"key":"Pocketwatch"}],"event_choices":[{"damage_healed":0,"gold_gain":0,"player_choice":"Upgraded","damage_taken":0,"max_hp_gain":0,"max_hp_loss":0,"event_name":"Upgrade Shrine","floor":36,"gold_loss":0,"cards_upgraded":["TheSimpletonMod:TakeHeart"]},{"damage_healed":0,"gold_gain":0,"player_choice":"Fight","damage_taken":0,"max_hp_gain":0,"max_hp_loss":0,"event_name":"MindBloom","floor":44,"gold_loss":0},{"damage_healed":0,"gold_gain":0,"player_choice":"Copied","damage_taken":0,"max_hp_gain":0,"max_hp_loss":0,"event_name":"Duplicator","floor":45,"gold_loss":0,"cards_obtained":["TheSimpletonMod:Fecundity"]}],"is_beta":false,"boss_relics":[{"not_picked":["Replay:Wanted Poster","reliquary:Craggleroot"],"picked":"Sozu"},{"not_picked":["Philosopher\u0027s Stone","reliquary:RedPaperclip"],"picked":"Tiny House"}],"items_purged_floors":[21,31,37],"is_endless":false,"potions_floor_spawned":[2,4,7,10,11,12,14,18,19,24,35,48],"ascension_level":7}}