{"host":"7cp3z5w0tcrrm8ys","time":1613726124,"event":{"mods":["AchievementEnabler","BaseMod","DeckTracker","Minty Spire (QoL Compilation)","StSLib","SuperFastMode"],"gold_per_floor":[118,130,150,163,175,175,185,185,264,238,109,109,124,157,157,231,231,243,168,180,196,16,16,16,16],"floor_reached":24,"language":"KOR","playtime":677,"items_purged":["Strike_R"],"score":404,"play_id":"b3c7d8ba-a86b-49ae-a653-3cd307b1029a","local_time":"20210219181524","is_ascension_mode":true,"campfire_choices":[{"data":"Flex","floor":6.0,"key":"SMITH"},{"data":"Rampage","floor":12,"key":"SMITH"},{"data":"Bash","floor":15,"key":"SMITH"},{"data":"Armaments","floor":23,"key":"SMITH"}],"circlet_count":0,"master_deck":["AscendersBane","Bash+1","Flex+1","Rampage+1","Cleave","Shrug It Off","Anger","Headbutt","Offering","Second Wind","True Grit","Rage","Disarm","Blood for Blood","Limit Break","Armaments+1","Shrug It Off","Flame Barrier","Impervious"],"relics":["Burning Blood","Centennial Puzzle","Pandora\u0027s Box"],"acts_visited":["TheCity"],"potions_floor_usage":[14,18,20,24],"damage_taken":[{"damage":12.0,"enemies":"Cultist","floor":1.0,"turns":4.0},{"damage":9.0,"enemies":"Jaw Worm","floor":2.0,"turns":4.0},{"damage":4.0,"enemies":"Small Slimes","floor":3.0,"turns":4.0},{"damage":9.0,"enemies":"2 Fungi Beasts","floor":4.0,"turns":4.0},{"damage":11.0,"enemies":"Blue Slaver","floor":5.0,"turns":4.0},{"damage":9.0,"enemies":"3 Louse","floor":7.0,"turns":3.0},{"damage":19,"enemies":"Exordium Thugs","floor":10,"turns":4},{"damage":11,"enemies":"Looter","floor":13,"turns":2},{"damage":20,"enemies":"Lagavulin","floor":14,"turns":4},{"damage":39,"enemies":"Hexaghost","floor":16,"turns":8},{"damage":6,"enemies":"Chosen","floor":18,"turns":4},{"damage":13,"enemies":"3 Byrds","floor":20,"turns":5},{"damage":6,"enemies":"3 Cultists","floor":21,"turns":3},{"damage":70,"enemies":"Gremlin Leader","floor":24,"turns":4}],"seed_played":"-3363852005370309119","potions_obtained":[{"floor":1.0,"key":"FearPotion"},{"floor":5.0,"key":"DuplicationPotion"},{"floor":16,"key":"Weak Potion"},{"floor":21,"key":"SteroidPotion"}],"is_trial":false,"path_per_floor":["M","M","M","M","M","R","M","?","T","M","$","R","M","E","R","B",null,"M","?","M","M","$","R","E"],"character_chosen":"IRONCLAD","items_purchased":["Explosive Potion","Impervious"],"campfire_rested":0,"item_purchase_floors":[11,22],"current_hp_per_floor":[62,59,61,58,53,53,50,75,75,62,62,62,57,43,43,10,59,59,59,52,52,52,52,0,0],"gold":16,"neow_bonus":"RANDOM_COLORLESS","is_daily":false,"chose_seed":false,"campfire_upgraded":4,"win_rate":0.0,"timestamp":1613726124,"path_taken":["M","M","M","M","?","R","M","?","T","M","$","R","?","E","R","BOSS","M","?","M","M","$","R","E"],"items_purchased_type":["Potion","Card"],"build_version":"2020-12-22","purchased_purges":1,"victory":false,"max_hp_per_floor":[75,75,75,75,75,75,75,75,75,75,75,75,75,75,75,75,75,75,75,75,75,75,75,75,75],"card_choices":[{"not_picked":["Deep Breath","Purity"],"picked":"Impatience","floor":0.0},{"not_picked":["Power Through","Thunderclap"],"picked":"Flex","floor":1.0},{"not_picked":["Havoc","Searing Blow"],"picked":"Rampage","floor":2.0},{"not_picked":["Iron Wave","Shrug It Off"],"picked":"Cleave","floor":3.0},{"not_picked":["Whirlwind","True Grit","Pummel"],"picked":"SKIP","floor":4.0},{"not_picked":["Whirlwind","Rampage","Uppercut"],"picked":"SKIP","floor":5.0},{"not_picked":["Heavy Blade","Warcry"],"picked":"Shrug It Off","floor":7.0},{"not_picked":["Juggernaut","Seeing Red"],"picked":"Anger","floor":10},{"not_picked":["Twin Strike","Armaments","Cleave"],"picked":"SKIP","floor":13},{"not_picked":["Iron Wave","Rupture"],"picked":"Headbutt","floor":14},{"not_picked":["Fiend Fire","Bludgeon"],"picked":"Offering","floor":16},{"not_picked":["Entrench","Wild Strike"],"picked":"Shrug It Off","floor":18},{"not_picked":["Perfected Strike","Flex","Spot Weakness+1"],"picked":"SKIP","floor":20},{"not_picked":["Body Slam","Pummel"],"picked":"Flame Barrier","floor":21}],"player_experience":825358,"relics_obtained":[{"floor":14,"key":"Centennial Puzzle"}],"event_choices":[{"cards_removed":["Impatience"],"damage_healed":25.0,"max_hp_gain":0.0,"max_hp_loss":0.0,"gold_gain":0.0,"event_name":"Bonfire Elementals","player_choice":"Offered Uncommon","floor":8.0,"gold_loss":0.0,"damage_taken":0.0},{"cards_removed":["Searing Blow"],"damage_healed":0,"gold_gain":0,"player_choice":"Gave Gold","damage_taken":0,"max_hp_gain":0,"max_hp_loss":0,"event_name":"Beggar","floor":19,"gold_loss":75}],"is_beta":false,"boss_relics":[{"not_picked":["Runic Dome","Snecko Eye"],"picked":"Pandora\u0027s Box"}],"items_purged_floors":[11],"is_endless":false,"potions_floor_spawned":[1,5,13,16,21],"killed_by":"Gremlin Leader","ascension_level":20}}