{"host":"tcvx534jwa5yj36h","time":1613771958,"event":{"mods":["BaseMod","Defuse TimeMaze Blight","Hubris","Infinite Spire","Minty Spire (QoL Compilation)","Quick Restart","Replay The Spire","StSLib"],"gold_per_floor":[118,118,118,129,69,69,94,107,179,209,304,316,316,9,9,9,9],"floor_reached":16,"language":"ENG","playtime":516,"items_purged":[],"score":153,"play_id":"8ab9deb1-7998-4b50-8f8a-b2b9082e1313","local_time":"20210219135918","is_ascension_mode":true,"campfire_choices":[{"data":"hubris:PowerSurge","floor":6,"key":"SMITH"},{"data":"ReplayGash","floor":13,"key":"SMITH"},{"data":"1","floor":15,"key":"LIFT"}],"circlet_count":0,"master_deck":["Strike_B","Strike_B+1","Strike_B","Strike_B","Defend_B","Defend_B","Defend_B+1","Defend_B","Zap","Dualcast","ReplayTheSpireMod:Reroute Power","hubris:PowerSurge+1","Ball Lightning","Scrape+1","ReplayRNGCard","ReplayGash+1","Self Repair","Sunder"],"relics":["Runic Dome","hubris:PeanutButter","Question Card","hubris:TenFootPole","Girya"],"acts_visited":["Exordium"],"potions_floor_usage":[],"damage_taken":[{"damage":10,"enemies":"Small Slimes","floor":1,"turns":3},{"damage":0,"enemies":"2 Louse","floor":4,"turns":2},{"damage":10,"enemies":"3 Sentries","floor":7,"turns":5},{"damage":0,"enemies":"Jaw Worm","floor":8,"turns":1},{"damage":0,"enemies":"Replay:BlueRogue","floor":10,"turns":7},{"damage":2,"enemies":"3 Louse","floor":12,"turns":3},{"damage":46,"enemies":"The Guardian","floor":16,"turns":5}],"seed_played":"-5490581996702904962","potions_obtained":[{"floor":10,"key":"LiquidMemories"},{"floor":12,"key":"AttackPotion"}],"is_trial":false,"path_per_floor":["M","?","?","M","$","R","E","M","T","E","?","M","R","$","R","B"],"character_chosen":"DEFECT","items_purchased":["Scrape+1","Girya"],"campfire_rested":0,"item_purchase_floors":[5,14],"current_hp_per_floor":[65,50,50,50,50,50,40,40,40,40,40,45,45,45,45,0,0],"gold":9,"neow_bonus":"BOSS_RELIC","is_daily":false,"chose_seed":false,"campfire_upgraded":2,"win_rate":0.0,"timestamp":1613771958,"path_taken":["M","?","?","M","?","R","E","M","T","E","?","?","R","?","R","BOSS"],"items_purchased_type":["Card","Relic"],"build_version":"2020-12-22","purchased_purges":0,"victory":false,"max_hp_per_floor":[75,75,75,75,75,75,75,75,75,75,75,75,75,75,75,75,75],"card_choices":[{"not_picked":["Heatsinks","Melter"],"picked":"ReplayTheSpireMod:Reroute Power","floor":1},{"not_picked":["Consume","Gash"],"picked":"Ball Lightning","floor":4},{"not_picked":["Conserve Battery","Beam Cell","Crystallizer"],"picked":"SKIP","floor":7},{"not_picked":["Hologram","Defragment"],"picked":"ReplayRNGCard","floor":8},{"not_picked":["Rebound","Panic Button","Tempest"],"picked":"ReplayGash","floor":10},{"not_picked":["Cold Snap","Tempest","Leap"],"picked":"Self Repair","floor":11},{"not_picked":["Redo","Leap","Scrape"],"picked":"Sunder","floor":11},{"not_picked":["Auto Shields","Conserve Battery","hubris:Ukulele","Capacitor"],"picked":"SKIP","floor":12}],"player_experience":355961,"relics_obtained":[{"floor":7,"key":"hubris:PeanutButter"},{"floor":9,"key":"Question Card"},{"floor":10,"key":"hubris:TenFootPole"}],"event_choices":[{"damage_healed":0,"gold_gain":0,"player_choice":"Entered Light","damage_taken":15,"max_hp_gain":0,"max_hp_loss":0,"event_name":"Shining Light","floor":2,"gold_loss":0,"cards_upgraded":["Strike_B","Defend_B"]}],"is_beta":false,"boss_relics":[],"items_purged_floors":[],"is_endless":false,"potions_floor_spawned":[10,12],"killed_by":"The Guardian","ascension_level":3}}