{"host":"8m7is3yylgn0pnts","time":1613741259,"event":{"mods":["ATMod(阿瑾Mod)","Act Like it!","Arknights","BaseMod","Downfall","Gensokyo","Hallownest","KinomotoSakuraMod(木之本樱)","Koishi","Lobotomy","Minty Spire (QoL Compilation)","Remilia_Scarlet Moed（蕾米莉亚・斯卡雷特）3.3.5","Remilia（蕾米莉亚）","StSLib","Waifu the Spire","WarShipGirlsR/战舰少女R mod","Yakumo Yukari mod"],"gold_per_floor":[111,111,111,131,131,164,3,37,107,117,136,163,174,197,209,294,306,332,94,94,120,205,355,355,424,493,493,556,190,292,332,332,433,433,469,469,612,728,772,772,752,802,829,987,399,439,439,584,584,697,819,828,888,888,888,1001,1001,1070,1112,1112,1163,1201,1313,1356,1397,1447,1447,1548,1548,1584,1584,1677,1212,1254,1254,1360,1360,1414,1414,1532,1593,1656,1724,1724,1857,1857,1946,2052,2087,2132,2132,2132,1879,1947,2013,1599,1657,1702,1744,1851,1851,2054,2151,2151,2221,1832,1873,1430,1430,1430,1430,1430,1488,1488,1539,1469,947,1091,1091,1187,1187,1432,1494,24,84,84,163,163,217,302,390,443,443,497,559,559,657,657,752,752,752,804,273,273,330,330,330,330],"floor_reached":147,"language":"ZHS","playtime":10963,"items_purged":["Normality","rmod:defend","rmod:auspiciousomen","rmod:strick+1","rmod:defend+1","rmod:strick+1","rmod:strick+1","Master of Strategy+1"],"score":10775,"play_id":"4347b9f3-bf58-4d99-8006-e6f195a65df4","local_time":"20210219212739","daily_mods":["Heirloom","Vintage","Elite Swarm"],"is_ascension_mode":true,"campfire_choices":[{"floor":15.0,"key":"REST"},{"floor":24.0,"key":"REST"},{"floor":27.0,"key":"DIG"},{"floor":32.0,"key":"REST"},{"floor":40.0,"key":"DIG"},{"floor":47.0,"key":"DIG"},{"floor":49.0,"key":"DIG"},{"floor":60.0,"key":"DIG"},{"floor":67.0,"key":"DIG"},{"floor":75.0,"key":"DIG"},{"floor":77.0,"key":"DIG"},{"floor":79.0,"key":"DIG"},{"floor":84.0,"key":"DIG"},{"floor":92.0,"key":"DIG"},{"floor":101.0,"key":"DIG"},{"floor":110.0,"key":"DIG"},{"floor":112.0,"key":"DIG"},{"floor":114.0,"key":"DIG"},{"floor":119.0,"key":"DIG"},{"floor":128.0,"key":"DIG"},{"floor":133.0,"key":"DIG"},{"floor":136.0,"key":"DIG"},{"floor":144.0,"key":"DIG"},{"floor":146.0,"key":"DIG"}],"circlet_count":0,"master_deck":["AscendersBane","rmod:defend+1","rmod:defend+1","rmod:basicallowance+1","rmod:maingunfire+1","AT_EmpoweredMortalDraw+1","rmod:gendarmerie+1","rmod:maingunfire+1","rmod:abidefaith+1","rmod:expedition+3","rmod:acesubmarine+1","rmod:windflower+1","rmod:desperatesituation+1","rmod:firesupport+1","rmod:guardianhero+1","rmod:fletcherpendant+1","rmod:u235+1","rmod:ammunitionsupply+1","rmod:u235+1","rmod:secretscript+1","rmod:expeditionaryescort+1","Mayhem+1","rmod:chargemoney+1","rmod:ridicule+1","AT_EmpoweredMortalDraw+1","rmod:ridicule+1","rmod:acesubmarine+1","rmod:secretscript+1","AT_EmpoweredMortalDraw+1","rmod:windflower+1","rmod:acesubmarine+1","rmod:ridicule+1","rmod:windflower+1","rmod:u235+1","rmod:selfconfidence+1","rmod:intelligenceanalysis+1","rmod:luckystar+1","Gensokyo:LittleGreenMen+1"],"relics":["AT_ATBox","Lizard Tail","Akabeko","Tiny Chest","Darkstone Periapt","AT_RabadonDeathcap","AT_ImmortalShieldbow","Ornamental Fan","Blood Vial","Bird Faced Urn","MawBank","Anchor","expansioncontent:StudyCardRelic","Pen Nib","AT_MibuBalloonWealth","hexamod:CandleOfCauterizing","AT_DeathDance","Shovel","Pantograph","AT_BladeRuinedKing","Peace Pipe","Toy Ornithopter","Guardian:PocketSentry","rmod:mogul","Toxic Egg 2","Slimebound:StickyStick","Orichalcum","Bag of Preparation","Bronze Scales","Boot","hexamod:BolsterEngine","AT_SeraphEmbrace","White Beast Statue","AT_ChloranthyRing","Membership Card","CeramicFish","AT_GuinsooRageblade","AntiCross","Smiling Mask","AT_MortalBlade","Oddly Smooth Stone","Omamori","War Paint","Question Card","ScarletDevilRocket","rmod:equipmentrecovery","Gremlin Horn","Matryoshka","Gensokyo:MosesMiracle","Nunchaku","Medical Kit","DollysMirror","champ:Barbells","Turnip","AT_SunfireAegis","Potion Belt","rmod:extraamm","Ancient Tea Set","Vajra","Shuriken","Happy Flower","AT_RedTearstoneRing","Slimebound:PreparedRelic","Letter Opener","Mercury Hourglass","AT_PhaseBoots","AT_BellDemon","Sling","HandDrill","PreservedInsect","Centennial Puzzle","Lantern","champ:DeflectingBracers","HornCleat","Dream Catcher","Strange Spoon","Bag of Marbles","Kunai","MealTicket","AT_Kusabimaru","Molten Egg 2","Orrery","Gensokyo:Justice","Art of War","Strawberry","Incense Burner","StrikeDummy","Frozen Eye","TheAbacus","Regal Pillow","sneckomod:BlankCard","The Courier","AT_BellowingDragoncrestRing","AT_EbonyIvory","StoneCalendar","FossilizedHelix","bronze:BronzeIdol","AT_RedNoBalance","Frozen Egg 2","AT_ForceNature","AT_TimeSand","Bottled Lightning","InkBottle","AT_GoldPhoenixTree","AT_SilvercatRing","Pear","Meat on the Bone","Singing Bowl","Eternal Feather","Meat on the Bone","Unceasing Top","Bottled Flame","Mummified Hand","Guardian:GemstoneGun","CaptainsWheel","Mango","Du-Vu Doll","AT_LudenTempest","Hallownest:KingsIdolRelic","champ:DuelingGlove","Torii","Ginger","Prayer Wheel","Ice Cream","AT_Manta","Calipers","Thread and Needle"],"acts_visited":["Exordium","TheCity","TheBeyond","Exordium","Gensokyo:Gensokyoer","Gensokyo:Gensokyoest","Gensokyo:Gensokyo","Hallownest:CityofTears","Hallownest:KingdomsEdge"],"potions_floor_usage":[],"damage_taken":[{"damage":0.0,"enemies":"2 Louse","floor":1.0,"turns":1.0},{"damage":6.0,"enemies":"Small Slimes","floor":4.0,"turns":3.0},{"damage":4.0,"enemies":"3 Sentries","floor":6.0,"turns":8.0},{"damage":41.0,"enemies":"Gremlin Nob","floor":8.0,"turns":5.0},{"damage":0.0,"enemies":"Cultist","floor":10.0,"turns":2.0},{"damage":0.0,"enemies":"2 Fungi Beasts","floor":11.0,"turns":2.0},{"damage":23.0,"enemies":"Lagavulin","floor":12.0,"turns":7.0},{"damage":0.0,"enemies":"Large Slime","floor":13.0,"turns":5.0},{"damage":17.0,"enemies":"Exordium Wildlife","floor":14.0,"turns":4.0},{"damage":96.0,"enemies":"Slime Boss","floor":16.0,"turns":15.0},{"damage":10.0,"enemies":"2 Thieves","floor":18.0,"turns":3.0},{"damage":10.0,"enemies":"3 Byrds","floor":22.0,"turns":3.0},{"damage":13.0,"enemies":"Gremlin Leader","floor":23.0,"turns":4.0},{"damage":4.0,"enemies":"Centurion and Healer","floor":25.0,"turns":4.0},{"damage":13.0,"enemies":"Cultist and Chosen","floor":28.0,"turns":5.0},{"damage":13.0,"enemies":"Slavers","floor":30.0,"turns":4.0},{"damage":18.0,"enemies":"Snake Plant","floor":31.0,"turns":3.0},{"damage":64.0,"enemies":"Champ","floor":33.0,"turns":9.0},{"damage":0.0,"enemies":"Orb Walker","floor":35.0,"turns":2.0},{"damage":4.0,"enemies":"3 Darklings","floor":37.0,"turns":3.0},{"damage":20.0,"enemies":"4 Shapes","floor":38.0,"turns":3.0},{"damage":2.0,"enemies":"Transient","floor":39.0,"turns":7.0},{"damage":13.0,"enemies":"Nemesis","floor":42.0,"turns":3.0},{"damage":22.0,"enemies":"Reptomancer","floor":44.0,"turns":5.0},{"damage":10.0,"enemies":"Spire Growth","floor":46.0,"turns":3.0},{"damage":9.0,"enemies":"3 Darklings","floor":48.0,"turns":3.0},{"damage":71.0,"enemies":"Time Eater","floor":50.0,"turns":7.0},{"damage":46.0,"enemies":"Donu and Deca","floor":51.0,"turns":7.0},{"damage":0.0,"enemies":"Small Slimes","floor":53.0,"turns":1.0},{"damage":0.0,"enemies":"3 Sentries","floor":56.0,"turns":2.0},{"damage":2.0,"enemies":"Lagavulin","floor":58.0,"turns":2.0},{"damage":0.0,"enemies":"Jaw Worm","floor":59.0,"turns":1.0},{"damage":0.0,"enemies":"Cultist","floor":62.0,"turns":1.0},{"damage":0.0,"enemies":"3 Sentries","floor":63.0,"turns":1.0},{"damage":0.0,"enemies":"Looter","floor":64.0,"turns":1.0},{"damage":0.0,"enemies":"Red Slaver","floor":65.0,"turns":1.0},{"damage":0.0,"enemies":"Lagavulin","floor":66.0,"turns":3.0},{"damage":0.0,"enemies":"Slime Boss","floor":68.0,"turns":2.0},{"damage":0.0,"enemies":"Gensokyo:CosmicMonolith","floor":70.0,"turns":1.0},{"damage":0.0,"enemies":"Gensokyo:3_Dogs","floor":72.0,"turns":1.0},{"damage":0.0,"enemies":"Gensokyo:Wraith","floor":74.0,"turns":1.0},{"damage":0.0,"enemies":"Gensokyo:Reisen","floor":76.0,"turns":1.0},{"damage":0.0,"enemies":"Gensokyo:Tenshi","floor":78.0,"turns":1.0},{"damage":0.0,"enemies":"Gensokyo:Reisen","floor":80.0,"turns":1.0},{"damage":0.0,"enemies":"Gensokyo:Monolith_and_Dog","floor":81.0,"turns":1.0},{"damage":0.0,"enemies":"Gensokyo:Koishi","floor":82.0,"turns":1.0},{"damage":0.0,"enemies":"Gensokyo:Chomper_and_Gloop","floor":83.0,"turns":1.0},{"damage":0.0,"enemies":"Gensokyo:Eiki","floor":85.0,"turns":2.0},{"damage":0.0,"enemies":"Gensokyo:3_Bats","floor":87.0,"turns":1.0},{"damage":0.0,"enemies":"Gensokyo:Kasen","floor":88.0,"turns":2.0},{"damage":0.0,"enemies":"Gensokyo:AncientGuardian","floor":89.0,"turns":1.0},{"damage":0.0,"enemies":"Gensokyo:Sharpion","floor":90.0,"turns":1.0},{"damage":0.0,"enemies":"Gensokyo:Doremy","floor":94.0,"turns":1.0},{"damage":0.0,"enemies":"Gensokyo:Marisa","floor":95.0,"turns":1.0},{"damage":0.0,"enemies":"Gensokyo:Doremy","floor":97.0,"turns":1.0},{"damage":0.0,"enemies":"Gensokyo:Rafflesia","floor":98.0,"turns":2.0},{"damage":0.0,"enemies":"Gensokyo:AtlasGolem","floor":99.0,"turns":1.0},{"damage":0.0,"enemies":"Gensokyo:Kasen","floor":100.0,"turns":1.0},{"damage":0.0,"enemies":"Gensokyo:Yuyuko","floor":102.0,"turns":1.0},{"damage":0.0,"enemies":"Gensokyo:Scarlet_Devils","floor":103.0,"turns":3.0},{"damage":0.0,"enemies":"Gensokyo:2_Kodama","floor":105.0,"turns":1.0},{"damage":0.0,"enemies":"Gensokyo:Gryphon","floor":107.0,"turns":1.0},{"damage":0.0,"enemies":"Gensokyo:Aya","floor":113.0,"turns":1.0},{"damage":0.0,"enemies":"Gensokyo:Mamizou","floor":115.0,"turns":1.0},{"damage":0.0,"enemies":"Gensokyo:3_Fairies","floor":118.0,"turns":2.0},{"damage":0.0,"enemies":"Gensokyo:Yukari","floor":120.0,"turns":2.0},{"damage":4.0,"enemies":"Hallownest:Flukemon_and_Top","floor":122.0,"turns":1.0},{"damage":0.0,"enemies":"Hallownest:2_Mistakes","floor":123.0,"turns":1.0},{"damage":0.0,"enemies":"Hallownest:eliteSoulWarrior","floor":125.0,"turns":1.0},{"damage":0.0,"enemies":"Hallownest:eliteWatcherKnight","floor":127.0,"turns":6.0},{"damage":0.0,"enemies":"Hallownest:eliteSoulWarrior","floor":129.0,"turns":1.0},{"damage":0.0,"enemies":"Hallownest:eliteWatcherKnight","floor":130.0,"turns":5.0},{"damage":0.0,"enemies":"Hallownest:3_Mistakes","floor":131.0,"turns":1.0},{"damage":0.0,"enemies":"Hallownest:eliteSoulWarrior","floor":132.0,"turns":1.0},{"damage":0.0,"enemies":"Hallownest:Nosk","floor":134.0,"turns":1.0},{"damage":0.0,"enemies":"Hallownest:Warrior_and_Youth","floor":135.0,"turns":1.0},{"damage":0.0,"enemies":"Hallownest:BossSoulMaster","floor":137.0,"turns":3.0},{"damage":0.0,"enemies":"Hallownest:3_Siblings","floor":139.0,"turns":1.0},{"damage":0.0,"enemies":"Hallownest:eliteCollector","floor":142.0,"turns":1.0},{"damage":0.0,"enemies":"Hallownest:eliteHiveKnight","floor":145.0,"turns":1.0},{"damage":0,"enemies":"Hallownest:eliteCollector","floor":147,"turns":1}],"seed_played":"-9126020226602875322","potions_obtained":[{"floor":1.0,"key":"Strength Potion"},{"floor":5.0,"key":"FairyPotion"},{"floor":5.0,"key":"FairyPotion"},{"floor":22.0,"key":"BlessingOfTheForge"},{"floor":23.0,"key":"Energy Potion"},{"floor":30.0,"key":"FearPotion"},{"floor":41.0,"key":"CultistPotion"},{"floor":50.0,"key":"FearPotion"},{"floor":51.0,"key":"Fire Potion"},{"floor":53.0,"key":"Explosive Potion"},{"floor":56.0,"key":"Block Potion"},{"floor":58.0,"key":"Weak Potion"},{"floor":70.0,"key":"LiquidMemories"},{"floor":72.0,"key":"DistilledChaos"},{"floor":78.0,"key":"Explosive Potion"},{"floor":80.0,"key":"Strength Potion"},{"floor":87.0,"key":"champ:CounterPotion"}],"is_trial":true,"path_per_floor":["M","?","?","M","?","E","$","E","T","M","M","E","M","M","R","B",null,"M","$","?","T","M","E","R","M","T","R","M","$","E","M","R","B",null,"M","T","M","M","M","R","?","E","T","E","$","M","R","M","R","B","B",null,"M","?","?","E","?","E","M","R","T","M","E","M","M","E","R","B",null,"M","?","M","COS","M","R","E","R","E","R","E","M","E","M","R","B",null,"M","E","M","M","?","R","$","E","E","COS","E","M","M","E","R","B","B",null,"M","$","M","$","?","R","?","R","E","R","E","?","COS","M","R","B",null,"M","M","$","E","?","E","R","E","E","M","E","R","E","M","R","B",null,"M","?","?","E","$","R","E","R","E"],"character_chosen":"PRAEFECT","items_purchased":["rmod:expedition","rmod:firesupport","rmod:guardianhero","rmod:fletcherpendant","Master of Strategy","rmod:ammunitionsupply","rmod:fuelsupply+1","Mayhem","AT_ChloranthyRing","Membership Card","rmod:chargemoney","AT_SpeedBoots","AT_BellDemon","DuplicationPotion","Strange Spoon","Bag of Marbles","Kunai","rmod:selfconfidence","AT_Kusabimaru","Molten Egg 2","rmod:intelligenceanalysis+1","Orrery","AT_BellowingDragoncrestRing","AT_EbonyIvory","StoneCalendar","FossilizedHelix","bronze:BronzeIdol","AT_SilverBalance","Frozen Egg 2","AT_ForceNature","AT_TimeSand","Bottled Lightning","InkBottle","AT_GoldPhoenixTree","AT_SilvercatRing","Pear","Torii","Ginger","Prayer Wheel","Ice Cream"],"campfire_rested":3,"item_purchase_floors":[7,19,19,19,29,29,45,45,45,45,45,93,93,93,106,106,106,106,108,108,108,108,124,124,124,124,124,124,124,124,124,124,124,124,124,124,143,143,143,143],"current_hp_per_floor":[63,63,63,57,57,53,53,12,12,12,12,15,19,10,31,37,62,60,60,60,60,58,53,70,66,66,66,61,61,56,42,63,33,61,65,65,67,54,62,62,62,58,58,50,50,52,52,51,51,23,30,60,64,64,64,70,70,70,70,70,70,70,70,70,70,70,70,70,70,70,70,70,70,70,70,70,70,70,70,70,70,70,70,70,70,35,35,35,35,35,35,35,35,35,35,35,35,35,35,35,35,35,35,18,18,18,18,18,18,18,23,23,25,25,25,25,25,25,25,25,25,23,25,35,23,23,31,31,25,39,27,39,41,43,43,43,59,30,30,30,30,32,32,32,34,34,34,34],"gold":330,"neow_bonus":"","is_daily":false,"chose_seed":false,"campfire_upgraded":0,"win_rate":0.0,"timestamp":1613741259,"path_taken":["M","?","?","?","?","E","?","E","T","M","M","E","M","M","R","BOSS","M","$","?","?","?","E","R","?","T","R","M","?","E","M","R","BOSS","M","?","M","M","M","R","?","E","T","E","$","M","R","M","R","BOSS","BOSS","M","?","?","?","?","E","M","R","T","M","E","M","M","E","R","BOSS","M","?","?","COS","M","R","E","R","E","R","E","M","E","M","R","BOSS","M","?","M","M","?","R","?","E","E","COS","E","M","?","?","R","BOSS","BOSS","M","$","M","$","?","R","?","R","E","R","E","?","COS","M","R","BOSS","M","M","$","?","?","E","R","E","E","M","E","R","E","M","R","BOSS","M","?","?","?","$","R","E","R","E"],"items_purchased_type":["Card","Card","Card","Card","Card","Card","Card","Card","Relic","Relic","Card","Relic","Relic","Potion","Relic","Relic","Relic","Card","Relic","Relic","Card","Relic","Relic","Relic","Relic","Relic","Relic","Relic","Relic","Relic","Relic","Relic","Relic","Relic","Relic","Relic","Relic","Relic","Relic","Relic"],"build_version":"2020-12-22","purchased_purges":8,"victory":false,"max_hp_per_floor":[70,70,70,70,70,70,70,70,70,70,70,70,70,70,70,70,70,70,70,70,70,70,70,70,70,70,70,70,70,70,70,70,70,70,70,70,70,70,70,70,70,70,70,70,70,70,70,70,70,70,70,70,70,70,70,70,70,70,70,70,70,70,70,70,70,70,70,70,70,70,70,70,70,70,70,70,70,70,70,70,70,70,70,70,70,35,35,35,35,35,35,35,35,35,35,35,35,35,35,35,35,35,35,18,18,18,18,18,18,18,25,25,25,25,25,25,25,25,25,25,25,25,25,35,35,35,35,35,37,39,39,41,41,43,43,43,59,30,30,30,30,32,32,32,34,34,34,34],"card_choices":[{"not_picked":["rmod:ridicule","rmod:expeditionaryescort"],"picked":"rmod:abidefaith","floor":6.0},{"not_picked":["rmod:supriseattacks","rmod:abidefaith"],"picked":"rmod:acesubmarine","floor":8.0},{"not_picked":["rmod:highspeedmaneuver","rmod:seals"],"picked":"rmod:windflower","floor":12.0},{"not_picked":["rmod:fletcher","rmod:abidefaith"],"picked":"rmod:desperatesituation","floor":16.0},{"not_picked":["rmod:desperatesituation","rmod:stealaluminum"],"picked":"rmod:u235","floor":23.0},{"not_picked":["rmod:timeschanged","rmod:auspiciousomen"],"picked":"rmod:u235","floor":30.0},{"not_picked":["rmod:desperatesituation","rmod:stealaluminum"],"picked":"rmod:secretscript","floor":33.0},{"not_picked":["rmod:auspiciousomen+1","rmod:seals"],"picked":"rmod:expeditionaryescort","floor":42.0},{"not_picked":["rmod:desperatesituation","rmod:u235+1","rmod:abidefaith"],"picked":"SKIP","floor":44.0},{"not_picked":["rmod:highspeedmaneuver+1","rmod:saltedfish+1"],"picked":"rmod:ridicule+1","floor":50.0},{"not_picked":["rmod:stealaluminum","rmod:acesubmarine"],"picked":"rmod:ridicule+1","floor":56.0},{"not_picked":["rmod:supriseattacks+1","rmod:stealaluminum"],"picked":"rmod:acesubmarine","floor":58.0},{"not_picked":["rmod:desperatesituation","rmod:expeditionaryescort","rmod:windflower+1"],"picked":"rmod:secretscript","floor":63.0},{"not_picked":["rmod:seals","rmod:acesubmarine","rmod:windflower+1","rmod:secretscript"],"picked":"SKIP","floor":66.0},{"not_picked":["rmod:desperatesituation","rmod:highspeedmaneuver+1","rmod:secretscript","rmod:auspiciousomen+1"],"picked":"SKIP","floor":76.0},{"not_picked":["rmod:highspeedmaneuver+1","rmod:auspiciousomen+1","rmod:secretscript","rmod:timeschanged"],"picked":"SKIP","floor":78.0},{"not_picked":["rmod:seals","rmod:stealaluminum","rmod:supriseattacks+1"],"picked":"rmod:windflower+1","floor":80.0},{"not_picked":["rmod:auspiciousomen+1","rmod:seals","rmod:highspeedmaneuver+1"],"picked":"rmod:acesubmarine","floor":82.0},{"not_picked":["rmod:expeditionaryescort","rmod:auspiciousomen+1","rmod:u235+1"],"picked":"rmod:ridicule+1","floor":85.0},{"not_picked":["rmod:highspeedmaneuver+1","rmod:desperatesituation","rmod:seals","rmod:u235+1"],"picked":"SKIP","floor":88.0},{"not_picked":["rmod:saltedfish+1","rmod:auspiciousomen+1","rmod:u235+1"],"picked":"rmod:windflower+1","floor":94.0},{"not_picked":["rmod:timeschanged","rmod:stealaluminum","rmod:supriseattacks+1"],"picked":"rmod:u235+1","floor":95.0},{"not_picked":["rmod:stealaluminum","rmod:supriseattacks+1","rmod:windflower+1","rmod:saltedfish+1"],"picked":"SKIP","floor":97.0},{"not_picked":["rmod:windflower+1","rmod:expeditionaryescort","rmod:abidefaith","rmod:acesubmarine"],"picked":"SKIP","floor":100.0},{"not_picked":["rmod:circuitoustactics+1","rmod:victimresponsibility+1","rmod:supriseattacks+1"],"picked":"rmod:luckystar+1","floor":108.0},{"not_picked":["rmod:u235+1","rmod:highspeedmaneuver+1","rmod:expeditionaryescort","rmod:acesubmarine+1"],"picked":"SKIP","floor":113.0},{"not_picked":["rmod:windflower+1","rmod:highspeedmaneuver+1","rmod:acesubmarine+1","rmod:stealaluminum"],"picked":"SKIP","floor":115.0},{"not_picked":["rmod:abidefaith+1","rmod:windflower+1","rmod:secretscript+1","rmod:fletcher+1"],"picked":"SKIP","floor":125.0},{"not_picked":["rmod:secretscript+1","rmod:ridicule+1","rmod:supriseattacks+1","rmod:abidefaith+1"],"picked":"SKIP","floor":127.0},{"not_picked":["rmod:seals+1","rmod:fletcher+1","rmod:expeditionaryescort+1","rmod:ridicule+1"],"picked":"Singing Bowl","floor":129.0},{"not_picked":["rmod:saltedfish+1","rmod:windflower+1","rmod:auspiciousomen+1","rmod:supriseattacks+1"],"picked":"Singing Bowl","floor":130.0},{"not_picked":["rmod:auspiciousomen+1","rmod:timeschanged+1","rmod:abidefaith+1","rmod:supriseattacks+1"],"picked":"Singing Bowl","floor":132.0},{"not_picked":["rmod:auspiciousomen+1","rmod:seals+1","rmod:acesubmarine+1","rmod:stealaluminum+1"],"picked":"Singing Bowl","floor":134.0},{"not_picked":["rmod:expeditionaryescort+1","rmod:ridicule+1","rmod:abidefaith+1","rmod:seals+1"],"picked":"Singing Bowl","floor":137.0},{"not_picked":["rmod:saltedfish+1","rmod:abidefaith+1","rmod:fletcher+1","rmod:stealaluminum+1"],"picked":"Singing Bowl","floor":142.0},{"not_picked":["rmod:supriseattacks+1","rmod:secretscript+1","rmod:ridicule+1","rmod:windflower+1"],"picked":"Singing Bowl","floor":145.0}],"player_experience":55093,"relics_obtained":[{"floor":1.0,"key":"Akabeko"},{"floor":4.0,"key":"Tiny Chest"},{"floor":6.0,"key":"Darkstone Periapt"},{"floor":8.0,"key":"AT_RabadonDeathcap"},{"floor":9.0,"key":"AT_ImmortalShieldbow"},{"floor":10.0,"key":"Ornamental Fan"},{"floor":11.0,"key":"Blood Vial"},{"floor":12.0,"key":"Bird Faced Urn"},{"floor":13.0,"key":"MawBank"},{"floor":14.0,"key":"Anchor"},{"floor":18.0,"key":"Pen Nib"},{"floor":21.0,"key":"AT_MibuBalloonWealth"},{"floor":22.0,"key":"hexamod:CandleOfCauterizing"},{"floor":23.0,"key":"AT_DeathDance"},{"floor":25.0,"key":"Shovel"},{"floor":26.0,"key":"Pantograph"},{"floor":27.0,"key":"AT_BladeRuinedKing"},{"floor":28.0,"key":"Peace Pipe"},{"floor":30.0,"key":"Toy Ornithopter"},{"floor":31.0,"key":"Guardian:PocketSentry"},{"floor":35.0,"key":"Toxic Egg 2"},{"floor":36.0,"key":"Slimebound:StickyStick"},{"floor":37.0,"key":"Orichalcum"},{"floor":38.0,"key":"Bag of Preparation"},{"floor":39.0,"key":"Bronze Scales"},{"floor":40.0,"key":"Boot"},{"floor":42.0,"key":"hexamod:BolsterEngine"},{"floor":43.0,"key":"AT_ArchangelStaff"},{"floor":44.0,"key":"White Beast Statue"},{"floor":46.0,"key":"CeramicFish"},{"floor":47.0,"key":"AT_GuinsooRageblade"},{"floor":48.0,"key":"AntiCross"},{"floor":49.0,"key":"Smiling Mask"},{"floor":53.0,"key":"Oddly Smooth Stone"},{"floor":60.0,"key":"Omamori"},{"floor":61.0,"key":"War Paint"},{"floor":62.0,"key":"Question Card"},{"floor":64.0,"key":"ScarletDevilRocket"},{"floor":65.0,"key":"rmod:equipmentrecovery"},{"floor":67.0,"key":"Gremlin Horn"},{"floor":70.0,"key":"Matryoshka"},{"floor":72.0,"key":"Nunchaku"},{"floor":74.0,"key":"Turnip"},{"floor":75.0,"key":"AT_SunfireAegis"},{"floor":76.0,"key":"Gensokyo:MosesMiracle"},{"floor":77.0,"key":"Potion Belt"},{"floor":79.0,"key":"rmod:extraamm"},{"floor":81.0,"key":"Ancient Tea Set"},{"floor":83.0,"key":"Shuriken"},{"floor":84.0,"key":"Happy Flower"},{"floor":87.0,"key":"AT_RedTearstoneRing"},{"floor":89.0,"key":"Slimebound:PreparedRelic"},{"floor":90.0,"key":"Letter Opener"},{"floor":92.0,"key":"Mercury Hourglass"},{"floor":98.0,"key":"PreservedInsect"},{"floor":99.0,"key":"Centennial Puzzle"},{"floor":101.0,"key":"Lantern"},{"floor":105.0,"key":"Dream Catcher"},{"floor":107.0,"key":"MealTicket"},{"floor":110.0,"key":"Art of War"},{"floor":112.0,"key":"Incense Burner"},{"floor":114.0,"key":"StrikeDummy"},{"floor":118.0,"key":"Regal Pillow"},{"floor":119.0,"key":"sneckomod:BlankCard"},{"floor":122.0,"key":"The Courier"},{"floor":128.0,"key":"Singing Bowl"},{"floor":131.0,"key":"Eternal Feather"},{"floor":132.0,"key":"Meat on the Bone"},{"floor":133.0,"key":"Unceasing Top"},{"floor":134.0,"key":"Bottled Flame"},{"floor":135.0,"key":"Mummified Hand"},{"floor":135.0,"key":"Guardian:GemstoneGun"},{"floor":136.0,"key":"CaptainsWheel"},{"floor":137.0,"key":"Mango"},{"floor":139.0,"key":"Du-Vu Doll"},{"floor":139.0,"key":"AT_LudenTempest"},{"floor":142.0,"key":"champ:DuelingGlove"},{"floor":144.0,"key":"AT_Manta"},{"floor":145.0,"key":"Calipers"},{"floor":146.0,"key":"Thread and Needle"}],"event_choices":[{"damage_healed":0.0,"max_hp_gain":0.0,"max_hp_loss":0.0,"gold_gain":0.0,"cards_transformed":["rmod:strick"],"event_name":"Living Wall","player_choice":"Change","floor":2.0,"gold_loss":0.0,"damage_taken":0.0,"cards_obtained":["rmod:gendarmerie"]},{"damage_healed":0.0,"max_hp_gain":0.0,"max_hp_loss":0.0,"gold_gain":0.0,"event_name":"Match and Keep!","player_choice":"3 cards matched","floor":3.0,"gold_loss":0.0,"damage_taken":0.0,"cards_obtained":["Normality","rmod:maingunfire","rmod:auspiciousomen"]},{"damage_healed":0.0,"max_hp_gain":0.0,"max_hp_loss":0.0,"gold_gain":0.0,"event_name":"Lab","player_choice":"Got Potions","floor":5.0,"gold_loss":0.0,"damage_taken":0.0},{"damage_healed":0.0,"max_hp_gain":0.0,"max_hp_loss":0.0,"gold_gain":0.0,"event_name":"Back to Basics","player_choice":"Simplicity","floor":20.0,"gold_loss":0.0,"damage_taken":0.0,"cards_upgraded":["rmod:strick","rmod:strick","rmod:strick","rmod:defend","rmod:defend","rmod:defend"]},{"damage_healed":0.0,"max_hp_gain":0.0,"max_hp_loss":0.0,"gold_gain":0.0,"event_name":"The Woman in Blue","player_choice":"Bought 1 Potion","floor":41.0,"gold_loss":0.0,"damage_taken":0.0},{"damage_healed":0.0,"max_hp_gain":0.0,"max_hp_loss":0.0,"gold_gain":0.0,"event_name":"Shining Light","player_choice":"Ignored","floor":54.0,"gold_loss":0.0,"damage_taken":0.0},{"damage_healed":0.0,"max_hp_gain":0.0,"max_hp_loss":0.0,"gold_gain":0.0,"event_name":"Accursed Blacksmith","player_choice":"Forge","floor":55.0,"gold_loss":0.0,"damage_taken":0.0,"cards_upgraded":["rmod:abidefaith"]},{"damage_healed":0.0,"max_hp_gain":0.0,"max_hp_loss":0.0,"gold_gain":0.0,"event_name":"Living Wall","player_choice":"Grow","floor":57.0,"gold_loss":0.0,"damage_taken":0.0,"cards_upgraded":["rmod:acesubmarine"]}],"is_beta":false,"boss_relics":[{"not_picked":["SacredBark","Calling Bell"],"picked":"expansioncontent:StudyCardRelic"},{"not_picked":["Velvet Choker","Cursed Key"],"picked":"rmod:mogul"},{"not_picked":["Snecko Eye","Runic Pyramid"],"picked":"AT_MortalBlade"},{"not_picked":["TwistingMind"],"picked":"MetallicRebirth"},{"not_picked":["GraspOfShadows"],"picked":"BlightedDurian"},{"not_picked":["Accursed"],"picked":"BlightedDurian"},{"not_picked":["Accursed"],"picked":"Scatterbrain"},{"not_picked":["Scatterbrain"],"picked":"BlightedDurian"}],"items_purged_floors":[7,19,29,93,106,108,124,143],"is_endless":true,"potions_floor_spawned":[1,6,11,12,22,23,30,35,42,46,48,50,51,53,56,58,59,62,63,64,65,66,68,70,72,74,76,78,80,81,82,83,85,87,88,89,90,94,95,97,98,99,100,102,103,105,107,113,115,118,120,122,123,125,127,129,130,131,132,134,135,137,139,142,145],"killed_by":"Hallownest:eliteCollector","ascension_level":20}}