{"host":"gk9qdtkqd8dwfeg2","time":1613741573,"event":{"mods":["ATMod(°¢èªMod)","Act Like it!","Aspiration","BaseMod","Colored Powertips","Gensokyo","Minty Spire (QoL Compilation)","Quick Restart","Reimu£¨²©ÀöÁéÃÎ£©","Remilia£¨ÀÙÃ×ÀòÑÇ£©","Shop Mod","StSLib","TestMod","The Servant 0.9.4","Waifu the Spire","Youmu£¨»êÆÇÑýÃÎ£©"],"gold_per_floor":[116,136,149,68,68,98,98,98,148,202,202,232,448,497,497,632,632,648,648,648,95,115,115,140,140,140,151,179,197,223,223,223,396,396,504,504,504,41,130,182,182,209,209,468,468,530,586,93,93,143,143,143,79,163,188],"floor_reached":56,"language":"ZHS","playtime":2392,"items_purged":["Heel Hook","Flechettes"],"score":1694,"play_id":"c1f74bb6-175b-405c-884d-b0e4a73e667a","local_time":"20210219213253","is_ascension_mode":true,"campfire_choices":[{"data":"FavorOfDestiny","floor":7.0,"key":"SMITH"},{"data":"GlobalNightmare","floor":15.0,"key":"SMITH"},{"data":"Gensokyo:SpontaneousHumanCombustion","floor":23.0,"key":"SMITH"},{"data":"BloodyCatastrophe","floor":25.0,"key":"SMITH"},{"data":"Calculated Gamble","floor":32.0,"key":"SMITH"},{"floor":41.0,"key":"RECALL"},{"data":"ScarletCoffin","floor":45.0,"key":"SMITH"},{"floor":49.0,"key":"REST"},{"data":"BloodyMagicSquare","floor":52.0,"key":"SMITH"}],"circlet_count":0,"master_deck":["Defend_RM+1","Defend_RM+1","AT_CaressingTears","ScarletDream","DevilSight","FavorOfDestiny+1","GlobalNightmare+1","MastersStateliness","Acrobatics","Backstab","BloodyCatastrophe+1","DiffusionOfMisfortune","HunterOfTheNight","ForecastOfChange","BlasphemousPunishment","After Image+1","Gensokyo:SpontaneousHumanCombustion+1","Septette","RedRainbow+1","BloodRain","Calculated Gamble+1","Die Die Die","ScarletCoffin+1","BloodyMagicSquare+1","BloodyMagicSquare+1","FavorOfDestiny+1"],"relics":["ScarletHat","testmod-TestBox","testmod-BlackFramedGlasses","NeowsBlessing","Happy Flower","Ornamental Fan","Gensokyo:Justice","testmod-AssaultLearning","Blood Vial","AT_GoldPhoenixTree","aspiration:HiddenCompartment","Black Star","NeowsBlessing","AT_EbonyIvory","testmod-ArcanaOfDestiny","Juzu Bracelet","Tiny Chest","Mummified Hand","AT_MibuBalloonWealth","aspiration:FutureDiary","testmod-RandomTest","MerchantsRug","AT_LudenTempest","AT_ChloranthyRing","AT_RedTearstoneRing","FairyMaid","AT_BellDemon","Mercury Hourglass","aspiration:HatOfInfinitePower","Toxic Egg 2","Shuriken","Lantern","Toy Ornithopter","Gremlin Horn","testmod-TurbochargingSystem"],"acts_visited":["Exordium","Gensokyo:Gensokyo","Gensokyo:Gensokyoer","TheEnding"],"potions_floor_usage":[55,55,55,55],"damage_taken":[{"damage":0.0,"enemies":"Gensokyo:Python","floor":1.0,"turns":1.0},{"damage":0.0,"enemies":"Gensokyo:Gryphon","floor":2.0,"turns":1.0},{"damage":0.0,"enemies":"Gensokyo:3_Fairies","floor":3.0,"turns":1.0},{"damage":13.0,"enemies":"Gensokyo:Cirno","floor":6.0,"turns":8.0},{"damage":18.0,"enemies":"Gensokyo:Aya","floor":10.0,"turns":8.0},{"damage":6.0,"enemies":"Gensokyo:CorruptedTreant","floor":12.0,"turns":3.0},{"damage":0.0,"enemies":"Gensokyo:Python_and_Kodama","floor":13.0,"turns":4.0},{"damage":4.0,"enemies":"Gensokyo:Mamizou","floor":14.0,"turns":8.0},{"damage":12.0,"enemies":"Gensokyo:Reimu","floor":16.0,"turns":7.0},{"damage":6.0,"enemies":"Gensokyo:Chomper","floor":18.0,"turns":2.0},{"damage":0.0,"enemies":"Gensokyo:CosmicMonolith","floor":22.0,"turns":1.0},{"damage":0.0,"enemies":"Gensokyo:Reisen","floor":24.0,"turns":1.0},{"damage":0.0,"enemies":"Gensokyo:Chomper_and_Gloop","floor":27.0,"turns":1.0},{"damage":0.0,"enemies":"Gensokyo:Koishi","floor":28.0,"turns":4.0},{"damage":6.0,"enemies":"Gensokyo:Slime_Group","floor":29.0,"turns":4.0},{"damage":34.0,"enemies":"Gensokyo:Eiki","floor":33.0,"turns":8.0},{"damage":0.0,"enemies":"Gensokyo:3_Boulders","floor":35.0,"turns":3.0},{"damage":0.0,"enemies":"Gensokyo:3_Bats","floor":39.0,"turns":2.0},{"damage":0.0,"enemies":"Gensokyo:Marisa","floor":40.0,"turns":3.0},{"damage":0.0,"enemies":"Gensokyo:Doremy","floor":44.0,"turns":2.0},{"damage":6.0,"enemies":"Gensokyo:Dusk_and_Dawn","floor":46.0,"turns":3.0},{"damage":57.0,"enemies":"Gensokyo:Marisa","floor":47.0,"turns":2.0},{"damage":59.0,"enemies":"Gensokyo:Shinki","floor":50.0,"turns":3.0},{"damage":0.0,"enemies":"Shield and Spear","floor":54.0,"turns":2.0},{"damage":21,"enemies":"The Heart","floor":55,"turns":5}],"seed_played":"-574810737723548813","potions_obtained":[{"floor":1.0,"key":"EntropicBrew"},{"floor":13.0,"key":"PowerPotion"},{"floor":27.0,"key":"testmod-TestPotion"},{"floor":29.0,"key":"Fruit Juice"}],"is_trial":false,"path_per_floor":["M","M","M","COS","?","E","R","?","T","E","?","M","M","E","R","B",null,"M","?","?","COS","M","R","E","R","T","M","E","M","T","?","R","B",null,"M","?","?","$","M","E","R","T","T","E","R","M","E","$","R","B",null,"R","$","E","B",null],"character_chosen":"REMILIA","items_purchased":["testmod-RandomTest","MerchantsRug","Shuriken","Lantern","Toy Ornithopter"],"campfire_rested":1,"item_purchase_floors":[38,38,48,48,53],"current_hp_per_floor":[75,75,75,75,75,68,68,68,68,58,58,57,65,75,75,75,75,70,70,70,70,73,73,75,75,75,75,75,72,77,77,77,52,80,80,80,80,80,80,80,80,80,80,80,80,80,24,24,48,1,80,80,80,80,80],"gold":188,"neow_bonus":"THREE_ENEMY_KILL","is_daily":false,"chose_seed":false,"campfire_upgraded":7,"win_rate":0.0,"timestamp":1613741573,"path_taken":["M","?","M","COS","?","E","R","?","T","E","?","?","M","E","R","BOSS","M","?","?","COS","M","R","E","R","T","M","E","M","?","?","R","BOSS","M","?","?","$","M","E","R","?","T","E","R","M","E","$","R","BOSS","R","$","E","BOSS"],"items_purchased_type":["Relic","Relic","Relic","Relic","Relic"],"build_version":"2020-12-22","purchased_purges":2,"victory":true,"max_hp_per_floor":[75,75,75,75,75,75,75,75,75,75,75,75,75,75,75,75,75,75,75,75,75,75,75,75,75,75,75,75,75,80,80,80,80,80,80,80,80,80,80,80,80,80,80,80,80,80,80,80,80,80,80,80,80,80,80],"card_choices":[{"not_picked":["BlasphemousPunishment","EndlessAdversity"],"picked":"ScarletDream","floor":1.0},{"not_picked":["NightDance","VampireKiss"],"picked":"DevilSight","floor":2.0},{"not_picked":["ScarletImprint","Stigmanizer"],"picked":"FavorOfDestiny","floor":3.0},{"not_picked":["NightDance","MastersStateliness"],"picked":"GlobalNightmare","floor":6.0},{"not_picked":["Septette","VampireKiss"],"picked":"MastersStateliness","floor":10.0},{"not_picked":["MiserableFate","StarOfDavid"],"picked":"BloodyCatastrophe","floor":12.0},{"not_picked":["UnstableMagic","FavorOfDestiny"],"picked":"DiffusionOfMisfortune","floor":13.0},{"not_picked":["ScarletNetherworld","TwelveNightmare"],"picked":"HunterOfTheNight","floor":14.0},{"not_picked":["BloodySeventeenLaser","TransientEternity"],"picked":"ForecastOfChange","floor":16.0},{"not_picked":["TwelveNightmare","EndlessAdversity"],"picked":"BlasphemousPunishment","floor":18.0},{"not_picked":["ForbiddenFruit","AfternoonTea"],"picked":"Septette","floor":22.0},{"not_picked":["BadLadyScramble","AfternoonTea"],"picked":"RedRainbow+1","floor":24.0},{"not_picked":["NightDance","StarOfDavid"],"picked":"BloodRain","floor":27.0},{"not_picked":["DevilSight","FavorOfDestiny+1","ScarletImprint+1"],"picked":"SKIP","floor":28.0},{"not_picked":["ReincarnationDial+1","StarOfDavid","UnstableMagic"],"picked":"SKIP","floor":29.0},{"not_picked":["EquivalentExchange","CeilingFear"],"picked":"ScarletCoffin","floor":33.0},{"not_picked":["CharismaGuard","Stigmanizer+1","SuperhumanBloodyKnife"],"picked":"SKIP","floor":35.0},{"not_picked":["ScarletImprint","CharismaGuard","EndlessAdversity"],"picked":"SKIP","floor":39.0},{"not_picked":["FavorOfDestiny","CharismaGuard"],"picked":"BloodyMagicSquare+1","floor":40.0},{"not_picked":["DevilSight","VampirishNight+1","DiffusionOfMisfortune+1"],"picked":"SKIP","floor":44.0},{"not_picked":["Stigmanizer+1","DiffusionOfMisfortune+1"],"picked":"BloodyMagicSquare","floor":46.0},{"not_picked":["ScarletDevilSign+1","LeisurelyOfLord"],"picked":"FavorOfDestiny+1","floor":47.0},{"not_picked":["DiffusionOfMisfortune+1","StarOfDavid+1","ScarletDevil+1"],"picked":"SKIP","floor":54.0}],"player_experience":789996,"relics_obtained":[{"floor":6.0,"key":"Ornamental Fan"},{"floor":10.0,"key":"testmod-AssaultLearning"},{"floor":14.0,"key":"AT_GoldPhoenixTree"},{"floor":14.0,"key":"aspiration:HiddenCompartment"},{"floor":24.0,"key":"AT_EbonyIvory"},{"floor":24.0,"key":"Bottled Flame"},{"floor":26.0,"key":"War Paint"},{"floor":28.0,"key":"testmod-ArcanaOfDestiny"},{"floor":28.0,"key":"Juzu Bracelet"},{"floor":30.0,"key":"Tiny Chest"},{"floor":40.0,"key":"AT_LudenTempest"},{"floor":40.0,"key":"AT_ChloranthyRing"},{"floor":42.0,"key":"AT_RedTearstoneRing"},{"floor":43.0,"key":"FairyMaid"},{"floor":44.0,"key":"AT_BellDemon"},{"floor":44.0,"key":"Mercury Hourglass"},{"floor":47.0,"key":"aspiration:HatOfInfinitePower"},{"floor":47.0,"key":"Toxic Egg 2"},{"floor":54.0,"key":"Gremlin Horn"},{"floor":54.0,"key":"testmod-TurbochargingSystem"}],"event_choices":[{"damage_healed":0.0,"max_hp_gain":0.0,"max_hp_loss":0.0,"gold_gain":0.0,"event_name":"¸ø×Ô¼ºµÄºÐ×Ó","player_choice":"Swap Relic","floor":19.0,"relics_lost":["AT_ATBox"],"gold_loss":0.0,"damage_taken":0.0,"relics_obtained":["NeowsBlessing"]}],"is_beta":false,"boss_relics":[{"not_picked":["APieceOfRedMist","testmod-Prudence"],"picked":"Black Star"},{"not_picked":["Sozu","Runic Pyramid"],"picked":"aspiration:FutureDiary"}],"items_purged_floors":[38,48],"is_endless":false,"potions_floor_spawned":[1,12,13,14,27,29,40,44,54],"ascension_level":2}}