{"host":"BK","time":1613715564,"event":{"mods":["BaseMod","Highlight Path","Minty Spire (QoL Compilation)","StSLib"],"gold_per_floor":[112,112,129,91,108,108,121,86,86,86,100,57,57,71,71,145,145,160,131,131,145,25,25,55,55,55],"floor_reached":25,"language":"ENG","playtime":883,"items_purged":[],"score":426,"play_id":"310c556b-a259-4527-9176-37a86ed7a500","local_time":"20210218231924","is_ascension_mode":true,"campfire_choices":[{"data":"Blade Dance","floor":6,"key":"SMITH"},{"data":"Poisoned Stab","floor":10,"key":"SMITH"},{"data":"Deadly Poison","floor":13,"key":"SMITH"},{"data":"Catalyst","floor":15,"key":"SMITH"},{"data":"Catalyst","floor":23,"key":"SMITH"}],"circlet_count":0,"master_deck":["AscendersBane","Strike_G","Strike_G","Strike_G+1","Strike_G","Defend_G","Defend_G","Defend_G","Defend_G","Defend_G","Survivor+1","Neutralize","Deadly Poison+1","Blade Dance+1","Poisoned Stab+1","All Out Attack","Catalyst+1","Wraith Form v2","Backflip","Dodge and Roll","Footwork","Catalyst+1"],"relics":["Ring of the Snake","Kunai","WristBlade","Darkstone Periapt"],"acts_visited":["Exordium","TheCity"],"potions_floor_usage":[19,24],"damage_taken":[{"damage":7,"enemies":"Small Slimes","floor":1,"turns":5},{"damage":0,"enemies":"2 Louse","floor":3,"turns":3},{"damage":1,"enemies":"Jaw Worm","floor":5,"turns":3},{"damage":3,"enemies":"Blue Slaver","floor":7,"turns":4},{"damage":1,"enemies":"Looter","floor":11,"turns":3},{"damage":1,"enemies":"Lots of Slimes","floor":14,"turns":3},{"damage":13,"enemies":"The Guardian","floor":16,"turns":8},{"damage":12,"enemies":"Spheric Guardian","floor":18,"turns":4},{"damage":4,"enemies":"2 Thieves","floor":19,"turns":4},{"damage":9,"enemies":"Centurion and Healer","floor":21,"turns":8},{"damage":33,"enemies":"Gremlin Leader","floor":24,"turns":5},{"damage":5,"enemies":"Sentry and Sphere","floor":25,"turns":3}],"seed_played":"-998784760545602512","potions_obtained":[{"floor":5,"key":"EssenceOfSteel"},{"floor":7,"key":"Energy Potion"},{"floor":11,"key":"CunningPotion"},{"floor":18,"key":"Block Potion"}],"is_trial":false,"path_per_floor":["M","?","M","?","M","R","M","?","T","R","M","$","R","M","R","B",null,"M","M","?","M","$","R","E","M"],"character_chosen":"THE_SILENT","items_purchased":["All Out Attack","Footwork","Catalyst"],"campfire_rested":0,"item_purchase_floors":[12,22,22],"current_hp_per_floor":[58,36,36,36,35,35,32,50,50,50,49,49,49,48,48,35,63,51,47,47,38,38,38,5,0,0],"gold":55,"neow_bonus":"TEN_PERCENT_HP_BONUS","is_daily":false,"chose_seed":false,"campfire_upgraded":5,"win_rate":0.0,"timestamp":1613715564,"path_taken":["M","?","M","?","M","R","M","?","T","R","M","?","R","M","R","BOSS","M","M","?","?","$","R","E","M"],"items_purchased_type":["Card","Card","Card"],"build_version":"2020-12-18","purchased_purges":0,"victory":false,"max_hp_per_floor":[72,72,72,72,72,72,72,72,72,72,72,72,72,72,72,72,72,72,72,72,72,72,72,72,72,72],"card_choices":[{"not_picked":["Acrobatics","Tactician"],"picked":"Deadly Poison","floor":1},{"not_picked":["Flechettes","Outmaneuver","Infinite Blades"],"picked":"SKIP","floor":3},{"not_picked":["Deadly Poison","Flying Knee"],"picked":"Blade Dance","floor":5},{"not_picked":["Well Laid Plans","Tactician"],"picked":"Poisoned Stab","floor":7},{"not_picked":["Dodge and Roll","Outmaneuver","Cloak And Dagger"],"picked":"SKIP","floor":11},{"not_picked":["Dagger Spray","Prepared"],"picked":"Catalyst","floor":14},{"not_picked":["Die Die Die","Glass Knife"],"picked":"Wraith Form v2","floor":16},{"not_picked":["Deflect","Dagger Throw"],"picked":"Backflip","floor":18},{"not_picked":["Quick Slash","Dagger Spray"],"picked":"Dodge and Roll","floor":19},{"not_picked":["Sucker Punch","Infinite Blades","Backflip"],"picked":"SKIP","floor":21},{"not_picked":["Flechettes","Storm of Steel","Tactician"],"picked":"SKIP","floor":24}],"player_experience":2590471,"relics_obtained":[{"floor":9,"key":"Kunai"},{"floor":24,"key":"Darkstone Periapt"}],"event_choices":[{"damage_healed":0,"gold_gain":0,"player_choice":"Entered Light","damage_taken":22,"max_hp_gain":0,"max_hp_loss":0,"event_name":"Shining Light","floor":2,"gold_loss":0,"cards_upgraded":["Strike_G","Survivor"]},{"damage_healed":0,"gold_gain":0,"player_choice":"Left Gold","damage_taken":0,"max_hp_gain":0,"max_hp_loss":0,"event_name":"World of Goop","floor":4,"gold_loss":38},{"damage_healed":18,"gold_gain":0,"player_choice":"Healed","damage_taken":0,"max_hp_gain":0,"max_hp_loss":0,"event_name":"The Cleric","floor":8,"gold_loss":35},{"cards_removed":["Strike_G"],"damage_healed":0,"gold_gain":0,"player_choice":"Purged","damage_taken":0,"max_hp_gain":0,"max_hp_loss":0,"event_name":"Purifier","floor":20,"gold_loss":0}],"is_beta":true,"boss_relics":[{"not_picked":["Cursed Key","Pandora\u0027s Box"],"picked":"WristBlade"}],"items_purged_floors":[],"is_endless":false,"potions_floor_spawned":[5,7,11,18],"killed_by":"Sentry and Sphere","ascension_level":20}}