{"host":"glqsg3p5q4u9u1ra","time":1613755480,"event":{"mods":["Act Like it!","Arknights","BaseMod","Better Third Choice","BetterRewards","Colored Map","Downfall","Friendly Minions","GifTheSpireLib","Hallownest","Highlight Path","Infinite Spire","Lobotomy","LobotomyExtend","Mimic Mod","Minty Spire (QoL Compilation)","Pale of the Ancients","Reliquary","Replay The Spire","Ruina","Spicy Shops","Spire Birthday Party","StSLib","The Blue Laboratory","The Bug Knight","The Exalted","The Servant 0.9.4","Wandering Minibosses"],"gold_per_floor":[117,392,410,423,51,78,78,157,157,240,240,25,25,25,25,70,70],"floor_reached":16,"language":"ENG","playtime":539,"items_purged":["Bromod:Strike_Bro","Regret"],"score":248,"play_id":"787fc380-c0ad-461d-8007-3778db41fdf1","local_time":"20210219092440","is_ascension_mode":true,"campfire_choices":[{"data":"Bromod:SplitChamber","floor":13,"key":"SMITH"},{"data":"Bromod:ContagiousSpread","floor":15,"key":"SMITH"}],"circlet_count":0,"master_deck":["Bromod:Strike_Bro","Bromod:Strike_Bro","Bromod:Defend_Bro","Bromod:Defend_Bro","Bromod:Defend_Bro","Bromod:Defend_Bro","Bromod:SlashDash","Bromod:SlashDash","Bromod:SlashDash","Discovery","Bromod:PointStrike","Bromod:Vitality","Bromod:EnergySiphon","Bromod:ContagiousSpread+1","Bromod:SplitChamber+1","Bromod:Reflection","Bromod:ContagiousSpread","Bromod:PointStrike"],"relics":["m_SnakeCloak","Bromod:AscarisDevice","LetterFromLob","Replay:Bandana","Golden Idol","Lizard Tail","infinitespire:BottledMercury","Blood Vial","infinitespire:Cubic Diamond","Tiny Chest","CaptainsWheel"],"acts_visited":["Exordium"],"potions_floor_usage":[6,16],"damage_taken":[{"damage":15,"enemies":"2 Louse","floor":1,"turns":3},{"damage":5,"enemies":"ats:Genji","floor":3,"turns":4},{"damage":3,"enemies":"Cultist","floor":4,"turns":6},{"damage":22,"enemies":"Gremlin Nob","floor":6,"turns":4},{"damage":0,"enemies":"Lagavulin","floor":8,"turns":14},{"damage":44,"enemies":"Gremlin Nob","floor":10,"turns":5},{"damage":38,"enemies":"Fading Forest","floor":16,"turns":7}],"seed_played":"-8791525766493129836","potions_obtained":[{"floor":6,"key":"blueLaboratory:PyrophylliteBrew"},{"floor":10,"key":"Milkshake"}],"is_trial":false,"path_per_floor":["M","?","M","M","$","E","?","E","T","E","?","$","R","M","R","B"],"character_chosen":"THE_EXALTED","items_purchased":["Discovery","Bromod:PointStrike","Bromod:ContagiousSpread","Bromod:SplitChamber","AttackPotion","Tiny Chest","CaptainsWheel"],"campfire_rested":0,"item_purchase_floors":[0,0,5,5,5,12,12],"current_hp_per_floor":[53,53,48,45,45,23,23,23,23,34,34,34,34,34,34,0,0],"gold":70,"neow_bonus":"","is_daily":false,"chose_seed":false,"campfire_upgraded":2,"win_rate":0.0,"timestamp":1613755480,"path_taken":["M","?","M","?","?","E","?","E","T","E","?","?","R","?","R","BOSS"],"items_purchased_type":["Card","Card","Card","Card","Potion","Relic","Relic"],"build_version":"2020-12-22","purchased_purges":2,"victory":false,"max_hp_per_floor":[75,75,75,75,75,75,69,69,69,69,69,69,69,69,69,69,69],"card_choices":[{"not_picked":["Bromod:OrganShatter","Bromod:SlashDash"],"picked":"Bromod:Vitality","floor":1},{"not_picked":["Bromod:BulletJump","Bromod:OrganShatter","Bromod:TacticalPump"],"picked":"SKIP","floor":3},{"not_picked":["Bromod:KillingBlow","Bromod:Maglev"],"picked":"Bromod:EnergySiphon","floor":4},{"not_picked":["Bromod:Redirection","Bromod:RelentlessCombination"],"picked":"Bromod:Reflection","floor":6},{"not_picked":["Bromod:Stretch","Bromod:OrganShatter"],"picked":"Bromod:ContagiousSpread","floor":8},{"not_picked":["Bromod:QuickDraw","Bromod:Serration"],"picked":"Bromod:PointStrike","floor":10}],"player_experience":1161688,"relics_obtained":[{"floor":1,"key":"LetterFromLob"},{"floor":6,"key":"Replay:Bandana"},{"floor":8,"key":"Lizard Tail"},{"floor":9,"key":"infinitespire:BottledMercury"},{"floor":10,"key":"Blood Vial"}],"event_choices":[{"damage_healed":0,"gold_gain":275,"player_choice":"Desecrate","damage_taken":0,"max_hp_gain":0,"max_hp_loss":0,"event_name":"Golden Shrine","floor":2,"gold_loss":0,"cards_obtained":["Regret"]},{"damage_healed":0,"gold_gain":0,"player_choice":"Lose Max HP","damage_taken":0,"relics_obtained":["Golden Idol"],"max_hp_gain":0,"max_hp_loss":6,"event_name":"Golden Idol","floor":7,"gold_loss":0}],"is_beta":false,"boss_relics":[],"items_purged_floors":[0,5],"is_endless":false,"potions_floor_spawned":[6,10],"killed_by":"Fading Forest","ascension_level":6}}