{"host":"w5thk1acqacem6ba","time":1613711745,"event":{"mods":["AchievementEnabler","BaseMod","Colored Map","KOR Keyword Fix","Minty Spire (QoL Compilation)","SuperFastMode"],"gold_per_floor":[114,128,145,145,145,145,160,160,205,205,205,233,158,178,178,178,178],"floor_reached":16,"language":"KOR","playtime":499,"items_purged":["Strike_R"],"score":130,"play_id":"f44e3ec6-6722-4a05-b7f4-07dd8bc8eb4d","local_time":"20210219141545","is_ascension_mode":true,"campfire_choices":[{"data":"True Grit","floor":6,"key":"SMITH"},{"floor":11,"key":"REST"},{"floor":15,"key":"REST"}],"circlet_count":0,"master_deck":["Strike_R","Strike_R","Defend_R","Defend_R","Bash","Wild Strike","True Grit+1","Seeing Red+1"],"relics":["Burning Blood","Ancient Tea Set","Toxic Egg 2","Happy Flower"],"acts_visited":["Exordium"],"potions_floor_usage":[16],"damage_taken":[{"damage":6,"enemies":"Cultist","floor":1,"turns":4},{"damage":0,"enemies":"2 Louse","floor":2,"turns":2},{"damage":0,"enemies":"Jaw Worm","floor":3,"turns":3},{"damage":14,"enemies":"Exordium Wildlife","floor":7,"turns":6},{"damage":43,"enemies":"Lagavulin","floor":12,"turns":6},{"damage":0,"enemies":"2 Fungi Beasts","floor":14,"turns":3},{"damage":89,"enemies":"Slime Boss","floor":16,"turns":11}],"seed_played":"-3636534346219158611","potions_obtained":[{"floor":2,"key":"EssenceOfSteel"},{"floor":14,"key":"BloodPotion"}],"is_trial":false,"path_per_floor":["M","M","M","$","?","R","M","?","T","T","R","E","$","M","R","B"],"character_chosen":"IRONCLAD","items_purchased":[],"campfire_rested":2,"item_purchase_floors":[],"current_hp_per_floor":[51,57,63,63,56,56,48,48,48,48,72,35,35,41,65,0,0],"gold":178,"neow_bonus":"REMOVE_TWO","is_daily":false,"chose_seed":false,"campfire_upgraded":1,"win_rate":0.0,"timestamp":1613711745,"path_taken":["M","M","M","$","?","R","M","?","T","?","R","E","$","M","R","BOSS"],"items_purchased_type":[],"build_version":"2020-12-22","purchased_purges":1,"victory":false,"max_hp_per_floor":[80,80,80,80,80,80,80,80,80,80,80,80,80,80,80,80,80],"card_choices":[{"not_picked":["Heavy Blade","True Grit"],"picked":"Wild Strike","floor":1},{"not_picked":["Clothesline","Warcry"],"picked":"True Grit","floor":2},{"not_picked":["Sword Boomerang","Clothesline","Havoc"],"picked":"SKIP","floor":3},{"not_picked":["Reckless Charge","Anger","Metallicize"],"picked":"SKIP","floor":7},{"not_picked":["Cleave","Dark Embrace"],"picked":"Seeing Red+1","floor":12},{"not_picked":["Havoc+1","Dark Embrace","Sword Boomerang"],"picked":"SKIP","floor":14}],"player_experience":418413,"relics_obtained":[{"floor":9,"key":"Ancient Tea Set"},{"floor":10,"key":"Toxic Egg 2"},{"floor":12,"key":"Happy Flower"}],"event_choices":[{"cards_removed":["Strike_R"],"damage_healed":0,"gold_gain":0,"player_choice":"Card Removal","damage_taken":7,"max_hp_gain":0,"max_hp_loss":0,"event_name":"Golden Wing","floor":5,"gold_loss":0},{"cards_removed":["Defend_R"],"damage_healed":0,"gold_gain":0,"player_choice":"Forget","damage_taken":0,"max_hp_gain":0,"max_hp_loss":0,"event_name":"Living Wall","floor":8,"gold_loss":0}],"is_beta":false,"boss_relics":[],"items_purged_floors":[13],"is_endless":false,"potions_floor_spawned":[2,14],"killed_by":"Slime Boss","ascension_level":6}}