{"host":"ppqll9nf92xyjrj9","time":1613702231,"event":{"mods":["Act Like it!","Arknights","BaseMod","Bestiary","Better Third Choice","Bossed Relics","Curses Come First","Ekko","Evolution","Hermit","Jorbs\u0027s Wanderer Trilogy","Keyboard Shortcuts","Marked Mod","Minty Spire (QoL Compilation)","Relic Stats","Shapeshifter Mod","Spicy Shops","StS++","StSLib","The Marked","The Runesmith","Weighted Paths","【遗物卡牌】REMEMod"],"gold_per_floor":[115,134,134,56,75,109,109,109,133,148,177,177,177,197,197,299,299,319,353,22,39,68,94,126,126,126,162,189,309,309,224,224,337,337,369,404,416,429,483,518,518,549,549,578,578,578],"floor_reached":45,"language":"ENG","playtime":3172,"items_purged":[],"score":504,"play_id":"2c6a3db2-ed01-444d-b346-6f54f1e00df7","local_time":"20210218183711","is_ascension_mode":false,"campfire_choices":[{"floor":13.0,"key":"REST"},{"data":"ekkoTheBoyWhoShatteredTime:Dash","floor":15.0,"key":"SMITH"},{"floor":25.0,"key":"REST"},{"floor":32.0,"key":"REST"}],"circlet_count":0,"master_deck":["ekkoTheBoyWhoShatteredTime:FeelIt","ekkoTheBoyWhoShatteredTime:Strike","ekkoTheBoyWhoShatteredTime:Strike","ekkoTheBoyWhoShatteredTime:Strike","ekkoTheBoyWhoShatteredTime:Defend","ekkoTheBoyWhoShatteredTime:Defend","ekkoTheBoyWhoShatteredTime:Defend","ekkoTheBoyWhoShatteredTime:TimeMaster+1","ekkoTheBoyWhoShatteredTime:Powered","DevaForm","ekkoTheBoyWhoShatteredTime:LoadUp","ekkoTheBoyWhoShatteredTime:Dash+1","ekkoTheBoyWhoShatteredTime:WideSlice","ekkoTheBoyWhoShatteredTime:ComeAtMe","ekkoTheBoyWhoShatteredTime:GuinsoosRageblade","ekkoTheBoyWhoShatteredTime:GrandeFinale","ekkoTheBoyWhoShatteredTime:LichBane","ekkoTheBoyWhoShatteredTime:WideSlice","Apotheosis","ekkoTheBoyWhoShatteredTime:AfterimageBait","ekkoTheBoyWhoShatteredTime:CommittedStrike+1","ekkoTheBoyWhoShatteredTime:Playful","ekkoTheBoyWhoShatteredTime:TimeRecall+1","ekkoTheBoyWhoShatteredTime:DefensiveStance","ekkoTheBoyWhoShatteredTime:NeedlesslyLargeRod+1","ekkoTheBoyWhoShatteredTime:KeepingMomentum","ekkoTheBoyWhoShatteredTime:TimeIndustry","ekkoTheBoyWhoShatteredTime:AfterimageBait","ekkoTheBoyWhoShatteredTime:RecallingPunch","ekkoTheBoyWhoShatteredTime:Greed+1","ekkoTheBoyWhoShatteredTime:Backtrack+1","ekkoTheBoyWhoShatteredTime:Knowledge+1"],"relics":["ekkoTheBoyWhoShatteredTime:zDriveSandstorm","EVO:Axolotl","REME_ComplimentaryCards","Bronze Scales","Omamori","Bag of Marbles","Ancient Tea Set","Pen Nib","Red Mask","StSpp:SailorCap","Tiny Chest","Mango","Gremlin Horn","Boot","Sozu","Orichalcum","Calipers","Ornamental Fan"],"acts_visited":["Exordium","TheCity","TheBeyond"],"potions_floor_usage":[],"damage_taken":[{"damage":1.0,"enemies":"Jaw Worm","floor":1.0,"turns":3.0},{"damage":6.0,"enemies":"Cultist","floor":2.0,"turns":4.0},{"damage":14.0,"enemies":"2 Louse","floor":5.0,"turns":3.0},{"damage":21.0,"enemies":"Gremlin Nob","floor":6.0,"turns":4.0},{"damage":13.0,"enemies":"Large Slime","floor":10.0,"turns":6.0},{"damage":3.0,"enemies":"Lagavulin","floor":11.0,"turns":8.0},{"damage":0.0,"enemies":"Blue Slaver","floor":14.0,"turns":4.0},{"damage":12.0,"enemies":"The Guardian","floor":16.0,"turns":9.0},{"damage":13.0,"enemies":"Chosen","floor":18.0,"turns":5.0},{"damage":18.0,"enemies":"2 Thieves","floor":19.0,"turns":4.0},{"damage":13.0,"enemies":"Snecko","floor":21.0,"turns":6.0},{"damage":0.0,"enemies":"Masked Bandits","floor":22.0,"turns":1.0},{"damage":22.0,"enemies":"Book of Stabbing","floor":23.0,"turns":6.0},{"damage":6.0,"enemies":"Cultist and Chosen","floor":24.0,"turns":5.0},{"damage":4.0,"enemies":"Shelled Parasite and Fungi","floor":27.0,"turns":7.0},{"damage":0.0,"enemies":"3 Cultists","floor":28.0,"turns":4.0},{"damage":6.0,"enemies":"Colosseum Slavers","floor":29.0,"turns":5.0},{"damage":7.0,"enemies":"Colosseum Nobs","floor":29.0,"turns":3.0},{"damage":14.0,"enemies":"Automaton","floor":33.0,"turns":10.0},{"damage":11,"enemies":"3 Shapes","floor":35,"turns":3},{"damage":13,"enemies":"3 Darklings","floor":36,"turns":8},{"damage":0,"enemies":"Jaw Worm Horde","floor":37,"turns":3},{"damage":17,"enemies":"Spire Growth","floor":38,"turns":7},{"damage":13,"enemies":"Nemesis","floor":40,"turns":7},{"damage":5,"enemies":"Maw","floor":42,"turns":6},{"damage":26,"enemies":"Sphere and 2 Shapes","floor":44,"turns":5},{"damage":29,"enemies":"Transient","floor":45,"turns":3}],"seed_played":"2398976441652135939","potions_obtained":[{"floor":10.0,"key":"StSpp:ScatteredWeakPotion"},{"floor":11.0,"key":"Weak Potion"},{"floor":16.0,"key":"Dexterity Potion"},{"floor":18.0,"key":"REME_GoldPotion"},{"floor":23.0,"key":"Dexterity Potion"},{"floor":24.0,"key":"Fire Potion"},{"floor":29.0,"key":"LiquidBronze"}],"is_trial":false,"path_per_floor":["M","M","?","$","M","E","?","?","T","M","E","?","R","M","R","B",null,"M","M","$","M","?","E","M","R","T","M","M","?","?","?","R","B",null,"M","M","M","M","T","E","?","M","T","M","M"],"character_chosen":"EKKO_THE_BOY_WHO_SHATTERED_TIME","items_purchased":["Omamori","ekkoTheBoyWhoShatteredTime:WideSlice","Apotheosis","ekkoTheBoyWhoShatteredTime:AfterimageBait"],"campfire_rested":3,"item_purchase_floors":[4,20,20,20],"current_hp_per_floor":[77,71,71,71,57,36,29,29,29,16,13,13,36,36,36,24,78,65,49,49,36,36,14,11,34,34,33,35,39,39,39,66,54,92,83,73,73,56,56,43,43,41,41,17,0,0],"gold":578,"neow_bonus":"RANDOM_COMMON_RELIC","is_daily":false,"chose_seed":false,"campfire_upgraded":1,"win_rate":0.0,"timestamp":1613702231,"path_taken":["M","M","?","?","M","E","?","?","T","?","E","?","R","M","R","BOSS","M","M","$","M","?","E","M","R","T","M","M","?","?","?","R","BOSS","M","M","M","M","?","E","?","?","T","?","M"],"items_purchased_type":["Relic","Card","Card","Card"],"build_version":"2020-12-22","purchased_purges":0,"victory":false,"max_hp_per_floor":[78,78,78,78,78,78,78,78,78,78,78,78,78,78,78,78,78,78,78,78,78,78,78,78,78,78,78,78,92,92,92,92,92,92,92,92,92,92,92,92,92,92,92,92,92,92],"relic_stats":{"Sozu":3,"Gremlin Horn":[11,12],"counters":[27,139],"Ornamental Fan":[8],"Bronze Scales":[349],"Tiny Chest":1,"Pen Nib":[17],"Orichalcum":[24],"Boot":[47],"obtain_stats":[{"StSpp:SailorCap":23,"Calipers":40,"Gremlin Horn":29,"Mango":29,"Pen Nib":11,"Omamori":4,"EVO:Axolotl":0,"Orichalcum":39,"Ancient Tea Set":9,"Boot":31,"ekkoTheBoyWhoShatteredTime:zDriveSandstorm":17,"Sozu":34,"Ornamental Fan":43,"Bronze Scales":0,"Tiny Chest":26,"Bag of Marbles":6,"Red Mask":22,"ekkoTheBoyWhoShatteredTime:zDriveResonance":0,"REME_ComplimentaryCards":0},{"StSpp:SailorCap":13,"Calipers":24,"Gremlin Horn":18,"Mango":18,"Pen Nib":6,"Omamori":2,"EVO:Axolotl":0,"Orichalcum":23,"Ancient Tea Set":4,"Boot":18,"ekkoTheBoyWhoShatteredTime:zDriveSandstorm":8,"Sozu":19,"Ornamental Fan":25,"Bronze Scales":0,"Tiny Chest":14,"Bag of Marbles":4,"Red Mask":12,"ekkoTheBoyWhoShatteredTime:zDriveResonance":0,"REME_ComplimentaryCards":0},{"StSpp:SailorCap":63,"Calipers":125,"Gremlin Horn":87,"Mango":87,"Pen Nib":28,"Omamori":7,"EVO:Axolotl":0,"Orichalcum":118,"Ancient Tea Set":14,"Boot":87,"ekkoTheBoyWhoShatteredTime:zDriveSandstorm":41,"Sozu":97,"Ornamental Fan":131,"Bronze Scales":0,"Tiny Chest":68,"Bag of Marbles":14,"Red Mask":57,"ekkoTheBoyWhoShatteredTime:zDriveResonance":0,"REME_ComplimentaryCards":0}]},"card_choices":[{"not_picked":["ekkoTheBoyWhoShatteredTime:NeedlesslyLargeRod","ekkoTheBoyWhoShatteredTime:Greed"],"picked":"ekkoTheBoyWhoShatteredTime:LoadUp","floor":1.0},{"not_picked":["ekkoTheBoyWhoShatteredTime:AfterimageHit","ekkoTheBoyWhoShatteredTime:NaggingBlow"],"picked":"ekkoTheBoyWhoShatteredTime:Dash","floor":2.0},{"not_picked":["ekkoTheBoyWhoShatteredTime:Unleashed","ekkoTheBoyWhoShatteredTime:SneakHit"],"picked":"ekkoTheBoyWhoShatteredTime:WideSlice","floor":5.0},{"not_picked":["ekkoTheBoyWhoShatteredTime:PhaseDive","ekkoTheBoyWhoShatteredTime:LoadUp"],"picked":"ekkoTheBoyWhoShatteredTime:ComeAtMe","floor":6.0},{"not_picked":["ekkoTheBoyWhoShatteredTime:AfterimageHit","ekkoTheBoyWhoShatteredTime:Resocharge","ekkoTheBoyWhoShatteredTime:Leap"],"picked":"SKIP","floor":10.0},{"not_picked":["ekkoTheBoyWhoShatteredTime:FeelLessPain","ekkoTheBoyWhoShatteredTime:SneakHit","ekkoTheBoyWhoShatteredTime:QuickBreak"],"picked":"SKIP","floor":11.0},{"not_picked":["ekkoTheBoyWhoShatteredTime:Disturblast","ekkoTheBoyWhoShatteredTime:AfterimageBait"],"picked":"ekkoTheBoyWhoShatteredTime:GuinsoosRageblade","floor":14.0},{"not_picked":["ekkoTheBoyWhoShatteredTime:URF","ekkoTheBoyWhoShatteredTime:Unleashed"],"picked":"ekkoTheBoyWhoShatteredTime:GrandeFinale","floor":16.0},{"not_picked":["ekkoTheBoyWhoShatteredTime:DelayedWork","ekkoTheBoyWhoShatteredTime:PlayTheBeat"],"picked":"ekkoTheBoyWhoShatteredTime:LichBane","floor":18.0},{"not_picked":["ekkoTheBoyWhoShatteredTime:PhaseDive","ekkoTheBoyWhoShatteredTime:ComeAtMe+1","ekkoTheBoyWhoShatteredTime:Confident"],"picked":"SKIP","floor":19.0},{"not_picked":["ekkoTheBoyWhoShatteredTime:HauntedAfterimage","ekkoTheBoyWhoShatteredTime:Leap"],"picked":"ekkoTheBoyWhoShatteredTime:CommittedStrike+1","floor":21.0},{"not_picked":["ekkoTheBoyWhoShatteredTime:FeelIt","ekkoTheBoyWhoShatteredTime:NeedlesslyLargeRod"],"picked":"ekkoTheBoyWhoShatteredTime:Playful","floor":22.0},{"not_picked":["ekkoTheBoyWhoShatteredTime:SneakHit","ekkoTheBoyWhoShatteredTime:Dash","ekkoTheBoyWhoShatteredTime:AfterimageTease"],"picked":"SKIP","floor":23.0},{"not_picked":["ekkoTheBoyWhoShatteredTime:GuinsoosRageblade","ekkoTheBoyWhoShatteredTime:FeelIt+1"],"picked":"ekkoTheBoyWhoShatteredTime:TimeRecall+1","floor":24.0},{"not_picked":["ekkoTheBoyWhoShatteredTime:PhaseDive+1","ekkoTheBoyWhoShatteredTime:SpHit"],"picked":"ekkoTheBoyWhoShatteredTime:DefensiveStance","floor":27.0},{"not_picked":["ekkoTheBoyWhoShatteredTime:CommittedStrike+1","ekkoTheBoyWhoShatteredTime:DefensiveStance"],"picked":"ekkoTheBoyWhoShatteredTime:NeedlesslyLargeRod+1","floor":28.0},{"not_picked":["ekkoTheBoyWhoShatteredTime:Dash","ekkoTheBoyWhoShatteredTime:AfterimageTease"],"picked":"ekkoTheBoyWhoShatteredTime:KeepingMomentum","floor":29.0},{"not_picked":["ekkoTheBoyWhoShatteredTime:ZhonyasHourglass","ekkoTheBoyWhoShatteredTime:Unleashed"],"picked":"ekkoTheBoyWhoShatteredTime:TimeIndustry","floor":33.0},{"not_picked":["ekkoTheBoyWhoShatteredTime:AfterimageTease","ekkoTheBoyWhoShatteredTime:QuickBreak"],"picked":"ekkoTheBoyWhoShatteredTime:AfterimageBait","floor":35},{"not_picked":["ekkoTheBoyWhoShatteredTime:AfterimageTease","ekkoTheBoyWhoShatteredTime:Leap"],"picked":"ekkoTheBoyWhoShatteredTime:RecallingPunch","floor":36},{"not_picked":["ekkoTheBoyWhoShatteredTime:PhaseDive","ekkoTheBoyWhoShatteredTime:Playful"],"picked":"ekkoTheBoyWhoShatteredTime:Greed+1","floor":37},{"not_picked":["ekkoTheBoyWhoShatteredTime:Leap","ekkoTheBoyWhoShatteredTime:Greed+1"],"picked":"ekkoTheBoyWhoShatteredTime:Backtrack+1","floor":38},{"not_picked":["ekkoTheBoyWhoShatteredTime:GuinsoosRageblade","ekkoTheBoyWhoShatteredTime:ParallelConvergence","ekkoTheBoyWhoShatteredTime:Leap"],"picked":"SKIP","floor":40},{"not_picked":["ekkoTheBoyWhoShatteredTime:Leap+1","ekkoTheBoyWhoShatteredTime:AfterimageBait","ekkoTheBoyWhoShatteredTime:PhaseDive+1"],"picked":"SKIP","floor":42},{"not_picked":["ekkoTheBoyWhoShatteredTime:Acceleration","ekkoTheBoyWhoShatteredTime:Backtrack"],"picked":"ekkoTheBoyWhoShatteredTime:Knowledge+1","floor":44}],"player_experience":96941,"relics_obtained":[{"floor":6.0,"key":"Bag of Marbles"},{"floor":9.0,"key":"Ancient Tea Set"},{"floor":11.0,"key":"Pen Nib"},{"floor":22.0,"key":"Red Mask"},{"floor":23.0,"key":"StSpp:SailorCap"},{"floor":26.0,"key":"Tiny Chest"},{"floor":29.0,"key":"Mango"},{"floor":29.0,"key":"Gremlin Horn"},{"floor":39,"key":"Orichalcum"},{"floor":40,"key":"Calipers"},{"floor":43,"key":"Ornamental Fan"}],"event_choices":[{"damage_healed":0.0,"max_hp_gain":0.0,"max_hp_loss":0.0,"gold_gain":0.0,"event_name":"Upgrade Shrine","player_choice":"Upgraded","floor":3.0,"gold_loss":0.0,"damage_taken":0.0,"cards_upgraded":["ekkoTheBoyWhoShatteredTime:TimeMaster"]},{"cards_removed":["ekkoTheBoyWhoShatteredTime:Strike"],"damage_healed":0.0,"max_hp_gain":0.0,"max_hp_loss":0.0,"gold_gain":0.0,"event_name":"Golden Wing","player_choice":"Card Removal","floor":7.0,"gold_loss":0.0,"damage_taken":7.0},{"damage_healed":0.0,"max_hp_gain":0.0,"max_hp_loss":0.0,"gold_gain":0.0,"event_name":"betterThird:BetterSerpent","player_choice":"Ignored","floor":8.0,"gold_loss":0.0,"damage_taken":109.0},{"cards_removed":["ekkoTheBoyWhoShatteredTime:Defend"],"damage_healed":0.0,"max_hp_gain":0.0,"max_hp_loss":0.0,"gold_gain":0.0,"event_name":"Purifier","player_choice":"Purged","floor":12.0,"gold_loss":0.0,"damage_taken":0.0},{"damage_healed":0.0,"max_hp_gain":0.0,"max_hp_loss":0.0,"gold_gain":0.0,"event_name":"Masked Bandits","player_choice":"Fought Bandits","floor":22.0,"gold_loss":0.0,"damage_taken":0.0},{"damage_healed":0.0,"max_hp_gain":0.0,"max_hp_loss":0.0,"gold_gain":0.0,"event_name":"Colosseum","player_choice":"Fight","floor":29.0,"gold_loss":0.0,"damage_taken":0.0},{"damage_healed":0.0,"max_hp_gain":0.0,"max_hp_loss":0.0,"gold_gain":0.0,"event_name":"Colosseum","player_choice":"Fought Nobs","floor":29.0,"gold_loss":0.0,"damage_taken":0.0},{"damage_healed":0.0,"max_hp_gain":0.0,"max_hp_loss":0.0,"gold_gain":0.0,"event_name":"Ghosts","player_choice":"Ignored","floor":30.0,"gold_loss":0.0,"damage_taken":0.0},{"damage_healed":0.0,"max_hp_gain":0.0,"max_hp_loss":0.0,"gold_gain":0.0,"event_name":"Addict","player_choice":"Obtained Relic","floor":31.0,"gold_loss":85.0,"damage_taken":0.0,"relics_obtained":["Boot"]},{"damage_healed":0,"gold_gain":0,"player_choice":"Random: Yellow","damage_taken":0,"max_hp_gain":0,"max_hp_loss":0,"event_name":"betterThird:BetterPortal","floor":41,"gold_loss":0},{"damage_healed":0,"gold_gain":0,"player_choice":"Ignored","damage_taken":0,"max_hp_gain":0,"max_hp_loss":0,"event_name":"NoteForYourself","floor":41,"gold_loss":0}],"is_beta":false,"boss_relics":[{"not_picked":["StSpp:PileOfSugar","Tiny House"],"picked":"ekkoTheBoyWhoShatteredTime:zDriveSandstorm"},{"not_picked":["Black Star","Calling Bell"],"picked":"Sozu"}],"items_purged_floors":[],"is_endless":false,"potions_floor_spawned":[10,11,16,18,23,24,29,36,38,42],"killed_by":"Transient","ascension_level":0}}