{"host":"x73jdofm2fk9hsud","time":1613718098,"event":{"mods":["BaseMod","Bestiary","Minty Spire (QoL Compilation)","Relic Stats","ojb\u0027s Better Paths Mod","ojb\u0027s Info Mod"],"gold_per_floor":[110,130,130,45,45,45,62,62,62,94,105,105,105,130,130,204,204,219,238,252,252,167,167,5,19,44,44,69,69,82,114,114,193,193,210,224,277,92,110,135,135,162,162,173,187,217,236,236,236,236,236,236,236,22,55,55,55],"floor_reached":56,"language":"ENG","playtime":3046,"items_purged":["Strike_G","Strike_G"],"score":2170,"play_id":"48c4a5a2-8b19-4aca-b5d5-f72a1a4092d1","local_time":"20210219020138","is_ascension_mode":true,"campfire_choices":[{"data":"Noxious Fumes","floor":8,"key":"SMITH"},{"data":"Catalyst","floor":13,"key":"SMITH"},{"data":"Neutralize","floor":15,"key":"SMITH"},{"floor":23,"key":"REST"},{"floor":27,"key":"REST"},{"floor":29,"key":"REST"},{"data":"Footwork","floor":32,"key":"SMITH"},{"floor":41,"key":"RECALL"},{"data":"Calculated Gamble","floor":49,"key":"SMITH"},{"data":"Night Terror","floor":53,"key":"SMITH"}],"circlet_count":0,"master_deck":["AscendersBane","Strike_G","Defend_G","Defend_G","Defend_G","Defend_G","Defend_G","Survivor","Neutralize+1","Blade Dance","Flechettes","Noxious Fumes+1","Backflip","Bouncing Flask","Escape Plan","Catalyst+1","Die Die Die+1","Grand Finale+1","Flechettes+1","Catalyst","Footwork+1","Dodge and Roll","Leg Sweep","PiercingWail+1","Night Terror+1","Adrenaline","Dodge and Roll","Calculated Gamble+1","Malaise","Blur","Blur"],"relics":["Runic Pyramid","Omamori","Molten Egg 2","Eternal Feather","Sozu","Dream Catcher","Akabeko","Mercury Hourglass","Bag of Marbles","Calling Bell","Happy Flower","HornCleat","Torii","Art of War","Toy Ornithopter","Centennial Puzzle","Snake Skull","Oddly Smooth Stone","Frozen Eye","Bronze Scales"],"acts_visited":["Exordium","TheCity","TheBeyond","TheEnding"],"potions_floor_usage":[14,45],"damage_taken":[{"damage":0,"enemies":"Jaw Worm","floor":1,"turns":6},{"damage":4,"enemies":"2 Louse","floor":2,"turns":4},{"damage":0,"enemies":"Cultist","floor":7,"turns":3},{"damage":17,"enemies":"3 Sentries","floor":10,"turns":7},{"damage":3,"enemies":"3 Louse","floor":11,"turns":4},{"damage":0,"enemies":"Gremlin Nob","floor":14,"turns":2},{"damage":5,"enemies":"Hexaghost","floor":16,"turns":7},{"damage":15,"enemies":"2 Thieves","floor":18,"turns":3},{"damage":20,"enemies":"3 Byrds","floor":19,"turns":4},{"damage":16,"enemies":"Centurion and Healer","floor":20,"turns":5},{"damage":20,"enemies":"Snake Plant","floor":25,"turns":4},{"damage":29,"enemies":"Book of Stabbing","floor":28,"turns":4},{"damage":6,"enemies":"Shelled Parasite and Fungi","floor":30,"turns":5},{"damage":3,"enemies":"Gremlin Leader","floor":31,"turns":5},{"damage":0,"enemies":"Champ","floor":33,"turns":6},{"damage":8,"enemies":"3 Shapes","floor":35,"turns":2},{"damage":12,"enemies":"Orb Walker","floor":36,"turns":3},{"damage":1,"enemies":"Jaw Worm Horde","floor":39,"turns":4},{"damage":6,"enemies":"Nemesis","floor":40,"turns":5},{"damage":1,"enemies":"Reptomancer","floor":42,"turns":5},{"damage":0,"enemies":"Maw","floor":44,"turns":6},{"damage":0,"enemies":"4 Shapes","floor":45,"turns":4},{"damage":0,"enemies":"Giant Head","floor":46,"turns":8},{"damage":0,"enemies":"3 Darklings","floor":47,"turns":3},{"damage":16,"enemies":"Awakened One","floor":50,"turns":12},{"damage":12,"enemies":"Time Eater","floor":51,"turns":5},{"damage":2,"enemies":"Shield and Spear","floor":55,"turns":10},{"damage":72,"enemies":"The Heart","floor":56,"turns":6}],"seed_played":"1955635884764836819","potions_obtained":[{"floor":2,"key":"SneckoOil"},{"floor":7,"key":"CultistPotion"},{"floor":11,"key":"DistilledChaos"},{"floor":14,"key":"Explosive Potion"}],"is_trial":false,"path_per_floor":["M","M","?","$","?","$","M","R","T","E","M","?","R","E","R","B",null,"M","M","M","?","?","R","$","M","T","R","E","R","M","E","R","B",null,"M","M","T","$","M","E","R","E","T","M","M","E","M","?","R","B","B",null,"R","$","E","B"],"character_chosen":"THE_SILENT","items_purchased":["Noxious Fumes","Footwork","Calculated Gamble","Blur","Frozen Eye"],"campfire_rested":3,"item_purchase_floors":[4,24,38,54,54],"current_hp_per_floor":[59,55,55,55,55,55,55,55,55,38,35,40,40,40,49,44,64,49,29,13,13,13,46,46,26,26,59,30,63,57,54,69,69,71,63,51,51,51,50,44,59,58,58,58,63,63,63,63,71,55,43,64,71,71,69,0,0],"gold":55,"neow_bonus":"BOSS_RELIC","is_daily":false,"chose_seed":false,"campfire_upgraded":6,"win_rate":0.0,"timestamp":1613718098,"path_taken":["M","M","?","$","?","$","?","R","T","E","M","?","R","E","R","BOSS","M","M","M","?","?","R","?","M","T","R","E","R","?","E","R","BOSS","M","M","?","$","M","E","R","E","T","M","M","E","M","?","R","BOSS","BOSS","R","$","E","BOSS"],"items_purchased_type":["Card","Card","Card","Card","Relic"],"build_version":"2020-12-22","purchased_purges":2,"victory":false,"max_hp_per_floor":[66,66,66,66,66,66,66,66,66,66,66,71,71,71,71,71,71,71,71,71,71,71,71,71,71,71,71,71,71,71,71,71,71,71,71,71,71,71,71,71,71,71,71,71,71,71,71,71,71,71,71,71,71,71,71,71,71],"relic_stats":{"Happy Flower":[24],"Torii":15,"counters":[28,142],"Eternal Feather":90,"Snake Skull":[51],"Mercury Hourglass":[326],"Sozu":5,"Dream Catcher":3,"Centennial Puzzle":[12],"Bronze Scales":[93],"Art of War":[24],"obtain_stats":[{"Happy Flower":34,"Torii":34,"Oddly Smooth Stone":48,"Eternal Feather":14,"Snake Skull":46,"Omamori":9,"Akabeko":26,"Mercury Hourglass":28,"Sozu":17,"Calling Bell":34,"Frozen Eye":54,"Dream Catcher":22,"Centennial Puzzle":42,"HornCleat":34,"Bronze Scales":55,"Molten Egg 2":10,"Bag of Marbles":31,"Art of War":37,"Toy Ornithopter":40,"Ring of the Snake":0,"Runic Pyramid":0},{"Happy Flower":15,"Torii":15,"Oddly Smooth Stone":24,"Eternal Feather":6,"Snake Skull":23,"Omamori":3,"Akabeko":11,"Mercury Hourglass":12,"Sozu":7,"Calling Bell":15,"Frozen Eye":26,"Dream Catcher":10,"Centennial Puzzle":20,"HornCleat":15,"Bronze Scales":27,"Molten Egg 2":4,"Bag of Marbles":14,"Art of War":17,"Toy Ornithopter":19,"Ring of the Snake":0,"Runic Pyramid":0},{"Happy Flower":69,"Torii":69,"Oddly Smooth Stone":109,"Eternal Feather":26,"Snake Skull":106,"Omamori":13,"Akabeko":49,"Mercury Hourglass":53,"Sozu":33,"Calling Bell":69,"Frozen Eye":126,"Dream Catcher":45,"Centennial Puzzle":88,"HornCleat":69,"Bronze Scales":136,"Molten Egg 2":20,"Bag of Marbles":63,"Art of War":74,"Toy Ornithopter":83,"Ring of the Snake":0,"Runic Pyramid":0}],"Toy Ornithopter":5},"card_choices":[{"not_picked":["Flying Knee","Acrobatics"],"picked":"Blade Dance","floor":1},{"not_picked":["Infinite Blades","Dash"],"picked":"Flechettes","floor":2},{"not_picked":["Eviscerate","Dagger Spray"],"picked":"Bouncing Flask","floor":7},{"not_picked":["Deadly Poison","Outmaneuver"],"picked":"Escape Plan","floor":10},{"not_picked":["Quick Slash+1","Endless Agony+1"],"picked":"Catalyst","floor":11},{"not_picked":["Cloak And Dagger","Prepared"],"picked":"Die Die Die+1","floor":14},{"not_picked":["A Thousand Cuts","Unload+1"],"picked":"Grand Finale+1","floor":16},{"not_picked":["Heel Hook+1","Dagger Spray+1"],"picked":"Flechettes+1","floor":18},{"not_picked":["Acrobatics","Terror"],"picked":"Catalyst","floor":19},{"not_picked":["Dagger Spray+1","Deadly Poison","Reflex"],"picked":"SKIP","floor":20},{"not_picked":["Finisher+1","Setup","Poisoned Stab+1"],"picked":"SKIP","floor":25},{"not_picked":["Tactician","Heel Hook+1"],"picked":"Dodge and Roll","floor":28},{"not_picked":["Caltrops","Riddle With Holes+1"],"picked":"Leg Sweep","floor":29},{"not_picked":["Predator+1","Die Die Die+1"],"picked":"PiercingWail+1","floor":30},{"not_picked":["Underhanded Strike+1","Dagger Spray+1"],"picked":"Night Terror","floor":31},{"not_picked":["A Thousand Cuts","Venomology"],"picked":"Adrenaline","floor":33},{"not_picked":["Setup","Bane+1","Poisoned Stab+1"],"picked":"SKIP","floor":35},{"not_picked":["Setup","Bane+1","Poisoned Stab+1"],"picked":"SKIP","floor":35},{"not_picked":["Predator+1","Underhanded Strike+1"],"picked":"Dodge and Roll","floor":36},{"not_picked":["Caltrops+1","Flying Knee+1","Dagger Throw+1"],"picked":"SKIP","floor":39},{"not_picked":["Accuracy","Grand Finale+1"],"picked":"Malaise","floor":40},{"not_picked":["Flechettes+1","Tactician","Quick Slash+1"],"picked":"SKIP","floor":42},{"not_picked":["Dagger Throw+1","Quick Slash+1","Accuracy+1"],"picked":"SKIP","floor":44},{"not_picked":["Bane+1","Flying Knee+1","Outmaneuver"],"picked":"SKIP","floor":45},{"not_picked":["Dodge and Roll","Prepared"],"picked":"Blur","floor":46},{"not_picked":["Slice+1","Underhanded Strike+1","Expertise"],"picked":"SKIP","floor":47},{"not_picked":["Poisoned Stab+1","Flying Knee+1","Backstab+1"],"picked":"SKIP","floor":55}],"player_experience":5383394,"relics_obtained":[{"floor":9,"key":"Omamori"},{"floor":10,"key":"Molten Egg 2"},{"floor":14,"key":"Eternal Feather"},{"floor":26,"key":"Akabeko"},{"floor":28,"key":"Mercury Hourglass"},{"floor":31,"key":"Bag of Marbles"},{"floor":34,"key":"Happy Flower"},{"floor":34,"key":"HornCleat"},{"floor":34,"key":"Torii"},{"floor":37,"key":"Art of War"},{"floor":40,"key":"Toy Ornithopter"},{"floor":42,"key":"Centennial Puzzle"},{"floor":46,"key":"Snake Skull"},{"floor":55,"key":"Bronze Scales"}],"event_choices":[{"cards_removed":["Strike_G"],"damage_healed":0,"gold_gain":0,"player_choice":"Forget","damage_taken":0,"max_hp_gain":0,"max_hp_loss":0,"event_name":"Living Wall","floor":3,"gold_loss":0},{"damage_healed":0,"gold_gain":0,"cards_transformed":["Strike_G"],"player_choice":"Transformed","damage_taken":0,"max_hp_gain":0,"max_hp_loss":0,"event_name":"Transmorgrifier","floor":5,"gold_loss":0,"cards_obtained":["Backflip"]},{"damage_healed":0,"gold_gain":0,"player_choice":"Donut","damage_taken":0,"max_hp_gain":5,"max_hp_loss":0,"event_name":"Big Fish","floor":12,"gold_loss":0},{"damage_healed":0,"gold_gain":0,"player_choice":"Smashed Altar","damage_taken":0,"max_hp_gain":0,"max_hp_loss":0,"event_name":"Forgotten Altar","floor":21,"gold_loss":0,"cards_obtained":["Decay"]},{"damage_healed":0,"gold_gain":0,"player_choice":"Obtained Relic","damage_taken":0,"relics_obtained":["Dream Catcher"],"max_hp_gain":0,"max_hp_loss":0,"event_name":"Addict","floor":22,"gold_loss":85},{"damage_healed":0,"gold_gain":0,"player_choice":"Gave Potion","damage_taken":0,"relics_obtained":["Oddly Smooth Stone"],"max_hp_gain":0,"max_hp_loss":0,"event_name":"WeMeetAgain","floor":48,"gold_loss":0}],"is_beta":false,"boss_relics":[{"not_picked":["Tiny House","Runic Dome"],"picked":"Sozu"},{"not_picked":["SlaversCollar","Pandora\u0027s Box"],"picked":"Calling Bell"}],"items_purged_floors":[24,38],"is_endless":false,"potions_floor_spawned":[2,7,11,14,19,28,30,33,35,39,44,45,46],"killed_by":"The Heart","ascension_level":20}}