{"host":"ie50qk0ts9eskyyo","time":1613726187,"event":{"mods":["BaseMod","BetterRewards","Colored Map","Downfall","Friendly Minions","Highlight Path","Hubris","Infinite Spire","Minty Spire (QoL Compilation)","Quick Restart","Reliquary","Replay The Spire","Robot Space Explorer","StSLib","SuperFastMode","The Jungle"],"gold_per_floor":[116,116,23,98,115,115,132,150,203,203,213,55,16,16,78,78,78],"floor_reached":16,"language":"ENG","playtime":658,"items_purged":["RobotSpaceExplorer:Strike","RobotSpaceExplorer:Strike"],"score":90,"play_id":"012ff74e-972e-45f8-b69e-caa1f0ac7e44","local_time":"20210219041627","is_ascension_mode":false,"campfire_choices":[{"data":"RobotSpaceExplorer:Pulsar","floor":6.0,"key":"SMITH"}],"circlet_count":0,"master_deck":["RobotSpaceExplorer:Strike","RobotSpaceExplorer:Strike","RobotSpaceExplorer:Defend","RobotSpaceExplorer:Defend","RobotSpaceExplorer:Defend","RobotSpaceExplorer:Defend","RobotSpaceExplorer:Scan","RobotSpaceExplorer:MiniLasers","RobotSpaceExplorer:DualCore+1","RobotSpaceExplorer:ScrapToss","RobotSpaceExplorer:LuckyStrike+1","Sadistic Nature","RobotSpaceExplorer:Pulsar+1","RobotSpaceExplorer:MiniBoosters+1","RobotSpaceExplorer:ScrapShield","RobotSpaceExplorer:PlasmaMissile","RobotSpaceExplorer:ToxicBomb","RobotSpaceExplorer:FreezeRay","RobotSpaceExplorer:GlueSpray"],"relics":["RobotSpaceExplorer:RoboCore","Membership Card","reliquary:TridentHead","Simple Rune","Whetstone","Bronze Scales","hubris:Towel","Anchor","reliquary:Stiletto"],"acts_visited":["Exordium"],"potions_floor_usage":[16,16,16],"damage_taken":[{"damage":0.0,"enemies":"Jaw Worm","floor":1.0,"turns":3.0},{"damage":4.0,"enemies":"Small Slimes","floor":5.0,"turns":3.0},{"damage":0.0,"enemies":"2 Louse","floor":7.0,"turns":1.0},{"damage":1.0,"enemies":"2 Fungi Beasts","floor":8.0,"turns":3.0},{"damage":0.0,"enemies":"Large Slime","floor":11.0,"turns":3.0},{"damage":9,"enemies":"The Guardian","floor":16,"turns":5}],"seed_played":"-2871253929512651409","potions_obtained":[{"floor":7.0,"key":"FearPotion"},{"floor":15,"key":"LifebloodPotion"},{"floor":15,"key":"Venom Potion"}],"is_trial":false,"path_per_floor":["M","?","$","?","M","R","M","M","T","?","M","$","$","?","R_BF","B"],"character_chosen":"RobotSpaceExplorer","items_purchased":["Membership Card","reliquary:TridentHead","Simple Rune","RobotSpaceExplorer:DualCore+1","RobotSpaceExplorer:ScrapToss","RobotSpaceExplorer:LuckyStrike","Sadistic Nature","Whetstone","RobotSpaceExplorer:MiniBoosters","RobotSpaceExplorer:ToxicBomb","Anchor","RobotSpaceExplorer:FreezeRay"],"campfire_rested":0,"item_purchase_floors":[0,0,0,0,0,0,0,3,3,12,12,13],"current_hp_per_floor":[40,40,40,29,25,25,25,24,24,24,24,24,24,24,6,0,0],"gold":78,"neow_bonus":"","is_daily":false,"chose_seed":false,"campfire_upgraded":1,"win_rate":0.0,"timestamp":1613726187,"path_taken":["M","?","$","?","M","R","M","M","T","?","M","?","$","?","R_BF","BOSS"],"items_purchased_type":["Relic","Relic","Relic","Card","Card","Card","Card","Relic","Card","Card","Relic","Card"],"build_version":"2020-12-22","purchased_purges":2,"victory":false,"max_hp_per_floor":[75,75,75,75,75,75,75,75,75,75,75,75,75,75,75,75,75],"card_choices":[{"not_picked":["RobotSpaceExplorer:Fix","RobotSpaceExplorer:FrostMissile"],"picked":"RobotSpaceExplorer:Pulsar","floor":1.0},{"not_picked":["RobotSpaceExplorer:ShovelStrike","RobotSpaceExplorer:DualCore"],"picked":"RobotSpaceExplorer:ScrapShield","floor":5.0},{"not_picked":["RobotSpaceExplorer:ShovelStrike","RobotSpaceExplorer:Probe"],"picked":"RobotSpaceExplorer:PlasmaMissile","floor":7.0},{"not_picked":["RobotSpaceExplorer:SlimeMissile","RobotSpaceExplorer:ShockKick","RobotSpaceExplorer:Explosion"],"picked":"SKIP","floor":8.0},{"not_picked":["RobotSpaceExplorer:BigMissile","RobotSpaceExplorer:Calculate","RobotSpaceExplorer:DualCore"],"picked":"SKIP","floor":11.0},{"not_picked":["RobotSpaceExplorer:SlimeMissile","RobotSpaceExplorer:Ammunition"],"picked":"RobotSpaceExplorer:GlueSpray","floor":15}],"player_experience":37844,"relics_obtained":[{"floor":9.0,"key":"Bronze Scales"},{"floor":15,"key":"reliquary:Stiletto"}],"event_choices":[{"damage_healed":0.0,"max_hp_gain":0.0,"max_hp_loss":0.0,"gold_gain":75.0,"event_name":"World of Goop","player_choice":"Gather Gold","floor":4.0,"gold_loss":0.0,"damage_taken":11.0}],"is_beta":false,"boss_relics":[],"items_purged_floors":[0,12],"is_endless":false,"potions_floor_spawned":[7],"killed_by":"The Guardian","ascension_level":0}}