{"host":"7s2d9a8gejctdvjm","time":1613758512,"event":{"mods":["BaseMod","Downfall","Hermit","Marisa????????","Minty Spire (QoL Compilation)","StSLib","The Hierophant","The Runesmith","The Servant 0.9.4"],"gold_per_floor":[118,128,140,140,160,194,214,64,64,390,402,402,159,159,159,255,255,273,16,16,32,32,32,61,61,61,92,92,108,108,33,33,135,135,146,146,164,177,177,177,209,262,262,262,116,128,157,12,12,12,12,12,12,39,39],"floor_reached":56,"language":"ENG","playtime":3956,"items_purged":[],"score":1276,"play_id":"d25a97dc-df2b-414c-9a8b-3967911a4c47","local_time":"20210219101512","is_ascension_mode":false,"campfire_choices":[{"data":"Runesmith:CreatorForm","floor":12,"key":"SMITH"},{"data":"Runesmith:EnergizedChisel","floor":15,"key":"SMITH"},{"data":"Runesmith:GrandSlam","floor":23,"key":"SMITH"},{"data":"Runesmith:CraftMagma","floor":32,"key":"SMITH"},{"floor":40,"key":"RECALL"},{"floor":44,"key":"REST"},{"floor":49,"key":"REST"},{"floor":52,"key":"REST"}],"circlet_count":0,"master_deck":["Runesmith:Strike_RS","Runesmith:Strike_RS","Runesmith:Strike_RS+1","Runesmith:Defend_RS","Runesmith:Defend_RS","Runesmith:Defend_RS","Runesmith:Defend_RS","Runesmith:CraftFirestone","Runesmith:Fortify+1","Runesmith:Grindstone+1","Runesmith:ChiselStab+1","Runesmith:ChiselStab","Runesmith:CreatorForm+1","Runesmith:EnergizedChisel+1","Runesmith:EarthShield+1","Runesmith:GrandSlam+1","Runesmith:CraftMagma+1","Runesmith:CreatorForm+1","Runesmith:HammerAndChisel+1","Violence","Runesmith:ShiftingStrike+1","Runesmith:LightningRod"],"relics":["Runesmith:BrokenRuby","Juzu Bracelet","PreservedInsect","Old Coin","Matryoshka","Busted Crown","Gremlin Horn","War Paint","Ornamental Fan","Anchor","Pen Nib","Bottled Flame","Centennial Puzzle","Mercury Hourglass","Fusion Hammer","Letter Opener","Gambling Chip","Whetstone","Nunchaku","Bronze Scales","Medical Kit","Boot"],"acts_visited":["Exordium","TheCity","TheBeyond","TheEnding"],"potions_floor_usage":[6,6,6,7,24,24,27,27,33,42,50,55,55],"damage_taken":[{"damage":1,"enemies":"Small Slimes","floor":1,"turns":4},{"damage":0,"enemies":"Cultist","floor":2,"turns":4},{"damage":0,"enemies":"2 Louse","floor":3,"turns":3},{"damage":7,"enemies":"Lots of Slimes","floor":5,"turns":5},{"damage":13,"enemies":"3 Sentries","floor":6,"turns":7},{"damage":13,"enemies":"Gremlin Gang","floor":7,"turns":5},{"damage":0,"enemies":"Lagavulin","floor":10,"turns":6},{"damage":0,"enemies":"Large Slime","floor":11,"turns":5},{"damage":3,"enemies":"Slime Boss","floor":16,"turns":13},{"damage":0,"enemies":"Shell Parasite","floor":18,"turns":8},{"damage":6,"enemies":"Spheric Guardian","floor":21,"turns":8},{"damage":24,"enemies":"Slavers","floor":24,"turns":5},{"damage":54,"enemies":"Gremlin Leader","floor":27,"turns":8},{"damage":1,"enemies":"Cultist and Chosen","floor":29,"turns":7},{"damage":0,"enemies":"Champ","floor":33,"turns":9},{"damage":0,"enemies":"Orb Walker","floor":35,"turns":2},{"damage":0,"enemies":"3 Shapes","floor":37,"turns":4},{"damage":0,"enemies":"Maw","floor":38,"turns":7},{"damage":0,"enemies":"Nemesis","floor":41,"turns":5},{"damage":12,"enemies":"2 Orb Walkers","floor":42,"turns":4},{"damage":6,"enemies":"Transient","floor":46,"turns":5},{"damage":22,"enemies":"Giant Head","floor":47,"turns":7},{"damage":44,"enemies":"Donu and Deca","floor":50,"turns":9},{"damage":28,"enemies":"Shield and Spear","floor":54,"turns":6},{"damage":48,"enemies":"The Heart","floor":55,"turns":10}],"seed_played":"2184278014673114525","potions_obtained":[{"floor":2,"key":"Block Potion"},{"floor":5,"key":"EntropicBrew"},{"floor":6,"key":"AttackPotion"},{"floor":7,"key":"bronze:BurnAndBuffPotion"},{"floor":11,"key":"AttackPotion"},{"floor":16,"key":"PowerPotion"},{"floor":21,"key":"PowerPotion"},{"floor":24,"key":"Regen Potion"},{"floor":25,"key":"Regen Potion"},{"floor":29,"key":"Fire Potion"},{"floor":35,"key":"DistilledChaos"},{"floor":42,"key":"Explosive Potion"},{"floor":47,"key":"Strength Potion"},{"floor":54,"key":"SpeedPotion"}],"is_trial":false,"path_per_floor":["M","M","M","?","M","E","M","$","T","E","M","R","$","?","R","B",null,"M","$","T","M","$","R","E","?","T","E","?","M","?","?","R","B",null,"M","?","M","M","?","R","E","?","T","R","$","M","E","$","R","B",null,"R","$","E","B",null],"character_chosen":"RUNESMITH_CLASS","items_purchased":["PreservedInsect","Matryoshka","Gremlin Horn","Nunchaku","Medical Kit"],"campfire_rested":3,"item_purchase_floors":[8,13,19,45,48],"current_hp_per_floor":[76,76,76,76,69,56,43,43,43,43,43,43,43,43,43,40,77,77,77,77,71,71,71,47,47,47,38,38,37,37,37,37,37,77,77,77,77,77,77,77,77,65,65,77,77,71,49,49,72,28,77,77,77,49,1],"gold":39,"neow_bonus":"TEN_PERCENT_HP_BONUS","is_daily":false,"chose_seed":false,"campfire_upgraded":4,"win_rate":0.0,"timestamp":1613758512,"path_taken":["M","M","M","?","M","E","M","$","T","E","M","R","?","?","R","BOSS","M","$","?","M","$","R","E","?","T","E","?","M","?","?","R","BOSS","M","?","M","M","?","R","E","?","T","R","$","M","E","?","R","BOSS","R","$","E","BOSS"],"items_purchased_type":["Relic","Relic","Relic","Relic","Relic"],"build_version":"2020-12-22","purchased_purges":0,"victory":true,"max_hp_per_floor":[77,77,77,77,77,77,77,77,77,77,77,77,77,77,77,77,77,77,77,77,77,77,77,77,77,77,77,77,77,77,77,77,77,77,77,77,77,77,77,77,77,77,77,77,77,77,77,77,77,77,77,77,77,77,77],"card_choices":[{"not_picked":["Runesmith:UnstableHammer","Runesmith:Empowerment"],"picked":"Runesmith:Grindstone","floor":1},{"not_picked":["Runesmith:HeatExchange","Runesmith:NegativeSpace"],"picked":"Runesmith:ChiselStab","floor":2},{"not_picked":["Runesmith:StaticCage","Runesmith:Empowerment","Runesmith:RuneHurl"],"picked":"SKIP","floor":3},{"not_picked":["Runesmith:StaticCage","Runesmith:Empowerment","Runesmith:RuneHurl"],"picked":"SKIP","floor":3},{"not_picked":["Runesmith:Supernova","Runesmith:UnstableHammer"],"picked":"Runesmith:ChiselStab","floor":5},{"not_picked":["Runesmith:BackupBattery","Runesmith:ChiselStab"],"picked":"Runesmith:CreatorForm","floor":6},{"not_picked":["Runesmith:Overpower","Runesmith:UnstableHammer"],"picked":"Runesmith:EnergizedChisel","floor":7},{"not_picked":["Runesmith:LastStand","Runesmith:Empowerment"],"picked":"Runesmith:EarthShield","floor":10},{"not_picked":["Runesmith:Refine","Runesmith:BackupBattery"],"picked":"Runesmith:ElementalConversion","floor":11},{"not_picked":["Runesmith:FissionHammer","Runesmith:MetallurgicalResearch"],"picked":"Runesmith:GrandSlam","floor":16},{"not_picked":["Runesmith:RuneHurl"],"picked":"SKIP","floor":18},{"not_picked":["Runesmith:Accelerate"],"picked":"SKIP","floor":21},{"not_picked":["Runesmith:Superposition+1"],"picked":"SKIP","floor":24},{"not_picked":[],"picked":"Runesmith:CraftMagma","floor":27},{"not_picked":[],"picked":"Runesmith:HammerAndChisel+1","floor":29},{"not_picked":["Runesmith:StaticCage+1"],"picked":"SKIP","floor":35},{"not_picked":["Runesmith:CraftReservo"],"picked":"SKIP","floor":37},{"not_picked":["Runesmith:Overpower"],"picked":"SKIP","floor":38},{"not_picked":[],"picked":"Violence","floor":39},{"not_picked":["Runesmith:ElementalConversion+1"],"picked":"SKIP","floor":41},{"not_picked":["Runesmith:RuneHurl+1"],"picked":"SKIP","floor":46},{"not_picked":[],"picked":"Runesmith:ShiftingStrike+1","floor":47},{"not_picked":[],"picked":"Runesmith:LightningRod","floor":54}],"player_experience":55267,"relics_obtained":[{"floor":6,"key":"Juzu Bracelet"},{"floor":10,"key":"Old Coin"},{"floor":20,"key":"War Paint"},{"floor":20,"key":"Ornamental Fan"},{"floor":24,"key":"Anchor"},{"floor":26,"key":"Pen Nib"},{"floor":26,"key":"Bottled Flame"},{"floor":27,"key":"Centennial Puzzle"},{"floor":41,"key":"Letter Opener"},{"floor":42,"key":"Gambling Chip"},{"floor":43,"key":"Whetstone"},{"floor":47,"key":"Bronze Scales"},{"floor":54,"key":"Boot"}],"event_choices":[{"damage_healed":0,"gold_gain":0,"player_choice":"Upgraded","damage_taken":0,"max_hp_gain":0,"max_hp_loss":0,"event_name":"Upgrade Shrine","floor":4,"gold_loss":0,"cards_upgraded":["Runesmith:Grindstone"]},{"damage_healed":0,"gold_gain":0,"player_choice":"Ignored","damage_taken":0,"max_hp_gain":0,"max_hp_loss":0,"event_name":"NoteForYourself","floor":14,"gold_loss":0},{"damage_healed":0,"gold_gain":0,"player_choice":"Got Potions","damage_taken":0,"max_hp_gain":0,"max_hp_loss":0,"event_name":"Lab","floor":25,"gold_loss":0},{"damage_healed":0,"gold_gain":0,"player_choice":"Copied","damage_taken":0,"max_hp_gain":0,"max_hp_loss":0,"event_name":"Duplicator","floor":28,"gold_loss":0,"cards_obtained":["Runesmith:CreatorForm"]},{"cards_removed":["Runesmith:ElementalConversion"],"damage_healed":0,"gold_gain":0,"player_choice":"Gave Card","damage_taken":0,"relics_obtained":["Mercury Hourglass"],"max_hp_gain":0,"max_hp_loss":0,"event_name":"WeMeetAgain","floor":30,"gold_loss":0},{"cards_removed":["Runesmith:Strike_RS"],"damage_healed":0,"gold_gain":0,"player_choice":"Gave Gold","damage_taken":0,"max_hp_gain":0,"max_hp_loss":0,"event_name":"Beggar","floor":31,"gold_loss":75},{"damage_healed":0,"gold_gain":0,"player_choice":"Ignored","damage_taken":0,"max_hp_gain":0,"max_hp_loss":0,"event_name":"Tomb of Lord Red Mask","floor":36,"gold_loss":0},{"damage_healed":0,"gold_gain":0,"player_choice":"Memory 1","damage_taken":0,"max_hp_gain":0,"max_hp_loss":0,"event_name":"SensoryStone","floor":39,"gold_loss":0},{"damage_healed":0,"gold_gain":0,"player_choice":"Fight","damage_taken":0,"max_hp_gain":0,"max_hp_loss":0,"event_name":"Mysterious Sphere","floor":42,"gold_loss":0}],"is_beta":false,"boss_relics":[{"not_picked":["bronze:MakeshiftBattery","Runesmith:PocketReactor"],"picked":"Busted Crown"},{"not_picked":["Tiny House","Snecko Eye"],"picked":"Fusion Hammer"}],"items_purged_floors":[],"is_endless":false,"potions_floor_spawned":[2,5,6,7,11,16,21,24,29,35,42,47,54],"ascension_level":0}}