{"host":"p6n1tdzyxnrou4mb","time":1613732839,"event":{"mods":["AchievementEnabler","Act Like it!","BaseMod","Gensokyo","Marisa£®ÏF”Í°°ƒß¿Ì…≥£©","Minty Spire (QoL Compilation)","Remilia£®¿Ÿ√◊¿Ú—«£©","StSLib"],"gold_per_floor":[110,129,160,110,10,10,58,58,84,126,126,161,206,249,249,387,387,420,420,215,215,215,215,258,304,304,304,344,344,138,0,0,128,128,146,175,175,22,22,53,85,85,85],"floor_reached":42,"language":"ZHS","playtime":6282,"items_purged":["BigCrunch","Defend_MRS","Defend_MRS"],"score":479,"play_id":"1346b0a8-0014-4e9c-b5fb-93ca8ebb3c9a","local_time":"20210219190719","is_ascension_mode":false,"campfire_choices":[{"data":"MilkyWay","floor":6,"key":"SMITH"},{"floor":11,"key":"REST"},{"floor":15,"key":"REST"},{"data":"ChargingUp","floor":23,"key":"SMITH"},{"floor":27,"key":"REST"},{"floor":29,"key":"REST"},{"floor":32,"key":"REST"}],"circlet_count":0,"master_deck":["Strike_MRS","Strike_MRS","Strike_MRS","Defend_MRS+1","Defend_MRS","MasterSpark+1","UpSweep+1","WitchOfGreed","MilkyWay+1","Gensokyo:BlessingOfVigor","WitchOfGreed","MagicAbsorber+1","TreasureHunter","MilkyWay","OortCloud","JA","PulseMagic","MaximisePower","SprinkleStarSeal","OrrerysSun","ChargingUp+1","PowerUp","EnergyRecoil+1","EnergyFlow","AbsoluteMagnitude","OortCloud+1","Gensokyo:BlemishedSteel","Gensokyo:LockedMedkit","PowerUp","EnergyFlow"],"relics":["BewitchedHakkero","Juzu Bracelet","Anchor","War Paint","AmplifyWand","StoneCalendar","Bronze Scales","Shuriken","Girya","Black Star","Pen Nib","Boot","Toy Ornithopter"],"acts_visited":["Gensokyo:Gensokyo","Gensokyo:Gensokyoer","Gensokyo:Gensokyoest"],"potions_floor_usage":[10,13,13,16,24,25,28,33,40,40,42,42,42],"damage_taken":[{"damage":1,"enemies":"Gensokyo:Python","floor":1,"turns":3},{"damage":2,"enemies":"Gensokyo:Gryphon","floor":2,"turns":3},{"damage":1,"enemies":"Gensokyo:3_Fairies","floor":3,"turns":6},{"damage":17,"enemies":"Gensokyo:Kitsune","floor":7,"turns":5},{"damage":12,"enemies":"Gensokyo:Cirno","floor":10,"turns":7},{"damage":18,"enemies":"Gensokyo:CorruptedTreant","floor":12,"turns":5},{"damage":10,"enemies":"Gensokyo:Mamizou","floor":13,"turns":8},{"damage":3,"enemies":"Gensokyo:2_Rabbits","floor":14,"turns":6},{"damage":5,"enemies":"Gensokyo:Yukari","floor":16,"turns":13},{"damage":15,"enemies":"Gensokyo:AngelMirror","floor":18,"turns":4},{"damage":14,"enemies":"Gensokyo:CosmicMonolith","floor":24,"turns":8},{"damage":4,"enemies":"Gensokyo:Slime_Group","floor":25,"turns":7},{"damage":34,"enemies":"Gensokyo:Koishi","floor":28,"turns":7},{"damage":13,"enemies":"Gensokyo:Eiki","floor":33,"turns":8},{"damage":26,"enemies":"Gensokyo:3_Boulders","floor":35,"turns":7},{"damage":2,"enemies":"Gensokyo:3_Bats","floor":36,"turns":5},{"damage":47,"enemies":"Gensokyo:Kasen","floor":40,"turns":6},{"damage":7,"enemies":"Gensokyo:SeedOfUnknown","floor":41,"turns":8},{"damage":0,"enemies":"Gensokyo:3_Boulders","floor":42,"turns":2}],"seed_played":"197030635868392902","potions_obtained":[{"floor":3,"key":"Ancient Potion"},{"floor":3,"key":"Strength Potion"},{"floor":7,"key":"FearPotion"},{"floor":10,"key":"Energy Potion"},{"floor":10,"key":"BlessingOfTheForge"},{"floor":13,"key":"Regen Potion"},{"floor":14,"key":"DistilledChaos"},{"floor":16,"key":"BottledSpark"},{"floor":16,"key":"EntropicBrew"},{"floor":24,"key":"ColorlessPotion"},{"floor":25,"key":"SpeedPotion"},{"floor":28,"key":"FearPotion"},{"floor":33,"key":"FairyPotion"},{"floor":40,"key":"StarNLove"},{"floor":41,"key":"Energy Potion"}],"is_trial":false,"path_per_floor":["M","M","M","?","$","R","M","?","T","E","R","M","E","M","R","B",null,"M","?","$","?","?","R","M","M","T","R","E","R","$","?","R","B",null,"M","M","?","COS","?","E","M","M"],"character_chosen":"MARISA","items_purchased":["WitchOfGreed","SprinkleStarSeal","OrrerysSun","EnergyFlow"],"campfire_rested":5,"item_purchase_floors":[5,20,20,30],"current_hp_per_floor":[74,72,71,71,71,71,54,54,54,42,64,46,36,33,55,50,75,60,60,60,60,60,60,60,56,56,75,41,63,63,63,75,62,75,49,47,47,47,47,22,15,30,30],"gold":85,"neow_bonus":"TRANSFORM_CARD","is_daily":false,"chose_seed":false,"campfire_upgraded":2,"win_rate":0.0,"timestamp":1613732839,"path_taken":["M","M","M","?","$","R","M","?","T","E","R","M","E","M","R","BOSS","M","?","$","?","?","R","M","M","T","R","E","R","?","?","R","BOSS","M","M","?","COS","?","E","M","M"],"items_purchased_type":["Card","Card","Card","Card"],"build_version":"2020-12-22","purchased_purges":3,"victory":false,"max_hp_per_floor":[75,75,75,75,75,75,75,75,75,75,75,75,75,75,75,75,75,75,75,75,75,75,75,75,75,75,75,75,75,75,75,75,75,75,75,75,75,75,75,75,75,75,75],"card_choices":[{"not_picked":["ShootingEcho","GravityBeat","Orbital"],"picked":"SKIP","floor":1},{"not_picked":["WitchLeyline","AlicesGift"],"picked":"WitchOfGreed","floor":2},{"not_picked":["UnstableBomb","EventHorizon"],"picked":"MilkyWay","floor":3},{"not_picked":["LuminesStrike","MeteoricShower"],"picked":"MagicAbsorber","floor":7},{"not_picked":["MachineGunSpark","ShootingEcho"],"picked":"TreasureHunter","floor":10},{"not_picked":["WitchOfGreed","ShootingEcho"],"picked":"MilkyWay","floor":12},{"not_picked":["DeepEcoloBomb","MilkyWay"],"picked":"SporeBomb","floor":13},{"not_picked":["DC","Acceleration"],"picked":"OortCloud","floor":14},{"not_picked":["TreasureHunter","ManaRampage"],"picked":"JA","floor":16},{"not_picked":["GravityBeat","PowerUp+1"],"picked":"PulseMagic","floor":18},{"not_picked":["ShootingEcho+1","Occultation"],"picked":"PowerUp","floor":24},{"not_picked":["DoubleSpark+1","WitchOfGreed"],"picked":"EnergyRecoil","floor":25},{"not_picked":["IllusionStar","WitchLeyline","StarBarrage+1"],"picked":"SKIP","floor":28},{"not_picked":["SuperNova","ManaRampage"],"picked":"AbsoluteMagnitude","floor":33},{"not_picked":["DC+1","MeteoricShower+1","SporeBomb"],"picked":"SKIP","floor":35},{"not_picked":["SuperPerseids+1","UnstableBomb+1"],"picked":"OortCloud+1","floor":36},{"not_picked":["IllusionStar","6A+1"],"picked":"PowerUp","floor":40},{"not_picked":["GasGiant","PowerUp+1"],"picked":"EnergyFlow","floor":41}],"player_experience":8264,"relics_obtained":[{"floor":9,"key":"Juzu Bracelet"},{"floor":10,"key":"Anchor"},{"floor":13,"key":"War Paint"},{"floor":13,"key":"AmplifyWand"},{"floor":16,"key":"StoneCalendar"},{"floor":26,"key":"Bronze Scales"},{"floor":28,"key":"Shuriken"},{"floor":33,"key":"Girya"},{"floor":40,"key":"Boot"},{"floor":40,"key":"Toy Ornithopter"}],"event_choices":[],"is_beta":false,"boss_relics":[{"not_picked":["Ectoplasm","Philosopher\u0027s Stone"],"picked":"BewitchedHakkero"},{"not_picked":["Runic Pyramid","SacredBark"],"picked":"Black Star"}],"items_purged_floors":[5,20,30],"is_endless":false,"potions_floor_spawned":[3,10,13,16,33,40,41],"killed_by":"Gensokyo:3_Boulders","ascension_level":0}}