{"host":"usqe6yg0e0rryp0e","time":1613757008,"event":{"mods":["BaseMod","Colored Map","Colored Powertips","Minty Spire (QoL Compilation)","Relic Stats"],"gold_per_floor":[109,122,122,22,72,72,107,118,145,145,177,191,204,32,32,107,107,124,139,139,139,64,94,144,179,255,255,255,255],"floor_reached":28,"language":"ENG","playtime":3016,"items_purged":["Defend_G"],"score":553,"play_id":"a3b25d91-af31-4862-bc80-7d44f14f1a1a","local_time":"20210219185008","is_ascension_mode":true,"campfire_choices":[{"data":"Neutralize","floor":6.0,"key":"SMITH"},{"data":"Crippling Poison","floor":10.0,"key":"SMITH"},{"data":"Cloak And Dagger","floor":15.0,"key":"SMITH"},{"floor":27,"key":"REST"}],"circlet_count":0,"master_deck":["AscendersBane","Defend_G","Defend_G+1","Survivor","Neutralize+1","Envenom","Cloak And Dagger+1","Blade Dance+1","Swift Strike","Crippling Poison+1","Acrobatics","After Image","Dagger Spray","Noxious Fumes","Doppelganger","Bite","Bite","Bite","Bite","Bite","Accuracy","Bouncing Flask","Dodge and Roll","Clumsy"],"relics":["Ring of the Snake","Lantern","Ancient Tea Set","Bag of Marbles","Oddly Smooth Stone","Cursed Key","TungstenRod","War Paint"],"acts_visited":["TheCity"],"potions_floor_usage":[25],"damage_taken":[{"damage":15.0,"enemies":"Jaw Worm","floor":1.0,"turns":8.0},{"damage":0.0,"enemies":"2 Louse","floor":2.0,"turns":3.0},{"damage":38.0,"enemies":"Gremlin Nob","floor":7.0,"turns":5.0},{"damage":0.0,"enemies":"Cultist","floor":8.0,"turns":2.0},{"damage":15.0,"enemies":"3 Sentries","floor":11.0,"turns":11.0},{"damage":1.0,"enemies":"Exordium Thugs","floor":12.0,"turns":4.0},{"damage":0.0,"enemies":"Gremlin Gang","floor":13.0,"turns":3.0},{"damage":5.0,"enemies":"Hexaghost","floor":16.0,"turns":8.0},{"damage":12.0,"enemies":"Spheric Guardian","floor":18.0,"turns":5.0},{"damage":8.0,"enemies":"2 Thieves","floor":19.0,"turns":3.0},{"damage":9.0,"enemies":"Gremlin Leader","floor":23.0,"turns":7.0},{"damage":41,"enemies":"Slavers","floor":25,"turns":5},{"damage":32,"enemies":"Cultist and Chosen","floor":28,"turns":5}],"seed_played":"-3195806476208759786","potions_obtained":[{"floor":2.0,"key":"EssenceOfSteel"},{"floor":7.0,"key":"LiquidBronze"},{"floor":13.0,"key":"Fire Potion"},{"floor":16.0,"key":"Poison Potion"},{"floor":19.0,"key":"CunningPotion"},{"floor":23.0,"key":"LiquidBronze"},{"floor":25,"key":"Dexterity Potion"}],"is_trial":false,"path_per_floor":["M","M","?","$","?","R","E","M","T","R","E","M","M","$","R","B",null,"M","M","?","?","$","E","?","E","T","R","M"],"character_chosen":"THE_SILENT","items_purchased":["Swift Strike","Oddly Smooth Stone"],"campfire_rested":1,"item_purchase_floors":[4,14],"current_hp_per_floor":[44,44,66,66,66,66,28,28,28,28,13,12,12,12,12,7,51,39,31,31,31,31,42,39,8,8,21,0,0],"gold":255,"neow_bonus":"ONE_RANDOM_RARE_CARD","is_daily":false,"chose_seed":false,"campfire_upgraded":3,"win_rate":0.0,"timestamp":1613757008,"path_taken":["M","M","?","$","?","R","E","?","T","R","E","M","M","?","R","BOSS","M","?","?","?","$","E","?","E","T","R","M"],"items_purchased_type":["Card","Relic"],"build_version":"2020-12-22","purchased_purges":1,"victory":false,"max_hp_per_floor":[66,66,66,66,66,66,66,66,66,66,66,66,66,66,66,66,66,66,66,46,46,46,46,46,46,46,46,46,46],"relic_stats":{"counters":[8,40],"War Paint":["Defend_G","Blade Dance"],"Cursed Key":1,"obtain_stats":[{"Lantern":0,"Oddly Smooth Stone":14,"Bag of Marbles":11,"War Paint":25,"Ancient Tea Set":0,"Cursed Key":17,"TungstenRod":23,"Ring of the Snake":0},{"Lantern":0,"Oddly Smooth Stone":2,"Bag of Marbles":0,"War Paint":7,"Ancient Tea Set":0,"Cursed Key":3,"TungstenRod":6,"Ring of the Snake":0},{"Lantern":0,"Oddly Smooth Stone":7,"Bag of Marbles":0,"War Paint":35,"Ancient Tea Set":0,"Cursed Key":15,"TungstenRod":30,"Ring of the Snake":0}],"TungstenRod":10,"Ring of the Snake":[16]},"card_choices":[{"not_picked":["Acrobatics","Heel Hook"],"picked":"Cloak And Dagger","floor":1.0},{"not_picked":["Bane","Masterful Stab"],"picked":"Blade Dance","floor":2.0},{"not_picked":["Dagger Throw","Deadly Poison"],"picked":"Crippling Poison","floor":7.0},{"not_picked":["Backflip","Cloak And Dagger"],"picked":"Acrobatics","floor":8.0},{"not_picked":["Escape Plan","Calculated Gamble"],"picked":"After Image","floor":11.0},{"not_picked":["Cloak And Dagger","Quick Slash"],"picked":"Dagger Spray","floor":12.0},{"not_picked":["Dagger Throw","All Out Attack"],"picked":"Noxious Fumes","floor":13.0},{"not_picked":["After Image","Venomology"],"picked":"Doppelganger","floor":16.0},{"not_picked":["Cloak And Dagger","Setup","Bane"],"picked":"SKIP","floor":18.0},{"not_picked":["Quick Slash","Flying Knee","Die Die Die"],"picked":"SKIP","floor":19.0},{"not_picked":["Endless Agony","All Out Attack","Acrobatics"],"picked":"SKIP","floor":23.0},{"not_picked":["Accuracy","Sucker Punch"],"picked":"Dodge and Roll","floor":25}],"player_experience":1098491,"relics_obtained":[{"floor":7.0,"key":"Lantern"},{"floor":9.0,"key":"Ancient Tea Set"},{"floor":11.0,"key":"Bag of Marbles"},{"floor":23.0,"key":"TungstenRod"},{"floor":25,"key":"War Paint"}],"event_choices":[{"damage_healed":22.0,"max_hp_gain":0.0,"max_hp_loss":0.0,"gold_gain":0.0,"event_name":"Big Fish","player_choice":"Banana","floor":3.0,"gold_loss":0.0,"damage_taken":0.0},{"damage_healed":0.0,"max_hp_gain":0.0,"max_hp_loss":0.0,"gold_gain":50.0,"event_name":"Golden Shrine","player_choice":"Pray","floor":5.0,"gold_loss":0.0,"damage_taken":0.0},{"damage_healed":0.0,"max_hp_gain":0.0,"max_hp_loss":20.0,"gold_gain":0.0,"event_name":"Vampires","player_choice":"Became a vampire","floor":20.0,"gold_loss":0.0,"damage_taken":0.0,"cards_obtained":["Bite","Bite","Bite","Bite","Bite"]},{"damage_healed":0.0,"max_hp_gain":0.0,"max_hp_loss":0.0,"gold_gain":0.0,"cards_transformed":["Defend_G","Defend_G"],"event_name":"Drug Dealer","player_choice":"Became Test Subject","floor":21.0,"gold_loss":0.0,"damage_taken":0.0,"cards_obtained":["Accuracy","Bouncing Flask"]},{"damage_healed":0,"gold_gain":50,"player_choice":"Touch","damage_taken":4,"max_hp_gain":0,"max_hp_loss":0,"event_name":"FaceTrader","floor":24,"gold_loss":0}],"is_beta":false,"boss_relics":[{"not_picked":["Fusion Hammer","Calling Bell"],"picked":"Cursed Key"}],"items_purged_floors":[22],"is_endless":false,"potions_floor_spawned":[2,7,13,16,19,23,25],"killed_by":"Cultist and Chosen","ascension_level":20}}