{"host":"lwys0gbp6t40j7jh","time":1613733461,"event":{"mods":["Act Like it!","Arknights","BaseMod","CapriCore","Downfall","Friendly Minions","GifTheSpireLib","Luminous","Minty Spire (QoL Compilation)","StSLib","SuperFastMode","The Marked"],"gold_per_floor":[99,113,128,144,9,29,29,48,33,46,31,31,41,72,83,83,83,83],"floor_reached":16,"language":"ENG","playtime":565,"items_purged":["hexamod:Strike"],"score":131,"play_id":"0b69d775-87cb-404c-ab53-7dc77ff1a55c","local_time":"20210219121741","is_ascension_mode":false,"campfire_choices":[{"floor":1,"key":"RECALL"},{"data":"hexamod:SpectralAdrenaline","floor":12,"key":"SMITH"}],"circlet_count":0,"master_deck":["hexamod:Strike","hexamod:Strike","hexamod:Strike","hexamod:Defend","hexamod:Defend","hexamod:Defend","hexamod:Defend","hexamod:Sear","hexamod:Float","hexamod:InspiringFlames","hexamod:AdvancingGuard","hexamod:CatchUp","hexamod:SpectralAdrenaline+1","hexamod:AdvancingGuard","hexamod:BacktrackSmack","hexamod:SkipABeat"],"relics":["hexamod:SpiritBrand","Pear","Girya"],"acts_visited":["Exordium"],"potions_floor_usage":[11,11,14,14,14,15],"damage_taken":[{"damage":0,"enemies":"Cultist","floor":2,"turns":4},{"damage":4,"enemies":"2 Louse","floor":3,"turns":3},{"damage":0,"enemies":"Small Slimes","floor":4,"turns":3},{"damage":0,"enemies":"downfall:FleeingMerchant","floor":5,"turns":4},{"damage":0,"enemies":"downfall:LooterAlt","floor":6,"turns":4},{"damage":2,"enemies":"Blue Slaver","floor":8,"turns":4},{"damage":0,"enemies":"downfall:FleeingMerchant","floor":9,"turns":4},{"damage":4,"enemies":"3 Louse","floor":10,"turns":5},{"damage":10,"enemies":"downfall:FleeingMerchant","floor":11,"turns":4},{"damage":0,"enemies":"Large Slime","floor":13,"turns":6},{"damage":2,"enemies":"Gremlin Nob","floor":14,"turns":3},{"damage":0,"enemies":"Exordium Wildlife","floor":15,"turns":4},{"damage":70,"enemies":"IC_STATUS_ARCHETYPE","floor":16,"turns":13}],"seed_played":"-6724903142976153364","potions_obtained":[{"floor":3,"key":"GamblersBrew"},{"floor":4,"key":"Guardian:BlockOnCardUsePotion"},{"floor":10,"key":"Swift Potion"},{"floor":13,"key":"EntropicBrew"},{"floor":14,"key":"LiquidBronze"}],"is_trial":false,"path_per_floor":["R","M","M","M","$","M","T","M","$","M","$","R","M","E","M","B"],"character_chosen":"THE_SPIRIT","items_purchased":["hexamod:AdvancingGuard"],"campfire_rested":0,"item_purchase_floors":[5],"current_hp_per_floor":[77,77,73,73,73,73,83,81,81,77,67,67,67,65,65,0,0,0],"gold":83,"neow_bonus":"TEN_PERCENT_HP_BONUS","is_daily":false,"chose_seed":false,"campfire_upgraded":1,"win_rate":0.0,"timestamp":1613733461,"path_taken":["R","M","M","M","$","M","T","M","$","M","?","R","M","E","M","BOSS"],"items_purchased_type":["Card"],"build_version":"2020-12-22","purchased_purges":1,"victory":false,"max_hp_per_floor":[77,77,77,77,77,77,87,87,87,87,87,87,87,87,87,87,87,87],"card_choices":[{"not_picked":["hexamod:GhostLash","hexamod:SpectersWail"],"picked":"hexamod:InspiringFlames","floor":2},{"not_picked":["hexamod:BurningTouch","hexamod:Hexaguard"],"picked":"hexamod:AdvancingGuard","floor":3},{"not_picked":["hexamod:FourthSeal","hexamod:SpectersWail"],"picked":"hexamod:CatchUp","floor":4},{"not_picked":["hexamod:HauntingEcho","hexamod:GhostOfSpireFuture"],"picked":"hexamod:SpectralAdrenaline","floor":5},{"not_picked":["hexamod:SpectralAdrenaline","hexamod:RainOfEmbers","hexamod:NecessarySacrifice"],"picked":"SKIP","floor":6},{"not_picked":["hexamod:NightmareStrike","hexamod:GhostLash","hexamod:GhostShield"],"picked":"SKIP","floor":8},{"not_picked":["hexamod:GiftsFromTheDead","hexamod:SpectralAdrenaline","hexamod:HeatShield"],"picked":"SKIP","floor":9},{"not_picked":["hexamod:SwordOfDarkness","hexamod:RainOfEmbers","hexamod:GhostLash"],"picked":"SKIP","floor":10},{"not_picked":["hexamod:SoulSteal","hexamod:AdvancingGuard"],"picked":"hexamod:BacktrackSmack","floor":11},{"not_picked":["hexamod:Firestarter","hexamod:NecessarySacrifice","hexamod:GhostflameBarrier"],"picked":"SKIP","floor":13},{"not_picked":["hexamod:NightmareGuise","hexamod:PowerFromBeyond","hexamod:NightmareStrike"],"picked":"SKIP","floor":14},{"not_picked":["hexamod:ShieldOfDarkness","hexamod:Hexaguard"],"picked":"hexamod:SkipABeat","floor":15}],"player_experience":1255716,"relics_obtained":[{"floor":7,"key":"Pear"},{"floor":14,"key":"Girya"}],"event_choices":[],"is_beta":false,"boss_relics":[],"items_purged_floors":[5],"is_endless":false,"potions_floor_spawned":[3,4,10,13,14],"killed_by":"IC_STATUS_ARCHETYPE","ascension_level":0}}