{"host":"2yqfi47fogfu1ic4","time":1613725207,"event":{"mods":["AchievementEnabler","BaseMod","Colored Map","Colored Powertips","Highlight Path","Minty Spire (QoL Compilation)","Permanent Neow","Relic Stats","StSLib"],"gold_per_floor":[112,112,123,134,145,145,145,180,252,212,212,235,275,300,300,398,398,418,418,439,460,510,510,528,354,377,23,44,44,44,62,62,62,62],"floor_reached":33,"language":"DEU","playtime":1878,"items_purged":["Writhe"],"score":518,"play_id":"8621ec2e-0937-4c5b-b379-5d57ef57c242","local_time":"20210219100007","is_ascension_mode":true,"campfire_choices":[{"data":"Dagger Spray","floor":6.0,"key":"SMITH"},{"data":"Blade Dance","floor":11.0,"key":"SMITH"},{"floor":15,"key":"REST"},{"data":"Accuracy","floor":23,"key":"SMITH"},{"data":"Footwork","floor":30,"key":"SMITH"},{"data":"Neutralize","floor":32,"key":"SMITH"}],"circlet_count":0,"master_deck":["AscendersBane","Strike_G","Strike_G","Strike_G","Strike_G","Defend_G","Defend_G","Defend_G","Defend_G","Survivor","Neutralize+1","Reflex","Unload+1","Flying Knee","Slice","Dagger Spray+1","PiercingWail","Blade Dance+1","Accuracy+1","Storm of Steel","Tactician","Tools of the Trade","Choke+1","PiercingWail","Footwork+1","Sucker Punch","Footwork","Blade Dance+1","Ghostly","Ghostly","Ghostly","Concentrate+1"],"relics":["Ring of the Snake","Golden Idol","Pocketwatch","Paper Crane","Orichalcum","Coffee Dripper","Bag of Preparation","Vajra","Mummified Hand"],"acts_visited":["Exordium","TheCity"],"potions_floor_usage":[13,33],"damage_taken":[{"damage":7.0,"enemies":"Jaw Worm","floor":1.0,"turns":5.0},{"damage":0.0,"enemies":"Cultist","floor":3.0,"turns":3.0},{"damage":1.0,"enemies":"2 Louse","floor":4.0,"turns":3.0},{"damage":3.0,"enemies":"Looter","floor":5.0,"turns":3.0},{"damage":44.0,"enemies":"Gremlin Nob","floor":8.0,"turns":5.0},{"damage":6.0,"enemies":"Gremlin Gang","floor":12.0,"turns":3.0},{"damage":2,"enemies":"3 Sentries","floor":13,"turns":3},{"damage":0,"enemies":"Large Slime","floor":14,"turns":3},{"damage":4,"enemies":"Hexaghost","floor":16,"turns":8},{"damage":2,"enemies":"Shell Parasite","floor":18,"turns":3},{"damage":1,"enemies":"Spheric Guardian","floor":20,"turns":3},{"damage":0,"enemies":"Centurion and Healer","floor":21,"turns":5},{"damage":7,"enemies":"Snecko","floor":24,"turns":3},{"damage":1,"enemies":"Sentry and Sphere","floor":28,"turns":4},{"damage":0,"enemies":"Snake Plant","floor":31,"turns":4},{"damage":53,"enemies":"Champ","floor":33,"turns":12}],"seed_played":"6992510781443457993","potions_obtained":[{"floor":1.0,"key":"Block Potion"},{"floor":5.0,"key":"BlessingOfTheForge"},{"floor":8.0,"key":"DuplicationPotion"},{"floor":10.0,"key":"Regen Potion"},{"floor":14,"key":"Energy Potion"},{"floor":24,"key":"FearPotion"},{"floor":28,"key":"Dexterity Potion"},{"floor":31,"key":"Fruit Juice"}],"is_trial":false,"path_per_floor":["M","?","M","M","M","R","?","E","T","?","R","M","E","M","R","B",null,"M","?","M","M","?","R","M","$","T","$","M","?","R","M","R","B"],"character_chosen":"THE_SILENT","items_purchased":["Footwork","Sucker Punch","Footwork","Mummified Hand"],"campfire_rested":1,"item_purchase_floors":[25,25,27,27],"current_hp_per_floor":[52,52,52,51,48,48,48,4,4,4,4,7,5,5,21,17,45,43,43,42,42,42,42,35,35,35,35,34,27,27,27,27,0,0],"gold":62,"neow_bonus":"TRANSFORM_TWO_CARDS","is_daily":false,"chose_seed":false,"campfire_upgraded":5,"win_rate":0.0,"timestamp":1613725207,"path_taken":["M","?","M","M","?","R","?","E","T","?","R","?","E","M","R","BOSS","M","?","M","M","?","R","M","?","T","$","?","?","R","M","R","BOSS"],"items_purchased_type":["Card","Card","Card","Relic"],"build_version":"2020-12-22","purchased_purges":1,"victory":false,"max_hp_per_floor":[60,60,60,60,60,60,54,54,54,54,54,54,54,54,54,54,54,54,54,54,54,54,54,54,54,54,54,54,27,27,27,27,27,27],"relic_stats":{"counters":[16,70],"Golden Idol":69,"Mummified Hand":[9],"Bag of Preparation":[12],"Orichalcum":[162],"obtain_stats":[{"Golden Idol":7,"Mummified Hand":27,"Vajra":26,"Coffee Dripper":17,"Bag of Preparation":19,"Paper Crane":9,"Orichalcum":13,"Ring of the Snake":0,"Pocketwatch":8},{"Golden Idol":4,"Mummified Hand":13,"Vajra":13,"Coffee Dripper":9,"Bag of Preparation":10,"Paper Crane":5,"Orichalcum":7,"Ring of the Snake":0,"Pocketwatch":5},{"Golden Idol":14,"Mummified Hand":50,"Vajra":50,"Coffee Dripper":36,"Bag of Preparation":39,"Paper Crane":19,"Orichalcum":25,"Ring of the Snake":0,"Pocketwatch":19}],"Ring of the Snake":[32],"Pocketwatch":[45]},"card_choices":[{"not_picked":["Calculated Gamble","PiercingWail"],"picked":"Flying Knee","floor":1.0},{"not_picked":["Riddle With Holes","Well Laid Plans"],"picked":"Slice","floor":3.0},{"not_picked":["Flechettes","Choke"],"picked":"Dagger Spray","floor":4.0},{"not_picked":["Deflect","Skewer"],"picked":"PiercingWail","floor":5.0},{"not_picked":["Setup","Accuracy"],"picked":"Blade Dance","floor":8.0},{"not_picked":["Tactician","Escape Plan"],"picked":"Accuracy","floor":12.0},{"not_picked":["Dodge and Roll","Poisoned Stab"],"picked":"Storm of Steel","floor":13},{"not_picked":["Dagger Spray","Prepared"],"picked":"Tactician","floor":14},{"not_picked":["A Thousand Cuts","Venomology"],"picked":"Tools of the Trade","floor":16},{"not_picked":["Acrobatics","Well Laid Plans"],"picked":"Choke+1","floor":18},{"not_picked":["Underhanded Strike","Riddle With Holes"],"picked":"PiercingWail","floor":20},{"not_picked":["Quick Slash","Outmaneuver","Bane"],"picked":"SKIP","floor":21},{"not_picked":["Deadly Poison","Quick Slash","Underhanded Strike"],"picked":"SKIP","floor":24},{"not_picked":["Caltrops","Quick Slash"],"picked":"Blade Dance+1","floor":28},{"not_picked":["Dagger Throw","Prepared"],"picked":"Concentrate+1","floor":31}],"player_experience":1883975,"relics_obtained":[{"floor":8.0,"key":"Pocketwatch"},{"floor":9.0,"key":"Paper Crane"},{"floor":13,"key":"Orichalcum"},{"floor":26,"key":"Vajra"}],"event_choices":[{"damage_healed":0.0,"max_hp_gain":0.0,"max_hp_loss":0.0,"gold_gain":0.0,"event_name":"Upgrade Shrine","player_choice":"Upgraded","floor":2.0,"gold_loss":0.0,"damage_taken":0.0,"cards_upgraded":["Unload"]},{"damage_healed":0.0,"max_hp_gain":0.0,"max_hp_loss":6.0,"gold_gain":0.0,"event_name":"Golden Idol","player_choice":"Lose Max HP","floor":7.0,"gold_loss":0.0,"damage_taken":0.0,"relics_obtained":["Golden Idol"]},{"damage_healed":0.0,"max_hp_gain":0.0,"max_hp_loss":0.0,"gold_gain":0.0,"event_name":"The Woman in Blue","player_choice":"Bought 3 Potions","floor":10.0,"gold_loss":0.0,"damage_taken":0.0},{"damage_healed":0,"gold_gain":0,"player_choice":"Opened","damage_taken":0,"relics_obtained":["Bag of Preparation"],"max_hp_gain":0,"max_hp_loss":0,"event_name":"The Mausoleum","floor":19,"gold_loss":0,"cards_obtained":["Writhe"]},{"damage_healed":0,"gold_gain":50,"player_choice":"Stole From Cult","damage_taken":0,"max_hp_gain":0,"max_hp_loss":0,"event_name":"Nest","floor":22,"gold_loss":0},{"damage_healed":0,"gold_gain":0,"player_choice":"Became a Ghost","damage_taken":0,"max_hp_gain":0,"max_hp_loss":27,"event_name":"Ghosts","floor":29,"gold_loss":0,"cards_obtained":["Ghostly","Ghostly","Ghostly"]}],"is_beta":false,"boss_relics":[{"not_picked":["Snecko Eye","Empty Cage"],"picked":"Coffee Dripper"}],"items_purged_floors":[25],"is_endless":false,"potions_floor_spawned":[1,5,8,14,24,28,31],"killed_by":"Champ","ascension_level":20}}