{"host":"sc0o2qwpf9j16a4i","time":1613768959,"event":{"mods":["AchievementEnabler","BaseMod","BetterRewards","Block Reminder","Colored Map","Colored Powertips","Custom Start","Highlight Path","Minty Spire (QoL Compilation)","Relic Stats"],"gold_per_floor":[113,132,150,166,180,180,20,20,20,39,39,39,69,89,89,189,189,200,211,211,228,77,77,90,100,100,199,199,215,242,1052,1052,1148,1148,1163,515,515,515,535,535,555,570,570,585,585,596,624,636,636,636],"floor_reached":51,"language":"ENG","playtime":2359,"items_purged":[],"score":1055,"play_id":"92abcac7-51e2-45dc-94d0-98f3134c02c1","local_time":"20210219230919","daily_mods":["Shiny","Uncertain Future","Lethality"],"is_ascension_mode":false,"campfire_choices":[{"data":"Barricade","floor":6.0,"key":"SMITH"},{"data":"Uppercut","floor":8.0,"key":"SMITH"},{"data":"Entrench","floor":15.0,"key":"SMITH"},{"data":"Offering","floor":23.0,"key":"SMITH"},{"data":"Feed","floor":28.0,"key":"SMITH"},{"floor":32,"key":"REST"},{"data":"Demon Form","floor":40,"key":"SMITH"},{"data":"Burning Pact","floor":45,"key":"SMITH"},{"floor":49,"key":"REST"}],"circlet_count":0,"master_deck":["Double Tap","Demon Form+1","Bludgeon","Feed+1","Limit Break","Corruption","Barricade+1","Fiend Fire","Berserk","Impervious","Juggernaut","Brutality","Reaper","Exhume","Offering+1","Immolate","Shrug It Off","Uppercut+1","Entrench+1","Limit Break","Body Slam","Impervious","Pommel Strike+1","Feel No Pain+1","Shrug It Off","Disarm","Disarm+1","Impervious","Apotheosis","Dark Embrace","Chrysalis","Discovery","Mind Blast","Shrug It Off+1","Sentinel+1","Dark Embrace+1","Burning Pact+1","Heavy Blade","True Grit+1","Impervious","Shrug It Off","Sentinel+1"],"relics":["Burning Blood","Question Card","Bottled Lightning","SlaversCollar","ClockworkSouvenir","Prayer Wheel","Gremlin Horn","Snecko Eye","Paper Frog","Bronze Scales","Art of War","Calipers"],"acts_visited":["Exordium","TheCity","TheBeyond"],"potions_floor_usage":[32,46,50],"damage_taken":[{"damage":20.0,"enemies":"Jaw Worm","floor":1.0,"turns":2.0},{"damage":20.0,"enemies":"2 Louse","floor":2.0,"turns":5.0},{"damage":22.0,"enemies":"Small Slimes","floor":3.0,"turns":4.0},{"damage":36.0,"enemies":"Exordium Thugs","floor":4.0,"turns":6.0},{"damage":19.0,"enemies":"2 Fungi Beasts","floor":5.0,"turns":5.0},{"damage":20.0,"enemies":"Exordium Wildlife","floor":10.0,"turns":3.0},{"damage":8.0,"enemies":"Lagavulin","floor":13.0,"turns":5.0},{"damage":40.0,"enemies":"Looter","floor":14.0,"turns":4.0},{"damage":65.0,"enemies":"The Guardian","floor":16.0,"turns":8.0},{"damage":34.0,"enemies":"3 Byrds","floor":18.0,"turns":3.0},{"damage":36.0,"enemies":"2 Thieves","floor":19.0,"turns":4.0},{"damage":34.0,"enemies":"Centurion and Healer","floor":21.0,"turns":7.0},{"damage":17.0,"enemies":"Snecko","floor":24.0,"turns":3.0},{"damage":10.0,"enemies":"3 Cultists","floor":25.0,"turns":5.0},{"damage":12.0,"enemies":"Snake Plant","floor":29.0,"turns":4.0},{"damage":7.0,"enemies":"Gremlin Leader","floor":30.0,"turns":9.0},{"damage":6,"enemies":"Automaton","floor":33,"turns":12},{"damage":6,"enemies":"3 Darklings","floor":35,"turns":4},{"damage":27,"enemies":"Orb Walker","floor":39,"turns":7},{"damage":18,"enemies":"4 Shapes","floor":41,"turns":3},{"damage":12,"enemies":"Spire Growth","floor":42,"turns":3},{"damage":6,"enemies":"Sphere and 2 Shapes","floor":44,"turns":3},{"damage":6,"enemies":"Jaw Worm Horde","floor":46,"turns":4},{"damage":6,"enemies":"Giant Head","floor":47,"turns":3},{"damage":12,"enemies":"Maw","floor":48,"turns":3},{"damage":6,"enemies":"Awakened One","floor":50,"turns":10}],"seed_played":"-8142365530767329554","potions_obtained":[{"floor":2.0,"key":"ColorlessPotion"},{"floor":5.0,"key":"LiquidBronze"},{"floor":14.0,"key":"Explosive Potion"},{"floor":19.0,"key":"FairyPotion"},{"floor":25.0,"key":"BloodPotion"},{"floor":29.0,"key":"SkillPotion"},{"floor":35,"key":"Strength Potion"},{"floor":39,"key":"LiquidMemories"},{"floor":47,"key":"BlessingOfTheForge"}],"is_trial":true,"path_per_floor":["M","M","M","M","M","R","$","R","T","M","$","?","E","M","R","B",null,"M","M","?","M","$","R","M","M","T","?","R","M","E","?","R","B",null,"M","$","?","?","M","R","M","M","T","M","R","M","E","M","R","B",null],"character_chosen":"IRONCLAD","items_purchased":["Limit Break","ClockworkSouvenir","Apotheosis","Paper Frog","Bronze Scales","Dark Embrace"],"campfire_rested":2,"item_purchase_floors":[7,22,36,36,36,36],"current_hp_per_floor":[69,75,79,65,65,65,65,65,65,77,77,77,78,67,67,34,119,94,77,77,87,87,87,100,132,132,132,132,130,141,45,115,145,145,149,149,139,139,122,122,114,112,112,131,131,139,181,179,185,189],"gold":636,"neow_bonus":"","is_daily":false,"chose_seed":false,"campfire_upgraded":7,"win_rate":0.0,"timestamp":1613768959,"path_taken":["M","M","?","M","M","R","?","R","T","M","$","?","E","M","R","BOSS","M","M","?","M","$","R","M","M","T","?","R","M","E","?","R","BOSS","M","$","?","?","?","R","M","M","T","M","R","M","E","M","R","BOSS"],"items_purchased_type":["Card","Relic","Card","Relic","Relic","Card"],"build_version":"2020-12-22","purchased_purges":0,"victory":true,"max_hp_per_floor":[83,89,95,101,107,107,107,107,107,113,113,113,116,119,119,119,119,122,125,125,131,131,131,131,137,137,137,137,141,141,141,141,145,145,149,149,149,149,153,153,157,161,161,169,169,177,181,185,185,189],"relic_stats":{"Gremlin Horn":[13,14],"counters":[26,129],"Bronze Scales":[87],"Snecko Eye":[113,115,116,123],"Prayer Wheel":8,"Art of War":[1],"Question Card":31,"obtain_stats":[{"SlaversCollar":17,"Calipers":47,"Gremlin Horn":30,"Bronze Scales":36,"Snecko Eye":34,"Prayer Wheel":26,"Art of War":43,"Bottled Lightning":13,"Question Card":9,"Burning Blood":0,"ClockworkSouvenir":22,"Paper Frog":36},{"SlaversCollar":9,"Calipers":24,"Gremlin Horn":16,"Bronze Scales":18,"Snecko Eye":17,"Prayer Wheel":14,"Art of War":21,"Bottled Lightning":7,"Question Card":5,"Burning Blood":0,"ClockworkSouvenir":12,"Paper Frog":18},{"SlaversCollar":42,"Calipers":116,"Gremlin Horn":77,"Bronze Scales":93,"Snecko Eye":89,"Prayer Wheel":64,"Art of War":106,"Bottled Lightning":30,"Question Card":22,"Burning Blood":0,"ClockworkSouvenir":56,"Paper Frog":93}],"Burning Blood":130},"card_choices":[{"not_picked":["Perfected Strike","Sever Soul"],"picked":"Shrug It Off","floor":1.0},{"not_picked":["Anger","Sword Boomerang","Fire Breathing"],"picked":"SKIP","floor":2.0},{"not_picked":["Carnage","Wild Strike","Perfected Strike"],"picked":"SKIP","floor":3.0},{"not_picked":["Sword Boomerang","Dark Embrace"],"picked":"Uppercut","floor":4.0},{"not_picked":["Body Slam","Dual Wield"],"picked":"Entrench","floor":5.0},{"not_picked":["Havoc","Pommel Strike","Clothesline","Blood for Blood"],"picked":"SKIP","floor":10.0},{"not_picked":["Immolate","Sever Soul","Headbutt"],"picked":"Body Slam","floor":13.0},{"not_picked":["Blood for Blood","Warcry","Bloodletting","Thunderclap"],"picked":"SKIP","floor":14.0},{"not_picked":["Offering","Juggernaut","Exhume"],"picked":"Impervious","floor":16.0},{"not_picked":["Sentinel","Perfected Strike","Uppercut"],"picked":"Pommel Strike+1","floor":18.0},{"not_picked":["Clothesline","Shrug It Off","Heavy Blade"],"picked":"Feel No Pain+1","floor":19.0},{"not_picked":["Headbutt","Warcry","Anger"],"picked":"Shrug It Off","floor":21.0},{"not_picked":["Immolate","Perfected Strike","Iron Wave","Clothesline"],"picked":"SKIP","floor":24.0},{"not_picked":["Dropkick","Combust","Sword Boomerang"],"picked":"Disarm","floor":25.0},{"not_picked":["Clash+1","Pommel Strike","Twin Strike+1","Sword Boomerang"],"picked":"SKIP","floor":29.0},{"not_picked":["Headbutt","Combust+1","Sword Boomerang","Infernal Blade"],"picked":"SKIP","floor":29.0},{"not_picked":["Pommel Strike","Armaments+1","Battle Trance+1"],"picked":"Disarm+1","floor":30.0},{"not_picked":["Limit Break","Reaper","Fiend Fire"],"picked":"Impervious","floor":33},{"not_picked":["Anger+1","Iron Wave+1","Thunderclap","Infernal Blade+1"],"picked":"SKIP","floor":35},{"not_picked":["Headbutt+1","Ghostly Armor","Flex+1","Battle Trance"],"picked":"SKIP","floor":35},{"not_picked":["Dark Shackles","Sadistic Nature","Panache"],"picked":"Chrysalis","floor":37},{"not_picked":["Enlightenment","Master of Strategy","Trip"],"picked":"Discovery","floor":37},{"not_picked":["Dramatic Entrance","Jack Of All Trades","Trip"],"picked":"Mind Blast","floor":37},{"not_picked":["Perfected Strike","Anger","Burning Pact"],"picked":"Shrug It Off+1","floor":39},{"not_picked":["Thunderclap+1","Combust","Whirlwind"],"picked":"Sentinel+1","floor":39},{"not_picked":["Rupture+1","Armaments","Fire Breathing+1"],"picked":"Dark Embrace+1","floor":41},{"not_picked":["Armaments+1","Anger+1","Wild Strike+1"],"picked":"Burning Pact","floor":41},{"not_picked":["Evolve","Iron Wave+1","Reckless Charge"],"picked":"Heavy Blade","floor":42},{"not_picked":["True Grit","Intimidate+1","Offering","Wild Strike+1"],"picked":"SKIP","floor":42},{"not_picked":["Flex","Bloodletting+1","Sever Soul+1","Hemokinesis+1"],"picked":"SKIP","floor":44},{"not_picked":["Searing Blow+1","Cleave+1","Armaments","Heavy Blade+1"],"picked":"SKIP","floor":44},{"not_picked":["Perfected Strike+1","Headbutt","Thunderclap"],"picked":"True Grit+1","floor":46},{"not_picked":["Sword Boomerang+1","Iron Wave+1","Warcry+1"],"picked":"Impervious","floor":46},{"not_picked":["Clash+1","Rage","Flex","Headbutt+1"],"picked":"SKIP","floor":47},{"not_picked":["Whirlwind+1","Sword Boomerang","Body Slam"],"picked":"Shrug It Off","floor":48},{"not_picked":["Headbutt+1","Uppercut","Flex"],"picked":"Sentinel+1","floor":48}],"player_experience":1498927,"relics_obtained":[{"floor":9.0,"key":"Question Card"},{"floor":13.0,"key":"Bottled Lightning"},{"floor":26.0,"key":"Prayer Wheel"},{"floor":30.0,"key":"Gremlin Horn"},{"floor":43,"key":"Art of War"},{"floor":47,"key":"Calipers"}],"event_choices":[{"damage_healed":0.0,"max_hp_gain":0.0,"max_hp_loss":0.0,"gold_gain":0.0,"event_name":"The Cleric","player_choice":"Leave","floor":12.0,"gold_loss":0.0,"damage_taken":0.0},{"damage_healed":0.0,"max_hp_gain":0.0,"max_hp_loss":0.0,"gold_gain":0.0,"event_name":"Beggar","player_choice":"Ignored","floor":20.0,"gold_loss":0.0,"damage_taken":0.0},{"damage_healed":0.0,"max_hp_gain":0.0,"max_hp_loss":0.0,"gold_gain":99.0,"event_name":"Nest","player_choice":"Stole From Cult","floor":27.0,"gold_loss":0.0,"damage_taken":0.0},{"damage_healed":0,"gold_gain":810,"player_choice":"GOLD GOLD GOLD GOLD GOLD GOLD GOLD GOLD GOLD ","damage_taken":96,"max_hp_gain":0,"max_hp_loss":0,"event_name":"Knowing Skull","floor":31,"potions_obtained":[],"gold_loss":0,"cards_obtained":[]},{"damage_healed":0,"gold_gain":0,"player_choice":"Memory 3","damage_taken":10,"max_hp_gain":0,"max_hp_loss":0,"event_name":"SensoryStone","floor":37,"gold_loss":0},{"damage_healed":0,"gold_gain":0,"player_choice":"Ignored","damage_taken":0,"max_hp_gain":0,"max_hp_loss":0,"event_name":"SecretPortal","floor":38,"gold_loss":0}],"is_beta":false,"boss_relics":[{"not_picked":["Tiny House","Runic Cube"],"picked":"SlaversCollar"},{"not_picked":["Coffee Dripper","Cursed Key"],"picked":"Snecko Eye"}],"items_purged_floors":[],"is_endless":false,"potions_floor_spawned":[2,5,14,19,25,29,35,39,47],"ascension_level":0}}