{"host":"q57ekfojy3i00x9o","time":1613760869,"event":{"mods":["Act Like it!","Arknights","Aspiration","BaseMod","Colored Map","Energized Spire","Hermit","Minty Spire (QoL Compilation)","Quick Restart","Spicy Shops","Spikes Relics","StSLib","slay the spire mod where everything is the same but ironclad has a cowboy hat"],"gold_per_floor":[119,138,138,25,38,38,38,38],"floor_reached":7,"language":"RUS","playtime":160,"items_purged":[],"score":74,"play_id":"b373ce1c-f3d0-4b68-8905-5eea2855e59a","local_time":"20210219235429","is_ascension_mode":true,"campfire_choices":[{"data":"Jack Of All Trades","floor":6,"key":"SMITH"}],"circlet_count":0,"master_deck":["AscendersBane","ats:Strike C","ats:Strike G","ats:Strike S","ats:Armor Crushing Shot","ats:Defend","ats:Defend","ats:Defend","ats:Defend","ats:Emotion Absorption","ats:Echo Reverb","ats:Closed Bolt Burst Fire","ats:Blood Oath","ats:Closed Bolt Burst Fire","Jack Of All Trades+1","ats:Hammer On"],"relics":["ats:Sanity"],"acts_visited":["Exordium"],"potions_floor_usage":[],"damage_taken":[{"damage":14,"enemies":"Cultist","floor":1,"turns":5},{"damage":0,"enemies":"2 Louse","floor":2,"turns":2},{"damage":9,"enemies":"Small Slimes","floor":5,"turns":3},{"damage":50,"enemies":"3 Sentries","floor":7,"turns":4}],"seed_played":"-8530492256678900888","potions_obtained":[],"is_trial":false,"path_per_floor":["M","M","?","$","M","R","E"],"character_chosen":"DOCTOR_CLASS","items_purchased":["ats:Closed Bolt Burst Fire","Jack Of All Trades"],"campfire_rested":0,"item_purchase_floors":[4,4],"current_hp_per_floor":[51,51,51,51,45,45,0,0],"gold":38,"neow_bonus":"ONE_RANDOM_RARE_CARD","is_daily":false,"chose_seed":false,"campfire_upgraded":1,"win_rate":0.0,"timestamp":1613760869,"path_taken":["M","?","?","$","M","R","E"],"items_purchased_type":["Card","Card"],"build_version":"2020-12-22","purchased_purges":0,"victory":false,"max_hp_per_floor":[72,72,72,72,72,72,72,72],"card_choices":[{"not_picked":["ats:Poison Spread","ats:Song Of Battle"],"picked":"ats:Closed Bolt Burst Fire","floor":1},{"not_picked":["ats:Shell Defense","ats:Sunburst"],"picked":"ats:Blood Oath","floor":2},{"not_picked":["ats:Curse Doll","ats:Neurotoxin"],"picked":"ats:Hammer On","floor":5}],"player_experience":781416,"relics_obtained":[],"event_choices":[{"cards_removed":["ats:Strike V"],"damage_healed":0,"gold_gain":0,"player_choice":"Card Removal","damage_taken":0,"max_hp_gain":0,"max_hp_loss":0,"event_name":"Wheel of Change","floor":3,"gold_loss":0}],"is_beta":false,"boss_relics":[],"items_purged_floors":[],"is_endless":false,"potions_floor_spawned":[],"killed_by":"3 Sentries","ascension_level":16}}