{"host":"glqsg3p5q4u9u1ra","time":1613757323,"event":{"mods":["Act Like it!","Arknights","BaseMod","Better Third Choice","BetterRewards","Colored Map","Downfall","Friendly Minions","GifTheSpireLib","Hallownest","Highlight Path","Infinite Spire","Lobotomy","LobotomyExtend","Mimic Mod","Minty Spire (QoL Compilation)","Pale of the Ancients","Reliquary","Replay The Spire","Ruina","Spicy Shops","Spire Birthday Party","StSLib","The Blue Laboratory","The Bug Knight","The Exalted","The Servant 0.9.4","Wandering Minibosses"],"gold_per_floor":[112,125,125,125,145,173,173,185,211,58,58,69,85,98,98,203,203,165,165,184,184,184],"floor_reached":21,"language":"ENG","playtime":844,"items_purged":["ats:Defend"],"score":283,"play_id":"26364285-b5ac-4431-a294-79964f9b5a5e","local_time":"20210219095523","is_ascension_mode":false,"campfire_choices":[{"data":"ats:Thorns","floor":7,"key":"SMITH"},{"data":"ats:Sunburst","floor":11,"key":"SMITH"},{"data":"ats:Counter Healing Mode","floor":15,"key":"SMITH"}],"circlet_count":0,"master_deck":["ats:Strike G","ats:Strike S","ats:Strike V","ats:Armor Crushing Shot","ats:Defend","ats:Defend","ats:Defend","ats:Emotion Absorption+1","ats:Overload","ats:Thorns+1","ats:Revitalization+1","ats:Sunburst+1","ats:Apocalypse","ats:Shell Defense","ats:Revitalization","ats:Shadow Assault","ats:Counter Healing Mode+1","ats:True Silver Slash","ats:Ignite+1"],"relics":["LetterFromLob","Bag of Preparation","ats:Originium","Replay:Baseball","reliquary:Buckler","Lee\u0027s Waffle","Replay:Grab Bag","Cursed Key","reliquary:KinkedSpring"],"acts_visited":["Exordium","Exordium"],"potions_floor_usage":[6,16,16,21],"damage_taken":[{"damage":12,"enemies":"Jaw Worm","floor":1,"turns":3},{"damage":6,"enemies":"Cultist","floor":2,"turns":3},{"damage":5,"enemies":"Small Slimes","floor":5,"turns":2},{"damage":34,"enemies":"3 Sentries","floor":6,"turns":5},{"damage":21,"enemies":"Gremlin Gang","floor":8,"turns":3},{"damage":12,"enemies":"3 Louse","floor":12,"turns":2},{"damage":7,"enemies":"Exordium Wildlife","floor":13,"turns":4},{"damage":17,"enemies":"Blue Slaver","floor":14,"turns":4},{"damage":89,"enemies":"The Guardian","floor":16,"turns":13},{"damage":67,"enemies":"ruina:3_Bats","floor":18,"turns":6},{"damage":48,"enemies":"ruina:BadWolf","floor":20,"turns":7},{"damage":37,"enemies":"ruina:Woodsman","floor":21,"turns":4}],"seed_played":"-5619936314223254273","potions_obtained":[{"floor":1,"key":"blueLaboratory:FrostheartPotion"},{"floor":5,"key":"AttackPotion"},{"floor":6,"key":"blueLaboratory:Moonshine"},{"floor":14,"key":"blueLaboratory:FruitPunch"},{"floor":16,"key":"blueLaboratory:AbyssPotion"},{"floor":18,"key":"blueLaboratory:PyrophylliteBrew"}],"is_trial":false,"path_per_floor":["M","M","?","?","M","E","R","M","T","$","R","M","M","M","R","B",null,"M","?","M","M"],"character_chosen":"DOCTOR_CLASS","items_purchased":["ats:Overload","ats:Thorns","Lee\u0027s Waffle"],"campfire_rested":0,"item_purchase_floors":[0,0,10],"current_hp_per_floor":[60,56,61,61,56,22,22,9,9,84,84,72,81,76,76,86,86,30,30,23,0,0],"gold":184,"neow_bonus":"","is_daily":false,"chose_seed":false,"campfire_upgraded":3,"win_rate":0.0,"timestamp":1613757323,"path_taken":["M","M","?","?","?","E","R","?","T","?","R","M","M","M","R","BOSS","M","?","M","?"],"items_purchased_type":["Card","Card","Relic"],"build_version":"2020-12-22","purchased_purges":1,"victory":false,"max_hp_per_floor":[72,72,77,77,77,77,77,77,77,84,84,84,84,84,84,86,86,86,86,86,86,86],"card_choices":[{"not_picked":["ats:Absolute Focus","ats:Powerful Strike"],"picked":"ats:Revitalization","floor":1},{"not_picked":["ats:Collapsing Strike","ats:Composite Medical Shells"],"picked":"ats:Sunburst","floor":2},{"not_picked":["ats:Cat Scratch","ats:Defend Order","ats:Absolute Focus"],"picked":"SKIP","floor":5},{"not_picked":["ats:Steam Pump","ats:Defend Order"],"picked":"ats:Apocalypse","floor":6},{"not_picked":["ats:Shadow Raid","ats:Flexible Camouflage"],"picked":"ats:Shell Defense","floor":8},{"not_picked":["ats:Consecutive Shot Auto","ats:Closed Bolt Burst Fire"],"picked":"ats:Revitalization","floor":12},{"not_picked":["ats:Rapid Magazine","ats:Serious Mode"],"picked":"ats:Shadow Assault","floor":13},{"not_picked":["ats:Guard Mode","ats:Curse Doll"],"picked":"ats:Counter Healing Mode","floor":14},{"not_picked":["ats:Rat Pack","ats:Soul Rend"],"picked":"ats:True Silver Slash","floor":16},{"not_picked":["ats:Closed Bolt Burst Fire+1","ats:Flexible Camouflage","ats:Cat Scratch+1"],"picked":"SKIP","floor":18},{"not_picked":["ats:Cat Scratch","ats:Chain Hook"],"picked":"ats:Ignite+1","floor":20}],"player_experience":1163166,"relics_obtained":[{"floor":1,"key":"LetterFromLob"},{"floor":4,"key":"Bag of Preparation"},{"floor":6,"key":"ats:Originium"},{"floor":6,"key":"Replay:Baseball"},{"floor":9,"key":"reliquary:Buckler"}],"event_choices":[{"damage_healed":0,"gold_gain":0,"player_choice":"Donut","damage_taken":0,"max_hp_gain":5,"max_hp_loss":0,"event_name":"Big Fish","floor":3,"gold_loss":0},{"damage_healed":0,"gold_gain":0,"player_choice":"Relic","damage_taken":0,"max_hp_gain":0,"max_hp_loss":0,"event_name":"Wheel of Change","floor":4,"gold_loss":0}],"is_beta":false,"boss_relics":[{"not_picked":["Snecko Eye","Ring of Chaos"],"picked":"Replay:Grab Bag"},{"not_picked":["bronze:MakeshiftBattery","Replay:Wanted Poster"],"picked":"Cursed Key"},{"not_picked":["Philosopher\u0027s Stone","ats:Tactical Delivery"],"picked":"reliquary:KinkedSpring"},{"not_picked":["Replay:Drink Me","Pandora\u0027s Box"],"picked":"ats:Sanity Plus"}],"items_purged_floors":[0],"is_endless":false,"potions_floor_spawned":[1,5,6,14,16,18],"killed_by":"ruina:Woodsman","ascension_level":0}}