{"host":"en4narc5947t7k9n","time":1613720271,"event":{"mods":["AchievementEnabler","BaseMod","Colored Map","Minty Spire (QoL Compilation)","SuperFastMode"],"gold_per_floor":[115,115,115,115,1,1,32,55,55,70,70,85,109,34,34,159,159,172,46,46,46,70,70,70,84,84,84,48,74,173,197,197,320,320,344,365,698,78,94,129,129,144,144,193,193,193,193,50,50,50],"floor_reached":51,"language":"KOR","playtime":2576,"items_purged":["Strike_B","Strike_B","Defend_B"],"score":771,"play_id":"9c0f9270-75fe-4cd6-bd29-e7b2df73c60a","local_time":"20210219163751","is_ascension_mode":false,"campfire_choices":[{"data":"Glacier","floor":6,"key":"SMITH"},{"data":"Storm","floor":11,"key":"SMITH"},{"data":"Capacitor","floor":15,"key":"SMITH"},{"data":"Electrodynamics","floor":23,"key":"SMITH"},{"data":"Buffer","floor":27,"key":"SMITH"},{"data":"Dualcast","floor":32,"key":"SMITH"},{"data":"Seek","floor":41,"key":"SMITH"},{"data":"Amplify","floor":45,"key":"SMITH"},{"data":"Biased Cognition","floor":49,"key":"SMITH"}],"circlet_count":0,"master_deck":["Defend_B","Defend_B","Defend_B","Zap+1","Dualcast+1","Coolheaded","Glacier+1","Capacitor+1","Storm+1","Barrage","Compile Driver","Lockon","Biased Cognition+1","Gash","Beam Cell","Amplify+1","Buffer+1","Electrodynamics+1","Capacitor+1","Hologram+1","Self Repair","Sweeping Beam+1","Seek+1","Chaos","Self Repair+1","Bandage Up","White Noise+1","Hologram+1","Go for the Eyes","Skim+1","Dramatic Entrance+1","Thunder Strike+1"],"relics":["Cracked Core","NeowsBlessing","Bird Faced Urn","InkBottle","Mummified Hand","Philosopher\u0027s Stone","Enchiridion","Letter Opener","Blood Vial","Inserter","Toolbox","Matryoshka","Sundial","Ancient Tea Set","Molten Egg 2","Incense Burner"],"acts_visited":["Exordium","TheCity","TheBeyond"],"potions_floor_usage":[13,16,16,18,22,33,33,33,33,42,50],"damage_taken":[{"damage":0,"enemies":"Small Slimes","floor":1,"turns":1},{"damage":0,"enemies":"3 Sentries","floor":7,"turns":1},{"damage":0,"enemies":"Jaw Worm","floor":8,"turns":1},{"damage":3,"enemies":"Cultist","floor":10,"turns":4},{"damage":0,"enemies":"Exordium Thugs","floor":12,"turns":6},{"damage":0,"enemies":"Large Slime","floor":13,"turns":4},{"damage":9,"enemies":"Hexaghost","floor":16,"turns":8},{"damage":15,"enemies":"2 Thieves","floor":18,"turns":3},{"damage":0,"enemies":"Spheric Guardian","floor":22,"turns":3},{"damage":4,"enemies":"Centurion and Healer","floor":25,"turns":4},{"damage":0,"enemies":"Snake Plant","floor":31,"turns":2},{"damage":9,"enemies":"Champ","floor":33,"turns":5},{"damage":4,"enemies":"Orb Walker","floor":35,"turns":3},{"damage":21,"enemies":"3 Darklings","floor":36,"turns":3},{"damage":3,"enemies":"4 Shapes","floor":39,"turns":2},{"damage":0,"enemies":"Giant Head","floor":40,"turns":4},{"damage":15,"enemies":"Jaw Worm Horde","floor":42,"turns":2},{"damage":8,"enemies":"2 Orb Walkers","floor":44,"turns":3},{"damage":26,"enemies":"Awakened One","floor":50,"turns":4}],"seed_played":"3172184686711284154","potions_obtained":[{"floor":7,"key":"GamblersBrew"},{"floor":8,"key":"ColorlessPotion"},{"floor":10,"key":"PowerPotion"},{"floor":13,"key":"Energy Potion"},{"floor":16,"key":"Explosive Potion"},{"floor":18,"key":"FearPotion"},{"floor":25,"key":"EntropicBrew"},{"floor":35,"key":"FocusPotion"},{"floor":40,"key":"SpeedPotion"},{"floor":44,"key":"DuplicationPotion"}],"is_trial":false,"path_per_floor":["M","?","?","?","$","R","E","M","T","M","R","M","M","$","R","B",null,"M","$","?","?","M","R","?","M","T","R","$","T","?","M","R","B",null,"M","M","?","$","M","E","R","M","T","?","R","?","?","$","R","B",null],"character_chosen":"DEFECT","items_purchased":["Glacier","Lockon","Beam Cell","Self Repair","Bandage Up","Toolbox","Matryoshka","Thunder Strike+1"],"campfire_rested":0,"item_purchase_floors":[5,14,19,28,38,38,38,48],"current_hp_per_floor":[75,63,45,45,45,45,45,45,45,44,44,48,54,54,54,51,75,62,62,46,46,56,56,56,68,68,68,68,68,68,75,75,75,75,75,58,58,58,75,75,75,74,74,75,75,75,75,75,75,75],"gold":50,"neow_bonus":"THREE_ENEMY_KILL","is_daily":false,"chose_seed":false,"campfire_upgraded":9,"win_rate":0.0,"timestamp":1613720271,"path_taken":["M","?","?","?","$","R","E","M","T","M","R","?","M","$","R","BOSS","M","$","?","?","?","R","?","?","T","R","?","?","?","M","R","BOSS","M","M","?","$","M","E","R","M","T","?","R","?","?","$","R","BOSS"],"items_purchased_type":["Card","Card","Card","Card","Card","Relic","Relic","Card"],"build_version":"2020-12-22","purchased_purges":3,"victory":true,"max_hp_per_floor":[75,75,75,75,75,75,75,75,75,75,75,75,75,75,75,75,75,75,75,75,75,75,75,75,75,75,75,75,75,75,75,75,75,75,75,75,75,75,75,75,75,75,75,75,75,75,75,75,75,75],"card_choices":[{"not_picked":["Compile Driver","Beam Cell"],"picked":"Coolheaded","floor":1},{"not_picked":["Reprogram","Reinforced Body"],"picked":"Conserve Battery","floor":7},{"not_picked":["Force Field","Rebound"],"picked":"Capacitor","floor":8},{"not_picked":["Streamline","Barrage"],"picked":"Storm","floor":10},{"not_picked":["Sweeping Beam","Auto Shields"],"picked":"Barrage","floor":12},{"not_picked":["Gash","Storm"],"picked":"Compile Driver","floor":13},{"not_picked":["Reboot","Multi-Cast"],"picked":"Biased Cognition","floor":16},{"not_picked":["Barrage","Compile Driver"],"picked":"Gash","floor":18},{"not_picked":["Steam","Redo"],"picked":"Electrodynamics","floor":22},{"not_picked":["Fusion","Aggregate"],"picked":"Hologram+1","floor":25},{"not_picked":["Barrage","Steam Power+1"],"picked":"Sweeping Beam+1","floor":31},{"not_picked":["Fission","Echo Form"],"picked":"Seek","floor":33},{"not_picked":["Static Discharge+1","Coolheaded+1"],"picked":"Chaos","floor":35},{"not_picked":["Barrage","Steam+1"],"picked":"Self Repair+1","floor":36},{"not_picked":["Hologram","Steam+1"],"picked":"White Noise+1","floor":39},{"not_picked":["Sweeping Beam+1","Coolheaded+1"],"picked":"Hologram+1","floor":40},{"not_picked":["Sweeping Beam+1","Cold Snap+1"],"picked":"Go for the Eyes","floor":42},{"not_picked":["Chill","Reprogram+1"],"picked":"Skim+1","floor":44},{"not_picked":["Finesse","Blind"],"picked":"Dramatic Entrance+1","floor":47}],"player_experience":73609,"relics_obtained":[{"floor":7,"key":"InkBottle"},{"floor":9,"key":"Mummified Hand"},{"floor":20,"key":"Enchiridion"},{"floor":26,"key":"Letter Opener"},{"floor":29,"key":"Blood Vial"},{"floor":40,"key":"Sundial"},{"floor":43,"key":"Ancient Tea Set"},{"floor":43,"key":"Molten Egg 2"},{"floor":44,"key":"Incense Burner"}],"event_choices":[{"damage_healed":0,"gold_gain":0,"player_choice":"Success","damage_taken":12,"relics_obtained":["Bird Faced Urn"],"max_hp_gain":0,"max_hp_loss":0,"event_name":"Scrap Ooze","floor":2,"gold_loss":0},{"damage_healed":0,"gold_gain":0,"player_choice":"Take Damage","damage_taken":18,"relics_obtained":["Golden Idol"],"max_hp_gain":0,"max_hp_loss":0,"event_name":"Golden Idol","floor":3,"gold_loss":0},{"damage_healed":0,"gold_gain":0,"player_choice":"Upgraded","damage_taken":0,"max_hp_gain":0,"max_hp_loss":0,"event_name":"Upgrade Shrine","floor":4,"gold_loss":0,"cards_upgraded":["Zap"]},{"damage_healed":0,"gold_gain":0,"player_choice":"Obtained Book","damage_taken":16,"max_hp_gain":0,"max_hp_loss":0,"event_name":"Cursed Tome","floor":20,"gold_loss":0},{"damage_healed":0,"gold_gain":0,"cards_transformed":["Strike_B","Strike_B"],"player_choice":"Became Test Subject","damage_taken":0,"max_hp_gain":0,"max_hp_loss":0,"event_name":"Drug Dealer","floor":21,"gold_loss":0,"cards_obtained":["Amplify","Buffer"]},{"damage_healed":0,"gold_gain":0,"player_choice":"Copied","damage_taken":0,"max_hp_gain":0,"max_hp_loss":0,"event_name":"Duplicator","floor":24,"gold_loss":0,"cards_obtained":["Capacitor"]},{"damage_healed":0,"gold_gain":99,"player_choice":"Stole From Cult","damage_taken":0,"max_hp_gain":0,"max_hp_loss":0,"event_name":"Nest","floor":30,"gold_loss":0},{"damage_healed":0,"gold_gain":333,"player_choice":"Gave Idol","damage_taken":0,"max_hp_gain":0,"max_hp_loss":0,"event_name":"The Moai Head","floor":37,"relics_lost":["Golden Idol"],"gold_loss":0},{"damage_healed":0,"gold_gain":0,"player_choice":"Fight","damage_taken":0,"max_hp_gain":0,"max_hp_loss":0,"event_name":"Mysterious Sphere","floor":44,"gold_loss":0},{"cards_removed":["Conserve Battery"],"damage_healed":0,"gold_gain":0,"player_choice":"Removed Skill","damage_taken":0,"max_hp_gain":0,"max_hp_loss":0,"event_name":"Falling","floor":46,"gold_loss":0},{"damage_healed":0,"gold_gain":0,"player_choice":"Memory 1","damage_taken":0,"max_hp_gain":0,"max_hp_loss":0,"event_name":"SensoryStone","floor":47,"gold_loss":0}],"is_beta":false,"boss_relics":[{"not_picked":["Astrolabe","Calling Bell"],"picked":"Philosopher\u0027s Stone"},{"not_picked":["Coffee Dripper","Sozu"],"picked":"Inserter"}],"items_purged_floors":[5,19,38],"is_endless":false,"potions_floor_spawned":[7,8,10,13,16,18,25,35,40,44],"ascension_level":0}}