{"host":"u7lm8z2rvb4dg2oo","time":1613713147,"event":{"mods":["AchievementEnabler","BaseMod","Bestiary","Block Reminder","Colored Map","Colored Powertips","Curses Come First","DeckTracker","Googly Eyes","Highlight Path","Minty Spire (QoL Compilation)","Quick Restart","StSLib"],"gold_per_floor":[19,35,45,57,15,15,30,30,99,121,140,51,69,84,84,84,84],"floor_reached":16,"language":"ENG","playtime":809,"items_purged":[],"score":178,"play_id":"fd1abe9d-aaaa-4162-aca6-13dffe035dac","local_time":"20210219003907","is_ascension_mode":true,"campfire_choices":[{"floor":6,"key":"REST"},{"floor":15,"key":"REST"}],"circlet_count":0,"master_deck":["AscendersBane","Strike_G","Strike_G","Strike_G","Strike_G","Strike_G","Defend_G","Defend_G","Defend_G","Defend_G","Defend_G","Survivor","Neutralize","Adrenaline","Bouncing Flask","Dash","Choke","Backstab","Footwork","Cloak And Dagger","Blur","Backstab","Footwork"],"relics":["Ring of the Snake","Ginger","Sundial","Odd Mushroom"],"acts_visited":[],"potions_floor_usage":[13,13,16],"damage_taken":[{"damage":18.0,"enemies":"Jaw Worm","floor":1.0,"turns":7.0},{"damage":3.0,"enemies":"2 Louse","floor":2.0,"turns":4.0},{"damage":6.0,"enemies":"Small Slimes","floor":3.0,"turns":2.0},{"damage":21.0,"enemies":"Exordium Thugs","floor":4.0,"turns":7.0},{"damage":2,"enemies":"Looter","floor":7,"turns":3},{"damage":17,"enemies":"The Mushroom Lair","floor":10,"turns":4},{"damage":0,"enemies":"Blue Slaver","floor":11,"turns":3},{"damage":0,"enemies":"Large Slime","floor":13,"turns":4},{"damage":6,"enemies":"Exordium Thugs","floor":14,"turns":4},{"damage":53,"enemies":"Slime Boss","floor":16,"turns":9}],"seed_played":"-2214421452171086968","potions_obtained":[{"floor":2.0,"key":"Swift Potion"},{"floor":7,"key":"Swift Potion"},{"floor":10,"key":"CunningPotion"},{"floor":14,"key":"Regen Potion"}],"is_trial":false,"path_per_floor":["M","M","M","M","$","R","M","?","T","?","M","$","M","M","R","B"],"character_chosen":"THE_SILENT","items_purchased":["Backstab","Blur"],"campfire_rested":2,"item_purchase_floors":[5,12],"current_hp_per_floor":[41,38,32,11,11,30,28,28,28,11,11,11,11,5,24,0,0],"gold":84,"neow_bonus":"THREE_RARE_CARDS","is_daily":false,"chose_seed":false,"campfire_upgraded":0,"win_rate":0.0,"timestamp":1613713147,"path_taken":["M","M","M","M","$","R","M","?","T","?","M","?","?","M","R","BOSS"],"items_purchased_type":["Card","Card"],"build_version":"2020-12-22","purchased_purges":0,"victory":false,"max_hp_per_floor":[66,66,66,66,66,66,66,66,66,66,66,66,66,66,66,66,66],"card_choices":[{"not_picked":["Malaise","Phantasmal Killer"],"picked":"Adrenaline","floor":0.0},{"not_picked":["Dagger Throw","Poisoned Stab"],"picked":"Bouncing Flask","floor":1.0},{"not_picked":["Choke","Crippling Poison"],"picked":"Dash","floor":2.0},{"not_picked":["Accuracy","All Out Attack","Blade Dance"],"picked":"SKIP","floor":3.0},{"not_picked":["Tactician","Prepared"],"picked":"Choke","floor":4.0},{"not_picked":["Choke","PiercingWail"],"picked":"Footwork","floor":7},{"not_picked":["Slice","Outmaneuver"],"picked":"Cloak And Dagger","floor":10},{"not_picked":["Deflect","Dagger Spray","Underhanded Strike"],"picked":"SKIP","floor":11},{"not_picked":["Concentrate","Dodge and Roll"],"picked":"Backstab","floor":13},{"not_picked":["Dodge and Roll","Escape Plan"],"picked":"Footwork","floor":14}],"player_experience":1112110,"relics_obtained":[{"floor":9,"key":"Sundial"},{"floor":10,"key":"Odd Mushroom"}],"event_choices":[{"damage_healed":0,"gold_gain":0,"player_choice":"Searched \u00271\u0027 times","damage_taken":0,"relics_obtained":["Ginger"],"max_hp_gain":0,"max_hp_loss":0,"event_name":"Dead Adventurer","floor":8,"gold_loss":0},{"damage_healed":0,"gold_gain":0,"player_choice":"Fought Mushrooms","damage_taken":0,"max_hp_gain":0,"max_hp_loss":0,"event_name":"Mushrooms","floor":10,"gold_loss":0}],"is_beta":false,"boss_relics":[],"items_purged_floors":[],"is_endless":false,"potions_floor_spawned":[2,7,10,14],"killed_by":"Slime Boss","ascension_level":17}}