{"host":"lvglfvqy3xrupc2a","time":1613708263,"event":{"mods":["Act Like it!","Aspiration","BaseMod","Better Altar","Better Match","Better Note","Better Sensory Stone","Better Skull","Better Third Choice","BetterRewards","Conspire","Friendly Minions","Gensokyo","Grow up Mod","Hubris","HumanHunterMod(????mod)","Humility","Infinite Spire","Lobotomy","LobotomyExtend","Mimic Mod","Minty Spire (QoL Compilation)","MostiFishMod","Remove Card Discount Mod","Replay The Spire","Reworked Bosses","Ruina","Spicy Shops","StSLib","The Bladedancer","The Blue Laboratory","Uncapped","[IsaacMod]????"],"gold_per_floor":[118,133,133,133,144,171,186,186,186],"floor_reached":8,"language":"ENG","playtime":466,"items_purged":[],"score":134,"play_id":"c1ce9891-a860-479f-ac53-e6f7bab99e4c","local_time":"20210218221743","is_ascension_mode":true,"campfire_choices":[],"circlet_count":0,"master_deck":["blademaster:Strike","blademaster:Strike","blademaster:Strike","blademaster:Strike","blademaster:Defend","blademaster:Defend","blademaster:Defend","blademaster:Defend","blademaster:RagingBlow","blademaster:HighVoltage","OSAHOGD","blademaster:AspectOfWind","blademaster:Sharpen","ShyLook","blademaster:EyeOfTheStorm","MHz","blademaster:AirSlash","UniverseFragment","blademaster:AwakeningDefend"],"relics":["blademaster:DancersAmulet","HushsDoor","DaveBox","CogitoBucket","RabbitCall","AnarchistCookbook","DianPoetry","SynthV:TestCard","LetterFromLob"],"acts_visited":["Exordium"],"potions_floor_usage":[8],"damage_taken":[{"damage":0,"enemies":"Cultist","floor":1,"turns":4},{"damage":29,"enemies":"Jaw Worm","floor":2,"turns":5},{"damage":0,"enemies":"2 Louse","floor":5,"turns":3},{"damage":39,"enemies":"Lagavulin","floor":6,"turns":10},{"damage":22,"enemies":"2 Fungi Beasts","floor":7,"turns":2},{"damage":22,"enemies":"3 Sentries","floor":8,"turns":3}],"seed_played":"-5410011042939487176","potions_obtained":[{"floor":2,"key":"blueLaboratory:BottleOfRum"},{"floor":6,"key":"blueLaboratory:LouseDecoction"},{"floor":7,"key":"Energy Potion"}],"is_trial":false,"path_per_floor":["M","M","?","?","M","E","M","E"],"character_chosen":"THE_BLADEMASTER","items_purchased":[],"campfire_rested":0,"item_purchase_floors":[],"current_hp_per_floor":[88,69,79,89,99,70,58,36,36],"gold":186,"neow_bonus":"","is_daily":false,"chose_seed":false,"campfire_upgraded":0,"win_rate":0.0,"timestamp":1613708263,"path_taken":["M","?","?","?","M","E","M","E"],"items_purchased_type":[],"build_version":"2020-12-22","purchased_purges":0,"victory":false,"max_hp_per_floor":[95,105,115,125,135,145,155,155,155],"card_choices":[{"not_picked":[],"picked":"Bomb","floor":0},{"not_picked":["CherryBlossoms","GalaxyChild"],"picked":"OSAHOGD","floor":1},{"not_picked":["blademaster:AirSlash","blademaster:IcyWind"],"picked":"blademaster:AspectOfWind","floor":1},{"not_picked":["SpiderBud","Wellcheers","Bloodbath"],"picked":"Singing Bowl","floor":2},{"not_picked":["blademaster:Slice","blademaster:DragonStrike","blademaster:Havoc","blademaster:AspectOfLightning"],"picked":"blademaster:Sharpen","floor":2},{"not_picked":["BeautyBeast","LongBird"],"picked":"ShyLook","floor":5},{"not_picked":["blademaster:LightningDraw","blademaster:Frenzy","blademaster:LightningCrash","blademaster:AncestralHealing"],"picked":"blademaster:EyeOfTheStorm","floor":5},{"not_picked":["MeatLantern","SpiderBud"],"picked":"MHz","floor":6},{"not_picked":["blademaster:ParryingStrike","blademaster:Momentum","blademaster:DeadlyDance","blademaster:Gust"],"picked":"blademaster:AirSlash","floor":6},{"not_picked":["SpiderBud","CherryBlossoms"],"picked":"UniverseFragment","floor":7},{"not_picked":["blademaster:SlyStabs","blademaster:ParryingStrike","blademaster:AspectOfWind","blademaster:Overcharge"],"picked":"blademaster:AwakeningDefend","floor":7}],"player_experience":1119719,"relics_obtained":[{"floor":1,"key":"SynthV:TestCard"},{"floor":1,"key":"LetterFromLob"},{"floor":6,"key":"blademaster:RandomBladePerk"}],"event_choices":[{"damage_healed":0,"gold_gain":0,"player_choice":"Ignored","damage_taken":0,"max_hp_gain":0,"max_hp_loss":0,"event_name":"Purifier","floor":3,"gold_loss":0}],"is_beta":false,"boss_relics":[],"items_purged_floors":[],"is_endless":false,"potions_floor_spawned":[2,6,7],"killed_by":"3 Sentries","ascension_level":9,"is_humility":true}}