{"host":"snampf0t8p8psf53","time":1613719481,"event":{"mods":["AchievementEnabler","BaseMod","Bestiary","DeckTracker","Minty Spire (QoL Compilation)","Permanent Neow","SuperFastMode"],"gold_per_floor":[130,142,154,341,373,385,416,428,440,481,493,35,35,61,61,163,163,163,163,163,163,163,163,163,163,163,163,163,163,163,163,163,163,163,163,163,163,163,163,163,163,163,163,18,18,18,18,18,18,18],"floor_reached":51,"language":"ENG","playtime":3932,"items_purged":["Doubt"],"score":728,"play_id":"b917b6af-af53-48a0-a159-94fd123e4bbd","local_time":"20210218232441","is_ascension_mode":false,"campfire_choices":[{"data":"Neutralize","floor":6,"key":"SMITH"},{"data":"Survivor","floor":8,"key":"SMITH"},{"data":"Malaise","floor":13,"key":"SMITH"},{"floor":15,"key":"REST"},{"floor":23,"key":"REST"},{"data":"Adrenaline","floor":27,"key":"SMITH"},{"floor":32,"key":"REST"},{"floor":41,"key":"REST"},{"floor":47,"key":"REST"},{"data":"Terror","floor":49,"key":"SMITH"}],"circlet_count":0,"master_deck":["Strike_G","Strike_G","Strike_G","Strike_G","Strike_G","Defend_G","Defend_G","Defend_G","Defend_G","Defend_G","Survivor+1","Neutralize+1","Malaise+1","Noxious Fumes+1","Leg Sweep","Caltrops+1","Adrenaline+1","Backflip+1","Terror+1","Caltrops+1","Backflip","Cloak And Dagger","PiercingWail","Well Laid Plans+1","After Image+1","PiercingWail","Noxious Fumes+1","Leg Sweep","A Thousand Cuts+1","Bandage Up"],"relics":["Ring of the Snake","MawBank","Bag of Preparation","Frozen Egg 2","Pantograph","Question Card","Centennial Puzzle","Ectoplasm","Old Coin","HornCleat","Lantern","HoveringKite","Juzu Bracelet","StoneCalendar","Regal Pillow","Peace Pipe"],"acts_visited":["TheCity","TheBeyond"],"potions_floor_usage":[14,16,16,24,33,40,50,50,50],"damage_taken":[{"damage":8.0,"enemies":"2 Louse","floor":1.0,"turns":2.0},{"damage":0,"enemies":"Small Slimes","floor":5,"turns":3},{"damage":11,"enemies":"Jaw Worm","floor":7,"turns":3},{"damage":24,"enemies":"Lagavulin","floor":10,"turns":8},{"damage":14,"enemies":"Gremlin Nob","floor":14,"turns":5},{"damage":2,"enemies":"Hexaghost","floor":16,"turns":9},{"damage":10,"enemies":"3 Byrds","floor":18,"turns":2},{"damage":16,"enemies":"Spheric Guardian","floor":19,"turns":7},{"damage":4,"enemies":"Centurion and Healer","floor":21,"turns":9},{"damage":24,"enemies":"Gremlin Leader","floor":24,"turns":7},{"damage":1,"enemies":"Cultist and Chosen","floor":25,"turns":5},{"damage":0,"enemies":"Snake Plant","floor":28,"turns":3},{"damage":12,"enemies":"Centurion and Healer","floor":30,"turns":6},{"damage":1,"enemies":"Cultist and Chosen","floor":31,"turns":5},{"damage":54,"enemies":"Automaton","floor":33,"turns":13},{"damage":6,"enemies":"Orb Walker","floor":35,"turns":5},{"damage":5,"enemies":"3 Darklings","floor":36,"turns":6},{"damage":7,"enemies":"4 Shapes","floor":39,"turns":7},{"damage":30,"enemies":"Nemesis","floor":40,"turns":11},{"damage":30,"enemies":"Jaw Worm Horde","floor":42,"turns":5},{"damage":0,"enemies":"Mind Bloom Boss Battle","floor":46,"turns":6},{"damage":0,"enemies":"Time Eater","floor":50,"turns":11}],"seed_played":"-8986601392577393495","potions_obtained":[{"floor":1,"key":"Swift Potion"},{"floor":7,"key":"AttackPotion"},{"floor":14,"key":"LiquidBronze"},{"floor":21,"key":"Energy Potion"},{"floor":28,"key":"DistilledChaos"},{"floor":30,"key":"ColorlessPotion"},{"floor":33,"key":"SneckoOil"},{"floor":36,"key":"Energy Potion"},{"floor":40,"key":"CultistPotion"},{"floor":42,"key":"EssenceOfSteel"},{"floor":46,"key":"DuplicationPotion"}],"is_trial":false,"path_per_floor":["M","?","?","?","M","R","M","R","T","E","$","$","R","E","R","B",null,"M","M","?","M","?","R","E","M","T","R","M","T","M","M","R","B",null,"M","M","?","?","M","E","R","M","T","$","?","?","R","?","R","B",null],"character_chosen":"THE_SILENT","items_purchased":["Noxious Fumes+1","Leg Sweep","Question Card","A Thousand Cuts+1"],"campfire_rested":5,"item_purchase_floors":[12,12,12,44],"current_hp_per_floor":[62,62,59,59,59,59,48,48,48,24,24,24,24,10,31,54,70,60,44,31,27,27,49,25,24,24,24,24,24,12,11,33,4,75,69,64,64,64,57,27,49,19,19,19,19,48,75,75,75,75],"gold":18,"neow_bonus":"RANDOM_COMMON_RELIC","is_daily":false,"chose_seed":false,"campfire_upgraded":5,"win_rate":0.0,"timestamp":1613719481,"path_taken":["M","?","?","?","M","R","?","R","T","E","?","$","R","E","R","BOSS","M","M","?","M","?","R","E","?","T","R","M","?","M","M","R","BOSS","M","?","?","?","M","E","R","M","T","?","?","?","R","?","R","BOSS"],"items_purchased_type":["Card","Card","Relic","Card"],"build_version":"2020-12-22","purchased_purges":1,"victory":true,"max_hp_per_floor":[70,70,70,70,70,70,70,70,70,70,70,70,70,70,70,70,70,70,70,75,75,75,75,75,75,75,75,75,75,75,75,75,75,75,75,75,75,75,75,75,75,75,75,75,75,75,75,75,75,75],"card_choices":[{"not_picked":["Finisher","Underhanded Strike"],"picked":"Predator","floor":1},{"not_picked":["Quick Slash","Deadly Poison","Poisoned Stab"],"picked":"SKIP","floor":5},{"not_picked":["Eviscerate","Underhanded Strike","Expertise"],"picked":"SKIP","floor":7},{"not_picked":["Sucker Punch","Slice"],"picked":"Malaise","floor":10},{"not_picked":["Cloak And Dagger","Riddle With Holes","Deadly Poison"],"picked":"Caltrops+1","floor":14},{"not_picked":["Malaise","A Thousand Cuts+1","Venomology"],"picked":"Adrenaline","floor":16},{"not_picked":["Backstab","Flying Knee","Accuracy+1"],"picked":"Backflip+1","floor":18},{"not_picked":["Eviscerate","Poisoned Stab","Bane","Deflect"],"picked":"SKIP","floor":19},{"not_picked":["Bane","Blur","Leg Sweep"],"picked":"Terror","floor":21},{"not_picked":["Bane","Underhanded Strike","Acrobatics"],"picked":"Caltrops+1","floor":24},{"not_picked":["Crippling Poison","Distraction","Prepared"],"picked":"Backflip","floor":25},{"not_picked":["Acrobatics+1","Flying Knee","Prepared"],"picked":"Cloak And Dagger","floor":28},{"not_picked":["Blade Dance","Die Die Die","Cloak And Dagger"],"picked":"PiercingWail","floor":30},{"not_picked":["Escape Plan","Choke","Dodge and Roll"],"picked":"Well Laid Plans+1","floor":31},{"not_picked":["Burst","Grand Finale","A Thousand Cuts+1"],"picked":"After Image+1","floor":33},{"not_picked":["Dagger Throw","Blur+1","All Out Attack","Outmaneuver"],"picked":"SKIP","floor":35},{"not_picked":["Deflect+1","Blade Dance+1","Underhanded Strike+1","Dagger Spray"],"picked":"SKIP","floor":36},{"not_picked":["Tactician+1","Dagger Spray+1","Predator"],"picked":"PiercingWail","floor":39},{"not_picked":["Endless Agony+1","Deflect","Concentrate"],"picked":"Noxious Fumes+1","floor":40},{"not_picked":["Escape Plan+1","Deadly Poison+1","Slice+1"],"picked":"Leg Sweep","floor":42},{"not_picked":["Secret Technique","Panache+1","Discovery"],"picked":"Bandage Up","floor":45}],"player_experience":109184,"relics_obtained":[{"floor":9,"key":"Frozen Egg 2"},{"floor":10,"key":"Pantograph"},{"floor":14,"key":"Centennial Puzzle"},{"floor":24,"key":"Old Coin"},{"floor":26,"key":"HornCleat"},{"floor":29,"key":"Lantern"},{"floor":40,"key":"StoneCalendar"},{"floor":43,"key":"Regal Pillow"},{"floor":46,"key":"Peace Pipe"}],"event_choices":[{"damage_healed":0,"gold_gain":0,"player_choice":"Grow","damage_taken":0,"max_hp_gain":0,"max_hp_loss":0,"event_name":"Living Wall","floor":2,"gold_loss":0,"cards_upgraded":["Predator"]},{"damage_healed":0,"gold_gain":0,"player_choice":"Success","damage_taken":3,"relics_obtained":["Bag of Preparation"],"max_hp_gain":0,"max_hp_loss":0,"event_name":"Scrap Ooze","floor":3,"gold_loss":0},{"damage_healed":0,"gold_gain":175,"player_choice":"AGREE","damage_taken":0,"max_hp_gain":0,"max_hp_loss":0,"event_name":"Liars Game","floor":4,"gold_loss":0,"cards_obtained":["Doubt"]},{"damage_healed":0,"gold_gain":0,"player_choice":"Shed Blood","damage_taken":18,"max_hp_gain":5,"max_hp_loss":0,"event_name":"Forgotten Altar","floor":20,"gold_loss":0},{"damage_healed":0,"gold_gain":100,"player_choice":"Pray","damage_taken":0,"max_hp_gain":0,"max_hp_loss":0,"event_name":"Golden Shrine","floor":22,"gold_loss":0},{"damage_healed":0,"gold_gain":0,"player_choice":"Gave Potion","damage_taken":0,"relics_obtained":["Juzu Bracelet"],"max_hp_gain":0,"max_hp_loss":0,"event_name":"WeMeetAgain","floor":37,"gold_loss":0},{"damage_healed":0,"gold_gain":0,"player_choice":"Ignored","damage_taken":0,"max_hp_gain":0,"max_hp_loss":0,"event_name":"Golden Shrine","floor":38,"gold_loss":0},{"damage_healed":0,"gold_gain":0,"player_choice":"Memory 1","damage_taken":0,"max_hp_gain":0,"max_hp_loss":0,"event_name":"SensoryStone","floor":45,"gold_loss":0},{"damage_healed":0,"gold_gain":0,"player_choice":"Fight","damage_taken":0,"max_hp_gain":0,"max_hp_loss":0,"event_name":"MindBloom","floor":46,"gold_loss":0},{"cards_removed":["Predator"],"damage_healed":0,"gold_gain":0,"player_choice":"Removed Attack","damage_taken":0,"max_hp_gain":0,"max_hp_loss":0,"event_name":"Falling","floor":48,"gold_loss":0}],"is_beta":false,"boss_relics":[{"not_picked":["Velvet Choker","SlaversCollar"],"picked":"Ectoplasm"},{"not_picked":["Astrolabe","Pandora\u0027s Box"],"picked":"HoveringKite"}],"items_purged_floors":[12],"is_endless":false,"potions_floor_spawned":[1,7,14,21,28,30,33,36,40,42,46],"ascension_level":0}}