{"host":"rc0y5s0pznrxft0n","time":1613697590,"event":{"mods":["BaseMod","Downfall","Minty Spire (QoL Compilation)","StSLib"],"gold_per_floor":[0,40,40,79,117,177,251,288,306,339,379,41,41,0,43,169,169,169,213,229,18,36,36,108,193,219,106,106,141,141,200,213,312,312,312,322,340,39,82,101,124,124,140,173,183,199,224,224,244,244],"floor_reached":51,"language":"ENG","playtime":4561,"items_purged":["bronze:Strike"],"score":864,"play_id":"420025b7-a208-4124-b52a-f4999ae78ed6","local_time":"20210218201949","is_ascension_mode":true,"campfire_choices":[{"data":"HandOfGreed","floor":1.0,"key":"SMITH"},{"floor":13.0,"key":"REST"},{"data":"bronze:Optimize","floor":18.0,"key":"SMITH"},{"data":"bronze:ItsAFeature","floor":23.0,"key":"SMITH"},{"data":"expansioncontent:StudyTheSpire","floor":35.0,"key":"SMITH"}],"circlet_count":0,"master_deck":["bronze:Strike+1","bronze:Strike","bronze:Defend","bronze:Defend","bronze:Defend","bronze:Defend","bronze:Replicate+1","bronze:Goto","bronze:ChosenStrike","bronze:ForceShield","bronze:ItsAFeature+1","bronze:DelayedGuard","bronze:DelayedSlice","bronze:Boost","bronze:CleanCode","bronze:Iterate+1","Bandage Up","bronze:Branch+1","bronze:WhirlingStrike+1","bronze:Optimize+1","bronze:AlphaBuild+1","bronze:Refactor","bronze:Branch+1","expansioncontent:StudyTheSpire+1","bronze:DigitalCarnage+1","bronze:Deprecate+1","bronze:InfiniteBeams+1","bronze:Shield","bronze:CutThrough+1","bronze:Frontload+1","Pain","bronze:Repair+1"],"relics":["bronze:BronzeCore","hexamod:BolsterEngine","Blue Candle","Molten Egg 2","Ornamental Fan","Busted Crown","Oddly Smooth Stone","Pantograph","Whetstone","HandDrill","Meat on the Bone","Cursed Key","Mummified Hand","Bag of Marbles","Potion Belt","Omamori"],"acts_visited":["Exordium","TheCity","TheBeyond"],"potions_floor_usage":[50],"damage_taken":[{"damage":0.0,"enemies":"Small Slimes","floor":2.0,"turns":2.0},{"damage":0.0,"enemies":"Cultist","floor":4.0,"turns":2.0},{"damage":0.0,"enemies":"2 Louse","floor":5.0,"turns":2.0},{"damage":19.0,"enemies":"Lagavulin","floor":6.0,"turns":6.0},{"damage":0.0,"enemies":"downfall:LooterAlt","floor":8.0,"turns":2.0},{"damage":2.0,"enemies":"Blue Slaver","floor":9.0,"turns":3.0},{"damage":13.0,"enemies":"Gremlin Nob","floor":10.0,"turns":3.0},{"damage":0.0,"enemies":"Large Slime","floor":11.0,"turns":3.0},{"damage":0.0,"enemies":"downfall:FleeingMerchant","floor":12.0,"turns":4.0},{"damage":0.0,"enemies":"downfall:FleeingMerchant","floor":14.0,"turns":4.0},{"damage":4.0,"enemies":"3 Louse","floor":15.0,"turns":3.0},{"damage":13.0,"enemies":"IC_STATUS_ARCHETYPE","floor":16.0,"turns":5.0},{"damage":7.0,"enemies":"3 Byrds","floor":19.0,"turns":6.0},{"damage":0.0,"enemies":"Spheric Guardian","floor":20.0,"turns":3.0},{"damage":0.0,"enemies":"downfall:FleeingMerchant","floor":21.0,"turns":4.0},{"damage":0.0,"enemies":"3 Cultists","floor":22.0,"turns":5.0},{"damage":23.0,"enemies":"Book of Stabbing","floor":26.0,"turns":4.0},{"damage":3.0,"enemies":"downfall:FleeingMerchant","floor":27.0,"turns":4.0},{"damage":2.0,"enemies":"Chosen and Byrds","floor":29.0,"turns":3.0},{"damage":3.0,"enemies":"Gremlin Leader","floor":31.0,"turns":4.0},{"damage":18.0,"enemies":"Snake Plant","floor":32.0,"turns":3.0},{"damage":22.0,"enemies":"SI_MIRROR_ARCHETYPE","floor":33.0,"turns":6.0},{"damage":5.0,"enemies":"3 Darklings","floor":36.0,"turns":3.0},{"damage":16.0,"enemies":"Orb Walker","floor":37.0,"turns":3.0},{"damage":0.0,"enemies":"Sphere and 2 Shapes","floor":39.0,"turns":7.0},{"damage":1.0,"enemies":"Maw","floor":40.0,"turns":6.0},{"damage":47.0,"enemies":"Transient","floor":43.0,"turns":5.0},{"damage":1.0,"enemies":"Giant Head","floor":44.0,"turns":7.0},{"damage":6.0,"enemies":"4 Shapes","floor":45.0,"turns":5.0},{"damage":9.0,"enemies":"3 Darklings","floor":46.0,"turns":4.0},{"damage":33.0,"enemies":"Nemesis","floor":47.0,"turns":5.0},{"damage":0,"enemies":"Sphere and 2 Shapes","floor":49,"turns":4},{"damage":45,"enemies":"WA_ARCHETYPE_DIVINITY","floor":50,"turns":10}],"seed_played":"5831899910779777624","potions_obtained":[{"floor":5.0,"key":"AttackPotion"},{"floor":6.0,"key":"bronze:BurnAndBuffPotion"},{"floor":8.0,"key":"FearPotion"},{"floor":11.0,"key":"Weak Potion"},{"floor":16.0,"key":"Dexterity Potion"},{"floor":19.0,"key":"Block Potion"},{"floor":22.0,"key":"AttackPotion"},{"floor":29.0,"key":"Fruit Juice"},{"floor":30.0,"key":"CultistPotion"},{"floor":31.0,"key":"bronze:BurnAndBuffPotion"},{"floor":33.0,"key":"Dexterity Potion"},{"floor":36.0,"key":"Ancient Potion"},{"floor":40.0,"key":"champ:CounterPotion"},{"floor":44.0,"key":"hexamod:SoulburnPotion"},{"floor":45.0,"key":"GamblersBrew"},{"floor":46.0,"key":"AttackPotion"}],"is_trial":false,"path_per_floor":["R","M","?","M","M","E","T","M","M","E","M","$","R","$","M","B",null,"R","M","M","$","M","R","T","?","E","$","?","M","?","E","M","B",null,"R","M","M","$","M","M","T","?","M","E","M","M","E","?","M","B",null],"character_chosen":"THE_AUTOMATON","items_purchased":["Ornamental Fan","Bandage Up","bronze:WhirlingStrike+1","Oddly Smooth Stone","Weak Potion","expansioncontent:StudyTheSpire","HandDrill","Explosive Potion","Mummified Hand","bronze:Shield"],"campfire_rested":1,"item_purchase_floors":[12,12,14,21,21,27,27,27,38,38],"current_hp_per_floor":[70,70,70,70,70,51,51,51,49,36,36,36,57,61,61,52,70,70,63,67,70,70,70,70,56,33,30,30,33,33,30,28,47,75,75,70,54,54,58,61,61,61,40,43,41,46,39,85,85,50],"gold":244,"neow_bonus":"RANDOM_COLORLESS_2","is_daily":false,"chose_seed":false,"campfire_upgraded":4,"win_rate":0.0,"timestamp":1613697589,"path_taken":["R","M","?","M","M","E","T","M","M","E","M","$","R","?","M","BOSS","R","M","M","$","M","R","T","?","E","$","?","M","?","E","M","BOSS","R","M","M","$","M","M","T","?","M","E","M","M","E","?","M","BOSS"],"items_purchased_type":["Relic","Card","Card","Relic","Potion","Card","Relic","Potion","Relic","Card"],"build_version":"2020-12-22","purchased_purges":1,"victory":true,"max_hp_per_floor":[70,70,70,70,70,70,70,70,70,70,70,70,70,70,70,70,70,70,70,70,70,70,70,70,70,70,70,70,75,75,75,75,75,75,75,75,75,75,75,75,75,75,75,75,75,75,75,85,85,85],"card_choices":[{"not_picked":["Thinking Ahead","Metamorphosis"],"picked":"HandOfGreed","floor":0.0},{"not_picked":["bronze:ClassDefault","bronze:Iterate"],"picked":"bronze:ChosenStrike","floor":2.0},{"not_picked":["bronze:NullPointer","bronze:Iterate"],"picked":"bronze:ForceShield","floor":4.0},{"not_picked":["bronze:Turbo","bronze:ChosenStrike"],"picked":"bronze:ItsAFeature","floor":5.0},{"not_picked":["bronze:BugBarrage","bronze:Allocate"],"picked":"bronze:DelayedGuard","floor":6.0},{"not_picked":["bronze:ChosenStrike","bronze:Optimize"],"picked":"bronze:DelayedSlice","floor":8.0},{"not_picked":["bronze:WildBeam","bronze:Constructor"],"picked":"bronze:Boost","floor":9.0},{"not_picked":["bronze:NullPointer+1","bronze:ForLoop"],"picked":"bronze:CleanCode","floor":10.0},{"not_picked":["bronze:ForceShield","bronze:BuggyMess"],"picked":"bronze:Iterate+1","floor":11.0},{"not_picked":["bronze:ChosenStrike+1","bronze:WildBeam+1","bronze:Turbo"],"picked":"SKIP","floor":12.0},{"not_picked":["bronze:ClassDefault","bronze:Overheat+1"],"picked":"bronze:Branch+1","floor":14.0},{"not_picked":["bronze:BuggyMess","bronze:CutThrough+1"],"picked":"bronze:Optimize","floor":15.0},{"not_picked":["bronze:FindAndReplace","bronze:BurnOut+1"],"picked":"bronze:AlphaBuild+1","floor":16.0},{"not_picked":["bronze:Separator+1"],"picked":"SKIP","floor":19.0},{"not_picked":[],"picked":"bronze:Refactor","floor":20.0},{"not_picked":["bronze:WildBeam+1"],"picked":"SKIP","floor":21.0},{"not_picked":["bronze:Terminator"],"picked":"SKIP","floor":22.0},{"not_picked":["bronze:HyperBeam+1"],"picked":"SKIP","floor":26.0},{"not_picked":[],"picked":"bronze:Branch+1","floor":27.0},{"not_picked":[],"picked":"bronze:DigitalCarnage+1","floor":29.0},{"not_picked":["bronze:CutThrough+1"],"picked":"SKIP","floor":31.0},{"not_picked":[],"picked":"bronze:Deprecate+1","floor":32.0},{"not_picked":[],"picked":"bronze:InfiniteBeams+1","floor":36.0},{"not_picked":["bronze:Safeguard+1"],"picked":"SKIP","floor":37.0},{"not_picked":[],"picked":"bronze:CutThrough+1","floor":39.0},{"not_picked":[],"picked":"bronze:Frontload+1","floor":40.0},{"not_picked":["bronze:Shield+1"],"picked":"SKIP","floor":43.0},{"not_picked":["bronze:Optimize+1"],"picked":"SKIP","floor":44.0},{"not_picked":[],"picked":"bronze:Repair+1","floor":45.0},{"not_picked":["bronze:FineTuning"],"picked":"SKIP","floor":46.0},{"not_picked":["bronze:WildBeam+1"],"picked":"SKIP","floor":47.0},{"not_picked":["bronze:BronzeArmor+1"],"picked":"SKIP","floor":49}],"player_experience":802180,"relics_obtained":[{"floor":6.0,"key":"hexamod:BolsterEngine"},{"floor":7.0,"key":"Blue Candle"},{"floor":10.0,"key":"Molten Egg 2"},{"floor":24.0,"key":"Pantograph"},{"floor":26.0,"key":"Whetstone"},{"floor":31.0,"key":"Meat on the Bone"},{"floor":41.0,"key":"Bag of Marbles"},{"floor":44.0,"key":"Potion Belt"},{"floor":47.0,"key":"Omamori"}],"event_choices":[{"cards_removed":["bronze:Strike"],"damage_healed":0.0,"max_hp_gain":0.0,"max_hp_loss":0.0,"gold_gain":0.0,"event_name":"Bonfire Elementals","player_choice":"Offered Basic","floor":3.0,"gold_loss":0.0,"damage_taken":0.0}],"is_beta":false,"boss_relics":[{"not_picked":["Empty Cage","Tiny House"],"picked":"Busted Crown"},{"not_picked":["Pandora\u0027s Box","Sozu"],"picked":"Cursed Key"}],"items_purged_floors":[27],"is_endless":false,"potions_floor_spawned":[5,6,8,11,16,19,22,29,31,33,36,40,44,45,46],"ascension_level":2}}