{"host":"c6u7e77myxvw4d0m","time":1613745868,"event":{"mods":["AchievementEnabler","BaseMod","Bestiary","Colored Map","Colored Powertips","Minty Spire (QoL Compilation)","Rare Cards Sparkle","Relic Stats","everything is the same but u backflip on backflip"],"gold_per_floor":[109,121,131,148,6,6,40,40,40,56,56,68,83,108,108,181,181,200,211,224,224,224,224,224],"floor_reached":23,"language":"ENG","playtime":1365,"items_purged":[],"score":460,"play_id":"d5eba14e-435d-43ba-936c-32ff85631495","local_time":"20210219164428","is_ascension_mode":true,"campfire_choices":[{"data":"Crippling Poison","floor":6.0,"key":"SMITH"},{"data":"Cloak And Dagger","floor":11.0,"key":"SMITH"},{"data":"Cloak And Dagger","floor":15.0,"key":"SMITH"}],"circlet_count":0,"master_deck":["AscendersBane","Strike_G","Strike_G","Strike_G","Defend_G","Defend_G","Defend_G","Defend_G","Defend_G","Survivor","Neutralize","Blade Dance","Dagger Spray","Crippling Poison+1","Prepared","Noxious Fumes","Cloak And Dagger+1","After Image","Venomology","Cloak And Dagger+1","Neutralize","Finisher","Blade Dance","Doppelganger","Well Laid Plans","Backflip","Acrobatics","Crippling Poison"],"relics":["Ring of the Snake","Dream Catcher","Vajra","Shuriken","FossilizedHelix","Philosopher\u0027s Stone"],"acts_visited":["Exordium","TheCity"],"potions_floor_usage":[19,20,20,20],"damage_taken":[{"damage":0.0,"enemies":"2 Louse","floor":1.0,"turns":4.0},{"damage":3.0,"enemies":"Cultist","floor":2.0,"turns":4.0},{"damage":4.0,"enemies":"Small Slimes","floor":3.0,"turns":3.0},{"damage":11.0,"enemies":"3 Louse","floor":4.0,"turns":4.0},{"damage":11.0,"enemies":"Lagavulin","floor":7.0,"turns":7.0},{"damage":4.0,"enemies":"Looter","floor":10.0,"turns":4.0},{"damage":0.0,"enemies":"2 Fungi Beasts","floor":12.0,"turns":3.0},{"damage":1.0,"enemies":"3 Louse","floor":13.0,"turns":3.0},{"damage":0.0,"enemies":"Gremlin Nob","floor":14.0,"turns":1.0},{"damage":10.0,"enemies":"The Guardian","floor":16.0,"turns":10.0},{"damage":0,"enemies":"Spheric Guardian","floor":18,"turns":1},{"damage":0,"enemies":"2 Thieves","floor":19,"turns":3},{"damage":19,"enemies":"Snake Plant","floor":20,"turns":4},{"damage":24,"enemies":"Gremlin Leader","floor":23,"turns":4}],"seed_played":"-1372641786008237701","potions_obtained":[{"floor":1.0,"key":"Ancient Potion"},{"floor":2.0,"key":"Fruit Juice"},{"floor":7.0,"key":"PowerPotion"},{"floor":13.0,"key":"GamblersBrew"},{"floor":14.0,"key":"Explosive Potion"},{"floor":16.0,"key":"Poison Potion"}],"is_trial":false,"path_per_floor":["M","M","M","M","$","R","E","?","T","M","R","M","M","E","R","B",null,"M","M","M","?","?","E"],"character_chosen":"THE_SILENT","items_purchased":["Noxious Fumes","Cloak And Dagger"],"campfire_rested":0,"item_purchase_floors":[5,5],"current_hp_per_floor":[59,56,52,41,46,46,35,35,35,31,31,31,30,30,30,20,58,58,58,39,19,19,0,0],"gold":224,"neow_bonus":"RANDOM_COMMON_RELIC","is_daily":false,"chose_seed":false,"campfire_upgraded":3,"win_rate":0.0,"timestamp":1613745868,"path_taken":["M","M","M","M","$","R","E","?","T","?","R","M","M","E","R","BOSS","M","M","M","?","?","E"],"items_purchased_type":["Card","Card"],"build_version":"2020-12-22","purchased_purges":0,"victory":false,"max_hp_per_floor":[66,66,66,66,71,71,71,71,71,71,71,71,71,71,71,71,71,71,71,71,76,76,76,76],"relic_stats":{"Dream Catcher":0,"counters":[14,55],"Shuriken":[22],"obtain_stats":[{"Dream Catcher":0,"Shuriken":9,"Vajra":7,"Philosopher\u0027s Stone":17,"FossilizedHelix":14,"Ring of the Snake":0},{"Dream Catcher":0,"Shuriken":5,"Vajra":5,"Philosopher\u0027s Stone":10,"FossilizedHelix":9,"Ring of the Snake":0},{"Dream Catcher":0,"Shuriken":22,"Vajra":22,"Philosopher\u0027s Stone":43,"FossilizedHelix":33,"Ring of the Snake":0}],"Ring of the Snake":[28]},"card_choices":[{"not_picked":["Catalyst","Cloak And Dagger"],"picked":"Blade Dance","floor":1.0},{"not_picked":["Outmaneuver","Prepared"],"picked":"Dagger Spray","floor":2.0},{"not_picked":["PiercingWail","Catalyst"],"picked":"Crippling Poison","floor":3.0},{"not_picked":["Deflect","PiercingWail"],"picked":"Prepared","floor":4.0},{"not_picked":["Prepared","Blade Dance"],"picked":"After Image","floor":7.0},{"not_picked":["Deadly Poison","Die Die Die"],"picked":"Finisher","floor":10.0},{"not_picked":["Crippling Poison","Dagger Spray","Dodge and Roll"],"picked":"SKIP","floor":12.0},{"not_picked":["Footwork","Reflex"],"picked":"Blade Dance","floor":13.0},{"not_picked":["Underhanded Strike","Dagger Throw","Outmaneuver"],"picked":"SKIP","floor":14.0},{"not_picked":["Storm of Steel","Grand Finale"],"picked":"Doppelganger","floor":16.0},{"not_picked":["Sucker Punch","Deflect","Setup"],"picked":"SKIP","floor":18},{"not_picked":["Calculated Gamble","Prepared"],"picked":"Well Laid Plans","floor":19},{"not_picked":["Skewer","Dodge and Roll"],"picked":"Backflip","floor":20}],"player_experience":841639,"relics_obtained":[{"floor":7.0,"key":"Vajra"},{"floor":9.0,"key":"Shuriken"},{"floor":14.0,"key":"FossilizedHelix"}],"event_choices":[{"damage_healed":0.0,"max_hp_gain":0.0,"max_hp_loss":0.0,"gold_gain":0.0,"event_name":"Match and Keep!","player_choice":"3 cards matched","floor":8.0,"gold_loss":0.0,"damage_taken":0.0,"cards_obtained":["Venomology","Cloak And Dagger","Neutralize"]},{"damage_healed":0,"gold_gain":0,"player_choice":"Shed Blood","damage_taken":25,"max_hp_gain":5,"max_hp_loss":0,"event_name":"Forgotten Altar","floor":21,"gold_loss":0},{"damage_healed":0,"gold_gain":0,"cards_transformed":["Strike_G","Strike_G"],"player_choice":"Became Test Subject","damage_taken":0,"max_hp_gain":0,"max_hp_loss":0,"event_name":"Drug Dealer","floor":22,"gold_loss":0,"cards_obtained":["Acrobatics","Crippling Poison"]}],"is_beta":false,"boss_relics":[{"not_picked":["Snecko Eye","Astrolabe"],"picked":"Philosopher\u0027s Stone"}],"items_purged_floors":[],"is_endless":false,"potions_floor_spawned":[1,2,7,13,14,16,19],"killed_by":"Gremlin Leader","ascension_level":20}}