{"host":"2hlhnd4tei6r1t0s","time":1613731347,"event":{"mods":["100% Spire Juice","ATMod(阿瑾Mod)","Act Like it!","Arknights","Aspiration","Astrologer","Bard","BaseMod","Bossed Relics","Chen","Conspire","Downfall","Energized Spire","Evolution","Gensokyo","Gremlin Mod","GungeonMod","Hallownest","Hermit","HololiveMod","HumanHunterMod(怪物杀人mod)","Jedi Mod","Jorbs\u0027s Wanderer Trilogy","KinomotoSakuraMod(木之本樱)","Koishi","Luminous","Mari Mod (Legacy)","Mari\u0027s V1 Patch","Marisa（F雨　魔理沙）","Minty Spire (QoL Compilation)","MostiFishMod","Pale of the Ancients","Potionbrewer","Prisma Mod","Quick Restart","Reimu（博丽灵梦）","Reliquary","Replay The Spire","Robot Space Explorer","RumiaBox-露米娅的神秘盒子","StSLib","TestMod","The Administrix","The Alterego","The Animator","The Blackbeard","The Construct","The Cursed","The Forsaken","The Gatherer","The Hayseed","The Jungle","The Marked","The Mystic","The Runesmith","The Saiyan","The Senshi","The Servant 0.9.4","The Showman","TheHeartMod","TheWitcher","Uncapped","WarShipGirlsR/战舰少女R mod","Yakumo Yukari mod","Yuyuko","[GremlinLeader]The Maniac","[IsaacMod]以撒尖塔","noobMod","【功能Mod】混沌之环修复补丁","【功能Mod】聪明的最终Boss","【遗物卡牌】REMEMod","残留之物","篝火指南"],"gold_per_floor":[133,133,133,100000000,100000000,99999216,99999236,99998601,99998601,99998613,99998624,99998641,99998670,99998091,99997495,99997594,99997594,99997594,99997594],"floor_reached":18,"language":"ZHS","playtime":1195,"items_purged":["Defend_purpleEX","Defend_purpleEX","Defend_purpleEX","Defend_purpleEX"],"score":262,"play_id":"30e1835e-a96a-4b53-a27f-35b31a9d5528","local_time":"20210219184227","is_ascension_mode":false,"campfire_choices":[],"circlet_count":0,"master_deck":["AT_purpleEX","AT_purpleEX","AT_purpleEX","AT_purpleEX","Observe_purple_1","Observe_purple_2","AT_LightSaberMaster","BloodyBrimstone","Bait_HighSpeedFlying_purple","Umbrella_purple","Worldmountain_purple+1","AdvanceAttack_purple+1","Charmbait_purple+1","StateErode_purple+1","AdvanceAttack_purple+1","Worldmountain_purple+1","Charmbait_purple+1","Charmbait_purple+1","WasteWire_Metro_purple+1","Human_Monster_Realm_purple","Bait_HighSpeedFlying_purple+1"],"relics":["Boundary_crack","Memoryfragments_purpleEX","EVO:Axolotl","ice","testmod-TestBox","DaveBox","REME_ComplimentaryCards","HushsDoor","AT_ATBox","D6","ExusiaiGun","testmod-Justice","NeowsBlessing","SynthV:TestCard","Pet Ghost","Molten Egg 2","DemoMod:GnawedKey","testmod-ArcanaOfDestiny","Tiny Chest","jedi:shrinkray","HandDrill","testmod-RandomTest","Mercury Hourglass","Replay:Mystery Machine","Art of War","conspire:TreasureMap","HowToJump","Lantern","ClockworkSouvenir","DemoMod:GlassGuonStoneRelic","Sozu","GuppysHairball"],"acts_visited":["Exordium","Exordium"],"potions_floor_usage":[],"damage_taken":[{"damage":0,"enemies":"Small Slimes","floor":1,"turns":1},{"damage":0,"enemies":"Jaw Worm","floor":4,"turns":1},{"damage":0,"enemies":"2 Louse","floor":7,"turns":1},{"damage":0,"enemies":"Red Slaver","floor":10,"turns":1},{"damage":0,"enemies":"Looter","floor":11,"turns":1},{"damage":24,"enemies":"Exordium Wildlife","floor":12,"turns":3},{"damage":7,"enemies":"3 Sentries","floor":13,"turns":1},{"damage":7,"enemies":"Hexaghost","floor":16,"turns":4},{"damage":4,"enemies":"theJungle:Flameango_and_Byrd","floor":18,"turns":2}],"seed_played":"7457294837712706648","potions_obtained":[{"floor":4,"key":"LiquidBronze"},{"floor":11,"key":"Elixir"},{"floor":12,"key":"potionbrewer:ToxicPotion"}],"is_trial":false,"path_per_floor":["M","?","?","M","?","R","M","$","T","M","M","M","E","$","R","B",null,"M"],"character_chosen":"Youkari","items_purchased":["Molten Egg 2","DemoMod:GnawedKey","testmod-ArcanaOfDestiny","Worldmountain_purple+1","AdvanceAttack_purple+1","Tiny Chest","jedi:shrinkray","HandDrill","StateErode_purple+1","AdvanceAttack_purple+1","Replay:Mystery Machine","Art of War","conspire:TreasureMap","HowToJump","Lantern","ClockworkSouvenir","GuppysHairball","Bait_HighSpeedFlying_purple+1"],"campfire_rested":0,"item_purchase_floors":[6,6,6,6,6,8,8,8,8,8,14,14,14,15,15,15,17,17],"current_hp_per_floor":[70,70,55,55,48,48,48,48,48,49,46,22,15,15,15,9,3,0,0],"gold":99997594,"neow_bonus":"THREE_ENEMY_KILL","is_daily":false,"chose_seed":false,"campfire_upgraded":0,"win_rate":0.0,"timestamp":1613731347,"path_taken":["M","?","?","M","?","R","M","$","T","M","M","M","E","$","R","BOSS","M"],"items_purchased_type":["Relic","Relic","Relic","Card","Card","Relic","Relic","Relic","Card","Card","Relic","Relic","Relic","Relic","Relic","Relic","Relic","Card"],"build_version":"2020-12-22","purchased_purges":4,"victory":false,"max_hp_per_floor":[70,70,70,70,70,70,70,70,70,58,46,40,28,28,28,16,3,17,17],"card_choices":[{"not_picked":[],"picked":"BloodyBrimstone","floor":0},{"not_picked":["BarrageBoundary_PipeDream_purple","StateDuplicate_purple"],"picked":"Bait_HighSpeedFlying_purple","floor":1},{"not_picked":["SharpContractionReality_purple","Yakumo_Ran_purple","Mirror_WaveAndshot_purple","RuleDissolution_purple"],"picked":"Umbrella_purple","floor":4},{"not_picked":["OmniscientAndOmnipotent_Monster_purple+1","WingOfChimera_purple","SfantasyHide_purple","Bomb"],"picked":"Charmbait_purple+1","floor":7},{"not_picked":["EighthInstrument_OneDividesIntoTwo_purple+1","Charmbait_purple+1","StateDuplicate_purple","Bomb"],"picked":"Worldmountain_purple+1","floor":10},{"not_picked":["SharpContractionReality_purple+1","Yakumo_Ran_purple","WeekHit_purple+1","MeetDecomposer_purple"],"picked":"Charmbait_purple+1","floor":11},{"not_picked":["Line_surface_state_purple","SharpContractionReality_purple+1","Mirror_FormAndEmptin_purple","EighthInstrument_OneDividesIntoTwo_purple+1"],"picked":"Charmbait_purple+1","floor":12},{"not_picked":["Extrememeaning_purpleEX","Know_ledgeAbilityRealm_purple+1","OpenedBox_purple","MeetDecomposer_purple"],"picked":"WasteWire_Metro_purple+1","floor":13},{"not_picked":["ProofOfUnderstanding_purple","Monsters_DoubleDeathButterfly_purple","BarrageBoundary_PipeDream_purple+1","ContainerChange_purple"],"picked":"Human_Monster_Realm_purple","floor":16}],"player_experience":208795,"relics_obtained":[{"floor":1,"key":"SynthV:TestCard"},{"floor":9,"key":"testmod-RandomTest"},{"floor":13,"key":"Mercury Hourglass"}],"event_choices":[{"damage_healed":0,"gold_gain":0,"player_choice":"Leave","damage_taken":0,"max_hp_gain":0,"max_hp_loss":0,"event_name":"conspire:Investor","floor":2,"gold_loss":0},{"damage_healed":0,"gold_gain":0,"player_choice":"Ignored","damage_taken":7,"max_hp_gain":0,"max_hp_loss":0,"event_name":"恩洛斯的盘子","floor":5,"gold_loss":0}],"is_beta":false,"boss_relics":[{"not_picked":["REME_DemonsWealth","Seventeenyearold_girl_Forever"],"picked":"Sozu"},{"not_picked":[]}],"items_purged_floors":[6,8,14,15],"is_endless":false,"potions_floor_spawned":[4,11,12,13],"killed_by":"theJungle:Flameango_and_Byrd","ascension_level":0}}