{"host":"1ycuxm9gov0tl9zf","time":1613777377,"event":{"mods":["AchievementEnabler","Act Like it!","BaseMod","Colored Powertips","Downfall","Gensokyo","GifTheSpireLib","Hallownest","Marisa£®ÏF”Í°°ƒß¿Ì…≥£©","Minty Spire (QoL Compilation)","Quick Restart","Remilia£®¿Ÿ√◊¿Ú—«£©","Replay The Spire","Shop Mod","StSLib","The Administrix","The Animator","The Bug Knight"],"gold_per_floor":[116,116,135,37,212,240,240,268,323,349,349,365,385,403,403,403,403],"floor_reached":16,"language":"ZHS","playtime":1133,"items_purged":["Regret"],"score":120,"play_id":"fc445360-cf6d-4639-998c-49695bc55758","local_time":"20210220072937","is_ascension_mode":false,"campfire_choices":[{"floor":11,"key":"REST"},{"floor":15,"key":"REST"}],"circlet_count":0,"master_deck":["Strike_G","Strike_G+1","Strike_G","Strike_G+1","Strike_G","Defend_G","Defend_G","Defend_G","Defend_G","Defend_G","Survivor","Neutralize","Prepared","Flying Knee","Dagger Throw","Doubt","Flying Knee","Pain","Deflect","ReplayTheSpireMod:The Works","Infinite Blades","Riddle With Holes","Backflip","Quick Slash","Finisher"],"relics":["ReplayTheSpireMod:DimensionalGlitch","Simple Rune","Potion Belt","WarpedTongs","Dream Catcher","Smiling Mask","Meat on the Bone"],"acts_visited":["Exordium"],"potions_floor_usage":[10,16],"damage_taken":[{"damage":0,"enemies":"Cultist","floor":1,"turns":4},{"damage":1,"enemies":"Jaw Worm","floor":3,"turns":5},{"damage":18,"enemies":"Gremlin Nob","floor":6,"turns":4},{"damage":20,"enemies":"3 Sentries","floor":8,"turns":6},{"damage":29,"enemies":"Replay:BlueRogue","floor":10,"turns":5},{"damage":9,"enemies":"2 Louse","floor":12,"turns":3},{"damage":14,"enemies":"Exordium Thugs","floor":13,"turns":7},{"damage":10,"enemies":"3 Louse","floor":14,"turns":4},{"damage":30,"enemies":"The Guardian","floor":16,"turns":5}],"seed_played":"-645063915749081293","potions_obtained":[{"floor":3,"key":"DuplicationPotion"},{"floor":6,"key":"Fire Potion"},{"floor":10,"key":"ColorlessPotion"},{"floor":13,"key":"Guardian:BlockOnCardUsePotion"}],"is_trial":false,"path_per_floor":["M","?","M","$","?","E","?","E","T","E","R","M","M","M","R","B"],"character_chosen":"THE_SILENT","items_purchased":["Dagger Throw"],"campfire_rested":2,"item_purchase_floors":[4],"current_hp_per_floor":[70,70,69,69,69,51,51,31,31,2,23,20,12,8,29,0,0],"gold":403,"neow_bonus":"BOSS_RELIC","is_daily":false,"chose_seed":false,"campfire_upgraded":0,"win_rate":0.0,"timestamp":1613777377,"path_taken":["M","?","M","$","?","E","?","E","T","E","R","M","?","M","R","BOSS"],"items_purchased_type":["Card"],"build_version":"2020-12-22","purchased_purges":1,"victory":false,"max_hp_per_floor":[70,70,70,70,70,70,70,70,70,70,70,70,70,70,70,70,70],"card_choices":[{"not_picked":["Dagger Spray","Dodge and Roll"],"picked":"Prepared","floor":1},{"not_picked":["Heel Hook","Skewer"],"picked":"Flying Knee","floor":3},{"not_picked":["Terror","Blade Dance"],"picked":"Flying Knee","floor":6},{"not_picked":["Poisoned Stab","Deadly Poison"],"picked":"Deflect","floor":8},{"not_picked":["Poisoned Stab","Dagger Spray"],"picked":"ReplayTheSpireMod:The Works","floor":10},{"not_picked":["Sneak Up","Quick Slash"],"picked":"Infinite Blades","floor":11},{"not_picked":["Poisoned Stab","Bullet Time"],"picked":"Riddle With Holes","floor":12},{"not_picked":["Bane","PiercingWail"],"picked":"Backflip","floor":13},{"not_picked":["Toxin Wave","Bane"],"picked":"Quick Slash","floor":14},{"not_picked":["Deadly Poison","Dagger Spray"],"picked":"Finisher","floor":15}],"player_experience":109372,"relics_obtained":[{"floor":6,"key":"Potion Belt"},{"floor":8,"key":"Dream Catcher"},{"floor":9,"key":"Smiling Mask"},{"floor":10,"key":"Meat on the Bone"}],"event_choices":[{"damage_healed":0,"gold_gain":0,"player_choice":"Box","damage_taken":0,"relics_obtained":["Simple Rune"],"max_hp_gain":0,"max_hp_loss":0,"event_name":"Big Fish","floor":2,"gold_loss":0,"cards_obtained":["Regret"]},{"damage_healed":0,"gold_gain":175,"player_choice":"AGREE","damage_taken":0,"max_hp_gain":0,"max_hp_loss":0,"event_name":"Liars Game","floor":5,"gold_loss":0,"cards_obtained":["Doubt"]},{"damage_healed":0,"gold_gain":0,"player_choice":"Rummage","damage_taken":0,"relics_obtained":["WarpedTongs"],"max_hp_gain":0,"max_hp_loss":0,"event_name":"Accursed Blacksmith","floor":7,"gold_loss":0,"cards_obtained":["Pain"]}],"is_beta":false,"boss_relics":[],"items_purged_floors":[4],"is_endless":false,"potions_floor_spawned":[3,6,10,13],"killed_by":"The Guardian","ascension_level":0}}