{"host":"uhi6g4fgvyietct9","time":1613737802,"event":{"mods":["AchievementEnabler","BaseMod","Colored Map","Colored Powertips","Minty Spire (QoL Compilation)","StSLib","SuperFastMode"],"gold_per_floor":[116,41,41,41,54,81,99,118,171,171,197,197,23,37,37,135,135,146,71,22,32,46,75,75,75,99,99,129,129,129,142,142,244,244,264,275,25,38,51,101,136,153,153,153,153,187,187,199,199,199],"floor_reached":51,"language":"KOR","playtime":2424,"items_purged":["Strike_R","Strike_R","Twin Strike+1"],"score":1418,"play_id":"7bc8b3f9-014d-43c9-b480-e3625ee9c0b0","local_time":"20210219213002","is_ascension_mode":true,"campfire_choices":[{"data":"Shrug It Off","floor":10.0,"key":"SMITH"},{"floor":12.0,"key":"REST"},{"data":"Fire Breathing","floor":15.0,"key":"SMITH"},{"data":"Barricade","floor":24.0,"key":"SMITH"},{"floor":32.0,"key":"REST"},{"floor":45,"key":"REST"},{"data":"Body Slam","floor":47,"key":"SMITH"},{"data":"Offering","floor":49,"key":"SMITH"}],"circlet_count":0,"master_deck":["AscendersBane","Defend_R+1","Defend_R+1","Defend_R+1","Defend_R+1","Bash+1","Shrug It Off+1","Power Through","Offering+1","Fire Breathing+1","Shrug It Off","Barricade+1","Seeing Red+1","Body Slam+1","Fire Breathing","Impervious","CurseOfTheBell","Evolve","Reckless Charge","Body Slam+1"],"relics":["Burning Blood","NeowsBlessing","Pear","Smiling Mask","Nunchaku","Mercury Hourglass","Astrolabe","Bottled Tornado","Regal Pillow","Whetstone","Nilry\u0027s Codex","Calling Bell","Anchor","Shuriken","Ginger","PreservedInsect","Ice Cream","Bottled Flame","HornCleat","Gremlin Horn"],"acts_visited":["Exordium","TheCity","TheBeyond"],"potions_floor_usage":[42,50,50],"damage_taken":[{"damage":0.0,"enemies":"Cultist","floor":1.0,"turns":1.0},{"damage":0.0,"enemies":"2 Louse","floor":5.0,"turns":1.0},{"damage":0.0,"enemies":"Gremlin Nob","floor":6.0,"turns":1.0},{"damage":3.0,"enemies":"Small Slimes","floor":7.0,"turns":6.0},{"damage":14.0,"enemies":"Red Slaver","floor":8.0,"turns":2.0},{"damage":71.0,"enemies":"Lagavulin","floor":11.0,"turns":11.0},{"damage":7.0,"enemies":"Looter","floor":14.0,"turns":3.0},{"damage":6.0,"enemies":"Slime Boss","floor":16.0,"turns":7.0},{"damage":27.0,"enemies":"3 Byrds","floor":18.0,"turns":6.0},{"damage":6.0,"enemies":"Shell Parasite","floor":21.0,"turns":5.0},{"damage":6.0,"enemies":"Cultist and Chosen","floor":22.0,"turns":5.0},{"damage":6.0,"enemies":"Gremlin Leader","floor":23.0,"turns":8.0},{"damage":30.0,"enemies":"Book of Stabbing","floor":28.0,"turns":4.0},{"damage":8.0,"enemies":"Chosen and Byrds","floor":31.0,"turns":4.0},{"damage":10.0,"enemies":"Collector","floor":33.0,"turns":10.0},{"damage":0.0,"enemies":"3 Shapes","floor":35.0,"turns":3.0},{"damage":6.0,"enemies":"Orb Walker","floor":36.0,"turns":4.0},{"damage":20.0,"enemies":"Transient","floor":38.0,"turns":5.0},{"damage":6.0,"enemies":"Maw","floor":39.0,"turns":6.0},{"damage":25.0,"enemies":"Mind Bloom Boss Battle","floor":40.0,"turns":5.0},{"damage":41.0,"enemies":"Reptomancer","floor":41.0,"turns":5.0},{"damage":6,"enemies":"Spire Growth","floor":42,"turns":6},{"damage":6,"enemies":"Nemesis","floor":46,"turns":5},{"damage":6,"enemies":"Sphere and 2 Shapes","floor":48,"turns":3},{"damage":20,"enemies":"Time Eater","floor":50,"turns":9}],"seed_played":"8857339603845343573","potions_obtained":[{"floor":1.0,"key":"BloodPotion"},{"floor":4.0,"key":"AttackPotion"},{"floor":4.0,"key":"Fire Potion"},{"floor":14.0,"key":"SpeedPotion"},{"floor":18.0,"key":"LiquidMemories"},{"floor":23.0,"key":"SneckoOil"},{"floor":36.0,"key":"Regen Potion"},{"floor":40.0,"key":"LiquidMemories"},{"floor":42,"key":"GamblersBrew"},{"floor":46,"key":"Weak Potion"},{"floor":48,"key":"Fire Potion"}],"is_trial":false,"path_per_floor":["M","$","?","?","M","E","M","M","T","R","E","R","$","M","R","B",null,"M","?","$","M","M","E","R","?","T","?","E","?","?","M","R","B",null,"M","M","$","M","M","?","E","M","T","?","R","E","R","M","R","B",null],"character_chosen":"IRONCLAD","items_purchased":["Fire Breathing","SkillPotion","Body Slam","PreservedInsect","SkillPotion"],"campfire_rested":3,"item_purchase_floors":[13,13,20,37,37],"current_hp_per_floor":[78,78,81,90,90,90,90,82,82,82,17,44,44,43,43,43,78,57,57,57,57,57,57,57,87,87,87,63,47,41,39,81,77,87,90,90,90,76,90,71,36,36,36,36,78,78,78,78,78,64],"gold":199,"neow_bonus":"THREE_ENEMY_KILL","is_daily":false,"chose_seed":false,"campfire_upgraded":5,"win_rate":0.0,"timestamp":1613737802,"path_taken":["M","?","?","?","M","E","M","M","T","R","E","R","$","?","R","BOSS","M","?","$","M","M","E","R","?","T","?","E","?","?","?","R","BOSS","M","M","$","M","M","?","E","M","T","?","R","E","R","?","R","BOSS"],"items_purchased_type":["Card","Potion","Card","Relic","Potion"],"build_version":"2020-12-22","purchased_purges":3,"victory":true,"max_hp_per_floor":[80,80,90,90,90,90,90,90,90,90,90,90,90,90,90,90,90,90,90,90,90,90,90,90,90,90,90,90,90,90,90,90,90,90,90,90,90,90,90,90,90,90,90,90,90,90,90,90,90,90],"card_choices":[{"not_picked":["Disarm","Clash","Clothesline"],"picked":"SKIP","floor":1.0},{"not_picked":["Infernal Blade","Metallicize"],"picked":"Shrug It Off","floor":5.0},{"not_picked":["Anger","Thunderclap","Flex"],"picked":"SKIP","floor":6.0},{"not_picked":["Whirlwind","Clash","Thunderclap"],"picked":"SKIP","floor":7.0},{"not_picked":["Intimidate","Cleave"],"picked":"Power Through","floor":8.0},{"not_picked":["Hemokinesis","Perfected Strike"],"picked":"Offering","floor":11.0},{"not_picked":["Inflame","Wild Strike"],"picked":"Shrug It Off","floor":14.0},{"not_picked":["Demon Form","Berserk"],"picked":"Barricade","floor":16.0},{"not_picked":["Clash","Whirlwind","Iron Wave"],"picked":"SKIP","floor":18.0},{"not_picked":["Clash","Warcry+1","Shrug It Off"],"picked":"SKIP","floor":21.0},{"not_picked":["True Grit","Rupture+1","Cleave"],"picked":"SKIP","floor":22.0},{"not_picked":["Warcry+1","Clothesline","Perfected Strike"],"picked":"SKIP","floor":23.0},{"not_picked":["Barricade","Spot Weakness","Headbutt"],"picked":"SKIP","floor":28.0},{"not_picked":["Disarm","True Grit"],"picked":"Fire Breathing","floor":31.0},{"not_picked":["Reaper","Juggernaut"],"picked":"Impervious","floor":33.0},{"not_picked":["Sword Boomerang+1","Sever Soul","Twin Strike"],"picked":"SKIP","floor":35.0},{"not_picked":["Iron Wave","Rampage+1","Shockwave+1"],"picked":"SKIP","floor":36.0},{"not_picked":["Thunderclap","Dark Embrace"],"picked":"Evolve","floor":38.0},{"not_picked":["Cleave","Armaments+1","Metallicize"],"picked":"SKIP","floor":39.0},{"not_picked":["Headbutt+1","Clothesline","Anger"],"picked":"SKIP","floor":41.0},{"not_picked":["Pummel","Combust"],"picked":"Reckless Charge","floor":42},{"not_picked":["Sever Soul","Warcry"],"picked":"Body Slam","floor":46},{"not_picked":["Warcry","Armaments","Cleave"],"picked":"SKIP","floor":48}],"player_experience":591314,"relics_obtained":[{"floor":6.0,"key":"Smiling Mask"},{"floor":9.0,"key":"Nunchaku"},{"floor":11.0,"key":"Mercury Hourglass"},{"floor":23.0,"key":"Bottled Tornado"},{"floor":26.0,"key":"Regal Pillow"},{"floor":28.0,"key":"Whetstone"},{"floor":29.0,"key":"Nilry\u0027s Codex"},{"floor":34.0,"key":"Anchor"},{"floor":34.0,"key":"Shuriken"},{"floor":34.0,"key":"Ginger"},{"floor":40.0,"key":"Ice Cream"},{"floor":41.0,"key":"Bottled Flame"},{"floor":43,"key":"HornCleat"},{"floor":46,"key":"Gremlin Horn"}],"event_choices":[{"damage_healed":0.0,"max_hp_gain":0.0,"max_hp_loss":0.0,"gold_gain":0.0,"event_name":"Scrap Ooze","player_choice":"Success","floor":3.0,"gold_loss":0.0,"damage_taken":7.0,"relics_obtained":["Pear"]},{"damage_healed":0.0,"max_hp_gain":0.0,"max_hp_loss":0.0,"gold_gain":0.0,"event_name":"Lab","player_choice":"Got Potions","floor":4.0,"gold_loss":0.0,"damage_taken":0.0},{"cards_removed":["Spot Weakness"],"damage_healed":0.0,"max_hp_gain":0.0,"max_hp_loss":0.0,"gold_gain":0.0,"event_name":"Beggar","player_choice":"Gave Gold","floor":19.0,"gold_loss":75.0,"damage_taken":0.0},{"damage_healed":30.0,"max_hp_gain":0.0,"max_hp_loss":0.0,"gold_gain":0.0,"event_name":"The Library","player_choice":"Heal","floor":25.0,"gold_loss":0.0,"damage_taken":0.0},{"damage_healed":0.0,"max_hp_gain":0.0,"max_hp_loss":0.0,"gold_gain":0.0,"event_name":"Back to Basics","player_choice":"Simplicity","floor":27.0,"gold_loss":0.0,"damage_taken":0.0,"cards_upgraded":["Defend_R","Defend_R","Defend_R","Defend_R"]},{"damage_healed":0.0,"max_hp_gain":0.0,"max_hp_loss":0.0,"gold_gain":0.0,"event_name":"Cursed Tome","player_choice":"Obtained Book","floor":29.0,"gold_loss":0.0,"damage_taken":16.0},{"damage_healed":0.0,"max_hp_gain":0.0,"max_hp_loss":0.0,"gold_gain":0.0,"event_name":"Knowing Skull","player_choice":"","floor":30.0,"potions_obtained":[],"gold_loss":0.0,"damage_taken":6.0,"cards_obtained":[]},{"damage_healed":0.0,"max_hp_gain":0.0,"max_hp_loss":0.0,"gold_gain":0.0,"event_name":"MindBloom","player_choice":"Fight","floor":40.0,"gold_loss":0.0,"damage_taken":0.0},{"damage_healed":0,"gold_gain":0,"player_choice":"Ignored","damage_taken":0,"max_hp_gain":0,"max_hp_loss":0,"event_name":"Purifier","floor":44,"gold_loss":0}],"is_beta":false,"boss_relics":[{"not_picked":["Pandora\u0027s Box","Fusion Hammer"],"picked":"Astrolabe"},{"not_picked":["Runic Pyramid","SlaversCollar"],"picked":"Calling Bell"}],"items_purged_floors":[2,13,37],"is_endless":false,"potions_floor_spawned":[1,7,14,18,23,36,40,42,46,48],"ascension_level":12}}