{"host":"CottonTail234","time":1613766423,"event":{"mods":["BaseMod","Colored Map","Minty Spire (QoL Compilation)","StSLib"],"gold_per_floor":[367,383,383,533,27,60,77,77,101,130,130,91,102,14,14,91,91,107,146,19,19,39,39,53,80,80,91,107,107,107,107,107,107,107],"floor_reached":33,"language":"ENG","playtime":939,"items_purged":["Doubt"],"score":495,"play_id":"f745a7e8-5407-463c-b408-ee82b132f403","local_time":"20210219132703","is_ascension_mode":true,"campfire_choices":[{"data":"BattleHymn","floor":8,"key":"SMITH"},{"data":"Worship","floor":11,"key":"SMITH"},{"data":"TalkToTheHand","floor":15,"key":"SMITH"},{"data":"Tantrum","floor":23,"key":"SMITH"},{"floor":30,"key":"REST"},{"floor":32,"key":"REST"}],"circlet_count":0,"master_deck":["AscendersBane","Strike_P","Strike_P","Strike_P","Strike_P","Defend_P","Defend_P+1","Defend_P","Defend_P+1","Eruption","Vigilance+1","BattleHymn+1","Protect","Crescendo","Worship+1","Tantrum+1","Halt","Worship+1","Fasting2","TalkToTheHand+1","LessonLearned","ForeignInfluence","Adaptation+1","Wallop","Tantrum","BowlingBash","JustLucky","ClearTheMind+1"],"relics":["PureWater","ClockworkSouvenir","Bag of Marbles","Akabeko","Vajra","Kunai","Runic Dome","MutagenicStrength","Singing Bowl"],"acts_visited":["Exordium","TheCity"],"potions_floor_usage":[10,16,19,25,25],"damage_taken":[{"damage":0,"enemies":"Small Slimes","floor":1,"turns":3},{"damage":0,"enemies":"Jaw Worm","floor":2,"turns":2},{"damage":18,"enemies":"Gremlin Nob","floor":6,"turns":5},{"damage":0,"enemies":"2 Louse","floor":7,"turns":2},{"damage":10,"enemies":"3 Sentries","floor":10,"turns":4},{"damage":0,"enemies":"Exordium Thugs","floor":13,"turns":3},{"damage":20,"enemies":"The Guardian","floor":16,"turns":4},{"damage":0,"enemies":"Spheric Guardian","floor":18,"turns":2},{"damage":14,"enemies":"3 Byrds","floor":19,"turns":3},{"damage":0,"enemies":"Cultist and Chosen","floor":22,"turns":1},{"damage":19,"enemies":"Snake Plant","floor":24,"turns":2},{"damage":20,"enemies":"Slavers","floor":25,"turns":3},{"damage":0,"enemies":"3 Cultists","floor":27,"turns":2},{"damage":0,"enemies":"Snecko","floor":28,"turns":1},{"damage":36,"enemies":"Champ","floor":33,"turns":1}],"seed_played":"-3151517033930645728","potions_obtained":[{"floor":2,"key":"Fire Potion"},{"floor":10,"key":"Energy Potion"},{"floor":16,"key":"LiquidMemories"},{"floor":22,"key":"BottledMiracle"}],"is_trial":false,"path_per_floor":["M","M","?","?","$","E","M","R","T","E","R","$","M","$","R","B",null,"M","M","$","?","M","R","M","E","T","M","M","?","R","?","R","B"],"character_chosen":"WATCHER","items_purchased":["ClockworkSouvenir","Bag of Marbles","Crescendo","Explosive Potion","Worship","TalkToTheHand","Wallop","Tantrum"],"campfire_rested":2,"item_purchase_floors":[5,5,5,5,12,14,20,20],"current_hp_per_floor":[61,61,66,66,66,48,48,48,48,38,38,38,38,38,38,18,55,55,41,41,41,41,41,22,4,4,6,6,6,27,7,29,0,0],"gold":107,"neow_bonus":"TWO_FIFTY_GOLD","is_daily":false,"chose_seed":false,"campfire_upgraded":4,"win_rate":0.0,"timestamp":1613766423,"path_taken":["M","M","?","?","$","E","M","R","T","E","R","?","M","$","R","BOSS","M","M","$","?","M","R","M","E","T","M","M","?","R","?","R","BOSS"],"items_purchased_type":["Relic","Relic","Card","Potion","Card","Card","Card","Card"],"build_version":"2020-12-18","purchased_purges":1,"victory":false,"max_hp_per_floor":[62,62,67,67,67,67,67,67,67,67,67,67,67,67,67,67,67,67,67,67,67,67,67,67,69,69,71,71,71,71,76,76,76,76],"card_choices":[{"not_picked":["BowlingBash","Nirvana"],"picked":"BattleHymn","floor":1},{"not_picked":["Halt","JustLucky"],"picked":"Protect","floor":2},{"not_picked":["PathToVictory","Weave"],"picked":"Worship","floor":6},{"not_picked":["JustLucky","WindmillStrike"],"picked":"Tantrum","floor":7},{"not_picked":["BowlingBash","Protect"],"picked":"Halt","floor":10},{"not_picked":["Swivel","SashWhip"],"picked":"Fasting2","floor":13},{"not_picked":["Judgement","ConjureBlade"],"picked":"LessonLearned","floor":16},{"not_picked":["Worship","ClearTheMind"],"picked":"ForeignInfluence","floor":18},{"not_picked":["BattleHymn","Consecrate"],"picked":"Adaptation+1","floor":19},{"not_picked":["Prostrate","SashWhip"],"picked":"BowlingBash","floor":22},{"not_picked":["CarveReality","Crescendo"],"picked":"JustLucky","floor":24},{"not_picked":["PathToVictory","Pray","Protect+1"],"picked":"Singing Bowl","floor":25},{"not_picked":["Halt","Wallop","Adaptation"],"picked":"Singing Bowl","floor":27},{"not_picked":["CrushJoints","Adaptation"],"picked":"ClearTheMind+1","floor":28}],"player_experience":2207125,"relics_obtained":[{"floor":6,"key":"Akabeko"},{"floor":9,"key":"Vajra"},{"floor":10,"key":"Kunai"},{"floor":25,"key":"Singing Bowl"}],"event_choices":[{"damage_healed":0,"gold_gain":0,"player_choice":"Donut","damage_taken":0,"max_hp_gain":5,"max_hp_loss":0,"event_name":"Big Fish","floor":3,"gold_loss":0},{"damage_healed":0,"gold_gain":150,"player_choice":"AGREE","damage_taken":0,"max_hp_gain":0,"max_hp_loss":0,"event_name":"Liars Game","floor":4,"gold_loss":0,"cards_obtained":["Doubt"]},{"damage_healed":0,"gold_gain":0,"player_choice":"Inject Mutagens","damage_taken":0,"relics_obtained":["MutagenicStrength"],"max_hp_gain":0,"max_hp_loss":0,"event_name":"Drug Dealer","floor":21,"gold_loss":0},{"damage_healed":0,"gold_gain":0,"player_choice":"Ignored","damage_taken":0,"max_hp_gain":0,"max_hp_loss":0,"event_name":"Cursed Tome","floor":29,"gold_loss":0},{"damage_healed":0,"gold_gain":0,"player_choice":"Shed Blood","damage_taken":25,"max_hp_gain":5,"max_hp_loss":0,"event_name":"Forgotten Altar","floor":31,"gold_loss":0}],"is_beta":true,"boss_relics":[{"not_picked":["Busted Crown","Astrolabe"],"picked":"Runic Dome"}],"items_purged_floors":[5],"is_endless":false,"potions_floor_spawned":[2,10,16,18,22],"killed_by":"Champ","ascension_level":16}}