{"host":"snczp9esof91ppiq","time":1613699446,"event":{"mods":["AchievementEnabler","BaseMod","Better Match","Better Note","Better Sensory Stone","Better Skull","Colored Map","Colored Powertips","Hermit","Minty Spire (QoL Compilation)","Relic Stats","StSLib"],"gold_per_floor":[113,113,131,142,39,39,51,84,157,187,203,253,253,287,287,364,364,375,375,375,388,388,388,404,404,428,455,158,174,174,44,44,122,122,139,139,139,157,107,107,118,145,224,249,302,302,34,67,67,67,67],"floor_reached":50,"language":"ENG","playtime":3459,"items_purged":["Strike_B","Defend_B","Strike_B","Strike_B","Defend_B"],"score":1141,"play_id":"d7fcbd62-94f8-4a2f-b0bf-7daf8ecbd8d7","local_time":"20210218195046","is_ascension_mode":true,"campfire_choices":[{"data":"Zap","floor":6.0,"key":"SMITH"},{"floor":13.0,"key":"REST"},{"data":"Dualcast","floor":15.0,"key":"SMITH"},{"data":"Darkness","floor":23.0,"key":"SMITH"},{"data":"Auto Shields","floor":25.0,"key":"SMITH"},{"data":"Electrodynamics","floor":30.0,"key":"SMITH"},{"data":"Leap","floor":32.0,"key":"SMITH"},{"data":"Amplify","floor":40.0,"key":"SMITH"},{"data":"1","floor":46.0,"key":"LIFT"},{"data":"2","floor":49.0,"key":"LIFT"}],"circlet_count":0,"master_deck":["AscendersBane","Strike_B","Zap+1","Dualcast+1","Darkness+1","Undo","Auto Shields+1","Cold Snap","Compile Driver","Reboot","Rip and Tear","Sweeping Beam+1","Ball Lightning+1","Melter+1","Buffer+1","Beam Cell+1","Sweeping Beam+1","Gash+1","Electrodynamics+1","Sunder+1","Lockon+1","Gash+1","Leap+1","Amplify+1","Ball Lightning+1","Parasite","Conserve Battery+1","Rebound+1"],"relics":["Cracked Core","Gambling Chip","Molten Egg 2","Orichalcum","Regal Pillow","Runic Pyramid","Pen Nib","Smiling Mask","Bag of Preparation","Busted Crown","Anchor","Singing Bowl","Turnip","Girya","Sling","Blood Vial"],"acts_visited":["Exordium","TheCity","TheBeyond"],"potions_floor_usage":[50,50],"damage_taken":[{"damage":1.0,"enemies":"2 Louse","floor":1.0,"turns":3.0},{"damage":1.0,"enemies":"Cultist","floor":3.0,"turns":3.0},{"damage":1.0,"enemies":"Small Slimes","floor":4.0,"turns":4.0},{"damage":6.0,"enemies":"Exordium Thugs","floor":7.0,"turns":4.0},{"damage":17.0,"enemies":"Lagavulin","floor":8.0,"turns":6.0},{"damage":0.0,"enemies":"Gremlin Nob","floor":10.0,"turns":3.0},{"damage":0.0,"enemies":"2 Fungi Beasts","floor":11.0,"turns":2.0},{"damage":10.0,"enemies":"Lagavulin","floor":14.0,"turns":5.0},{"damage":0.0,"enemies":"Slime Boss","floor":16.0,"turns":7.0},{"damage":0.0,"enemies":"Spheric Guardian","floor":18.0,"turns":3.0},{"damage":7.0,"enemies":"3 Byrds","floor":21.0,"turns":3.0},{"damage":0.0,"enemies":"Sentry and Sphere","floor":24.0,"turns":2.0},{"damage":3.0,"enemies":"Gremlin Leader","floor":27.0,"turns":5.0},{"damage":3.0,"enemies":"Shelled Parasite and Fungi","floor":29.0,"turns":2.0},{"damage":23.0,"enemies":"Collector","floor":33.0,"turns":6.0},{"damage":0.0,"enemies":"3 Shapes","floor":35.0,"turns":2.0},{"damage":0.0,"enemies":"3 Darklings","floor":38.0,"turns":2.0},{"damage":6.0,"enemies":"Writhing Mass","floor":41.0,"turns":4.0},{"damage":3.0,"enemies":"Giant Head","floor":42.0,"turns":7.0},{"damage":0.0,"enemies":"Mind Bloom Boss Battle","floor":44.0,"turns":7.0},{"damage":7.0,"enemies":"2 Orb Walkers","floor":45.0,"turns":4.0},{"damage":0.0,"enemies":"Reptomancer","floor":48.0,"turns":3.0},{"damage":73,"enemies":"Awakened One","floor":50,"turns":7}],"seed_played":"5403785623941933312","potions_obtained":[{"floor":3.0,"key":"SkillPotion"},{"floor":4.0,"key":"Fruit Juice"},{"floor":11.0,"key":"Strength Potion"},{"floor":18.0,"key":"Ancient Potion"},{"floor":29.0,"key":"Strength Potion"},{"floor":33.0,"key":"DuplicationPotion"},{"floor":45.0,"key":"Fire Potion"},{"floor":48.0,"key":"PowerPotion"}],"is_trial":false,"path_per_floor":["M","?","M","M","$","R","M","E","T","E","M","?","R","E","R","B",null,"M","?","?","M","?","R","M","R","T","E","$","M","R","$","R","B",null,"M","?","?","M","$","R","M","E","T","?","?","R","$","E","R","B"],"character_chosen":"DEFECT","items_purchased":["Compile Driver","Sunder+1","Bag of Preparation","Gash+1","Leap","Sling","FocusPotion"],"campfire_rested":1,"item_purchase_floors":[5,28,28,31,31,47,47],"current_hp_per_floor":[63,63,62,66,66,66,60,43,43,43,43,43,65,55,55,55,71,71,71,71,64,64,64,64,64,64,61,61,58,58,58,58,35,66,66,66,66,66,66,66,60,57,57,59,52,52,52,54,54,0,0],"gold":67,"neow_bonus":"TRANSFORM_CARD","is_daily":false,"chose_seed":false,"campfire_upgraded":7,"win_rate":0.0,"timestamp":1613699446,"path_taken":["M","?","?","M","?","R","M","E","T","E","M","?","R","E","R","BOSS","M","?","?","?","?","R","M","R","T","E","$","M","R","$","R","BOSS","M","?","?","M","$","R","M","E","T","?","?","R","?","E","R","BOSS"],"items_purchased_type":["Card","Card","Relic","Card","Card","Relic","Potion"],"build_version":"2020-12-22","purchased_purges":5,"victory":false,"max_hp_per_floor":[71,71,71,76,76,76,76,76,76,76,76,76,76,76,76,76,76,76,76,76,76,76,76,76,76,76,76,76,76,76,76,76,76,76,76,72,72,72,72,72,72,72,72,74,74,74,74,76,76,76,76],"relic_stats":{"Blood Vial":2,"Regal Pillow":0,"Busted Crown":14,"Singing Bowl":4,"counters":[23,94],"Gambling Chip":[50],"Pen Nib":[13],"Turnip":[0],"Bag of Preparation":[20],"Orichalcum":[168],"Smiling Mask":350,"obtain_stats":[{"Girya":45,"Regal Pillow":14,"Singing Bowl":43,"Pen Nib":26,"Bag of Preparation":28,"Orichalcum":10,"Smiling Mask":27,"Sling":47,"Blood Vial":48,"Anchor":42,"Busted Crown":34,"Gambling Chip":8,"Molten Egg 2":9,"Turnip":44,"Cracked Core":0,"Runic Pyramid":17},{"Girya":21,"Regal Pillow":8,"Singing Bowl":19,"Pen Nib":12,"Bag of Preparation":13,"Orichalcum":6,"Smiling Mask":13,"Sling":21,"Blood Vial":22,"Anchor":19,"Busted Crown":15,"Gambling Chip":5,"Molten Egg 2":5,"Turnip":20,"Cracked Core":0,"Runic Pyramid":9},{"Girya":84,"Regal Pillow":30,"Singing Bowl":73,"Pen Nib":45,"Bag of Preparation":50,"Orichalcum":23,"Smiling Mask":50,"Sling":84,"Blood Vial":87,"Anchor":73,"Busted Crown":58,"Gambling Chip":20,"Molten Egg 2":20,"Turnip":80,"Cracked Core":0,"Runic Pyramid":37}]},"card_choices":[{"not_picked":["Gash","Stack"],"picked":"Undo","floor":1.0},{"not_picked":["Darkness","Storm"],"picked":"Auto Shields","floor":3.0},{"not_picked":["Hologram","Turbo"],"picked":"Cold Snap","floor":4.0},{"not_picked":["Coolheaded","Storm"],"picked":"Reboot","floor":7.0},{"not_picked":["Scrape","Stack"],"picked":"Rip and Tear","floor":8.0},{"not_picked":["Redo","Leap"],"picked":"Sweeping Beam+1","floor":10.0},{"not_picked":["Redo","Barrage+1"],"picked":"Ball Lightning+1","floor":11.0},{"not_picked":["Meteor Strike+1","Conserve Battery"],"picked":"Melter+1","floor":14.0},{"not_picked":["Meteor Strike+1","Multi-Cast"],"picked":"Buffer","floor":16.0},{"not_picked":["Leap","Redo"],"picked":"Beam Cell+1","floor":18.0},{"not_picked":["Aggregate","Reprogram"],"picked":"Sweeping Beam+1","floor":21.0},{"not_picked":["Stack","Storm"],"picked":"Gash+1","floor":24.0},{"not_picked":["Leap","Static Discharge"],"picked":"Electrodynamics","floor":27.0},{"not_picked":["Sweeping Beam+1","BootSequence"],"picked":"Lockon+1","floor":29.0},{"not_picked":["Electrodynamics","Reboot"],"picked":"Amplify","floor":33.0},{"not_picked":[],"picked":"Ball Lightning+1","floor":35.0},{"not_picked":["Redo"],"picked":"SKIP","floor":38.0},{"not_picked":[],"picked":"Conserve Battery+1","floor":41.0},{"not_picked":["Sweeping Beam+1"],"picked":"SKIP","floor":42.0},{"not_picked":["Fusion"],"picked":"Singing Bowl","floor":44.0},{"not_picked":[],"picked":"Rebound+1","floor":45.0},{"not_picked":["Cold Snap+1"],"picked":"Singing Bowl","floor":48.0}],"player_experience":917775,"relics_obtained":[{"floor":8.0,"key":"Gambling Chip"},{"floor":9.0,"key":"Molten Egg 2"},{"floor":10.0,"key":"Orichalcum"},{"floor":14.0,"key":"Regal Pillow"},{"floor":26.0,"key":"Pen Nib"},{"floor":27.0,"key":"Smiling Mask"},{"floor":42.0,"key":"Anchor"},{"floor":43.0,"key":"Singing Bowl"},{"floor":44.0,"key":"Turnip"},{"floor":45.0,"key":"Girya"},{"floor":48.0,"key":"Blood Vial"}],"event_choices":[{"cards_removed":["Strike_B"],"damage_healed":0.0,"max_hp_gain":0.0,"max_hp_loss":0.0,"gold_gain":0.0,"event_name":"betterNote:BetterNote","player_choice":"Give","floor":2.0,"gold_loss":0.0,"damage_taken":0.0,"cards_obtained":["Strike_G"]},{"damage_healed":0.0,"max_hp_gain":0.0,"max_hp_loss":0.0,"gold_gain":50.0,"event_name":"Golden Shrine","player_choice":"Pray","floor":12.0,"gold_loss":0.0,"damage_taken":0.0},{"damage_healed":0.0,"max_hp_gain":0.0,"max_hp_loss":0.0,"gold_gain":0.0,"event_name":"The Mausoleum","player_choice":"Ignored","floor":19.0,"gold_loss":0.0,"damage_taken":0.0},{"damage_healed":0.0,"max_hp_gain":0.0,"max_hp_loss":0.0,"gold_gain":0.0,"event_name":"Upgrade Shrine","player_choice":"Upgraded","floor":20.0,"gold_loss":0.0,"damage_taken":0.0,"cards_upgraded":["Buffer"]},{"damage_healed":0.0,"max_hp_gain":0.0,"max_hp_loss":0.0,"gold_gain":0.0,"event_name":"Vampires","player_choice":"Ignored","floor":22.0,"gold_loss":0.0,"damage_taken":0.0},{"damage_healed":0.0,"max_hp_gain":0.0,"max_hp_loss":4.0,"gold_gain":0.0,"event_name":"Winding Halls","player_choice":"Max HP","floor":36.0,"gold_loss":0.0,"damage_taken":0.0},{"cards_removed":["Defend_B"],"damage_healed":0.0,"max_hp_gain":0.0,"max_hp_loss":0.0,"gold_gain":0.0,"event_name":"Falling","player_choice":"Removed Skill","floor":37.0,"gold_loss":0.0,"damage_taken":0.0},{"damage_healed":0.0,"max_hp_gain":0.0,"max_hp_loss":0.0,"gold_gain":0.0,"event_name":"MindBloom","player_choice":"Fight","floor":44.0,"gold_loss":0.0,"damage_taken":0.0},{"damage_healed":0.0,"max_hp_gain":0.0,"max_hp_loss":0.0,"gold_gain":0.0,"event_name":"Mysterious Sphere","player_choice":"Fight","floor":45.0,"gold_loss":0.0,"damage_taken":0.0}],"is_beta":false,"boss_relics":[{"not_picked":["Philosopher\u0027s Stone","Calling Bell"],"picked":"Runic Pyramid"},{"not_picked":["Astrolabe","SlaversCollar"],"picked":"Busted Crown"}],"items_purged_floors":[5,28,31,39,47],"is_endless":false,"potions_floor_spawned":[3,4,11,18,29,33,35,45,48],"killed_by":"Awakened One","ascension_level":16}}