{"host":"bc298c4gavna5tx2","time":1613744851,"event":{"mods":["ATMod(阿瑾Mod)","Act Like it!","BaseMod","Challenge The Spire","Energized Spire","Lobotomy","LobotomyExtend","Minty Spire (QoL Compilation)","MostiFishMod","Quarter Circle Forward PUNCH!","Quick Restart","Replay The Spire","Spicy Shops","StSLib","The Marked","【功能Mod】混沌之环修复补丁","【功能Mod】聪明的最终Boss","【遗物卡牌】REMEMod"],"gold_per_floor":[114,114,132,144,156,156,156,176,176,202,152,152,152,168,168,245,245,256,267,267,279,299,299,299,314,341,107,107,189,264,295,306,306,322,322,394],"floor_reached":37,"language":"ZHS","playtime":1161,"items_purged":[],"score":795,"play_id":"821ffaaf-e6f1-448f-b627-dc131bfbc01f","local_time":"20210219222731","is_ascension_mode":true,"campfire_choices":[{"data":"REME_ACTH","floor":6.0,"key":"SMITH"},{"data":"AT_FamilyPortrait","floor":13.0,"key":"SMITH"},{"data":"Burning Pact","floor":15.0,"key":"SMITH"},{"data":"MostiFishMod:Mottled+1","floor":28,"key":"SMITH"},{"data":"MostiFishMod:Mottled+2","floor":33,"key":"SMITH"},{"floor":35,"key":"RECALL"}],"circlet_count":0,"master_deck":["AscendersBane","Strike_R","Strike_R","Strike_R+1","Defend_R","Defend_R","Defend_R+1","Bash","MostiFishMod:Mottled+3","AT_FamilyPortrait+1","REME_ACTH+1","Burning Pact+1","Reaper","Parasite"],"relics":["Burning Blood","AT_ATBox","DaveBox","REME_ComplimentaryCards","PatriotShield","NeowsBlessing","SynthV:TestCard","HonorFeather","Gaze_r","Ornamental Fan","Boot","energizedSpire:OgreHead","ShedSkin_r","ShedSkin_r","NeowsBlessing","LetterFromLob","Replay:Accelerometer","Brimstone","AT_BladeRuinedKing","Pantograph"],"acts_visited":["Exordium","TheCity"],"potions_floor_usage":[37],"damage_taken":[{"damage":0.0,"enemies":"Jaw Worm","floor":1.0,"turns":1.0},{"damage":0.0,"enemies":"Cultist","floor":3.0,"turns":1.0},{"damage":0.0,"enemies":"Small Slimes","floor":4.0,"turns":1.0},{"damage":0.0,"enemies":"2 Fungi Beasts","floor":5.0,"turns":1.0},{"damage":50.0,"enemies":"3 Sentries","floor":7.0,"turns":6.0},{"damage":0.0,"enemies":"3 Sentries","floor":7.0,"turns":1.0},{"damage":0.0,"enemies":"3 Louse","floor":8.0,"turns":1.0},{"damage":0.0,"enemies":"3 Sentries","floor":10.0,"turns":1.0},{"damage":0.0,"enemies":"Exordium Wildlife","floor":14.0,"turns":1.0},{"damage":10.0,"enemies":"Hexaghost","floor":16.0,"turns":7.0},{"damage":0.0,"enemies":"3 Byrds","floor":18.0,"turns":2.0},{"damage":0.0,"enemies":"Spheric Guardian","floor":19.0,"turns":1.0},{"damage":1.0,"enemies":"Spheric Guardian","floor":20.0,"turns":2.0},{"damage":0,"enemies":"2 Louse","floor":21,"turns":1},{"damage":0,"enemies":"Small Slimes","floor":22,"turns":1},{"damage":0,"enemies":"Jaw Worm","floor":25,"turns":1},{"damage":0,"enemies":"Gremlin Nob","floor":26,"turns":2},{"damage":0,"enemies":"3 Sentries","floor":31,"turns":1},{"damage":6,"enemies":"Blue Slaver","floor":32,"turns":2},{"damage":0,"enemies":"2 Fungi Beasts","floor":34,"turns":1},{"damage":11,"enemies":"The Guardian","floor":36,"turns":2},{"damage":0,"enemies":"Malkuth","floor":37,"turns":2},{"damage":44,"enemies":"Yesod","floor":37,"turns":5},{"damage":74,"enemies":"Chesed","floor":37,"turns":4}],"seed_played":"1119190158367477429","potions_obtained":[{"floor":1.0,"key":"Swift Potion"},{"floor":4.0,"key":"ElixirPotion"},{"floor":14.0,"key":"EssenceOfSteel"},{"floor":16.0,"key":"EssenceOfSteel"},{"floor":25,"key":"Swift Potion"},{"floor":26,"key":"Fire Potion"},{"floor":31,"key":"Block Potion"}],"is_trial":false,"path_per_floor":["M","?","M","M","M","R","E","M","T","E","?","?","R","M","R","B",null,"M","M","?","M","M","?","?","M","E","$","R","T","?","E","M","R","M","R","B",null],"character_chosen":"IRONCLAD","items_purchased":["Brimstone","AT_BladeRuinedKing"],"campfire_rested":0,"item_purchase_floors":[27,27],"current_hp_per_floor":[78,78,80,80,80,80,80,80,80,80,80,64,80,80,80,76,79,80,80,63,69,75,75,68,74,80,80,80,80,69,75,75,80,80,80,80],"gold":394,"neow_bonus":"THREE_ENEMY_KILL","is_daily":false,"chose_seed":false,"campfire_upgraded":5,"win_rate":0.0,"timestamp":1613744851,"path_taken":["M","?","M","?","M","R","E","M","T","E","?","?","R","M","R","BOSS","M","M","?","M","M","?","?","M","E","$","R","T","?","E","M","R","M","R","BOSS"],"items_purchased_type":["Relic","Relic"],"build_version":"2020-12-22","purchased_purges":0,"victory":true,"max_hp_per_floor":[80,80,80,80,80,80,80,80,80,80,80,80,80,80,80,80,80,80,80,80,80,80,80,80,80,80,80,80,80,80,80,80,80,80,80,80],"card_choices":[{"not_picked":["AT_BodySlamDance","Iron Wave","Headbutt"],"picked":"SKIP","floor":1.0},{"not_picked":["AT_IchimonjiDouble","Shrug It Off","Clothesline","ReplayTheSpireMod:Strike From Hell","Replay:Undeath\u0027s Touch"],"picked":"SKIP","floor":3.0},{"not_picked":["AT_IchimonjiDouble","Anger","Massacre","MostiFishMod:#F4004"],"picked":"REME_ACTH","floor":4.0},{"not_picked":["Headbutt","Cleave","REME_SingleHolding","Replay:Undeath\u0027s Touch","Wild Strike"],"picked":"SKIP","floor":5.0},{"not_picked":["True Grit","Heavy Blade","Body Slam","AT_DiedThrough","Havoc"],"picked":"SKIP","floor":8.0},{"not_picked":["Feed","Iron Wave","Power Through","Heavy Blade","Sword Boomerang"],"picked":"SKIP","floor":10.0},{"not_picked":["Shrug It Off","Clothesline","Fire Breathing","Blood for Blood"],"picked":"Burning Pact","floor":14.0},{"not_picked":["Feed","Eclipse","Juggernaut","MostiFishMod:HellRitual"],"picked":"Reaper","floor":16.0},{"not_picked":["Havoc","Replay:Undeath\u0027s Touch","ReplayTheSpireMod:Strike From Hell","Anger","Shrug It Off"],"picked":"SKIP","floor":18.0},{"not_picked":["Fire Breathing","Havoc","Twin Strike","Warcry+1","Cleave"],"picked":"SKIP","floor":19.0},{"not_picked":["Thunderclap","AT_BodySlamDance","Anger","Headbutt","Shrug It Off"],"picked":"SKIP","floor":21},{"not_picked":["Hemokinesis","Wild Strike","Thunderclap","Warcry","AT_DrawKnifeCut"],"picked":"SKIP","floor":22},{"not_picked":["Sentinel","Twin Strike","Armaments","Flame Barrier","Pommel Strike"],"picked":"SKIP","floor":25},{"not_picked":["Replay:Undeath\u0027s Touch","Immolate","Headbutt","AT_BodySlamDance","MostiFishMod:NewArrival"],"picked":"SKIP","floor":26},{"not_picked":["Twin Strike","Clash","Iron Wave","Flex","ReplayTheSpireMod:Corrosion Curse"],"picked":"SKIP","floor":31},{"not_picked":["Warcry","Iron Wave","Blood for Blood","Clash","Cleave"],"picked":"SKIP","floor":32},{"not_picked":["Pummel","Havoc","Warcry","Flex","AT_BodySlamDance"],"picked":"SKIP","floor":34}],"player_experience":151651,"relics_obtained":[{"floor":1.0,"key":"SynthV:TestCard"},{"floor":1.0,"key":"LetterFromLob"},{"floor":9.0,"key":"Ornamental Fan"},{"floor":10.0,"key":"Boot"},{"floor":21,"key":"LetterFromLob"},{"floor":26,"key":"Replay:Accelerometer"},{"floor":31,"key":"Pantograph"}],"event_choices":[{"damage_healed":0.0,"max_hp_gain":0.0,"max_hp_loss":0.0,"gold_gain":0.0,"event_name":"Accursed Blacksmith","player_choice":"Forge","floor":2.0,"gold_loss":0.0,"damage_taken":0.0,"cards_upgraded":["MostiFishMod:Mottled"]},{"cards_removed":["Strike_R"],"damage_healed":0.0,"max_hp_gain":0.0,"max_hp_loss":0.0,"gold_gain":0.0,"event_name":"The Cleric","player_choice":"Card Removal","floor":11.0,"gold_loss":50.0,"damage_taken":0.0},{"damage_healed":0.0,"max_hp_gain":0.0,"max_hp_loss":0.0,"gold_gain":0.0,"event_name":"Shining Light","player_choice":"Entered Light","floor":12.0,"gold_loss":0.0,"damage_taken":16.0,"cards_upgraded":["Strike_R","Defend_R"]},{"cards_removed":["Strike_R"],"damage_healed":0,"gold_gain":0,"player_choice":"Card Removal","damage_taken":7,"max_hp_gain":0,"max_hp_loss":0,"event_name":"Golden Wing","floor":24,"gold_loss":0},{"damage_healed":0,"gold_gain":75,"player_choice":"Gather Gold","damage_taken":11,"max_hp_gain":0,"max_hp_loss":0,"event_name":"World of Goop","floor":30,"gold_loss":0}],"is_beta":false,"boss_relics":[{"not_picked":["Painkiller Herb","ReplayTheSpireMod:DimensionalGlitch"],"picked":"energizedSpire:OgreHead"}],"items_purged_floors":[],"is_endless":false,"potions_floor_spawned":[1,4,10,14,16,18,20,25,26,31,36],"ascension_level":13}}