{"host":"oeddu058k4r8wzo0","time":1613724983,"event":{"mods":["BaseMod","Better Third Choice","Colored Map","Colored Powertips","Highlight Path","Minty Spire (QoL Compilation)","Quick Restart","StSLib"],"gold_per_floor":[114,114,61,61,61,104,54,54,132,170,170,6,24,55,55,55,55],"floor_reached":16,"language":"ENG","playtime":505,"items_purged":["Strike_G"],"score":328,"play_id":"20cf487e-1fdb-426c-b342-16db11ce3153","local_time":"20210219005623","is_ascension_mode":true,"campfire_choices":[{"data":"Echo Form","floor":8.0,"key":"SMITH"},{"floor":11.0,"key":"REST"},{"floor":15,"key":"REST"}],"circlet_count":0,"master_deck":["AscendersBane","Strike_G","Strike_G","Strike_G","Strike_G","Defend_G","Defend_G","Defend_G","Defend_G","Defend_G","Survivor","Neutralize","All Out Attack","Echo Form+1","Footwork","Reflex","Tools of the Trade","Tactician","Distraction","Prepared","Riddle With Holes"],"relics":["Ring of the Snake","NeowsBlessing","Oddly Smooth Stone","Golden Idol","Smiling Mask","InkBottle","Letter Opener","Orrery","Centennial Puzzle"],"acts_visited":["Exordium"],"potions_floor_usage":[14,14,16],"damage_taken":[{"damage":0.0,"enemies":"Small Slimes","floor":1.0,"turns":1.0},{"damage":0.0,"enemies":"Gremlin Nob","floor":6.0,"turns":1.0},{"damage":0.0,"enemies":"Lagavulin","floor":10.0,"turns":1.0},{"damage":0.0,"enemies":"Jaw Worm","floor":13.0,"turns":4.0},{"damage":31,"enemies":"Gremlin Nob","floor":14,"turns":5},{"damage":43,"enemies":"Slime Boss","floor":16,"turns":5}],"seed_played":"-4123923884919103742","potions_obtained":[{"floor":1.0,"key":"SkillPotion"},{"floor":13.0,"key":"SteroidPotion"},{"floor":14,"key":"AttackPotion"}],"is_trial":false,"path_per_floor":["M","?","$","?","$","E","$","R","T","E","R","$","M","E","R","B"],"character_chosen":"THE_SILENT","items_purchased":["PowerPotion","Orrery"],"campfire_rested":2,"item_purchase_floors":[3,12],"current_hp_per_floor":[59,36,36,36,36,36,36,36,36,36,54,54,54,23,41,0,0],"gold":55,"neow_bonus":"THREE_ENEMY_KILL","is_daily":false,"chose_seed":false,"campfire_upgraded":1,"win_rate":0.0,"timestamp":1613724983,"path_taken":["M","?","$","?","$","E","$","R","T","E","R","?","M","E","R","BOSS"],"items_purchased_type":["Potion","Relic"],"build_version":"2020-12-22","purchased_purges":1,"victory":false,"max_hp_per_floor":[66,66,66,60,60,60,60,60,60,60,60,60,60,60,60,60,60],"card_choices":[{"not_picked":["Poisoned Stab","Bane"],"picked":"All Out Attack","floor":1.0},{"not_picked":["Expertise","Prepared","Deflect"],"picked":"SKIP","floor":6.0},{"not_picked":["Deflect","Sucker Punch"],"picked":"Footwork","floor":10.0},{"not_picked":["Dagger Throw","Backflip"],"picked":"Reflex","floor":12.0},{"not_picked":["Slice","Predator"],"picked":"Tools of the Trade","floor":12.0},{"not_picked":["Outmaneuver","Masterful Stab"],"picked":"Tactician","floor":12.0},{"not_picked":["Slice","Accuracy"],"picked":"Distraction","floor":12.0},{"not_picked":["Poisoned Stab","Choke"],"picked":"Prepared","floor":12.0},{"not_picked":["Acrobatics","Expertise"],"picked":"Riddle With Holes","floor":13.0},{"not_picked":["Deadly Poison","Finisher","Sucker Punch"],"picked":"SKIP","floor":14}],"player_experience":1367345,"relics_obtained":[{"floor":6.0,"key":"Smiling Mask"},{"floor":9.0,"key":"InkBottle"},{"floor":10.0,"key":"Letter Opener"},{"floor":14,"key":"Centennial Puzzle"}],"event_choices":[{"damage_healed":0.0,"max_hp_gain":0.0,"max_hp_loss":6.0,"gold_gain":0.0,"event_name":"Golden Idol","player_choice":"Lose Max HP","floor":4.0,"gold_loss":0.0,"damage_taken":0.0,"relics_obtained":["Golden Idol"]}],"is_beta":false,"boss_relics":[],"items_purged_floors":[7],"is_endless":false,"potions_floor_spawned":[1,13,14],"killed_by":"Slime Boss","ascension_level":20}}