{"host":"rfnl1hp6tx4oau1f","time":1613699739,"event":{"mods":["Aspiration","BaseMod","Block Reminder","Downfall","Duelist Mod","GifTheSpireLib","Googly Eyes","Highlight Path","Hubris","Infinite Spire","Minty Spire (QoL Compilation)","Replay The Spire","Spikes Relics","StSLib","SuperFastMode","The Animator","UnlockEverythingMod","slay the spire mod where everything is the same but ironclad has a cowboy hat"],"gold_per_floor":[142,152,169,23,23,23,51,51,125,125,156,156,156,156,156,252,252,268,268,285,302,150,177,194,223,272,371,381,425,425,452,452,548,548,568,568,568,582,582,611,611,626,694,694,694,723,733,746,746,850,850,856,570,576,265,276,250,250],"floor_reached":57,"language":"ENG","playtime":2989,"items_purged":[],"score":949,"play_id":"d737a8aa-7f0e-44ed-a49a-90d66c760f3c","local_time":"20210218195539","is_ascension_mode":true,"campfire_choices":[{"data":"theDuelist:SummoningSwarm","floor":6,"key":"SMITH"},{"data":"theDuelist:NatureReflection","floor":8,"key":"SMITH"},{"data":"theDuelist:NaturiaPumpkin","floor":10,"key":"SMITH"},{"floor":12,"key":"RECALL"},{"floor":15,"key":"REST"},{"data":"theDuelist:NaturiaDragonfly","floor":32,"key":"SMITH"},{"data":"theDuelist:NaturiaRagweed","floor":41,"key":"SMITH"},{"data":"theDuelist:HuntingInstinct","floor":44,"key":"SMITH"},{"data":"theDuelist:ClosedForest","floor":49,"key":"SMITH"}],"circlet_count":0,"master_deck":["theDuelist:CastleWalls+1","theDuelist:NaturiaBeast","theDuelist:NaturiaCliff+1","theDuelist:NaturiaRock+1","theDuelist:NaturiaTulip","theDuelist:NaturiaForest","theDuelist:NaturiaAntjaw+1","theDuelist:SummoningSwarm+1","theDuelist:NatureReflection+1","theDuelist:NaturiaPumpkin+1","theDuelist:NaturiaDragonfly+1","theDuelist:LonefireBlossom+1","theDuelist:NaturiaHydrangea+1","theDuelist:NaturiaRagweed+1","theDuelist:NaturiaSpiderfang+1","theDuelist:NaturiaDragonfly+1","theDuelist:NaturiaEggplant+1","theDuelist:ClosedForest+1","theDuelist:GravekeeperCurse","theDuelist:NaturiaSunflower","theDuelist:HuntingInstinct+1","theDuelist:Spore+1","theDuelist:NaturiaHydrangea+1","theDuelist:NaturiaPumpkin+1","theDuelist:NaturalDisaster","theDuelist:NaturiaParadizo+1"],"relics":["theDuelist:MillenniumPuzzle","theDuelist:CardPoolRelic","theDuelist:CardPoolBasicRelic","theDuelist:BoosterPackPoolRelic","theDuelist:CardPoolAddRelic","theDuelist:CardPoolMinusRelic","theDuelist:CardPoolSaveRelic","theDuelist:CardPoolOptionsRelic","NeowsBlessing","Replay:Wax Seal","Happy Flower","hubris:SphereOfDissonance","aspiration:SeaSaltIceCream","aspiration:Nostalgia","Burning Blood","hubris:BlackHole","Blood Vial","Bag of Preparation","Gremlin Food","MiniBlackHole","War Paint","Sundial","aspiration:RunicSpoon","theDuelist:MillenniumArmor","theDuelist:DuelistOrichalcum","hubris:Towel","aspiration:ChemicalBlood","Replay:Drink Me","Charon\u0027s Ashes","aspiration:FetidBarrel"],"acts_visited":["Exordium","TheCity","TheBeyond","Exordium"],"potions_floor_usage":[],"damage_taken":[{"damage":0,"enemies":"Cultist","floor":1,"turns":1},{"damage":0,"enemies":"Jaw Worm","floor":2,"turns":1},{"damage":0,"enemies":"Small Slimes","floor":3,"turns":1},{"damage":11,"enemies":"Replay:BlueRogue","floor":7,"turns":9},{"damage":21,"enemies":"Gremlin Nob","floor":11,"turns":4},{"damage":24,"enemies":"Slime Boss","floor":16,"turns":7},{"damage":13,"enemies":"2 Thieves","floor":18,"turns":2},{"damage":0,"enemies":"3 Byrds","floor":20,"turns":1},{"damage":1,"enemies":"Snecko","floor":21,"turns":3},{"damage":0,"enemies":"Replay:Snechameleon","floor":23,"turns":3},{"damage":0,"enemies":"3 Cultists","floor":24,"turns":2},{"damage":0,"enemies":"Gremlin Leader","floor":25,"turns":1},{"damage":0,"enemies":"Chosen and Byrds","floor":28,"turns":1},{"damage":0,"enemies":"Slavers","floor":31,"turns":1},{"damage":0,"enemies":"Champ","floor":33,"turns":3},{"damage":5,"enemies":"3 Shapes","floor":35,"turns":3},{"damage":0,"enemies":"Orb Walker","floor":38,"turns":1},{"damage":0,"enemies":"Nemesis","floor":40,"turns":3},{"damage":0,"enemies":"Writhing Mass","floor":42,"turns":1},{"damage":0,"enemies":"Nightmare","floor":46,"turns":4},{"damage":0,"enemies":"3 Darklings","floor":47,"turns":3},{"damage":0,"enemies":"Sphere and 2 Shapes","floor":48,"turns":1},{"damage":0,"enemies":"Replay:Hell Engine","floor":50,"turns":3},{"damage":0,"enemies":"Cultist","floor":52,"turns":1},{"damage":0,"enemies":"Small Slimes","floor":54,"turns":1},{"damage":0,"enemies":"Jaw Worm","floor":56,"turns":1},{"damage":68,"enemies":"Nightmare","floor":57,"turns":3}],"seed_played":"-378147412958618779","potions_obtained":[{"floor":3,"key":"theDuelist:DebuffFuryPotion"},{"floor":11,"key":"sneckomod:MuddlingPotion"},{"floor":16,"key":"theDuelist:FreezingPotion"}],"is_trial":false,"path_per_floor":["M","M","M","$","?","R","E","R","T","R","E","R","?","?","R","B",null,"M","AVR","M","M","$","E","M","E","T","?","M","?","?","E","R","B",null,"M","?","?","M","?","E","R","M","T","R","?","NM","M","M","R","B",null,"M","$","M","$","M","NM"],"character_chosen":"THE_DUELIST","items_purchased":["Replay:Wax Seal","theDuelist:NatureReflection","Blood Vial","Charon\u0027s Ashes","aspiration:FetidBarrel","theDuelist:NaturalDisaster"],"campfire_rested":1,"item_purchase_floors":[4,4,22,53,55,55],"current_hp_per_floor":[80,80,80,80,80,80,69,69,69,69,48,48,32,32,56,38,80,73,73,79,80,80,80,80,80,80,80,80,80,80,80,80,80,80,80,80,80,80,80,80,80,80,80,80,80,80,80,80,80,80,60,60,60,60,60,60,0,0],"gold":250,"neow_bonus":"THREE_ENEMY_KILL","is_daily":false,"chose_seed":false,"campfire_upgraded":7,"win_rate":0.0,"timestamp":1613699739,"path_taken":["M","M","?","$","?","R","E","R","T","R","E","R","?","?","R","BOSS","M","AVR","M","M","$","E","M","E","T","?","M","?","?","E","R","BOSS","M","?","?","?","?","E","R","M","T","R","?","NM","M","M","R","BOSS","M","$","M","$","M","NM"],"items_purchased_type":["Relic","Card","Relic","Relic","Relic","Card"],"build_version":"2020-12-22","purchased_purges":0,"victory":false,"max_hp_per_floor":[80,80,80,80,80,80,80,80,80,80,80,80,80,80,80,80,80,80,80,80,80,80,80,80,80,80,80,80,80,80,80,80,80,80,80,80,80,80,80,80,80,80,80,80,80,80,80,80,80,80,60,60,60,60,60,60,60,60],"card_choices":[{"not_picked":["theDuelist:SeismicShockwave","theDuelist:NaturiaBarkion","theDuelist:ClosedForest","theDuelist:Canyon"],"picked":"theDuelist:NaturiaForest","floor":1},{"not_picked":["theDuelist:NaturiaDragonfly","theDuelist:NaturiaCliff","theDuelist:NaturiaMantis","theDuelist:CrystalRose"],"picked":"theDuelist:NaturiaAntjaw","floor":2},{"not_picked":["theDuelist:NaturiaCliff","theDuelist:NaturiaDragonfly","theDuelist:Spore","theDuelist:SurvivalInstinct"],"picked":"theDuelist:SummoningSwarm","floor":3},{"not_picked":["theDuelist:NaturiaMosquito","theDuelist:NaturiaExterio","theDuelist:NaturiaGuardian","theDuelist:Wildfire"],"picked":"theDuelist:NaturiaPumpkin","floor":7},{"not_picked":["theDuelist:NaturiaHydrangea","theDuelist:NaturiaAntjaw","theDuelist:NaturiaMantis","theDuelist:FossilDig","theDuelist:NaturiaDragonfly"],"picked":"SKIP","floor":11},{"not_picked":["theDuelist:NaturiaHydrangea","theDuelist:NaturiaEggplant","theDuelist:NaturiaCliff","theDuelist:NaturiaLandoise"],"picked":"theDuelist:NaturiaDragonfly","floor":18},{"not_picked":["theDuelist:NaturiaEggplant","theDuelist:NaturiaMarron","theDuelist:SummoningSwarm","theDuelist:NaturiaCliff"],"picked":"theDuelist:LonefireBlossom+1","floor":20},{"not_picked":["theDuelist:MillenniumGolem","theDuelist:DarkHole+1","theDuelist:GraniteLoyalist+1","theDuelist:ReleaseFromStone","theDuelist:MudGolem"],"picked":"SKIP","floor":21},{"not_picked":["theDuelist:NaturiaDragonfly","theDuelist:NaturiaRagweed+1","theDuelist:NaturiaMantis","theDuelist:NaturiaLandoise"],"picked":"theDuelist:NaturiaHydrangea+1","floor":23},{"not_picked":["theDuelist:NaturiaHydrangea","theDuelist:NaturiaSunflower","theDuelist:FossilDig","theDuelist:LonefireBlossom"],"picked":"theDuelist:NaturiaRagweed","floor":24},{"not_picked":["theDuelist:FuryFire+1","theDuelist:SurvivalInstinct+1"],"picked":"theDuelist:NaturiaSpiderfang+1","floor":25},{"not_picked":["theDuelist:NaturiaHydrangea","theDuelist:NaturiaEggplant","theDuelist:NaturiaCliff","theDuelist:NaturiaParadizo"],"picked":"theDuelist:NaturiaDragonfly+1","floor":28},{"not_picked":["theDuelist:NaturiaHydrangea+1","theDuelist:NaturiaRock","theDuelist:NaturiaCliff","theDuelist:NaturiaLandoise"],"picked":"theDuelist:NaturiaEggplant+1","floor":31},{"not_picked":["theDuelist:HuntingInstinct","theDuelist:Canyon+1","theDuelist:HeartUnderdog+1","theDuelist:NaturiaHorneedle+1"],"picked":"theDuelist:ClosedForest","floor":33},{"not_picked":["theDuelist:NaturiaBeetle","theDuelist:NaturiaBrambi+1","theDuelist:BottomlessTrapHole+1","theDuelist:NaturiaPumpkin+1","theDuelist:SeismicShockwave+1"],"picked":"SKIP","floor":35},{"not_picked":["theDuelist:NaturiaDragonfly+1","theDuelist:NaturiaTulip+1","theDuelist:SummoningSwarm","theDuelist:NaturiaEggplant+1"],"picked":"theDuelist:NaturiaSunflower","floor":38},{"not_picked":["theDuelist:NaturiaHydrangea","theDuelist:NaturiaEggplant","theDuelist:NaturiaDragonfly","theDuelist:NaturiaCliff","theDuelist:NaturiaSpiderfang"],"picked":"SKIP","floor":40},{"not_picked":["theDuelist:NaturiaForest","theDuelist:SeismicShockwave","theDuelist:ClosedForest","theDuelist:MultiplicationOfAnts"],"picked":"theDuelist:HuntingInstinct","floor":42},{"not_picked":["theDuelist:SurvivalInstinct","theDuelist:SeismicShockwave","theDuelist:LairWire+1","theDuelist:HuntingInstinct","theDuelist:AcidTrapHole"],"picked":"SKIP","floor":46},{"not_picked":["theDuelist:NaturiaCliff","theDuelist:NaturiaTulip+1","theDuelist:NaturiaSunflower","theDuelist:SpacetimeTranscendence"],"picked":"theDuelist:Spore+1","floor":47},{"not_picked":["theDuelist:NaturiaDragonfly","theDuelist:NaturiaTulip","theDuelist:NaturiaStinkbug","theDuelist:BrainCrusher"],"picked":"theDuelist:NaturiaHydrangea+1","floor":48},{"not_picked":["theDuelist:NaturiaHydrangea+1","theDuelist:NaturiaEggplant+1","theDuelist:NaturiaDragonfly+1","theDuelist:NaturiaCliff+1"],"picked":"theDuelist:NaturiaPumpkin+1","floor":52},{"not_picked":["theDuelist:FuryFire+4","theDuelist:LuminousMoss+5","theDuelist:Wiretap+5","theDuelist:VenomShot+4","theDuelist:Wildfire+4"],"picked":"SKIP","floor":54},{"not_picked":["theDuelist:FuryFire+4","theDuelist:NaturiaMosquito+1"],"picked":"theDuelist:NaturiaParadizo+1","floor":56}],"player_experience":235355,"relics_obtained":[{"floor":7,"key":"Happy Flower"},{"floor":9,"key":"hubris:SphereOfDissonance"},{"floor":11,"key":"aspiration:SeaSaltIceCream"},{"floor":23,"key":"Bag of Preparation"},{"floor":25,"key":"Gremlin Food"},{"floor":26,"key":"MiniBlackHole"},{"floor":31,"key":"Sundial"},{"floor":40,"key":"theDuelist:DuelistOrichalcum"},{"floor":46,"key":"aspiration:ChemicalBlood"}],"event_choices":[{"damage_healed":0,"gold_gain":0,"player_choice":"Entered Light","damage_taken":16,"max_hp_gain":0,"max_hp_loss":0,"event_name":"Shining Light","floor":13,"gold_loss":0,"cards_upgraded":["theDuelist:NaturiaCliff","theDuelist:Sparks"]},{"cards_removed":["theDuelist:CastleWalls"],"damage_healed":0,"gold_gain":0,"player_choice":"Forget","damage_taken":0,"max_hp_gain":0,"max_hp_loss":0,"event_name":"Living Wall","floor":14,"gold_loss":0},{"damage_healed":0,"gold_gain":99,"player_choice":"Stole From Cult","damage_taken":0,"max_hp_gain":0,"max_hp_loss":0,"event_name":"Nest","floor":27,"gold_loss":0},{"damage_healed":0,"gold_gain":0,"player_choice":"Took item - Received: Millennium Armor","duelist":true,"damage_taken":0,"max_hp_gain":0,"max_hp_loss":0,"event_name":"Millennium Items","floor":36,"gold_loss":0},{"cards_removed":["theDuelist:CastleWalls"],"damage_healed":0,"gold_gain":0,"player_choice":"Offered Basic","damage_taken":0,"max_hp_gain":0,"max_hp_loss":0,"event_name":"Bonfire Elementals","floor":37,"gold_loss":0},{"damage_healed":0,"gold_gain":0,"player_choice":"Leave","duelist":true,"damage_taken":0,"max_hp_gain":0,"max_hp_loss":0,"event_name":"Card Trader","floor":39,"gold_loss":0}],"is_beta":false,"boss_relics":[{"not_picked":["bronze:MakeshiftBattery","hubris:CrackedHourglass"],"picked":"hubris:BlackHole"},{"not_picked":["SacredBark","aspiration:FutureDiary"],"picked":"aspiration:RunicSpoon"},{"not_picked":["Pandora\u0027s Box","Painkiller Herb"],"picked":"Replay:Drink Me"}],"items_purged_floors":[],"is_endless":true,"potions_floor_spawned":[3,11,16,21,24,25,31,35,38,52,54,56],"killed_by":"Nightmare","ascension_level":1}}