{"host":"5h6e4l6hpn0p5lap","time":1613732260,"event":{"mods":["AchievementEnabler","BaseMod","Better Altar","Better Match","Better Sensory Stone","Better Skull","Better Third Choice","Colored Map","Filter the Spire","Minty Spire (QoL Compilation)","StSLib"],"gold_per_floor":[111,111,31,31,43,43,76,89,89,109,109,122,148,163,163,259,259,259,259,184,184,184,184,184,184,184,184,55,55,55,55,55,55,55],"floor_reached":33,"language":"ENG","playtime":1388,"items_purged":["Strike_R"],"score":398,"play_id":"53611e8a-a44a-4eac-8e0f-15e20f439c26","local_time":"20210219055740","is_ascension_mode":true,"campfire_choices":[{"data":"Searing Blow+1","floor":6,"key":"SMITH"},{"data":"Searing Blow+2","floor":11,"key":"SMITH"},{"data":"Searing Blow+3","floor":15,"key":"SMITH"},{"data":"Searing Blow+4","floor":23,"key":"SMITH"},{"data":"Searing Blow+5","floor":29,"key":"SMITH"},{"floor":32,"key":"REST"}],"circlet_count":0,"master_deck":["Strike_R","Strike_R","Defend_R","Defend_R","Defend_R","Defend_R","Bash","Sword Boomerang","Searing Blow+6","Inflame","Shrug It Off","Flame Barrier","Ghostly Armor","Armaments+1","True Grit+1","Battle Trance+1","Feed","Armaments+1","Disarm+1","Exhume+1","Sentinel+1","True Grit+1","Rage+1","Headbutt+1"],"relics":["Burning Blood","NeowsBlessing","StrikeDummy","Toxic Egg 2","Torii","Ectoplasm","Blue Candle","FossilizedHelix","Bottled Flame"],"acts_visited":["Exordium","TheCity"],"potions_floor_usage":[14,18,22,25],"damage_taken":[{"damage":0,"enemies":"2 Louse","floor":1,"turns":1},{"damage":0,"enemies":"Jaw Worm","floor":5,"turns":1},{"damage":0,"enemies":"Gremlin Nob","floor":7,"turns":1},{"damage":1,"enemies":"Cultist","floor":8,"turns":3},{"damage":3,"enemies":"Blue Slaver","floor":10,"turns":2},{"damage":7,"enemies":"3 Louse","floor":12,"turns":2},{"damage":23,"enemies":"3 Sentries","floor":13,"turns":9},{"damage":11,"enemies":"Gremlin Gang","floor":14,"turns":4},{"damage":1,"enemies":"The Guardian","floor":16,"turns":14},{"damage":8,"enemies":"Spheric Guardian","floor":18,"turns":4},{"damage":2,"enemies":"Shell Parasite","floor":19,"turns":4},{"damage":13,"enemies":"Snake Plant","floor":22,"turns":5},{"damage":16,"enemies":"Centurion and Healer","floor":24,"turns":10},{"damage":1,"enemies":"Snecko","floor":25,"turns":4},{"damage":13,"enemies":"Colosseum Slavers","floor":30,"turns":4},{"damage":32,"enemies":"Colosseum Nobs","floor":30,"turns":11},{"damage":0,"enemies":"Cultist and Chosen","floor":31,"turns":6},{"damage":76,"enemies":"Champ","floor":33,"turns":12}],"seed_played":"6663926193816662260","potions_obtained":[{"floor":5,"key":"Weak Potion"},{"floor":12,"key":"Swift Potion"},{"floor":13,"key":"Fire Potion"},{"floor":14,"key":"FearPotion"},{"floor":16,"key":"Block Potion"},{"floor":24,"key":"BlessingOfTheForge"},{"floor":31,"key":"Explosive Potion"}],"is_trial":false,"path_per_floor":["M","?","$","?","M","R","E","M","T","M","R","M","E","M","R","B",null,"M","M","?","?","M","R","M","M","T","?","$","R","?","M","R","B"],"character_chosen":"IRONCLAD","items_purchased":["Inflame","True Grit+1"],"campfire_rested":1,"item_purchase_floors":[3,28],"current_hp_per_floor":[78,78,78,78,80,80,80,80,80,80,80,79,62,57,57,62,76,78,82,82,82,75,75,65,70,70,70,70,70,41,47,73,0,0],"gold":55,"neow_bonus":"THREE_ENEMY_KILL","is_daily":false,"chose_seed":false,"campfire_upgraded":5,"win_rate":0.0,"timestamp":1613732260,"path_taken":["M","?","$","?","M","R","E","M","T","M","R","?","E","M","R","BOSS","M","M","?","?","M","R","?","?","T","?","$","R","?","M","R","BOSS"],"items_purchased_type":["Card","Card"],"build_version":"2020-12-22","purchased_purges":1,"victory":false,"max_hp_per_floor":[80,80,80,80,80,80,80,80,80,80,80,80,80,80,80,80,80,84,84,84,84,84,84,84,84,84,84,84,84,88,88,88,88,88],"card_choices":[{"not_picked":["Clash","Pummel"],"picked":"Sword Boomerang","floor":1},{"not_picked":["Armaments","Dark Embrace"],"picked":"Shrug It Off","floor":5},{"not_picked":["Headbutt","Rage"],"picked":"Flame Barrier","floor":7},{"not_picked":["Berserk","Anger"],"picked":"Ghostly Armor","floor":8},{"not_picked":["Pummel","Havoc+1"],"picked":"Armaments+1","floor":10},{"not_picked":["Wild Strike","Clothesline"],"picked":"True Grit+1","floor":12},{"not_picked":["Perfected Strike","Barricade","Clash"],"picked":"SKIP","floor":13},{"not_picked":["Flex+1","Searing Blow"],"picked":"Battle Trance+1","floor":14},{"not_picked":["Impervious+1","Demon Form"],"picked":"Feed","floor":16},{"not_picked":["Reckless Charge","Blood for Blood"],"picked":"Armaments+1","floor":18},{"not_picked":["Pommel Strike+1","Clash"],"picked":"Disarm+1","floor":19},{"not_picked":["Heavy Blade","Headbutt","Clash"],"picked":"SKIP","floor":22},{"not_picked":["Twin Strike","Searing Blow","Wild Strike"],"picked":"SKIP","floor":24},{"not_picked":["Flex+1","Headbutt+1"],"picked":"Exhume+1","floor":25},{"not_picked":["Rampage","Pommel Strike"],"picked":"Rage+1","floor":30},{"not_picked":["Clash","Wild Strike"],"picked":"Headbutt+1","floor":31}],"player_experience":1145960,"relics_obtained":[{"floor":7,"key":"StrikeDummy"},{"floor":9,"key":"Toxic Egg 2"},{"floor":13,"key":"Torii"},{"floor":26,"key":"Blue Candle"},{"floor":30,"key":"FossilizedHelix"},{"floor":30,"key":"Bottled Flame"}],"event_choices":[{"damage_healed":0,"gold_gain":0,"cards_transformed":["Strike_R"],"player_choice":"Change","damage_taken":0,"max_hp_gain":0,"max_hp_loss":0,"event_name":"Living Wall","floor":2,"gold_loss":0,"cards_obtained":["Searing Blow"]},{"damage_healed":0,"gold_gain":0,"player_choice":"Upgraded","damage_taken":0,"max_hp_gain":0,"max_hp_loss":0,"event_name":"Upgrade Shrine","floor":4,"gold_loss":0,"cards_upgraded":["Searing Blow"]},{"cards_removed":["Strike_R"],"damage_healed":0,"gold_gain":0,"player_choice":"Gave Gold","damage_taken":0,"max_hp_gain":0,"max_hp_loss":0,"event_name":"Beggar","floor":20,"gold_loss":75},{"damage_healed":0,"gold_gain":0,"player_choice":"Bought 0 Potions","damage_taken":0,"max_hp_gain":0,"max_hp_loss":0,"event_name":"The Woman in Blue","floor":21,"gold_loss":0},{"damage_healed":0,"gold_gain":0,"player_choice":"Read","damage_taken":0,"max_hp_gain":0,"max_hp_loss":0,"event_name":"The Library","floor":27,"gold_loss":0,"cards_obtained":["Sentinel"]},{"damage_healed":0,"gold_gain":0,"player_choice":"Fight","damage_taken":0,"max_hp_gain":0,"max_hp_loss":0,"event_name":"Colosseum","floor":30,"gold_loss":0},{"damage_healed":0,"gold_gain":0,"player_choice":"Fought Nobs","damage_taken":0,"max_hp_gain":0,"max_hp_loss":0,"event_name":"Colosseum","floor":30,"gold_loss":0}],"is_beta":false,"boss_relics":[{"not_picked":["Philosopher\u0027s Stone","Velvet Choker"],"picked":"Ectoplasm"}],"items_purged_floors":[28],"is_endless":false,"potions_floor_spawned":[5,12,13,14,16,24,30,31],"killed_by":"Champ","ascension_level":8}}