{"host":"dxgv5rrg6e29tc63","time":1613775192,"event":{"mods":["BaseMod","Colored Map","Downfall","Minty Spire (QoL Compilation)","StSLib"],"gold_per_floor":[99,112,131,41,41,41,117,133,168,168,186,199,214,214,231,328,328,328,346,346,357,376,410,487,71,89,89,120,120,132,165,185,285,285,285,301,318,318,337,237,237,253,288,308,322,341,341,356,374,374],"floor_reached":51,"language":"ENG","playtime":5008,"items_purged":["Slimebound:Strike_Slimebound"],"score":774,"play_id":"6102d954-11f1-4539-a02f-426b46c82711","local_time":"20210219145312","is_ascension_mode":false,"campfire_choices":[{"data":"Slimebound:Split","floor":1.0,"key":"SMITH"},{"data":"Slimebound:MegaLick","floor":6.0,"key":"SMITH"},{"data":"Slimebound:RejuvenatingLick","floor":10.0,"key":"SMITH"},{"data":"Slimebound:Overexert","floor":18.0,"key":"SMITH"},{"data":"Slimebound:TongueLash","floor":27.0,"key":"SMITH"},{"data":"Slimebound:SlimeSlap","floor":35.0,"key":"SMITH"},{"data":"Slimebound:Schlurp","floor":40.0,"key":"SMITH"},{"data":"Slimebound:AcidTongue","floor":47,"key":"SMITH"}],"circlet_count":0,"master_deck":["Slimebound:Tackle","Slimebound:Defend_Slimebound","Slimebound:Defend_Slimebound","Slimebound:Defend_Slimebound","Slimebound:Defend_Slimebound","Slimebound:Split+1","Slimebound:CorrosiveSpit","Slimebound:Nibble","Slimebound:MegaLick+1","Slimebound:SlimeSlap+1","Slimebound:ProtectTheBoss","Slimebound:RejuvenatingLick+1","Slimebound:TongueLash+1","Slimebound:Overexert+1","Slimebound:Schlurp+1","Slimebound:LeechLife","Slimebound:ComboTackle+1","Slimebound:SplitAcid","Slimebound:Grow","Slimebound:Prepare","Slimebound:Schlurp+1","Slimebound:HauntingLick+1","Slimebound:SlimeTap","Slimebound:Chomp","Slimebound:SplitMire+1","Slimebound:LeechLife","Slimebound:LeadByExample+1","Slimebound:Replication+1","expansioncontent:Chronoboost","expansioncontent:Hexaburn","expansioncontent:AwakenDeath","Slimebound:ComboTackle+1","Slimebound:RainOfGoop+1","Slimebound:Grow+1","Slimebound:Nibble+1","Slimebound:AcidTongue+1","Slimebound:SplitAcid+1","Slimebound:SplitLeeching+1","Slimebound:SplitMire+1"],"relics":["Slimebound:AbsorbEndCombatUpgraded","Question Card","Art of War","CaptainsWheel","Slimebound:MaxSlimesRelic","Toolbox","Kunai","Bag of Preparation","HornCleat","SlaversCollar","downfall:HeartBlessingGreen","Pantograph","InkBottle"],"acts_visited":["Exordium","TheCity","TheBeyond"],"potions_floor_usage":[43],"damage_taken":[{"damage":0.0,"enemies":"Cultist","floor":2.0,"turns":4.0},{"damage":5.0,"enemies":"Small Slimes","floor":3.0,"turns":3.0},{"damage":0.0,"enemies":"downfall:FleeingMerchant","floor":4.0,"turns":4.0},{"damage":7.0,"enemies":"Jaw Worm","floor":8.0,"turns":3.0},{"damage":17.0,"enemies":"3 Sentries","floor":9.0,"turns":6.0},{"damage":10.0,"enemies":"downfall:LooterAlt","floor":11.0,"turns":3.0},{"damage":1.0,"enemies":"Lots of Slimes","floor":12.0,"turns":4.0},{"damage":3.0,"enemies":"2 Fungi Beasts","floor":13.0,"turns":3.0},{"damage":0.0,"enemies":"Blue Slaver","floor":15.0,"turns":3.0},{"damage":2.0,"enemies":"WA_ARCHETYPE_RETAIN","floor":16.0,"turns":5.0},{"damage":2.0,"enemies":"Spheric Guardian","floor":19.0,"turns":4.0},{"damage":37.0,"enemies":"3 Byrds","floor":21.0,"turns":5.0},{"damage":24.0,"enemies":"Snake Plant","floor":22.0,"turns":3.0},{"damage":48.0,"enemies":"Slavers","floor":23.0,"turns":6.0},{"damage":0.0,"enemies":"downfall:FleeingMerchant","floor":25.0,"turns":4.0},{"damage":4.0,"enemies":"Sentry and Sphere","floor":26.0,"turns":6.0},{"damage":24.0,"enemies":"Gremlin Leader","floor":28.0,"turns":5.0},{"damage":11.0,"enemies":"Centurion and Healer","floor":30.0,"turns":4.0},{"damage":26.0,"enemies":"Slavers","floor":31.0,"turns":5.0},{"damage":1.0,"enemies":"Snake Plant","floor":32.0,"turns":3.0},{"damage":27.0,"enemies":"SI_MIRROR_ARCHETYPE","floor":33.0,"turns":8.0},{"damage":4.0,"enemies":"Orb Walker","floor":36.0,"turns":3.0},{"damage":0.0,"enemies":"3 Darklings","floor":37.0,"turns":6.0},{"damage":6.0,"enemies":"Maw","floor":39.0,"turns":9.0},{"damage":30.0,"enemies":"4 Shapes","floor":42.0,"turns":6.0},{"damage":53,"enemies":"Giant Head","floor":43,"turns":9},{"damage":8,"enemies":"Jaw Worm Horde","floor":44,"turns":4},{"damage":30,"enemies":"Transient","floor":45,"turns":5},{"damage":1,"enemies":"Spire Growth","floor":46,"turns":5},{"damage":19,"enemies":"Writhing Mass","floor":48,"turns":3},{"damage":20,"enemies":"Jaw Worm Horde","floor":49,"turns":4},{"damage":40,"enemies":"DF_ARCHETYPE_ORBS","floor":50,"turns":7}],"seed_played":"973070726678482282","potions_obtained":[{"floor":3.0,"key":"Fruit Juice"},{"floor":8.0,"key":"SpeedPotion"},{"floor":9.0,"key":"Slimebound:SlimedPotion"},{"floor":13.0,"key":"Fruit Juice"},{"floor":15.0,"key":"Dexterity Potion"},{"floor":22.0,"key":"Dexterity Potion"},{"floor":23.0,"key":"SneckoOil"},{"floor":28.0,"key":"Weak Potion"},{"floor":31.0,"key":"Explosive Potion"},{"floor":33.0,"key":"GamblersBrew"},{"floor":36.0,"key":"LiquidBronze"},{"floor":42.0,"key":"EssenceOfSteel"},{"floor":45,"key":"DistilledChaos"},{"floor":49,"key":"LiquidBronze"}],"is_trial":false,"path_per_floor":["R","M","M","$","?","R","T","M","E","R","M","M","M","?","M","B",null,"R","M","?","M","M","E","T","$","M","R","E","?","M","E","M","B",null,"R","M","M","?","M","R","T","M","E","M","M","M","R","M","M","B",null],"character_chosen":"SLIMEBOUND","items_purchased":["Toolbox","Kunai"],"campfire_rested":0,"item_purchase_floors":[25,25],"current_hp_per_floor":[71,71,68,76,76,76,76,73,64,64,58,65,66,66,75,79,81,81,81,81,58,43,24,24,36,60,60,52,52,73,70,81,63,81,81,81,81,71,81,81,81,57,81,81,81,81,81,81,61,81],"gold":374,"neow_bonus":"TEN_PERCENT_HP_BONUS","is_daily":false,"chose_seed":false,"campfire_upgraded":8,"win_rate":0.0,"timestamp":1613775192,"path_taken":["R","M","M","?","?","R","T","?","E","R","M","M","M","?","M","BOSS","R","M","?","M","?","E","T","$","M","R","E","?","M","E","M","BOSS","R","M","M","?","M","R","T","M","E","M","M","M","R","M","M","BOSS"],"items_purchased_type":["Relic","Relic"],"build_version":"2020-12-22","purchased_purges":1,"victory":true,"max_hp_per_floor":[71,71,71,76,76,76,76,76,76,76,76,76,76,76,81,81,81,81,81,81,81,81,81,81,81,81,81,81,81,81,81,81,81,81,81,81,81,81,81,81,81,81,81,81,81,81,81,81,81,81],"card_choices":[{"not_picked":["Slimebound:SamplingLick","Slimebound:ComboTackle"],"picked":"Slimebound:Nibble","floor":2.0},{"not_picked":["Slimebound:SplitAcid","Slimebound:PressTheAttack"],"picked":"Slimebound:MegaLick","floor":3.0},{"not_picked":["Slimebound:GoopSpray","Slimebound:ViciousTackle"],"picked":"Slimebound:SlimeSlap","floor":4.0},{"not_picked":["Slimebound:SplitBruiser","Slimebound:Prepare","Slimebound:Repurpose"],"picked":"Slimebound:ProtectTheBoss","floor":8.0},{"not_picked":["Slimebound:SplitBruiser","Slimebound:LeechEnergy","Slimebound:SlimeSpikes"],"picked":"Slimebound:RejuvenatingLick","floor":9.0},{"not_picked":["Slimebound:GrowthPunch","Slimebound:FinishingTackle","Slimebound:SamplingLick"],"picked":"Slimebound:TongueLash","floor":11.0},{"not_picked":["Slimebound:ItLooksTasty","Slimebound:ComboTackle","Slimebound:SpikyOuterGoop"],"picked":"Slimebound:Overexert","floor":12.0},{"not_picked":["Slimebound:ItLooksTasty","Slimebound:Gluttony","Slimebound:SplitLeeching"],"picked":"Slimebound:Schlurp","floor":13.0},{"not_picked":["Slimebound:HauntingLick","Slimebound:LeechingTouch","Slimebound:SamplingLick","Slimebound:LivingWall"],"picked":"SKIP","floor":15.0},{"not_picked":["Slimebound:RallyTheTroops","Slimebound:OozeBath","Slimebound:MassRepurpose"],"picked":"Slimebound:LeechLife","floor":16.0},{"not_picked":["Slimebound:SplitMire","Slimebound:LeechingTouch","Slimebound:SamplingLick"],"picked":"Slimebound:ComboTackle+1","floor":19.0},{"not_picked":["Slimebound:PressTheAttack+1","Slimebound:FinishingTackle","Slimebound:SamplingLick"],"picked":"Slimebound:SplitAcid","floor":21.0},{"not_picked":["Slimebound:ComboTackle+1","Slimebound:SlimeSpikes","Slimebound:ItLooksTasty+1"],"picked":"Slimebound:Grow","floor":22.0},{"not_picked":["Slimebound:MassRepurpose","Slimebound:RallyTheTroops","Slimebound:GoopTackle"],"picked":"Slimebound:Prepare","floor":23.0},{"not_picked":["Slimebound:ComboTackle+1","Slimebound:SplitLeeching","Slimebound:FinishingTackle+1","Slimebound:PressTheAttack"],"picked":"SKIP","floor":25.0},{"not_picked":["Slimebound:SplitLeeching","Slimebound:SplitAcid","Slimebound:GoopTackle"],"picked":"Slimebound:Schlurp+1","floor":26.0},{"not_picked":["Slimebound:Prepare","Slimebound:DuplicatedForm","Slimebound:SamplingLick"],"picked":"Slimebound:HauntingLick+1","floor":28.0},{"not_picked":["Slimebound:ComboTackle+1","Slimebound:LivingWall+1","Slimebound:GoopTackle+1"],"picked":"Slimebound:SlimeTap","floor":30.0},{"not_picked":["Slimebound:SlimeSpikes+1","Slimebound:RollThrough","Slimebound:SplitAcid"],"picked":"Slimebound:Chomp","floor":31.0},{"not_picked":["Slimebound:SplitBruiser+1","Slimebound:Schlurp+1","Slimebound:HauntingLick"],"picked":"Slimebound:SplitMire+1","floor":32.0},{"not_picked":["Slimebound:Overexert","Slimebound:DuplicatedForm","Slimebound:RallyTheTroops"],"picked":"Slimebound:LeechLife","floor":33.0},{"not_picked":["Slimebound:ComboTackle","Slimebound:LeadByExample+1","Slimebound:SplitBruiser","Slimebound:LivingWall"],"picked":"SKIP","floor":36.0},{"not_picked":["Slimebound:ComboTackle","Slimebound:SplitBruiser","Slimebound:LivingWall"],"picked":"Slimebound:LeadByExample+1","floor":36.0},{"not_picked":["Slimebound:Equalize+1","Slimebound:RollThrough+1","Slimebound:Schlurp+1"],"picked":"Slimebound:Replication+1","floor":37.0},{"not_picked":["expansioncontent:Hexaburn","expansioncontent:LastStand"],"picked":"expansioncontent:Chronoboost","floor":38.0},{"not_picked":["expansioncontent:Chronoboost","expansioncontent:PolyBeam"],"picked":"expansioncontent:Hexaburn","floor":38.0},{"not_picked":["expansioncontent:LastStand","expansioncontent:Hexaburn"],"picked":"expansioncontent:AwakenDeath","floor":38.0},{"not_picked":["Slimebound:SplitMire","Slimebound:SpikyOuterGoop+1","Slimebound:SplitAcid"],"picked":"Slimebound:ComboTackle+1","floor":39.0},{"not_picked":["Slimebound:Schlurp","Slimebound:FinishingTackle+1","Slimebound:Prepare+1"],"picked":"Slimebound:RainOfGoop+1","floor":42.0},{"not_picked":["Slimebound:TongueLash","Slimebound:SplitMire","Slimebound:FlameTackle+1"],"picked":"Slimebound:Grow+1","floor":43},{"not_picked":["Slimebound:ItLooksTasty+1","Slimebound:Prepare","Slimebound:MassFeed"],"picked":"Slimebound:Nibble+1","floor":44},{"not_picked":["Slimebound:Gluttony+1","Slimebound:Schlurp","Slimebound:PressTheAttack+1"],"picked":"Slimebound:AcidTongue","floor":45},{"not_picked":["Slimebound:SlimeBrawl+1","Slimebound:AcidTongue","Slimebound:ItLooksTasty"],"picked":"Slimebound:SplitAcid+1","floor":46},{"not_picked":["Slimebound:ComboTackle+1","Slimebound:FlameTackle","Slimebound:SlimeSpikes+1"],"picked":"Slimebound:SplitLeeching+1","floor":48},{"not_picked":["Slimebound:Dissolve","Slimebound:RainOfGoop","Slimebound:GoopSpray"],"picked":"Slimebound:SplitMire+1","floor":49}],"player_experience":370291,"relics_obtained":[{"floor":7.0,"key":"Question Card"},{"floor":9.0,"key":"Art of War"},{"floor":23.0,"key":"CaptainsWheel"},{"floor":24.0,"key":"Slimebound:MaxSlimesRelic"},{"floor":28.0,"key":"Bag of Preparation"},{"floor":31.0,"key":"HornCleat"},{"floor":41.0,"key":"Pantograph"},{"floor":43,"key":"InkBottle"}],"event_choices":[{"damage_healed":0.0,"max_hp_gain":0.0,"max_hp_loss":0.0,"gold_gain":0.0,"event_name":"Wheel of Change","player_choice":"Full Heal","floor":5.0,"gold_loss":0.0,"damage_taken":0.0}],"is_beta":false,"boss_relics":[{"not_picked":["Astrolabe","Fusion Hammer"],"picked":"Slimebound:AbsorbEndCombatUpgraded"},{"not_picked":["Philosopher\u0027s Stone","Runic Dome"],"picked":"SlaversCollar"}],"items_purged_floors":[4],"is_endless":false,"potions_floor_spawned":[3,8,9,13,15,22,23,28,31,33,36,42,45,49],"ascension_level":0}}