{"host":"30jsp143e4v19aze","time":1613704965,"event":{"mods":["BaseMod","Colored Map","Colored Powertips","Curses Come First","DeckTracker","Highlight Path","Minty Spire (QoL Compilation)","Quick Restart","Relic Stats","StSLib","everything is the same but u backflip on backflip","slay the spire mod where everything is the same but ironclad has a cowboy hat"],"gold_per_floor":[112,131,151,162,162,162,192,267,267,267,267,311,276,307,307,398,398,419,442,442,0,19,19,38,78,78,78,78],"floor_reached":27,"language":"ENG","playtime":851,"items_purged":[],"score":502,"play_id":"16790789-bcab-41e7-9649-1050fea9e2ca","local_time":"20210219042245","is_ascension_mode":true,"campfire_choices":[{"data":"Carnage","floor":6,"key":"SMITH"},{"data":"Bludgeon","floor":10,"key":"SMITH"},{"data":"Bash","floor":15,"key":"SMITH"},{"data":"True Grit","floor":23,"key":"SMITH"}],"circlet_count":0,"master_deck":["AscendersBane","Bash+1","Sword Boomerang+1","Pommel Strike+1","Carnage+1","Headbutt","Bludgeon+1","Second Wind","Dark Embrace+1","Immolate","Armaments","Fire Breathing+1","Havoc","Power Through","Exhume","Flex","Seeing Red","Seeing Red+1","Shrug It Off","Ghostly Armor","True Grit+1","Shockwave","Burning Pact+1"],"relics":["Burning Blood","Magic Flower","Sundial","Frozen Egg 2","Golden Idol","Whetstone","Omamori","Pandora\u0027s Box","ClockworkSouvenir","Bronze Scales","Pantograph","Kunai"],"acts_visited":["Exordium","TheCity"],"potions_floor_usage":[25],"damage_taken":[{"damage":1,"enemies":"Cultist","floor":1,"turns":3},{"damage":6,"enemies":"2 Louse","floor":2,"turns":3},{"damage":7,"enemies":"Small Slimes","floor":3,"turns":3},{"damage":6,"enemies":"3 Louse","floor":4,"turns":4},{"damage":8,"enemies":"Gremlin Nob","floor":7,"turns":3},{"damage":20,"enemies":"3 Sentries","floor":12,"turns":5},{"damage":8,"enemies":"Gremlin Nob","floor":14,"turns":3},{"damage":12,"enemies":"Slime Boss","floor":16,"turns":7},{"damage":28,"enemies":"2 Thieves","floor":18,"turns":3},{"damage":11,"enemies":"Spheric Guardian","floor":19,"turns":3},{"damage":5,"enemies":"Shelled Parasite and Fungi","floor":22,"turns":4},{"damage":25,"enemies":"3 Cultists","floor":24,"turns":5},{"damage":26,"enemies":"Gremlin Leader","floor":25,"turns":6},{"damage":31,"enemies":"Slavers","floor":27,"turns":2}],"seed_played":"3137206118153546909","potions_obtained":[{"floor":4,"key":"LiquidBronze"},{"floor":7,"key":"Strength Potion"},{"floor":12,"key":"AttackPotion"},{"floor":16,"key":"Explosive Potion"},{"floor":22,"key":"Block Potion"}],"is_trial":false,"path_per_floor":["M","M","M","M","?","R","E","?","T","R","?","E","?","E","R","B",null,"M","M","?","$","M","R","M","E","T","E"],"character_chosen":"IRONCLAD","items_purchased":["Ghostly Armor","True Grit","ClockworkSouvenir","Bronze Scales"],"campfire_rested":0,"item_purchase_floors":[21,21,21,21],"current_hp_per_floor":[68,68,67,67,56,56,57,46,46,46,46,35,50,51,51,48,59,40,38,62,62,62,62,46,29,29,0,0],"gold":78,"neow_bonus":"REMOVE_TWO","is_daily":false,"chose_seed":false,"campfire_upgraded":4,"win_rate":0.0,"timestamp":1613704965,"path_taken":["M","?","M","M","?","R","E","?","T","R","?","E","?","E","R","BOSS","M","M","?","$","M","R","?","E","T","E"],"items_purchased_type":["Card","Card","Relic","Relic"],"build_version":"2020-12-22","purchased_purges":0,"victory":false,"max_hp_per_floor":[68,68,68,68,68,68,68,68,68,68,62,62,62,62,62,62,62,62,62,62,62,62,62,62,62,62,62,62],"relic_stats":{"counters":[14,54],"Sundial":[6],"Golden Idol":58,"Bronze Scales":[77],"Pantograph":0,"Magic Flower":[24],"Pandora\u0027s Box":["Armaments","Fire Breathing","Havoc","Power Through","Exhume","Flex","Seeing Red"],"Whetstone":["Sword Boomerang","Pommel Strike"],"Kunai":[0],"obtain_stats":[{"Sundial":7,"Golden Idol":11,"Bronze Scales":21,"Pantograph":25,"Magic Flower":5,"Pandora\u0027s Box":17,"Omamori":14,"Whetstone":12,"Kunai":26,"Frozen Egg 2":9,"Burning Blood":0,"ClockworkSouvenir":21},{"Sundial":5,"Golden Idol":5,"Bronze Scales":10,"Pantograph":13,"Magic Flower":4,"Pandora\u0027s Box":8,"Omamori":7,"Whetstone":6,"Kunai":13,"Frozen Egg 2":5,"Burning Blood":0,"ClockworkSouvenir":10},{"Sundial":16,"Golden Idol":16,"Bronze Scales":37,"Pantograph":52,"Magic Flower":13,"Pandora\u0027s Box":31,"Omamori":24,"Whetstone":21,"Kunai":52,"Frozen Egg 2":16,"Burning Blood":0,"ClockworkSouvenir":37}],"Burning Blood":96},"card_choices":[{"not_picked":["Headbutt","Shrug It Off"],"picked":"Sword Boomerang","floor":1},{"not_picked":["Clash","Havoc"],"picked":"Pommel Strike","floor":2},{"not_picked":["Searing Blow","True Grit"],"picked":"Carnage","floor":3},{"not_picked":["Blood for Blood","Wild Strike"],"picked":"Headbutt","floor":4},{"not_picked":["Warcry","Shockwave"],"picked":"Bludgeon","floor":7},{"not_picked":["Iron Wave","Pommel Strike"],"picked":"Second Wind","floor":12},{"not_picked":["Blood for Blood","Havoc"],"picked":"Dark Embrace+1","floor":14},{"not_picked":["Fiend Fire","Bludgeon"],"picked":"Immolate","floor":16},{"not_picked":["Body Slam","Carnage+1"],"picked":"Seeing Red+1","floor":18},{"not_picked":["Reckless Charge","Body Slam+1"],"picked":"Shrug It Off","floor":19},{"not_picked":["Fire Breathing+1","Dropkick","Iron Wave"],"picked":"SKIP","floor":22},{"not_picked":["Spot Weakness","Pummel"],"picked":"Shockwave","floor":24},{"not_picked":["Hemokinesis","Seeing Red"],"picked":"Burning Pact+1","floor":25}],"player_experience":3286650,"relics_obtained":[{"floor":7,"key":"Sundial"},{"floor":9,"key":"Frozen Egg 2"},{"floor":12,"key":"Whetstone"},{"floor":14,"key":"Omamori"},{"floor":25,"key":"Pantograph"},{"floor":26,"key":"Kunai"}],"event_choices":[{"damage_healed":0,"gold_gain":0,"player_choice":"Success","damage_taken":11,"relics_obtained":["Magic Flower"],"max_hp_gain":0,"max_hp_loss":0,"event_name":"Scrap Ooze","floor":5,"gold_loss":0},{"damage_healed":0,"gold_gain":75,"player_choice":"Gather Gold","damage_taken":11,"max_hp_gain":0,"max_hp_loss":0,"event_name":"World of Goop","floor":8,"gold_loss":0},{"damage_healed":0,"gold_gain":0,"player_choice":"Lose Max HP","damage_taken":0,"relics_obtained":["Golden Idol"],"max_hp_gain":0,"max_hp_loss":6,"event_name":"Golden Idol","floor":11,"gold_loss":0},{"damage_healed":15,"gold_gain":0,"player_choice":"Healed","damage_taken":0,"max_hp_gain":0,"max_hp_loss":0,"event_name":"The Cleric","floor":13,"gold_loss":35},{"damage_healed":24,"gold_gain":0,"player_choice":"Full Heal","damage_taken":0,"max_hp_gain":0,"max_hp_loss":0,"event_name":"Wheel of Change","floor":20,"gold_loss":0}],"is_beta":false,"boss_relics":[{"not_picked":["SacredBark","Ectoplasm"],"picked":"Pandora\u0027s Box"}],"items_purged_floors":[],"is_endless":false,"potions_floor_spawned":[4,7,12,16,22],"killed_by":"Slavers","ascension_level":20}}