{"host":"y6zg4wwu39otf01a","time":1613694591,"event":{"mods":["Act Like it!","Aspiration","BaseMod","Better Altar","Better Match","Better Note","Better Sensory Stone","Better Skull","Better Third Choice","Challenge The Spire","Colored Map","Colored Powertips","Conspire","GifTheSpireLib","Glutton Mod","Halation","Hermit","Highlight Path","Hubris","Infinite Spire","Mimic Mod","Minty Spire (QoL Compilation)","Quick Restart","Random Character Button","Rare Cards Sparkle","Reliquary","Replay The Spire","Retaliation","Ruina","Spicy Shops","StSLib","Stuff the Spire","The Blue Laboratory","The Construct","The Jungle"],"gold_per_floor":[119,137,137,247,266,266,238,238,238,8,21,52,52,85,85,180,180,191,191,289,289,116,144,144,144,182,182,182,182,194,735,735,830,830,830,843,858,276,276,310,310,328,328,95,95,95,23,53,53,53,53,53,20,51,51,51],"floor_reached":55,"language":"ENG","playtime":3649,"items_purged":[],"score":830,"play_id":"9886c493-ab34-452c-9b5b-6683652c3020","local_time":"20210218182951","is_ascension_mode":false,"campfire_choices":[{"floor":6,"key":"REST"},{"floor":8,"key":"REST"},{"floor":15,"key":"DIG"},{"floor":25,"key":"REST"},{"floor":27,"key":"RECALL"},{"data":"construct:AttackMode","floor":29,"key":"SMITH"},{"data":"construct:FlameCore","floor":32,"key":"SMITH"},{"data":"Barricade","floor":45,"key":"SMITH"},{"data":"construct:LongRangeLance","floor":49,"key":"SMITH"},{"data":"ReplayTheSpireMod:??????????????????????","floor":52,"key":"SMITH"}],"circlet_count":0,"master_deck":["construct:Strike_Gold","construct:Strike_Gold+1","construct:Strike_Gold","construct:Strike_Gold","construct:Defend_Gold+1","construct:Defend_Gold","construct:Defend_Gold","construct:Defend_Gold","construct:AttackMode+1","construct:DefenseMode","construct:VentSteam+1","Replay:Undeath\u0027s Touch","Regret","ReplayTheSpireMod:Stacked","Warcry","Prepared","StuffTheSpire:ClusterCrunch","Quick Slash","construct:LongRangeLance+1","CurseOfTheBell","ReplayTheSpireMod:Splinters","Thunderclap","hermit:Ricochet+1","ruina:FadedMemories","hermit:Gambit","hermit:Ricochet","Barricade+1","hubris:DuctTapeCard","StuffTheSpire:Slingshot","construct:ShiftStrike+1","Secret Weapon","Master of Strategy","Panache","Writhe","hermit:Snapshot","Mind Blast","ReplayTheSpireMod:Chaos Vortex","StuffTheSpire:TitanForm","ReplayTheSpireMod:Chaos Vortex","ReplayTheSpireMod:??????????????????????+1","Replay:Fractal Strike","conspire:Banana","Madness","Madness","construct:ShiftStrike"],"relics":["construct:Cogwheel","aspiration:Nostalgia","Glutton:EternalHunger","Vajra","infinitespire:CheckeredPen","reliquary:FingerTrap","halation:Jellyphish","Toy Ornithopter","Bag of Preparation","Replay:Grab Bag","Philosopher\u0027s Stone","ReplayTheSpireMod:Onyx Gauntlets","Calling Bell","reliquary:Boomerang","Calipers","Replay:Accelerometer","Bronze Scales","ReplayTheSpireMod:Lightbulb","halation:Toothbrush","reliquary:Firecrackers","Akabeko","aspiration:SecretTechniqueScroll","hubris:DuctTape","Replay:Towering Pillar of Hats","StuffTheSpire:OldFever","ReplayTheSpireMod:ShopPack","ReplayTheSpireMod:SealedPack","reliquary:Sideboard","Pear","Oddly Smooth Stone","hubris:GlazedTorus","halation:KoshaPiece","halation:BottledLove","conspire:Flyswatter"],"acts_visited":["Exordium","Exordium","TheBeyond","TheEnding"],"potions_floor_usage":[7,12,14,18,26,33,40],"damage_taken":[{"damage":6,"enemies":"2 Louse","floor":1,"turns":2},{"damage":9,"enemies":"Cultist","floor":2,"turns":3},{"damage":2,"enemies":"Small Slimes","floor":5,"turns":2},{"damage":23,"enemies":"Exordium Thugs","floor":7,"turns":5},{"damage":0,"enemies":"Looter","floor":11,"turns":2},{"damage":6,"enemies":"3 Sentries","floor":12,"turns":7},{"damage":0,"enemies":"3 Louse","floor":14,"turns":4},{"damage":45,"enemies":"Hexaghost","floor":16,"turns":8},{"damage":8,"enemies":"ruina:3_Bats","floor":18,"turns":3},{"damage":26,"enemies":"ruina:ServantOfWrath","floor":23,"turns":4},{"damage":0,"enemies":"ruina:2_Scarecrows","floor":26,"turns":3},{"damage":0,"enemies":"ruina:2_Scarecrows","floor":30,"turns":1},{"damage":40,"enemies":"ruina:JesterOfNihil","floor":33,"turns":5},{"damage":0,"enemies":"3 Darklings","floor":36,"turns":2},{"damage":13,"enemies":"Jaw Worm Horde","floor":37,"turns":3},{"damage":0,"enemies":"R_Hoarder","floor":40,"turns":4},{"damage":10,"enemies":"Sphere and 2 Shapes","floor":42,"turns":2},{"damage":0,"enemies":"conspire:MimicChest","floor":48,"turns":2},{"damage":23,"enemies":"Donu and Deca","floor":50,"turns":4},{"damage":53,"enemies":"Shield and Spear","floor":54,"turns":4},{"damage":97,"enemies":"The Heart","floor":55,"turns":3}],"seed_played":"6782380479055026790","potions_obtained":[{"floor":2,"key":"DDmod:CleansePotion"},{"floor":11,"key":"Block Potion"},{"floor":12,"key":"LiquidMemories"},{"floor":16,"key":"Fire Potion"},{"floor":18,"key":"Explosive Potion"},{"floor":30,"key":"conspire:TimeTravelPotion"},{"floor":37,"key":"Regen Potion"}],"is_trial":false,"path_per_floor":["M","M","?","?","M","R","M","R","T","$","M","E","?","MIM","R_BF","B",null,"M","?","?","?","$","E","T","R","MIM","R","T","R","M","?","R","B",null,"M","M","M","$","AVR","E","?","M","T","$","R","?","$","?","R","B",null,"R","$","E","B"],"character_chosen":"THE_CONSTRUCT_MOD","items_purchased":["reliquary:FingerTrap","halation:Jellyphish","ruina:FadedMemories","Replay:Towering Pillar of Hats","StuffTheSpire:OldFever","ReplayTheSpireMod:ShopPack","conspire:Banana","Oddly Smooth Stone","hubris:GlazedTorus","construct:ShiftStrike"],"campfire_rested":3,"item_purchase_floors":[10,10,22,38,38,38,44,44,47,53],"current_hp_per_floor":[79,70,70,28,26,51,28,53,53,53,53,47,47,60,60,15,93,90,90,90,90,90,64,64,91,93,93,93,93,93,93,93,70,93,93,93,80,80,80,103,103,93,93,93,93,93,93,93,93,71,104,104,104,52,0,0],"gold":51,"neow_bonus":"NOSTALGIA","is_daily":false,"chose_seed":false,"campfire_upgraded":5,"win_rate":0.0,"timestamp":1613694591,"path_taken":["M","M","?","?","?","R","M","R","T","$","M","E","?","?","R_BF","BOSS","M","?","?","?","$","E","?","R","MIM","R","?","R","?","?","R","BOSS","M","M","M","?","AVR","E","?","?","T","$","R","?","?","?","R","BOSS","R","$","E","BOSS"],"items_purchased_type":["Relic","Relic","Card","Relic","Relic","Relic","Card","Relic","Relic","Card"],"build_version":"2020-12-22","purchased_purges":0,"victory":false,"max_hp_per_floor":[85,85,85,85,85,85,85,85,85,85,85,85,85,93,93,93,93,93,93,93,93,93,93,93,93,93,93,93,93,93,93,93,93,93,93,93,93,93,93,103,103,103,103,103,103,103,103,103,103,104,104,104,104,105,106,106],"card_choices":[{"not_picked":["Iron Wave","construct:SweepLaser"],"picked":"construct:VentSteam","floor":1},{"not_picked":["hermit:Grudge","construct:Forcefield"],"picked":"Replay:Undeath\u0027s Touch","floor":2},{"not_picked":["True Grit","StuffTheSpire:Incineration"],"picked":"ReplayTheSpireMod:Stacked","floor":5},{"not_picked":["construct:Failsafe","construct:Backfire"],"picked":"construct:ShiftStrike","floor":7},{"not_picked":["hermit:TrackingShot","StuffTheSpire:RockThrow"],"picked":"Warcry","floor":11},{"not_picked":["construct:HastyRepair","hermit:Cheat","hermit:EyeOfTheStorm"],"picked":"SKIP","floor":12},{"not_picked":["construct:ShiftStrike","hermit:ItchyTrigger"],"picked":"construct:FlameCore","floor":14},{"not_picked":["Demonic Infusion","Impervious"],"picked":"construct:LongRangeLance","floor":16},{"not_picked":["Pommel Strike","construct:ClusterMines"],"picked":"Reckless Charge+1","floor":18},{"not_picked":["StuffTheSpire:Pyroclast+1","construct:VentSteam+1"],"picked":"Thunderclap","floor":20},{"not_picked":["construct:SweepLaser","Thunderclap"],"picked":"hermit:Ricochet","floor":20},{"not_picked":["construct:FlameCore","DDmod:SpikeMailSkill"],"picked":"hermit:Gambit","floor":23},{"not_picked":["True Grit","hermit:SprayPray+1"],"picked":"hermit:Ricochet","floor":30},{"not_picked":["conspire:Purge","hermit:HeroicBravado"],"picked":"Barricade","floor":33},{"not_picked":["True Grit","construct:Versatility+1"],"picked":"StuffTheSpire:Slingshot","floor":36},{"not_picked":["DDmod:RapidStrikeAttack","construct:Anticipate"],"picked":"construct:ShiftStrike+1","floor":37},{"not_picked":["Crow Ritual","Metamorphosis"],"picked":"Secret Weapon","floor":38},{"not_picked":["Replay:Sssssssssstrike","Mayhem"],"picked":"Master of Strategy","floor":38},{"not_picked":["Specialist","Purity"],"picked":"Panache","floor":38},{"not_picked":["hubris:MerchantsHand","Vigilance"],"picked":"hermit:Snapshot","floor":39},{"not_picked":["hubris:Ssssneak","Impatience"],"picked":"Mind Blast","floor":39},{"not_picked":["infinitespire:Punishment","infinitespire:FinalStrike"],"picked":"ReplayTheSpireMod:Chaos Vortex","floor":39},{"not_picked":["DDmod:PlatedThornsSkill","DDmod:AllInSkill"],"picked":"StuffTheSpire:TitanForm","floor":39},{"not_picked":["Spot Weakness","hermit:HoleUp","construct:SuppressiveFire+1"],"picked":"SKIP","floor":40},{"not_picked":["hermit:Gestalt","Sever Soul","hermit:Spite"],"picked":"SKIP","floor":42},{"not_picked":["hermit:SprayPray","hermit:Coalescence","hermit:Feint+1"],"picked":"SKIP","floor":54}],"player_experience":915929,"relics_obtained":[{"floor":9,"key":"infinitespire:CheckeredPen"},{"floor":12,"key":"Toy Ornithopter"},{"floor":14,"key":"Pet Ghost"},{"floor":15,"key":"Bag of Preparation"},{"floor":17,"key":"reliquary:Boomerang"},{"floor":17,"key":"Calipers"},{"floor":17,"key":"Replay:Accelerometer"},{"floor":23,"key":"Bronze Scales"},{"floor":24,"key":"ReplayTheSpireMod:Lightbulb"},{"floor":26,"key":"halation:Toothbrush"},{"floor":28,"key":"reliquary:Firecrackers"},{"floor":40,"key":"Pear"},{"floor":48,"key":"halation:KoshaPiece"},{"floor":54,"key":"halation:BottledLove"}],"event_choices":[{"damage_healed":0,"gold_gain":0,"player_choice":"Box","damage_taken":0,"relics_obtained":["Tiny Chest"],"max_hp_gain":0,"max_hp_loss":0,"event_name":"Big Fish","floor":3,"gold_loss":0,"cards_obtained":["Regret"]},{"damage_healed":0,"gold_gain":110,"player_choice":"RE UP GO ","damage_taken":47,"relics_obtained":["Vajra"],"max_hp_gain":0,"max_hp_loss":0,"event_name":"betterSkull:BetterSkull","floor":4,"gold_loss":0,"cards_upgraded":["construct:Strike_Gold"]},{"damage_healed":0,"gold_gain":0,"player_choice":"Leave","damage_taken":0,"max_hp_gain":0,"max_hp_loss":0,"event_name":"conspire:Investor","floor":21,"gold_loss":0},{"damage_healed":0,"gold_gain":541,"player_choice":"UP GO GO GO GO GO UP UP RE ","damage_taken":123,"relics_obtained":["Akabeko"],"max_hp_gain":0,"max_hp_loss":0,"event_name":"betterSkull:BetterSkull","floor":31,"gold_loss":0,"cards_upgraded":["hermit:Ricochet","construct:Defend_Gold","construct:VentSteam"]},{"damage_healed":0,"gold_gain":0,"player_choice":"Embrace Madness","damage_taken":13,"max_hp_gain":0,"max_hp_loss":0,"event_name":"Winding Halls","floor":46,"gold_loss":0,"cards_obtained":["Madness","Madness"]}],"is_beta":false,"boss_relics":[{"not_picked":["Coffee Dripper","Runic Dome"],"picked":"Replay:Grab Bag"},{"not_picked":["Replay:Cursed D8","Sozu"],"picked":"Philosopher\u0027s Stone"},{"not_picked":["halation:IncompleteEncyclopedia","StuffTheSpire:RunicConfusion"],"picked":"ReplayTheSpireMod:Onyx Gauntlets"},{"not_picked":["aspiration:DefectSkillbook","Astrolabe"],"picked":"Calling Bell"},{"not_picked":["aspiration:FutureDiary","Honey Jar"],"picked":"aspiration:SecretTechniqueScroll"}],"items_purged_floors":[],"is_endless":false,"potions_floor_spawned":[2,11,12,16,18,30,37],"killed_by":"The Heart","ascension_level":0}}