{"host":"f7rb14kzcw8hx1r1","time":1613732429,"event":{"mods":["BaseMod","Better Note","Better Third Choice","Colored Map","Curses Come First","Highlight Path","Hubris","Minty Spire (QoL Compilation)","Reliquary","Replay The Spire","StSLib","The Forsaken"],"gold_per_floor":[114,39,53,73,91,125,125,125,125,125,159,175,27,45,45,140,140,159,179,193,206,223,223,249,249,249,277,277,289,90,102,102,201,201,212,35,54,70,70,70,70,70,96,115,115,1,13,48,48,48],"floor_reached":51,"language":"ENG","playtime":2046,"items_purged":["Strike_G","Strike_G","Strike_G","Defend_G"],"score":731,"play_id":"a41dca0d-9a13-48d9-9ee9-4303c5fc6da6","local_time":"20210219120029","is_ascension_mode":false,"campfire_choices":[{"data":"Neutralize","floor":7.0,"key":"SMITH"},{"data":"Draining Mist","floor":10.0,"key":"SMITH"},{"data":"Deadly Poison","floor":10.0,"key":"SMITH"},{"data":"Footwork","floor":15.0,"key":"SMITH"},{"data":"Adrenaline","floor":15.0,"key":"SMITH"},{"data":"After Image","floor":23,"key":"SMITH"},{"data":"Poisoned Stab","floor":23,"key":"SMITH"},{"data":"Survivor","floor":25,"key":"SMITH"},{"data":"Poisoned Stab","floor":25,"key":"SMITH"},{"data":"Adrenaline","floor":28,"key":"SMITH"},{"data":"Bane","floor":28,"key":"SMITH"},{"data":"Infinite Blades","floor":32,"key":"SMITH"},{"data":"Blade Dance","floor":32,"key":"SMITH"},{"data":"Malaise","floor":40,"key":"SMITH"},{"data":"Blur","floor":40,"key":"SMITH"},{"data":"Hidden Blade","floor":45,"key":"SMITH"},{"data":"PiercingWail","floor":45,"key":"SMITH"},{"data":"Noxious Fumes","floor":49,"key":"SMITH"},{"data":"Acrobatics","floor":49,"key":"SMITH"}],"circlet_count":0,"master_deck":["Strike_G+1","Strike_G+1","Defend_G","Defend_G","Defend_G","Defend_G","Survivor+1","Neutralize+1","Deadly Poison+1","Footwork+1","Draining Mist+1","PiercingWail+1","Adrenaline+1","Dramatic Entrance","Acrobatics+1","After Image+1","Poisoned Stab+1","Bane+1","Terror+1","Poisoned Stab+1","Adrenaline+1","Blade Dance+1","Infinite Blades+1","Replay:Poison Smokescreen","Blade Dance+1","Malaise+1","Hidden Blade+1","Blur+1","ReplayTheSpireMod:Speed Training+1","theForsaken:PlagueCurse","Caltrops+1","Noxious Fumes+1","Blade Dance+1"],"relics":["Sozu","Shuriken","Replay:Arrowhead","Replay:Rubber Ducky","Membership Card","Simple Rune","hubris:DeckOfHolding","Eternal Feather","Strange Spoon","hubris:Backtick","hubris:GlazedTorus","reliquary:FingerTrap","theForsaken:PlagueMask","Bag of Preparation","Singing Bowl"],"acts_visited":["Exordium","TheCity","TheBeyond"],"potions_floor_usage":[],"damage_taken":[{"damage":0.0,"enemies":"2 Louse","floor":1.0,"turns":3.0},{"damage":1.0,"enemies":"Cultist","floor":3.0,"turns":4.0},{"damage":7.0,"enemies":"Jaw Worm","floor":4.0,"turns":4.0},{"damage":0.0,"enemies":"Exordium Thugs","floor":5.0,"turns":4.0},{"damage":32.0,"enemies":"Gremlin Nob","floor":6.0,"turns":6.0},{"damage":5.0,"enemies":"Lagavulin","floor":11.0,"turns":6.0},{"damage":0.0,"enemies":"Blue Slaver","floor":12.0,"turns":3.0},{"damage":0.0,"enemies":"3 Louse","floor":14.0,"turns":3.0},{"damage":18,"enemies":"Hexaghost","floor":16,"turns":13},{"damage":2,"enemies":"3 Byrds","floor":18,"turns":6},{"damage":0,"enemies":"Chosen","floor":19,"turns":5},{"damage":9,"enemies":"Centurion and Healer","floor":20,"turns":9},{"damage":0,"enemies":"Snecko","floor":21,"turns":6},{"damage":0,"enemies":"Chosen and Byrds","floor":22,"turns":6},{"damage":31,"enemies":"Slavers","floor":24,"turns":5},{"damage":5,"enemies":"Book of Stabbing","floor":27,"turns":5},{"damage":0,"enemies":"Centurion and Healer","floor":29,"turns":4},{"damage":0,"enemies":"Snake Plant","floor":31,"turns":3},{"damage":6,"enemies":"Collector","floor":33,"turns":7},{"damage":0,"enemies":"3 Darklings","floor":35,"turns":4},{"damage":0,"enemies":"3 Shapes","floor":37,"turns":3},{"damage":2,"enemies":"Sphere and 2 Shapes","floor":38,"turns":7},{"damage":0,"enemies":"4 Shapes","floor":44,"turns":5},{"damage":0,"enemies":"3 Darklings","floor":47,"turns":4},{"damage":13,"enemies":"Nemesis","floor":48,"turns":7},{"damage":3,"enemies":"Time Eater","floor":50,"turns":10}],"seed_played":"2440962705511695479","potions_obtained":[],"is_trial":false,"path_per_floor":["M","$","M","M","M","E","R","?","T","R","E","M","$","M","R","B",null,"M","M","M","M","M","R","E","R","T","E","R","M","$","M","R_BF","B",null,"M","$","M","M","?","R","$","?","T","M","R","$","M","E","R","B",null],"character_chosen":"THE_SILENT","items_purchased":["Membership Card","Infinite Blades","Strange Spoon","Replay:Poison Smokescreen","reliquary:FingerTrap","Blur","Noxious Fumes"],"campfire_rested":0,"item_purchase_floors":[13,30,30,30,36,36,46],"current_hp_per_floor":[70,70,69,62,62,30,30,30,30,30,25,25,25,25,25,7,70,68,68,59,59,59,59,28,28,28,23,35,35,35,35,50,44,70,70,70,70,68,68,70,70,70,70,70,70,70,70,59,72,69],"gold":48,"neow_bonus":"BOSS_RELIC","is_daily":false,"chose_seed":false,"campfire_upgraded":19,"win_rate":0.0,"timestamp":1613732429,"path_taken":["M","$","M","M","M","E","R","?","T","R","E","M","$","M","R","BOSS","M","M","M","M","M","R","E","R","T","E","R","M","$","?","R_BF","BOSS","M","$","M","M","?","R","?","?","T","M","R","$","M","E","R","BOSS"],"items_purchased_type":["Relic","Card","Relic","Card","Relic","Card","Card"],"build_version":"2020-12-22","purchased_purges":4,"victory":true,"max_hp_per_floor":[70,70,70,70,70,70,70,70,70,70,70,70,70,70,70,70,70,70,70,70,70,70,70,70,70,70,70,70,70,70,70,70,70,70,70,70,70,70,70,70,70,70,70,70,70,70,70,72,72,72],"card_choices":[{"not_picked":["PiercingWail","Flying Knee"],"picked":"Deadly Poison","floor":1.0},{"not_picked":["Caltrops","Dodge and Roll"],"picked":"Footwork","floor":3.0},{"not_picked":["Riddle With Holes","Poisoned Stab"],"picked":"Draining Mist","floor":4.0},{"not_picked":["Deflect","Dodge and Roll"],"picked":"PiercingWail","floor":5.0},{"not_picked":["Blur","Bouncing Flask"],"picked":"Adrenaline","floor":6.0},{"not_picked":["Distraction","Quick Slash","Underhanded Strike"],"picked":"SKIP","floor":11.0},{"not_picked":["Dodge and Roll","Backflip"],"picked":"Acrobatics","floor":12.0},{"not_picked":["PiercingWail","Dodge and Roll","Skewer"],"picked":"SKIP","floor":14.0},{"not_picked":["Burst","Doppelganger"],"picked":"After Image","floor":16},{"not_picked":["Escape Plan","Reflex"],"picked":"Poisoned Stab","floor":18},{"not_picked":["Deadly Poison","Toxin Wave"],"picked":"Bane","floor":19},{"not_picked":["ReplayTheSpireMod:Shiv Toss","Sneak Up"],"picked":"Terror+1","floor":20},{"not_picked":["Tactician","Outmaneuver","ReplayTheSpireMod:Shiv Toss"],"picked":"SKIP","floor":21},{"not_picked":["Flying Knee+1","Deflect+1"],"picked":"Poisoned Stab","floor":22},{"not_picked":["Grand Finale","Finisher+1","Skewer+1"],"picked":"SKIP","floor":24},{"not_picked":["Blade Dance","Acrobatics+1"],"picked":"Adrenaline","floor":27},{"not_picked":["Underhanded Strike","ReplayTheSpireMod:Exploit Weakness"],"picked":"Blade Dance","floor":29},{"not_picked":["Flying Knee+1","Accuracy"],"picked":"Blade Dance+1","floor":31},{"not_picked":["Glass Knife","Night Terror"],"picked":"Malaise","floor":33},{"not_picked":["hubris:Sniper+1","Sucker Punch"],"picked":"Hidden Blade","floor":35},{"not_picked":["Acrobatics","ReplayTheSpireMod:The Works+1"],"picked":"ReplayTheSpireMod:Speed Training+1","floor":37},{"not_picked":["Dodge and Roll","Flying Knee+1","Glass Knife"],"picked":"SKIP","floor":38},{"not_picked":["Poisoned Stab","Bane"],"picked":"Caltrops+1","floor":44},{"not_picked":["Outmaneuver","ReplayTheSpireMod:Tripwire+1"],"picked":"Blade Dance+1","floor":47},{"not_picked":["Reflex","Flying Knee","ReplayTheSpireMod:Shiv Toss"],"picked":"Singing Bowl","floor":48}],"player_experience":983758,"relics_obtained":[{"floor":6.0,"key":"Shuriken"},{"floor":9.0,"key":"Replay:Arrowhead"},{"floor":11.0,"key":"Replay:Rubber Ducky"},{"floor":24,"key":"Simple Rune"},{"floor":26,"key":"hubris:DeckOfHolding"},{"floor":27,"key":"Eternal Feather"},{"floor":43,"key":"Bag of Preparation"},{"floor":48,"key":"Singing Bowl"}],"event_choices":[{"damage_healed":0.0,"max_hp_gain":0.0,"max_hp_loss":0.0,"gold_gain":0.0,"event_name":"Match and Keep!","player_choice":"1 cards matched","floor":8.0,"gold_loss":0.0,"damage_taken":0.0,"cards_obtained":["Dramatic Entrance"]},{"damage_healed":0,"gold_gain":0,"player_choice":"Got Potions","damage_taken":0,"max_hp_gain":0,"max_hp_loss":0,"event_name":"Lab","floor":39,"gold_loss":0},{"damage_healed":0,"gold_gain":0,"player_choice":"Obtain Plague Curse","damage_taken":0,"max_hp_gain":0,"max_hp_loss":0,"event_name":"Plague Doctor","floor":42,"gold_loss":0,"cards_obtained":["theForsaken:PlagueCurse"]}],"is_beta":false,"boss_relics":[{"not_picked":["Fusion Hammer","Runic Dome","hubris:HollowSoul"]},{"not_picked":["Astrolabe","reliquary:Ember"],"picked":"hubris:Backtick"}],"items_purged_floors":[2,30,36,46],"is_endless":false,"potions_floor_spawned":[5,6,12,16,19,21,22,24,33,44,47],"ascension_level":0}}