{"host":"5ksdyw07v7d4yepu","time":1613767347,"event":{"mods":["BaseMod","Block Reminder","Colored Map","Colored Powertips","Highlight Path","Minty Spire (QoL Compilation)","Relic Stats","StSLib"],"gold_per_floor":[118,131,144,144,11,37,37,49,49,49,49,81,98,112,112,208,208,223,223,239,439,459,489,489,508,532,532,549,211,211,239,239,337,337,355,375,63,63,76,106,122,7,7,26,26,71,84,112,112,112],"floor_reached":51,"language":"ENG","playtime":6082,"items_purged":[],"score":1037,"play_id":"3d86782c-329c-40dd-ac43-b94a6a05fc33","local_time":"20210219154227","is_ascension_mode":true,"campfire_choices":[{"data":"Eruption","floor":7.0,"key":"SMITH"},{"data":"Trip","floor":10.0,"key":"SMITH"},{"data":"Wallop","floor":15.0,"key":"SMITH"},{"data":"FlurryOfBlows","floor":24.0,"key":"SMITH"},{"data":"Halt","floor":27.0,"key":"SMITH"},{"data":"Meditate","floor":32.0,"key":"SMITH"},{"data":"Halt","floor":45,"key":"SMITH"},{"data":"Ragnarok","floor":49,"key":"SMITH"}],"circlet_count":0,"master_deck":["Eruption+1","Vigilance","Sanctity","EmptyFist","Trip+1","FlurryOfBlows+1","InnerPeace","BowlingBash","Wallop+1","FollowUp+1","FearNoEvil+1","Crescendo+1","Evaluate+1","CutThroughFate+1","FlurryOfBlows+1","Halt+1","Meditate+1","ClearTheMind","Adaptation","Ghostly","Ghostly","Ghostly","Ghostly","Ghostly","SashWhip+1","Blasphemy","Protect","WreathOfFlame","Brilliance","Collect","Ragnarok+1","Ragnarok","FlurryOfBlows+1","Adaptation+1","Halt+1","TalkToTheHand+1","Vengeance","MentalFortress","WindmillStrike","ThirdEye","Crescendo+1"],"relics":["PureWater","NeowsBlessing","Du-Vu Doll","Darkstone Periapt","HornCleat","Mango","Nloth\u0027s Gift","FossilizedHelix","Oddly Smooth Stone","Pantograph","Happy Flower","Pandora\u0027s Box","TungstenRod","Ornamental Fan","Lizard Tail","Art of War"],"acts_visited":["Exordium","TheCity","TheBeyond"],"potions_floor_usage":[44,48,50,50],"damage_taken":[{"damage":0.0,"enemies":"Jaw Worm","floor":1.0,"turns":1.0},{"damage":0.0,"enemies":"Small Slimes","floor":2.0,"turns":1.0},{"damage":0.0,"enemies":"Cultist","floor":3.0,"turns":1.0},{"damage":7.0,"enemies":"Gremlin Nob","floor":6.0,"turns":3.0},{"damage":0.0,"enemies":"Exordium Thugs","floor":8.0,"turns":2.0},{"damage":11.0,"enemies":"3 Sentries","floor":12.0,"turns":6.0},{"damage":6.0,"enemies":"Gremlin Gang","floor":13.0,"turns":3.0},{"damage":0.0,"enemies":"Large Slime","floor":14.0,"turns":2.0},{"damage":39.0,"enemies":"The Guardian","floor":16.0,"turns":13.0},{"damage":0.0,"enemies":"Spheric Guardian","floor":18.0,"turns":2.0},{"damage":0.0,"enemies":"Chosen","floor":20.0,"turns":3.0},{"damage":0.0,"enemies":"Shelled Parasite and Fungi","floor":22.0,"turns":3.0},{"damage":10.0,"enemies":"Slavers","floor":23.0,"turns":3.0},{"damage":0.0,"enemies":"Centurion and Healer","floor":25.0,"turns":3.0},{"damage":8.0,"enemies":"Snake Plant","floor":28.0,"turns":3.0},{"damage":3.0,"enemies":"Book of Stabbing","floor":31.0,"turns":5.0},{"damage":2.0,"enemies":"Collector","floor":33.0,"turns":8.0},{"damage":0.0,"enemies":"Orb Walker","floor":35.0,"turns":2.0},{"damage":0.0,"enemies":"3 Darklings","floor":36.0,"turns":5.0},{"damage":3.0,"enemies":"4 Shapes","floor":39.0,"turns":4.0},{"damage":12.0,"enemies":"Giant Head","floor":40.0,"turns":6.0},{"damage":0,"enemies":"Sphere and 2 Shapes","floor":41,"turns":2},{"damage":0,"enemies":"Transient","floor":44,"turns":5},{"damage":0,"enemies":"2 Orb Walkers","floor":46,"turns":4},{"damage":0,"enemies":"Maw","floor":47,"turns":7},{"damage":0,"enemies":"Reptomancer","floor":48,"turns":6},{"damage":17,"enemies":"Time Eater","floor":50,"turns":8}],"seed_played":"9106105075144542214","potions_obtained":[{"floor":2.0,"key":"AttackPotion"},{"floor":8.0,"key":"DuplicationPotion"},{"floor":12.0,"key":"EntropicBrew"},{"floor":16.0,"key":"Explosive Potion"},{"floor":20.0,"key":"AttackPotion"},{"floor":28.0,"key":"GamblersBrew"},{"floor":33.0,"key":"Explosive Potion"},{"floor":44,"key":"Strength Potion"}],"is_trial":false,"path_per_floor":["M","M","M","?","$","E","R","M","T","R","?","E","M","M","R","B",null,"M","?","M","?","M","E","R","M","T","R","M","$","?","E","R","B",null,"M","M","$","?","M","E","M","$","T","M","R","?","M","E","R","B",null],"character_chosen":"WATCHER","items_purchased":["Trip","FlurryOfBlows","ClearTheMind","Adaptation","Pantograph","TungstenRod","MentalFortress","WindmillStrike"],"campfire_rested":0,"item_purchase_floors":[5,5,29,29,29,37,42,42],"current_hp_per_floor":[65,65,65,58,58,51,51,51,51,51,48,51,45,45,45,6,66,66,66,66,66,66,56,56,56,56,56,48,48,43,40,40,41,43,43,43,43,43,40,28,28,28,28,28,28,28,28,28,28,26],"gold":112,"neow_bonus":"THREE_ENEMY_KILL","is_daily":false,"chose_seed":false,"campfire_upgraded":8,"win_rate":0.0,"timestamp":1613767347,"path_taken":["M","M","M","?","$","E","R","M","T","R","?","E","M","M","R","BOSS","M","?","?","?","M","E","R","M","T","R","?","$","?","E","R","BOSS","M","M","$","?","M","E","M","?","T","M","R","?","M","E","R","BOSS"],"items_purchased_type":["Card","Card","Card","Card","Relic","Relic","Card","Card"],"build_version":"2020-12-22","purchased_purges":0,"victory":true,"max_hp_per_floor":[72,72,72,72,72,72,72,72,72,72,72,86,86,86,86,86,86,86,86,86,86,86,86,86,86,86,86,86,86,43,43,43,43,43,43,43,43,43,43,43,43,43,43,43,43,43,43,43,43,43],"relic_stats":{"Darkstone Periapt":0,"Lizard Tail":0,"Happy Flower":[19],"counters":[27,111],"Ornamental Fan":[100],"Pantograph":18,"Pandora\u0027s Box":["Protect","WreathOfFlame","Brilliance","Collect","Ragnarok","Ragnarok"],"Nloth\u0027s Gift":2,"Art of War":[0],"obtain_stats":[{"Darkstone Periapt":9,"NeowsBlessing":0,"Happy Flower":31,"Astrolabe":17,"Oddly Smooth Stone":26,"Mango":12,"Du-Vu Doll":6,"Lizard Tail":46,"HornCleat":11,"Ornamental Fan":40,"Pantograph":29,"Pandora\u0027s Box":34,"Nloth\u0027s Gift":19,"Art of War":48,"PureWater":0,"FossilizedHelix":23,"TungstenRod":37},{"Darkstone Periapt":5,"NeowsBlessing":0,"Happy Flower":16,"Astrolabe":9,"Oddly Smooth Stone":14,"Mango":6,"Du-Vu Doll":4,"Lizard Tail":24,"HornCleat":5,"Ornamental Fan":21,"Pantograph":15,"Pandora\u0027s Box":17,"Nloth\u0027s Gift":10,"Art of War":26,"PureWater":0,"FossilizedHelix":13,"TungstenRod":19},{"Darkstone Periapt":8,"NeowsBlessing":0,"Happy Flower":54,"Astrolabe":32,"Oddly Smooth Stone":46,"Mango":14,"Du-Vu Doll":6,"Lizard Tail":90,"HornCleat":8,"Ornamental Fan":79,"Pantograph":49,"Pandora\u0027s Box":62,"Nloth\u0027s Gift":34,"Art of War":103,"PureWater":0,"FossilizedHelix":43,"TungstenRod":69}],"TungstenRod":5},"card_choices":[{"not_picked":["CrushJoints","FollowUp"],"picked":"Prostrate","floor":1.0},{"not_picked":["FlurryOfBlows","FollowUp"],"picked":"Sanctity","floor":2.0},{"not_picked":["ClearTheMind","JustLucky"],"picked":"EmptyFist","floor":3.0},{"not_picked":["DeceiveReality","Evaluate"],"picked":"InnerPeace","floor":6.0},{"not_picked":["CrushJoints","PathToVictory"],"picked":"BowlingBash","floor":8.0},{"not_picked":["Pray","Vengeance","Protect"],"picked":"SKIP","floor":12.0},{"not_picked":["Collect","ForeignInfluence","Nirvana"],"picked":"SKIP","floor":13.0},{"not_picked":["Meditate","PathToVictory"],"picked":"Wallop","floor":14.0},{"not_picked":["SpiritShield","ConjureBlade"],"picked":"Omniscience","floor":16.0},{"not_picked":["CutThroughFate","Perseverance"],"picked":"Evaluate+1","floor":18.0},{"not_picked":["Omniscience","WindmillStrike","CarveReality"],"picked":"SKIP","floor":20.0},{"not_picked":["WreathOfFlame","Protect"],"picked":"CutThroughFate+1","floor":22.0},{"not_picked":["EmptyBody+1","Prostrate+1"],"picked":"FlurryOfBlows+1","floor":23.0},{"not_picked":["ReachHeaven+1","WindmillStrike"],"picked":"Halt","floor":25.0},{"not_picked":["LikeWater","CrushJoints"],"picked":"Meditate","floor":28.0},{"not_picked":["Alpha","Conclude+1"],"picked":"SashWhip+1","floor":31.0},{"not_picked":["DeusExMachina","Brilliance"],"picked":"Blasphemy","floor":33.0},{"not_picked":["JustLucky","FollowUp"],"picked":"FlurryOfBlows+1","floor":35.0},{"not_picked":["ClearTheMind","Nirvana"],"picked":"Adaptation+1","floor":36.0},{"not_picked":["Evaluate","FollowUp+1"],"picked":"Halt","floor":39.0},{"not_picked":["InnerPeace+1","FlurryOfBlows"],"picked":"TalkToTheHand+1","floor":40.0},{"not_picked":["Consecrate+1","Evaluate+1"],"picked":"Vengeance","floor":41},{"not_picked":["PathToVictory","EmptyFist","Wish"],"picked":"SKIP","floor":44},{"not_picked":["Consecrate","WindmillStrike"],"picked":"ThirdEye","floor":46},{"not_picked":["EmptyBody+1","MentalFortress","DeceiveReality+1"],"picked":"SKIP","floor":47},{"not_picked":["Perseverance","Blasphemy"],"picked":"Crescendo+1","floor":48}],"player_experience":581151,"relics_obtained":[{"floor":6.0,"key":"Du-Vu Doll"},{"floor":9.0,"key":"Darkstone Periapt"},{"floor":12.0,"key":"Mango"},{"floor":23.0,"key":"FossilizedHelix"},{"floor":26.0,"key":"Oddly Smooth Stone"},{"floor":31.0,"key":"Happy Flower"},{"floor":40.0,"key":"Ornamental Fan"},{"floor":46,"key":"Lizard Tail"},{"floor":48,"key":"Art of War"}],"event_choices":[{"cards_removed":["Defend_P"],"damage_healed":0.0,"max_hp_gain":0.0,"max_hp_loss":0.0,"gold_gain":0.0,"event_name":"Golden Wing","player_choice":"Card Removal","floor":4.0,"gold_loss":0.0,"damage_taken":7.0},{"damage_healed":0.0,"max_hp_gain":0.0,"max_hp_loss":0.0,"gold_gain":0.0,"event_name":"Scrap Ooze","player_choice":"Success","floor":11.0,"gold_loss":0.0,"damage_taken":3.0,"relics_obtained":["HornCleat"]},{"damage_healed":0.0,"max_hp_gain":0.0,"max_hp_loss":0.0,"gold_gain":0.0,"event_name":"N\u0027loth","player_choice":"Traded Relic","floor":19.0,"relics_lost":["Astrolabe"],"gold_loss":0.0,"damage_taken":0.0,"relics_obtained":["Nloth\u0027s Gift"]},{"damage_healed":0.0,"max_hp_gain":0.0,"max_hp_loss":0.0,"gold_gain":250.0,"event_name":"The Joust","player_choice":"Bet on Owner","floor":21.0,"gold_loss":50.0,"damage_taken":0.0},{"damage_healed":0.0,"max_hp_gain":0.0,"max_hp_loss":43.0,"gold_gain":0.0,"event_name":"Ghosts","player_choice":"Became a Ghost","floor":30.0,"gold_loss":0.0,"damage_taken":0.0,"cards_obtained":["Ghostly","Ghostly","Ghostly","Ghostly","Ghostly"]},{"damage_healed":0.0,"max_hp_gain":0.0,"max_hp_loss":0.0,"gold_gain":0.0,"event_name":"SecretPortal","player_choice":"Ignored","floor":38.0,"gold_loss":0.0,"damage_taken":0.0},{"damage_healed":0,"gold_gain":0,"player_choice":"Fight","damage_taken":0,"max_hp_gain":0,"max_hp_loss":0,"event_name":"Mysterious Sphere","floor":46,"gold_loss":0}],"is_beta":false,"boss_relics":[{"not_picked":["SacredBark","Coffee Dripper"],"picked":"Astrolabe"},{"not_picked":["Empty Cage","Busted Crown"],"picked":"Pandora\u0027s Box"}],"items_purged_floors":[],"is_endless":false,"potions_floor_spawned":[2,8,12,16,20,28,33,39,40,44,46],"ascension_level":6}}