{"host":"p7dn4l5818biq9as","time":1613753069,"event":{"mods":["2.2 Compatiblity","ATMod(°¢èªMod)","Act Like it!","Arknights","BaseMod","Better Third Choice","Custom Start","Gensokyo","KinomotoSakuraMod(Ä¾Ö®±¾Ó£)","Minty Spire (QoL Compilation)","Quick Restart","Rare Cards Sparkle","Spicy Shops","StSLib","The Mystic","The Senshi"],"gold_per_floor":[115,15,25,44,64,91,91,91,91,91,108,58,92,106,106,202,202,218,237,86,105,118,118,118,118],"floor_reached":24,"language":"ZHS","playtime":1594,"items_purged":["mysticmod:Defend_Mystic"],"score":235,"play_id":"d3877332-ab27-436b-8375-a165d10572d0","local_time":"20210220004429","is_ascension_mode":false,"campfire_choices":[{"floor":7.0,"key":"RECALL"},{"data":"AT_MachinaRedman","floor":10.0,"key":"SMITH"},{"data":"mysticmod:StyleChange","floor":15.0,"key":"SMITH"},{"data":"mysticmod:KnowledgePool","floor":23.0,"key":"SMITH"}],"circlet_count":0,"master_deck":["mysticmod:Strike_Mystic","mysticmod:Strike_Mystic","mysticmod:Strike_Mystic","mysticmod:Strike_Mystic","mysticmod:Defend_Mystic","mysticmod:ArcaneDodge","mysticmod:ShockingGrasp","AT_MachinaRedman+1","mysticmod:Disengage","mysticmod:Alacrity","mysticmod:StyleChange+1","mysticmod:EnergizedRift","mysticmod:Flourish","mysticmod:Riposte","mysticmod:Alacrity","mysticmod:DiviningBlow","mysticmod:KnowledgePool+1","mysticmod:Fireball+1","mysticmod:BulkUp","mysticmod:RapidCaster+1"],"relics":["mysticmod:SpellBook","AT_ATBox","Darkstone Periapt","Lantern","AT_ImmortalShieldbow","Runic Pyramid","AT_BellDemon"],"acts_visited":["Exordium","TheCity"],"potions_floor_usage":[24,24,24],"damage_taken":[{"damage":0.0,"enemies":"Small Slimes","floor":1.0,"turns":2.0},{"damage":3.0,"enemies":"Jaw Worm","floor":3.0,"turns":2.0},{"damage":0.0,"enemies":"2 Louse","floor":4.0,"turns":1.0},{"damage":2.0,"enemies":"Blue Slaver","floor":5.0,"turns":2.0},{"damage":25.0,"enemies":"3 Sentries","floor":6.0,"turns":8.0},{"damage":1.0,"enemies":"Exordium Thugs","floor":11.0,"turns":2.0},{"damage":0.0,"enemies":"Lagavulin","floor":13.0,"turns":3.0},{"damage":0.0,"enemies":"2 Fungi Beasts","floor":14.0,"turns":1.0},{"damage":36.0,"enemies":"The Guardian","floor":16.0,"turns":6.0},{"damage":22.0,"enemies":"3 Byrds","floor":18.0,"turns":5.0},{"damage":1.0,"enemies":"Shell Parasite","floor":19.0,"turns":3.0},{"damage":0.0,"enemies":"Chosen and Byrds","floor":21.0,"turns":4.0},{"damage":27.0,"enemies":"Shelled Parasite and Fungi","floor":22.0,"turns":3.0},{"damage":56,"enemies":"Book of Stabbing","floor":24,"turns":3}],"seed_played":"4972244597501842447","potions_obtained":[{"floor":3.0,"key":"DistilledChaos"},{"floor":5.0,"key":"GamblersBrew"},{"floor":11.0,"key":"BlessingOfTheForge"},{"floor":13.0,"key":"DuplicationPotion"},{"floor":21.0,"key":"DistilledChaos"}],"is_trial":false,"path_per_floor":["M","$","M","M","M","E","R","?","T","R","M","?","E","M","R","B",null,"M","M","$","M","M","R","E"],"character_chosen":"MYSTIC_CLASS","items_purchased":["mysticmod:Alacrity","AT_BellDemon"],"campfire_rested":0,"item_purchase_floors":[2,20],"current_hp_per_floor":[77,77,74,74,72,47,47,44,44,44,43,43,43,43,43,17,77,55,54,54,54,27,27,0,0],"gold":118,"neow_bonus":"REMOVE_CARD","is_daily":false,"chose_seed":false,"campfire_upgraded":3,"win_rate":0.0,"timestamp":1613753069,"path_taken":["M","$","M","M","M","E","R","?","T","R","M","?","E","M","R","BOSS","M","M","$","M","M","R","E"],"items_purchased_type":["Card","Relic"],"build_version":"2020-12-22","purchased_purges":1,"victory":false,"max_hp_per_floor":[77,77,77,77,77,77,77,77,77,77,77,77,77,77,77,77,77,77,77,77,77,77,77,77,77],"card_choices":[{"not_picked":["mysticmod:HeavyStrike","mysticmod:PureInstinct"],"picked":"mysticmod:Disengage","floor":1.0},{"not_picked":["mysticmod:LightningBolt","mysticmod:Shield"],"picked":"mysticmod:StyleChange","floor":3.0},{"not_picked":["mysticmod:Flourish","mysticmod:Disengage"],"picked":"mysticmod:EnergizedRift","floor":4.0},{"not_picked":["mysticmod:BulkUp","mysticmod:BladeMaster","mysticmod:PowerSlash"],"picked":"SKIP","floor":5.0},{"not_picked":["mysticmod:PowerSlash","mysticmod:BladeMaster"],"picked":"mysticmod:Flourish","floor":6.0},{"not_picked":["mysticmod:KeenEdge","mysticmod:PowerAttack"],"picked":"mysticmod:Riposte","floor":11.0},{"not_picked":["mysticmod:MightyMagic","mysticmod:ComponentsPouch"],"picked":"mysticmod:Alacrity","floor":13.0},{"not_picked":["mysticmod:Daze","mysticmod:ComponentsPouch"],"picked":"mysticmod:DiviningBlow","floor":14.0},{"not_picked":["mysticmod:EnchantedMoulinet","mysticmod:Natural20"],"picked":"mysticmod:KnowledgePool","floor":16.0},{"not_picked":["mysticmod:BulkUp","mysticmod:EbbAndFlow"],"picked":"mysticmod:Fireball+1","floor":18.0},{"not_picked":["mysticmod:HunkerDown+1","mysticmod:MirrorStrike"],"picked":"mysticmod:BulkUp","floor":19.0},{"not_picked":["mysticmod:PunishingArmor","mysticmod:PureInstinct","mysticmod:Daze"],"picked":"SKIP","floor":21.0},{"not_picked":["mysticmod:DiviningBlow","mysticmod:MagicWeapon"],"picked":"mysticmod:RapidCaster+1","floor":22.0}],"player_experience":89226,"relics_obtained":[{"floor":6.0,"key":"Darkstone Periapt"},{"floor":13.0,"key":"AT_ImmortalShieldbow"}],"event_choices":[{"damage_healed":0.0,"max_hp_gain":0.0,"max_hp_loss":0.0,"gold_gain":0.0,"event_name":"betterThird:BetterScrap","player_choice":"Relic ","floor":8.0,"gold_loss":0.0,"damage_taken":3.0,"cards_obtained":["Meteor Strike"]},{"cards_removed":["mysticmod:Defend_Mystic"],"damage_healed":0.0,"max_hp_gain":0.0,"max_hp_loss":0.0,"gold_gain":0.0,"event_name":"The Cleric","player_choice":"Card Removal","floor":12.0,"gold_loss":50.0,"damage_taken":0.0}],"is_beta":false,"boss_relics":[{"not_picked":["SacredBark","Velvet Choker"],"picked":"Runic Pyramid"}],"items_purged_floors":[2],"is_endless":false,"potions_floor_spawned":[3,5,11,13,21],"killed_by":"Book of Stabbing","ascension_level":0}}