{"host":"8o45mh5p3pp1o2mi","time":1613693103,"event":{"mods":["BaseMod","Bestiary","Better Match","Better Third Choice","BetterRewards","Dark Map","Downfall","Fox Events","Minty Spire (QoL Compilation)","Rare Cards Sparkle","Relic Stats","Replay The Spire","Shop Mod","Spire Exporter","StSLib","everything is the same but u backflip on backflip"],"gold_per_floor":[114,124,124,124,143,176,176,204,204,230,230,17,43,57,57,160,160,174,187,187,48,63,88,102,102,128,128,43,0,0,34,34,131,131,146,146,166,51,99,99,151,151,151,196,259,323,323,363,363,389,389,389,21,54,54],"floor_reached":56,"language":"ENG","playtime":4088,"items_purged":["Strike_G","Strike_G","Defend_G","Defend_G"],"score":2469,"play_id":"ccb8a25d-c197-4eb2-8ba6-664f4d98521f","local_time":"20210219000503","is_ascension_mode":true,"campfire_choices":[{"data":"Masterful Stab","floor":7,"key":"SMITH"},{"floor":11,"key":"REST"},{"floor":25,"key":"RECALL"},{"data":"ReplayTheSpireMod:Shiv Toss","floor":27,"key":"SMITH"},{"floor":32,"key":"REST"},{"data":"Accuracy","floor":40,"key":"SMITH"},{"data":"Calculated Gamble","floor":42,"key":"SMITH"},{"floor":47,"key":"REST"},{"data":"Wraith Form v2","floor":49,"key":"SMITH"},{"data":"Wraith Form v2","floor":52,"key":"SMITH"}],"circlet_count":0,"master_deck":["AscendersBane","Defend_G+1","Defend_G+1","Survivor","Neutralize+1","Replay:BasicMightCard","Draining Mist","Backflip","Masterful Stab+1","Blade Dance+1","ReplayTheSpireMod:Scrap Shanks","Hidden Blade+1","ReplayTheSpireMod:The Works","Hidden Blade","Blade Dance+1","Burst","ReplayTheSpireMod:Shiv Toss+1","ReplayTheSpireMod:Speed Training","Expertise+1","Predator+1","Night Terror+1","Prepared","Acrobatics","Accuracy+1","Phantasmal Killer+1","Cloak And Dagger","Wraith Form v2+1","Wraith Form v2+1","Die Die Die+1","Prepared+1","Calculated Gamble+1","ReplayTheSpireMod:Shiv Toss+1","Tactician+1","Tactician+1","Cloak And Dagger","Backflip+1","ReplayTheSpireMod:Tripwire","Sucker Punch","Leg Sweep+1","Backflip+1"],"relics":["Ring of the Snake","Pen Nib","Sundial","Bottled Flame","Medical Kit","Membership Card","Quantum Egg","Replay:WaspNest","BranchBurnRelic","Mirror","Replay:Baseball","PreservedInsect","Painkiller Herb","Replay:Bronze Core","Astrolabe","Omamori","ReplayTheSpireMod:TigerMarble","Toy Ornithopter","Centennial Puzzle","The Courier","Ring of Hypnosis","Honey Jar","Boot","Oddly Smooth Stone","Replay:Accelerometer","MerchantsRug","Tough Bandages","Simple Rune","Bottled Lightning","Replay:Wax Seal","Vajra","ReplayTheSpireMod:Lightbulb","Kunai","ReplayTheSpireMod:CursedCoin","Replay:Bottled Eggs","Bag of Preparation","Durian","Nunchaku","Whetstone","War Paint"],"acts_visited":["Exordium","TheCity","TheBeyond","TheEnding"],"potions_floor_usage":[8,13,18,31,44,50,53],"damage_taken":[{"damage":0,"enemies":"Jaw Worm","floor":1,"turns":1},{"damage":0,"enemies":"Cultist","floor":2,"turns":3},{"damage":0,"enemies":"2 Louse","floor":5,"turns":1},{"damage":7,"enemies":"Gremlin Nob","floor":6,"turns":3},{"damage":42,"enemies":"Replay:BlueRogue","floor":8,"turns":4},{"damage":10,"enemies":"Lagavulin","floor":10,"turns":5},{"damage":37,"enemies":"Replay:BlueRogue","floor":13,"turns":4},{"damage":0,"enemies":"Looter","floor":14,"turns":1},{"damage":0,"enemies":"Slime Boss","floor":16,"turns":7},{"damage":8,"enemies":"2 Thieves","floor":18,"turns":2},{"damage":12,"enemies":"Chosen","floor":19,"turns":3},{"damage":5,"enemies":"Centurion and Healer","floor":22,"turns":3},{"damage":24,"enemies":"Slavers","floor":23,"turns":2},{"damage":0,"enemies":"Snake Plant","floor":24,"turns":1},{"damage":1,"enemies":"Gremlin Leader","floor":31,"turns":2},{"damage":21,"enemies":"Champ","floor":33,"turns":5},{"damage":3,"enemies":"3 Darklings","floor":35,"turns":3},{"damage":6,"enemies":"3 Shapes","floor":37,"turns":2},{"damage":19,"enemies":"Spire Growth","floor":39,"turns":2},{"damage":16,"enemies":"R_Hoarder","floor":41,"turns":4},{"damage":4,"enemies":"Sphere and 2 Shapes","floor":44,"turns":2},{"damage":0,"enemies":"Reptomancer","floor":45,"turns":3},{"damage":21,"enemies":"R_Hoarder","floor":46,"turns":3},{"damage":0,"enemies":"Writhing Mass","floor":48,"turns":2},{"damage":36,"enemies":"Time Eater","floor":50,"turns":5},{"damage":0,"enemies":"Shield and Spear","floor":54,"turns":2},{"damage":5,"enemies":"The Heart","floor":55,"turns":7}],"seed_played":"-1868283233021151413","potions_obtained":[{"floor":8,"key":"Venom Potion"},{"floor":10,"key":"LiquidMemories"},{"floor":18,"key":"FearPotion"},{"floor":23,"key":"Energy Potion"},{"floor":24,"key":"GamblersBrew"},{"floor":33,"key":"FearPotion"},{"floor":39,"key":"CunningPotion"},{"floor":44,"key":"DistilledChaos"},{"floor":46,"key":"EntropicBrew"}],"is_trial":false,"path_per_floor":["M","M","?","?","M","E","R","E","T","E","R","$","E","M","R","B",null,"?","?","T","T","?","E","?","T","T","T","?","T","?","E","T","B",null,"?","?","?","T","?","T","E","T","T","?","E","E","T","?","T","B",null,"T","T","E","B",null],"character_chosen":"THE_SILENT","items_purchased":["BargainBundle","Pen Nib","Replay:BasicMightCard","Draining Mist","Backflip","Masterful Stab","Sundial","ColorlessPotion","Explosive Potion","Blade Dance","ReplayTheSpireMod:Scrap Shanks","Bottled Flame","Medical Kit","Juzu Bracelet","Membership Card","Hidden Blade","Quantum Egg","PreservedInsect","Lee\u0027s Waffle","Accuracy","Phantasmal Killer+1","ReplayTheSpireMod:TigerMarble","Wraith Form v2","Replay:Bandana","DollysMirror","MerchantsRug","Tough Bandages","Simple Rune","Bottled Lightning","Replay:Wax Seal","Vajra","ReplayTheSpireMod:Lightbulb","Kunai","ReplayTheSpireMod:CursedCoin","Replay:Bottled Eggs","Bag of Preparation","Durian","Nunchaku","Whetstone"],"campfire_rested":3,"item_purchase_floors":[0,0,0,0,0,0,0,0,0,0,0,0,0,0,0,0,0,12,12,21,21,21,29,38,38,53,53,53,53,53,53,53,53,53,53,53,53,53,53],"current_hp_per_floor":[63,63,63,63,63,56,56,26,26,16,37,77,47,47,47,62,73,65,53,63,63,58,34,34,34,34,34,34,34,34,43,84,75,84,81,81,75,75,56,56,52,52,52,58,58,37,78,83,83,60,80,80,90,92,87],"gold":54,"neow_bonus":"","is_daily":false,"chose_seed":false,"campfire_upgraded":6,"win_rate":0.0,"timestamp":1613693103,"path_taken":["M","M","?","?","M","E","R","E","T","E","R","$","E","M","R","BOSS","?","?","?","T","?","E","?","T","T","T","?","T","?","E","T","BOSS","?","?","?","T","?","T","E","T","T","?","E","E","T","?","T","BOSS","T","T","E","BOSS"],"items_purchased_type":["Relic","Relic","Card","Card","Card","Card","Relic","Potion","Potion","Card","Card","Relic","Relic","Relic","Relic","Card","Relic","Relic","Relic","Card","Card","Relic","Card","Relic","Relic","Relic","Relic","Relic","Relic","Relic","Relic","Relic","Relic","Relic","Relic","Relic","Relic","Relic","Relic"],"build_version":"2020-12-22","purchased_purges":4,"victory":true,"max_hp_per_floor":[70,70,70,70,70,70,70,70,70,70,70,77,77,77,77,77,77,77,77,87,87,87,87,87,87,87,87,87,87,87,87,87,87,87,87,87,87,87,87,87,87,87,87,87,87,87,87,87,87,87,87,87,92,92,92],"relic_stats":{"counters":[58,166],"Astrolabe":["Expertise","Predator","Night Terror"],"Pen Nib":[33],"PreservedInsect":508,"Bag of Preparation":[2],"Whetstone":["Die Die Die","Neutralize"],"War Paint":["Defend_G","Defend_G","Hidden Blade","Tactician"],"Medical Kit":[5],"Boot":[10],"Centennial Puzzle":[28],"Tough Bandages":[123],"Nunchaku":[3],"Sundial":[10],"Kunai":[11],"obtain_stats":[{"TwistedFunnel":0,"Replay:Accelerometer":45,"Vajra":53,"Whetstone":53,"Bottled Tornado":54,"Sling":22,"Boot":41,"Centennial Puzzle":26,"Sundial":0,"DollysMirror":38,"Replay:Bronze Core":17,"Honey Jar":34,"Kunai":53,"Toxic Egg 2":45,"Replay:Wax Seal":53,"Byrd Skull":9,"MerchantsRug":53,"Pear":20,"Ring of Hypnosis":30,"ReplayTheSpireMod:CursedCoin":8,"Dead Branch":0,"Replay:Grab Bag":17,"Astrolabe":17,"Oddly Smooth Stone":43,"Pen Nib":0,"War Paint":7,"Akabeko":13,"Replay:Baseball":26,"Bottled Flame":31,"Shuriken":24,"Simple Rune":53,"ReplayTheSpireMod:TigerMarble":38,"Mirror":40,"Regal Pillow":31,"Blue Doll":29,"StoneCalendar":36,"Painkiller Herb":17,"Snake Skull":9,"Juzu Bracelet":0,"Bag of Preparation":53,"BranchBurnRelic":7,"Replay:Bandana":8,"Dream Catcher":46,"Tough Bandages":53,"Nunchaku":53,"Matryoshka":3,"WristBlade":17,"Ninja Scroll":30,"Pantograph":53,"WingedGreaves":0,"Replay:Bottled Eggs":53,"Ring of the Snake":0,"Potion Belt":22,"Gremlin Food":47,"BargainBundle":0,"Lee\u0027s Waffle":12,"ReplayTheSpireMod:Ninjato":0,"Quantum Egg":0,"Thread and Needle":30,"Replay:WaspNest":6,"PreservedInsect":12,"The Courier":28,"Omamori":20,"Medical Kit":0,"Replay:Arrowhead":0,"Peace Pipe":11,"Busted Crown":34,"Durian":53,"Membership Card":0,"Bottled Lightning":53,"ReplayTheSpireMod:Lightbulb":53,"Toy Ornithopter":23},{"TwistedFunnel":0,"Replay:Accelerometer":53,"Vajra":56,"Whetstone":56,"Bottled Tornado":30,"Sling":13,"Boot":51,"Centennial Puzzle":45,"Sundial":31,"DollysMirror":49,"Replay:Bronze Core":40,"Honey Jar":47,"Kunai":56,"Toxic Egg 2":26,"Replay:Wax Seal":56,"Byrd Skull":4,"MerchantsRug":56,"Pear":42,"Ring of Hypnosis":45,"ReplayTheSpireMod:CursedCoin":4,"Dead Branch":31,"Replay:Grab Bag":40,"Astrolabe":40,"Oddly Smooth Stone":51,"Pen Nib":31,"War Paint":4,"Akabeko":7,"Replay:Baseball":14,"Bottled Flame":18,"Shuriken":14,"Simple Rune":56,"ReplayTheSpireMod:TigerMarble":22,"Mirror":23,"Regal Pillow":46,"Blue Doll":16,"StoneCalendar":21,"Painkiller Herb":40,"Snake Skull":36,"Juzu Bracelet":31,"Bag of Preparation":56,"BranchBurnRelic":35,"Replay:Bandana":4,"Dream Catcher":54,"Tough Bandages":56,"Nunchaku":56,"Matryoshka":33,"WristBlade":9,"Ninja Scroll":18,"Pantograph":29,"WingedGreaves":31,"Replay:Bottled Eggs":56,"Ring of the Snake":0,"Potion Belt":13,"Gremlin Food":27,"BargainBundle":31,"Lee\u0027s Waffle":37,"ReplayTheSpireMod:Ninjato":0,"Quantum Egg":31,"Thread and Needle":18,"Replay:WaspNest":35,"PreservedInsect":37,"The Courier":45,"Omamori":42,"Medical Kit":31,"Replay:Arrowhead":0,"Peace Pipe":6,"Busted Crown":19,"Durian":56,"Membership Card":31,"Bottled Lightning":56,"ReplayTheSpireMod:Lightbulb":56,"Toy Ornithopter":44},{"TwistedFunnel":0,"Replay:Accelerometer":147,"Vajra":157,"Whetstone":157,"Bottled Tornado":79,"Sling":43,"Boot":142,"Centennial Puzzle":124,"Sundial":84,"DollysMirror":136,"Replay:Bronze Core":113,"Honey Jar":131,"Kunai":157,"Toxic Egg 2":72,"Replay:Wax Seal":157,"Byrd Skull":11,"MerchantsRug":157,"Pear":118,"Ring of Hypnosis":124,"ReplayTheSpireMod:CursedCoin":11,"Dead Branch":84,"Replay:Grab Bag":113,"Astrolabe":113,"Oddly Smooth Stone":142,"Pen Nib":84,"War Paint":11,"Akabeko":19,"Replay:Baseball":46,"Bottled Flame":54,"Shuriken":46,"Simple Rune":157,"ReplayTheSpireMod:TigerMarble":65,"Mirror":68,"Regal Pillow":126,"Blue Doll":49,"StoneCalendar":63,"Painkiller Herb":113,"Snake Skull":96,"Juzu Bracelet":84,"Bag of Preparation":157,"BranchBurnRelic":92,"Replay:Bandana":11,"Dream Catcher":150,"Tough Bandages":157,"Nunchaku":157,"Matryoshka":88,"WristBlade":30,"Ninja Scroll":54,"Pantograph":77,"WingedGreaves":84,"Replay:Bottled Eggs":157,"Ring of the Snake":0,"Potion Belt":43,"Gremlin Food":73,"BargainBundle":84,"Lee\u0027s Waffle":101,"ReplayTheSpireMod:Ninjato":0,"Quantum Egg":84,"Thread and Needle":54,"Replay:WaspNest":92,"PreservedInsect":101,"The Courier":124,"Omamori":118,"Medical Kit":84,"Replay:Arrowhead":0,"Peace Pipe":15,"Busted Crown":59,"Durian":157,"Membership Card":84,"Bottled Lightning":157,"ReplayTheSpireMod:Lightbulb":157,"Toy Ornithopter":123}],"Toy Ornithopter":19,"Ring of the Snake":[116]},"card_choices":[{"not_picked":["Hidden Blade","Prepared"],"picked":"ReplayTheSpireMod:The Works","floor":1},{"not_picked":["Underhanded Strike","Poisoned Stab"],"picked":"Hidden Blade","floor":2},{"not_picked":["Expertise","Underhanded Strike"],"picked":"Blade Dance","floor":5},{"not_picked":["Dagger Throw","Eviscerate"],"picked":"Burst","floor":6},{"not_picked":["Acrobatics","Sucker Punch"],"picked":"ReplayTheSpireMod:Shiv Toss","floor":8},{"not_picked":["Well Laid Plans","Endless Agony","Replay:Poison Smokescreen"],"picked":"SKIP","floor":10},{"not_picked":["Flying Knee","Underhanded Strike","Quick Slash"],"picked":"SKIP","floor":13},{"not_picked":["Hidden Blade","Flying Knee","Setup"],"picked":"SKIP","floor":14},{"not_picked":["Venomology","Malaise"],"picked":"ReplayTheSpireMod:From All Sides","floor":16},{"not_picked":["Blade Dance","PiercingWail"],"picked":"Prepared","floor":18},{"not_picked":["Endless Agony","Deflect"],"picked":"Acrobatics","floor":19},{"not_picked":["Prepared","Acrobatics+1","Underhanded Strike"],"picked":"SKIP","floor":22},{"not_picked":["Sucker Punch","Outmaneuver+1"],"picked":"Cloak And Dagger","floor":23},{"not_picked":["Quick Slash+1","Choke","Flying Knee"],"picked":"SKIP","floor":24},{"not_picked":["Bullet Time","Setup","ReplayTheSpireMod:From All Sides"],"picked":"SKIP","floor":31},{"not_picked":["Bullet Time","Replay:Bag of Tricks"],"picked":"Die Die Die","floor":33},{"not_picked":["Cloak And Dagger","Well Laid Plans","Dash"],"picked":"Prepared+1","floor":35},{"not_picked":["Cloak And Dagger","Noxious Fumes+1","Dagger Spray+1"],"picked":"Calculated Gamble","floor":37},{"not_picked":["Sucker Punch+1","Dash+1","Deflect+1"],"picked":"Tactician","floor":39},{"not_picked":["Footwork+1","Cloak And Dagger","Blade Dance"],"picked":"Tactician+1","floor":41},{"not_picked":["Backflip","Draining Mist+1","Outmaneuver+1"],"picked":"Cloak And Dagger","floor":44},{"not_picked":["Underhanded Strike+1","Quick Slash","Blade Dance+1"],"picked":"Backflip+1","floor":45},{"not_picked":["Dash+1","Escape Plan","Slice+1"],"picked":"ReplayTheSpireMod:Tripwire","floor":46},{"not_picked":["Glass Knife","Deflect","Underhanded Strike"],"picked":"Sucker Punch","floor":47},{"not_picked":["Poisoned Stab+1","Acrobatics+1","Blade Dance+1"],"picked":"Leg Sweep+1","floor":48},{"not_picked":["Dagger Spray+1","Deflect+1","Catalyst"],"picked":"Backflip+1","floor":54}],"player_experience":226398,"relics_obtained":[{"floor":6,"key":"Replay:WaspNest"},{"floor":8,"key":"Mirror"},{"floor":9,"key":"Snake Skull"},{"floor":10,"key":"Replay:Baseball"},{"floor":13,"key":"Blue Doll"},{"floor":20,"key":"Pear"},{"floor":20,"key":"Omamori"},{"floor":23,"key":"Toy Ornithopter"},{"floor":26,"key":"Centennial Puzzle"},{"floor":30,"key":"Ring of Hypnosis"},{"floor":31,"key":"Regal Pillow"},{"floor":41,"key":"Boot"},{"floor":43,"key":"Oddly Smooth Stone"},{"floor":45,"key":"Replay:Accelerometer"},{"floor":46,"key":"Dream Catcher"},{"floor":54,"key":"War Paint"}],"event_choices":[{"damage_healed":0,"gold_gain":0,"player_choice":"Box","damage_taken":0,"relics_obtained":["Matryoshka"],"max_hp_gain":0,"max_hp_loss":0,"event_name":"Big Fish","floor":3,"gold_loss":0,"cards_obtained":["Regret"]},{"cards_removed":["Regret"],"damage_healed":0,"gold_gain":0,"player_choice":"Removed Curses","damage_taken":0,"max_hp_gain":0,"max_hp_loss":0,"event_name":"Fountain of Cleansing","floor":4,"gold_loss":0},{"damage_healed":0,"gold_gain":0,"player_choice":"Obtained Relic","damage_taken":0,"relics_obtained":["The Courier"],"max_hp_gain":0,"max_hp_loss":0,"event_name":"Addict","floor":28,"gold_loss":85},{"cards_removed":["ReplayTheSpireMod:From All Sides"],"damage_healed":0,"gold_gain":0,"player_choice":"Removed Attack","damage_taken":0,"max_hp_gain":0,"max_hp_loss":0,"event_name":"Falling","floor":36,"gold_loss":0}],"is_beta":false,"boss_relics":[{"not_picked":["Ring of the Serpent","Black Star"],"picked":"Replay:Grab Bag"},{"not_picked":["Fusion Hammer","Replay:Wanted Poster"],"picked":"Painkiller Herb"},{"not_picked":["Velvet Choker","Ectoplasm"],"picked":"Replay:Bronze Core"},{"not_picked":["Pandora\u0027s Box","Kintsugi"],"picked":"Astrolabe"},{"not_picked":["SacredBark","Snecko Eye"],"picked":"Honey Jar"}],"items_purged_floors":[0,0,12,53],"is_endless":false,"potions_floor_spawned":[1,2,8,10,18,23,24,33,39,44,46],"ascension_level":11}}