{"host":"a1eatafr7pisesky","time":1613704743,"event":{"mods":["AchievementEnabler","BaseMod","Colored Map","Keyboard Shortcuts","Minty Spire (QoL Compilation)","Say the Spire","StSLib","SuperFastMode","everything is the same but u backflip on backflip"],"gold_per_floor":[111,125,140,151,168,168,168,168],"floor_reached":7,"language":"KOR","playtime":129,"items_purged":[],"score":90,"play_id":"b4937a23-7eea-4153-96ce-1711739f51ee","local_time":"20210219121903","is_ascension_mode":true,"campfire_choices":[{"data":"Limit Break","floor":6,"key":"SMITH"}],"circlet_count":0,"master_deck":["AscendersBane","Strike_R","Strike_R","Strike_R","Strike_R","Strike_R","Defend_R","Defend_R","Defend_R","Defend_R","Bash","Fiend Fire","Perfected Strike","Pommel Strike","Burning Pact","Second Wind","Limit Break+1"],"relics":["Burning Blood"],"acts_visited":["Exordium"],"potions_floor_usage":[7,7],"damage_taken":[{"damage":6,"enemies":"Cultist","floor":1,"turns":3},{"damage":8,"enemies":"2 Louse","floor":2,"turns":3},{"damage":15,"enemies":"Small Slimes","floor":3,"turns":3},{"damage":17,"enemies":"Looter","floor":4,"turns":3},{"damage":18,"enemies":"Large Slime","floor":5,"turns":4},{"damage":40,"enemies":"Lagavulin","floor":7,"turns":4}],"seed_played":"846281274204645907","potions_obtained":[{"floor":3,"key":"BlessingOfTheForge"},{"floor":4,"key":"Energy Potion"}],"is_trial":false,"path_per_floor":["M","M","M","M","M","R","E"],"character_chosen":"IRONCLAD","items_purchased":[],"campfire_rested":0,"item_purchase_floors":[],"current_hp_per_floor":[68,66,57,46,34,34,0,0],"gold":168,"neow_bonus":"THREE_RARE_CARDS","is_daily":false,"chose_seed":false,"campfire_upgraded":1,"win_rate":0.0,"timestamp":1613704743,"path_taken":["M","M","?","?","M","R","E"],"items_purchased_type":[],"build_version":"2020-12-22","purchased_purges":0,"victory":false,"max_hp_per_floor":[68,68,68,68,68,68,68,68],"card_choices":[{"not_picked":["Berserk","Demon Form"],"picked":"Fiend Fire","floor":0},{"not_picked":["Feel No Pain","Armaments"],"picked":"Perfected Strike","floor":1},{"not_picked":["Fire Breathing","Clash"],"picked":"Pommel Strike","floor":2},{"not_picked":["Flame Barrier","Heavy Blade"],"picked":"Burning Pact","floor":3},{"not_picked":["Entrench","Clothesline"],"picked":"Second Wind","floor":4},{"not_picked":["Reckless Charge","True Grit"],"picked":"Limit Break","floor":5}],"player_experience":471835,"relics_obtained":[],"event_choices":[],"is_beta":false,"boss_relics":[],"items_purged_floors":[],"is_endless":false,"potions_floor_spawned":[3,4],"killed_by":"Lagavulin","ascension_level":20}}