{"host":"gtkw0hh8g0porc44","time":1613763952,"event":{"mods":["AchievementEnabler","BaseMod","Better Altar","Better Match","Better Note","Better Sensory Stone","Better Skull","Better Synergies","Better Vampires","BetterRewards","Colored Map","Colored Powertips","Custom Start","DeckTracker","Highlight Path","Infinite Spire","Minty Spire (QoL Compilation)","Relic Stats","Remove Card Discount Mod","Replay The Spire","StSLib","Synergy Search"],"gold_per_floor":[113,128,128,141,141,172,172,199,225,237,259,271,293,305,317,428,440,470,495,96,96,96,96,123,143,143,177,102,129,147,147,147,242,242,242],"floor_reached":34,"language":"ENG","playtime":3795,"items_purged":["Delirium","Defend_B","Abandon","Bash"],"score":489,"play_id":"70d2ce0c-b2ce-4b61-985f-ac33465a2201","local_time":"20210219144552","is_ascension_mode":true,"campfire_choices":[{"floor":7,"key":"REST"},{"floor":10,"key":"REST"}],"circlet_count":0,"master_deck":["Strike_R","Strike_R","Strike_R","Strike_R","Strike_R","Defend_R","Defend_R","Defend_R","Defend_R","Cleave","Heavy Blade","Bludgeon","Offering+1","Perfected Strike+1","Combust","Double Tap","Battle Trance","Limit Break+1","Reckless Charge+1","Clash","Fire Breathing+1","Inflame","Evolve","RitualDagger","Hemogenesis"],"relics":["Burning Blood","Replay:Multitool","ReplayTheSpireMod:Spearhead","infinitespire:Blanks Blanky","ReplayTheSpireMod:Lightbulb","Ring of Fury","Ring of Panic","PreservedInsect","Smiling Mask","MawBank","Honey Jar","Guide Book","Snack Pack","Black Blood","Garlic","MutagenicStrength","Replay:Wax Seal","Toxic Egg 2","ReplayTheSpireMod:TigerMarble","Strawberry","Lizard Tail","Replay:Grab Bag","ChewingGum","Ooze Armor","Runic Cube"],"acts_visited":["Exordium","TheCity"],"potions_floor_usage":[6,18,24,33,33],"damage_taken":[{"damage":2,"enemies":"Small Slimes","floor":1,"turns":5},{"damage":0,"enemies":"Cultist","floor":2,"turns":4},{"damage":8,"enemies":"Jaw Worm","floor":4,"turns":5},{"damage":10,"enemies":"3 Sentries","floor":6,"turns":5},{"damage":1,"enemies":"Replay:BlueRogue","floor":8,"turns":2},{"damage":8,"enemies":"2 Fungi Beasts","floor":11,"turns":2},{"damage":6,"enemies":"3 Louse","floor":13,"turns":2},{"damage":75,"enemies":"The Guardian","floor":16,"turns":7},{"damage":15,"enemies":"2 Thieves","floor":18,"turns":3},{"damage":10,"enemies":"Chosen","floor":19,"turns":2},{"damage":16,"enemies":"Slavers","floor":24,"turns":2},{"damage":8,"enemies":"3 Cultists","floor":25,"turns":3},{"damage":6,"enemies":"Book of Stabbing","floor":27,"turns":2},{"damage":10,"enemies":"Slavers","floor":29,"turns":2},{"damage":3,"enemies":"Chosen and Byrds","floor":30,"turns":3},{"damage":33,"enemies":"Automaton","floor":33,"turns":6}],"seed_played":"4737928132239602504","potions_obtained":[{"floor":1,"key":"Cursed Concoction"},{"floor":2,"key":"Milkshake"},{"floor":19,"key":"DistilledChaos"},{"floor":25,"key":"GamblersBrew"},{"floor":29,"key":"Explosive Potion"},{"floor":33,"key":"Languid Potion"}],"is_trial":false,"path_per_floor":["M","M","?","M","?","E","R","E","T","R","M","?","M","?","R","B",null,"M","M","$","?","AVR","R","E","M","T","E","?","E","M","?","R","B",null],"character_chosen":"IRONCLAD","items_purchased":["Guide Book","Snack Pack"],"campfire_rested":2,"item_purchase_floors":[20,20],"current_hp_per_floor":[80,80,22,20,20,16,55,60,60,80,78,78,78,78,78,9,80,71,67,67,67,67,67,71,80,80,80,80,87,87,81,81,72,72,72],"gold":242,"neow_bonus":"ONE_RARE_RELIC","is_daily":false,"chose_seed":false,"campfire_upgraded":0,"win_rate":0.0,"timestamp":1613763952,"path_taken":["M","M","?","?","?","E","R","E","T","R","M","?","M","?","R","BOSS","M","M","$","?","AVR","R","E","M","T","E","?","E","M","?","R","BOSS"],"items_purchased_type":["Relic","Relic"],"build_version":"2020-12-22","purchased_purges":4,"victory":false,"max_hp_per_floor":[80,80,80,80,80,80,80,80,80,80,80,80,80,80,80,80,80,80,80,80,80,80,80,80,80,80,80,80,87,87,87,87,87,87,87],"relic_stats":{"Lizard Tail":0,"counters":[16,55],"Black Blood":120,"PreservedInsect":140,"Smiling Mask":-192,"MawBank":132,"obtain_stats":[{"Regal Pillow":3,"Black Blood":22,"Replay:Multitool":0,"infinitespire:Blanks Blanky":12,"Smiling Mask":8,"Burning Blood":0,"Lizard Tail":32,"Strawberry":29,"Honey Jar":17,"Ring of Panic":5,"Replay:Wax Seal":24,"Toxic Egg 2":26,"Runic Cube":34,"Guide Book":20,"Replay:Grab Bag":34,"PreservedInsect":6,"MawBank":9,"ReplayTheSpireMod:Spearhead":3,"Ooze Armor":34,"MutagenicStrength":23,"Ring of Fury":5,"ChewingGum":34,"Snack Pack":20,"Garlic":22,"ReplayTheSpireMod:TigerMarble":27,"ReplayTheSpireMod:Lightbulb":3},{"Regal Pillow":2,"Black Blood":10,"Replay:Multitool":0,"infinitespire:Blanks Blanky":6,"Smiling Mask":5,"Burning Blood":0,"Lizard Tail":15,"Strawberry":14,"Honey Jar":8,"Ring of Panic":3,"Replay:Wax Seal":11,"Toxic Egg 2":12,"Runic Cube":16,"Guide Book":10,"Replay:Grab Bag":16,"PreservedInsect":4,"MawBank":5,"ReplayTheSpireMod:Spearhead":2,"Ooze Armor":16,"MutagenicStrength":10,"Ring of Fury":3,"ChewingGum":16,"Snack Pack":10,"Garlic":10,"ReplayTheSpireMod:TigerMarble":13,"ReplayTheSpireMod:Lightbulb":2},{"Regal Pillow":9,"Black Blood":37,"Replay:Multitool":0,"infinitespire:Blanks Blanky":23,"Smiling Mask":21,"Burning Blood":0,"Lizard Tail":49,"Strawberry":46,"Honey Jar":32,"Ring of Panic":14,"Replay:Wax Seal":39,"Toxic Egg 2":42,"Runic Cube":55,"Guide Book":37,"Replay:Grab Bag":55,"PreservedInsect":19,"MawBank":21,"ReplayTheSpireMod:Spearhead":9,"Ooze Armor":55,"MutagenicStrength":37,"Ring of Fury":14,"ChewingGum":55,"Snack Pack":37,"Garlic":37,"ReplayTheSpireMod:TigerMarble":44,"ReplayTheSpireMod:Lightbulb":9}],"Burning Blood":120,"Runic Cube":[0]},"card_choices":[{"not_picked":["Flex","Perfected Strike"],"picked":"Burning Pact","floor":1},{"not_picked":["Evolve","Run Through"],"picked":"Cleave","floor":2},{"not_picked":["Replay:Undeath\u0027s Touch","Entrench"],"picked":"Heavy Blade","floor":4},{"not_picked":["Thunderclap","Twin Strike"],"picked":"Bludgeon","floor":6},{"not_picked":["Headbutt","Run Through"],"picked":"Offering","floor":8},{"not_picked":["Carnage","Infernal Blade"],"picked":"Perfected Strike","floor":11},{"not_picked":["Clothesline","ReplayTheSpireMod:Strike From Hell"],"picked":"Abandon","floor":13},{"not_picked":["Offering","Impervious"],"picked":"Double Tap","floor":16},{"not_picked":["Hemokinesis","True Grit","Run Through"],"picked":"Battle Trance","floor":18},{"not_picked":["Heavy Blade+1","Clash","Searing Blow"],"picked":"Limit Break","floor":19},{"not_picked":["Wild Strike","Armaments","Warcry"],"picked":"Reckless Charge+1","floor":24},{"not_picked":["Armaments","Warcry","True Grit"],"picked":"Clash","floor":25},{"not_picked":["Sword Boomerang+1","Hemokinesis+1","Twin Strike+1"],"picked":"Fire Breathing+1","floor":27},{"not_picked":["Headbutt","ReplayTheSpireMod:Corrosion Curse+1","Clothesline"],"picked":"Inflame","floor":29},{"not_picked":["Cleave","Inflame","Clash+1"],"picked":"Evolve","floor":30},{"not_picked":["Berserk","Bludgeon","Exhume+1"],"picked":"Hemogenesis","floor":33}],"player_experience":128472,"relics_obtained":[{"floor":5,"key":"Ring of Fury"},{"floor":5,"key":"Ring of Panic"},{"floor":6,"key":"PreservedInsect"},{"floor":8,"key":"Smiling Mask"},{"floor":9,"key":"MawBank"},{"floor":24,"key":"Replay:Wax Seal"},{"floor":26,"key":"Toxic Egg 2"},{"floor":27,"key":"ReplayTheSpireMod:TigerMarble"},{"floor":29,"key":"Strawberry"}],"event_choices":[{"damage_healed":0,"gold_gain":0,"player_choice":"RE RE RE ","damage_taken":64,"relics_obtained":["ReplayTheSpireMod:Spearhead","Regal Pillow","ReplayTheSpireMod:Lightbulb"],"max_hp_gain":0,"max_hp_loss":0,"event_name":"betterSkull:BetterSkull","floor":3,"gold_loss":0,"cards_upgraded":[]},{"damage_healed":0,"gold_gain":0,"player_choice":"Upgraded","damage_taken":0,"max_hp_gain":0,"max_hp_loss":0,"event_name":"Upgrade Shrine","floor":14,"gold_loss":0,"cards_upgraded":["Perfected Strike"]},{"damage_healed":0,"gold_gain":0,"player_choice":"Ignored","damage_taken":0,"max_hp_gain":0,"max_hp_loss":0,"event_name":"Vampires","floor":21,"gold_loss":0},{"damage_healed":0,"gold_gain":0,"player_choice":"Inject Mutagens","damage_taken":0,"relics_obtained":["MutagenicStrength"],"max_hp_gain":0,"max_hp_loss":0,"event_name":"Drug Dealer","floor":23,"gold_loss":0},{"cards_removed":["Burning Pact"],"damage_healed":0,"gold_gain":0,"player_choice":"Gave Gold","damage_taken":0,"max_hp_gain":0,"max_hp_loss":0,"event_name":"Beggar","floor":28,"gold_loss":75},{"damage_healed":0,"gold_gain":0,"player_choice":"Joined the Cult","damage_taken":6,"max_hp_gain":0,"max_hp_loss":0,"event_name":"Nest","floor":31,"gold_loss":0,"cards_obtained":["RitualDagger"]},{"damage_healed":0,"gold_gain":0,"player_choice":"Opened","damage_taken":0,"relics_obtained":["Lizard Tail"],"max_hp_gain":0,"max_hp_loss":0,"event_name":"The Mausoleum","floor":32,"gold_loss":0}],"is_beta":false,"boss_relics":[{"not_picked":["ReplayTheSpireMod:DimensionalGlitch","ReplayTheSpireMod:SealedPack"],"picked":"Honey Jar"},{"not_picked":["Electric Blood","infinitespire:Burning Sword"],"picked":"Replay:Grab Bag"},{"not_picked":["Busted Crown","ReplayTheSpireMod:Onyx Gauntlets"],"picked":"ChewingGum"},{"not_picked":["Sozu","Fusion Hammer"],"picked":"Ooze Armor"},{"not_picked":["Ring of Chaos","Black Star"],"picked":"Runic Cube"}],"items_purged_floors":[20,20,20,20],"is_endless":false,"potions_floor_spawned":[1,2,19,25,29,33],"ascension_level":1}}