{"host":"iovigr651ajk16h5","time":1613750438,"event":{"mods":["2.2 Compatiblity","AchievementEnabler","Aspiration","BaseMod","Better Altar","Better Match","Better Note","Better Sensory Stone","Better Skull","Better Third Choice","Block Reminder","CapriCore","Colored Map","Ekko","Energized Spire","GifTheSpireLib","GungeonMod","Halation","Hermit","Highlight Path","Hubris","Infinite Spire","Koishi","Luminous","Marisa????????","Minty Spire (QoL Compilation)","Nova Terra(??·??)","Onozuka Komachi Mod","Permanent Neow","Prisma Mod","Quick Restart","Railgun Mod","Remilia??????","Replay The Spire","StSLib","Stuff the Spire","Td1madao Mod","The Administrix","The Bladedancer","The Bug Knight","The Construct","The Exalted","The Immortal","The Marked","The Problem Sleuth","The Servant 0.9.4","TheFirefly","TheSwordswoman","Trackpad","Waifu the Spire","WarShipGirlsR/????R mod","everything is the same but u backflip on backflip"],"gold_per_floor":[113,113,113,131,131,131,131,131,158,192,192,206,206,221,221,316,316,329,329,329],"floor_reached":19,"language":"ENG","playtime":458,"items_purged":[],"score":165,"play_id":"ac7dd363-88df-4b66-a92d-d96776b82a70","local_time":"20210219110038","is_ascension_mode":false,"campfire_choices":[{"data":"theMarked:Defy","floor":6,"key":"SMITH"},{"floor":8,"key":"RECALL"},{"floor":11,"key":"REST"},{"floor":13,"key":"REST"},{"data":"theMarked:EmpowerWeapon","floor":15,"key":"SMITH"}],"circlet_count":0,"master_deck":["theMarked:Strike","theMarked:Strike","theMarked:Strike","theMarked:Strike","theMarked:Defend","theMarked:Defend","theMarked:Defend","theMarked:Defend","theMarked:SoldierOfQuellstein","theMarked:Defy+1","theMarked:OneWithTheBlade","theMarked:EmpowerWeapon+1","theMarked:DispelDoubt","theMarked:ComboAttacks+1"],"relics":["theMarked:ArtifactOfAir","hubris:TenFootPole","infinitespire:Beetle Shell"],"acts_visited":["Exordium","TheCity"],"potions_floor_usage":[16,16],"damage_taken":[{"damage":0,"enemies":"2 Louse","floor":1,"turns":1},{"damage":0,"enemies":"Small Slimes","floor":4,"turns":2},{"damage":30,"enemies":"3 Sentries","floor":10,"turns":6},{"damage":4,"enemies":"Cultist","floor":12,"turns":4},{"damage":13,"enemies":"Blue Slaver","floor":14,"turns":5},{"damage":48,"enemies":"The Guardian","floor":16,"turns":9},{"damage":30,"enemies":"Spheric Guardian","floor":18,"turns":4},{"damage":0,"enemies":"3 Byrds","floor":19,"turns":1}],"seed_played":"-5314295851347066167","potions_obtained":[{"floor":4,"key":"LiquidBronze"},{"floor":12,"key":"PowerPotion"}],"is_trial":false,"path_per_floor":["M","?","?","M","?","R","?","R","T","E","R","M","R","M","R","B",null,"M","M"],"character_chosen":"THE_DEFAULT","items_purchased":[],"campfire_rested":2,"item_purchase_floors":[],"current_hp_per_floor":[72,65,65,65,70,70,70,70,70,40,63,59,77,64,64,16,77,47,47,47],"gold":329,"neow_bonus":"ONE_RANDOM_RARE_CARD","is_daily":false,"chose_seed":false,"campfire_upgraded":2,"win_rate":0.0,"timestamp":1613750438,"path_taken":["M","?","?","M","?","R","?","R","T","E","R","M","R","M","R","BOSS","M","?"],"items_purchased_type":[],"build_version":"2020-12-22","purchased_purges":0,"victory":false,"max_hp_per_floor":[72,72,72,72,77,77,77,77,77,77,77,77,77,77,77,77,77,77,77,77],"card_choices":[{"not_picked":["theMarked:Opportunist","theMarked:Convert","theMarked:Memento"],"picked":"SKIP","floor":1},{"not_picked":["theMarked:WardOff","theMarked:HeightenedSenses","theMarked:Pokerface"],"picked":"SKIP","floor":4},{"not_picked":["theMarked:StartUp","theMarked:Electrify","theMarked:MuscleMemory"],"picked":"SKIP","floor":10},{"not_picked":["theMarked:Electrify","theMarked:Seal"],"picked":"theMarked:OneWithTheBlade","floor":12},{"not_picked":["theMarked:SwordAndMagic","theMarked:Static"],"picked":"theMarked:EmpowerWeapon","floor":14},{"not_picked":["theMarked:MagusForm","theMarked:Vacuum"],"picked":"theMarked:DispelDoubt","floor":16},{"not_picked":["theMarked:SwordAndMagic+1","theMarked:WastefulAttack"],"picked":"theMarked:ComboAttacks+1","floor":18}],"player_experience":393100,"relics_obtained":[{"floor":9,"key":"hubris:TenFootPole"},{"floor":10,"key":"infinitespire:Beetle Shell"}],"event_choices":[{"cards_removed":["theMarked:Strike"],"damage_healed":0,"gold_gain":0,"player_choice":"Card Removal","damage_taken":7,"max_hp_gain":0,"max_hp_loss":0,"event_name":"Golden Wing","floor":2,"gold_loss":0},{"damage_healed":0,"gold_gain":0,"player_choice":"Donut","damage_taken":0,"max_hp_gain":5,"max_hp_loss":0,"event_name":"Big Fish","floor":5,"gold_loss":0},{"damage_healed":0,"gold_gain":0,"player_choice":"Ignored","damage_taken":0,"max_hp_gain":0,"max_hp_loss":0,"event_name":"betterNote:BetterNote","floor":7,"gold_loss":0,"cards_obtained":["MaximisePower"]}],"is_beta":false,"boss_relics":[{"not_picked":["aspiration:SilentSkillbook","halation:Yufonium","hubris:RunicObelisk"]}],"items_purged_floors":[],"is_endless":false,"potions_floor_spawned":[4,12],"killed_by":"3 Byrds","ascension_level":0}}