{"host":"cjhtzh7tp54jdfyv","time":1613722174,"event":{"mods":["AchievementEnabler","BaseMod","Colored Map","Colored Powertips","Curses Come First","DeckTracker","Filter the Spire","Minty Spire (QoL Compilation)","RNG Fix","Relic Sorter","Relic Stats","StSLib","UnlockEverythingMod","ojb\u0027s Better Paths Mod","ojb\u0027s Info Mod"],"gold_per_floor":[117,134,95,95,105,105,125,151,199,216,246,246,279,303,303,303,303],"floor_reached":16,"language":"ENG","playtime":1230,"items_purged":[],"score":294,"play_id":"925ff27c-1f9c-49dc-87ff-41e645222ec4","local_time":"20210219030934","is_ascension_mode":true,"campfire_choices":[{"data":"Eruption","floor":6,"key":"SMITH"},{"data":"Meditate","floor":15,"key":"SMITH"}],"circlet_count":0,"master_deck":["AscendersBane","Strike_P+1","Strike_P","Strike_P","Strike_P","Defend_P","Defend_P","Defend_P","Eruption+1","Vigilance","Meditate+1","SashWhip+1","FlurryOfBlows","BowlingBash","MentalFortress"],"relics":["Runic Dome","Bag of Preparation","Happy Flower","Whetstone","Golden Idol","Centennial Puzzle"],"acts_visited":["Exordium"],"potions_floor_usage":[8,16],"damage_taken":[{"damage":1,"enemies":"2 Louse","floor":1,"turns":3},{"damage":1,"enemies":"Small Slimes","floor":2,"turns":3},{"damage":2,"enemies":"Cultist","floor":5,"turns":4},{"damage":7,"enemies":"3 Louse","floor":7,"turns":4},{"damage":16,"enemies":"Gremlin Nob","floor":8,"turns":3},{"damage":5,"enemies":"Gremlin Gang","floor":10,"turns":5},{"damage":7,"enemies":"3 Sentries","floor":11,"turns":6},{"damage":0,"enemies":"Gremlin Nob","floor":13,"turns":2},{"damage":3,"enemies":"Large Slime","floor":14,"turns":4},{"damage":17,"enemies":"The Guardian","floor":16,"turns":7}],"seed_played":"-8669640516268398088","potions_obtained":[{"floor":5,"key":"BottledMiracle"},{"floor":7,"key":"PowerPotion"},{"floor":11,"key":"Dexterity Potion"},{"floor":14,"key":"DuplicationPotion"}],"is_trial":false,"path_per_floor":["M","M","?","?","M","R","M","E","T","M","E","?","E","M","R","B"],"character_chosen":"WATCHER","items_purchased":[],"campfire_rested":0,"item_purchase_floors":[],"current_hp_per_floor":[60,59,59,52,50,50,43,27,27,22,15,15,15,12,12,0,0],"gold":303,"neow_bonus":"BOSS_RELIC","is_daily":false,"chose_seed":false,"campfire_upgraded":2,"win_rate":0.0,"timestamp":1613722174,"path_taken":["M","M","?","?","M","R","M","E","T","?","E","?","E","M","R","BOSS"],"items_purchased_type":[],"build_version":"2020-12-22","purchased_purges":0,"victory":false,"max_hp_per_floor":[68,68,68,68,68,68,68,68,68,68,68,62,62,62,62,62,62],"relic_stats":{"Centennial Puzzle":[6],"Happy Flower":[8],"counters":[10,41],"Golden Idol":12,"Bag of Preparation":[10],"Whetstone":["Strike_P","SashWhip"],"obtain_stats":[{"Runic Dome":0,"Centennial Puzzle":13,"Happy Flower":9,"Golden Idol":12,"Bag of Preparation":8,"Whetstone":11,"PureWater":0},{"Runic Dome":0,"Centennial Puzzle":8,"Happy Flower":5,"Golden Idol":7,"Bag of Preparation":5,"Whetstone":7,"PureWater":0},{"Runic Dome":0,"Centennial Puzzle":30,"Happy Flower":17,"Golden Idol":28,"Bag of Preparation":17,"Whetstone":28,"PureWater":0}]},"card_choices":[{"not_picked":["EmptyBody","JustLucky"],"picked":"Meditate","floor":1},{"not_picked":["Collect","LikeWater","PathToVictory"],"picked":"SKIP","floor":2},{"not_picked":["EmptyFist","ForeignInfluence"],"picked":"SashWhip","floor":5},{"not_picked":["PathToVictory","Swivel"],"picked":"FlurryOfBlows","floor":7},{"not_picked":["Evaluate","Crescendo","ThirdEye"],"picked":"SKIP","floor":8},{"not_picked":["FollowUp","ConjureBlade"],"picked":"BowlingBash","floor":10},{"not_picked":["Protect","Consecrate","PathToVictory"],"picked":"SKIP","floor":11},{"not_picked":["Protect","Consecrate","PathToVictory"],"picked":"SKIP","floor":11},{"not_picked":["ThirdEye","Wireheading"],"picked":"MentalFortress","floor":13},{"not_picked":["Halt","BowlingBash","EmptyFist"],"picked":"SKIP","floor":14}],"player_experience":5041942,"relics_obtained":[{"floor":8,"key":"Bag of Preparation"},{"floor":9,"key":"Happy Flower"},{"floor":11,"key":"Whetstone"},{"floor":13,"key":"Centennial Puzzle"}],"event_choices":[{"damage_healed":0,"gold_gain":0,"player_choice":"Left Gold","damage_taken":0,"max_hp_gain":0,"max_hp_loss":0,"event_name":"World of Goop","floor":3,"gold_loss":39},{"cards_removed":["Defend_P"],"damage_healed":0,"gold_gain":0,"player_choice":"Card Removal","damage_taken":7,"max_hp_gain":0,"max_hp_loss":0,"event_name":"Golden Wing","floor":4,"gold_loss":0},{"damage_healed":0,"gold_gain":0,"player_choice":"Lose Max HP","damage_taken":0,"relics_obtained":["Golden Idol"],"max_hp_gain":0,"max_hp_loss":6,"event_name":"Golden Idol","floor":12,"gold_loss":0}],"is_beta":false,"boss_relics":[],"items_purged_floors":[],"is_endless":false,"potions_floor_spawned":[5,7,11,13,14],"killed_by":"The Guardian","ascension_level":20}}