{"host":"kp5m5tbwfn2imaek","time":1613705882,"event":{"mods":["AchievementEnabler","BaseMod","Bestiary","Minty Spire (QoL Compilation)","Relic Stats"],"gold_per_floor":[116,116,116,128,140,174,185,185,185,217,233,26,38,64,64,64,64],"floor_reached":16,"language":"ENG","playtime":645,"items_purged":["Strike_R"],"score":244,"play_id":"25b6ac70-1fd3-4db6-b904-dc36134ae475","local_time":"20210218223802","is_ascension_mode":true,"campfire_choices":[{"data":"Bash","floor":8,"key":"SMITH"},{"data":"Juggernaut","floor":15,"key":"SMITH"}],"circlet_count":0,"master_deck":["AscendersBane","Strike_R","Strike_R","Strike_R","Defend_R","Defend_R","Defend_R","Defend_R","Bash+1","Sword Boomerang","Feel No Pain","Clothesline","Power Through","Pummel","Burning Pact","Fire Breathing","Juggernaut+1","True Grit","Armaments","Ghostly Armor"],"relics":["Burning Blood","NeowsBlessing","Bag of Marbles","StrikeDummy","Mercury Hourglass","Calipers"],"acts_visited":["Exordium"],"potions_floor_usage":[6,14,16],"damage_taken":[{"damage":0,"enemies":"Jaw Worm","floor":1,"turns":1},{"damage":0,"enemies":"Small Slimes","floor":4,"turns":1},{"damage":0,"enemies":"Cultist","floor":5,"turns":1},{"damage":24,"enemies":"Gremlin Nob","floor":6,"turns":4},{"damage":9,"enemies":"3 Louse","floor":7,"turns":7},{"damage":29,"enemies":"Lagavulin","floor":10,"turns":9},{"damage":16,"enemies":"Blue Slaver","floor":11,"turns":3},{"damage":0,"enemies":"Exordium Wildlife","floor":13,"turns":3},{"damage":24,"enemies":"Gremlin Nob","floor":14,"turns":4},{"damage":17,"enemies":"Hexaghost","floor":16,"turns":9}],"seed_played":"-1156509239313487165","potions_obtained":[{"floor":1,"key":"AttackPotion"},{"floor":4,"key":"DuplicationPotion"},{"floor":10,"key":"Swift Potion"}],"is_trial":false,"path_per_floor":["M","?","?","M","M","E","M","R","T","E","M","$","M","E","R","B"],"character_chosen":"IRONCLAD","items_purchased":["Juggernaut","True Grit"],"campfire_rested":0,"item_purchase_floors":[12,12],"current_hp_per_floor":[74,79,79,80,80,62,59,59,59,36,26,26,32,14,14,0,0],"gold":64,"neow_bonus":"THREE_ENEMY_KILL","is_daily":false,"chose_seed":false,"campfire_upgraded":2,"win_rate":0.0,"timestamp":1613705882,"path_taken":["M","?","?","M","?","E","M","R","T","E","M","$","M","E","R","BOSS"],"items_purchased_type":["Card","Card"],"build_version":"2020-12-22","purchased_purges":1,"victory":false,"max_hp_per_floor":[75,80,80,80,80,80,80,80,80,80,80,80,80,80,80,80,80],"relic_stats":{"counters":[10,42],"obtain_stats":[{"Calipers":14,"NeowsBlessing":0,"Bag of Marbles":6,"StrikeDummy":9,"Burning Blood":0,"Mercury Hourglass":10},{"Calipers":9,"NeowsBlessing":0,"Bag of Marbles":4,"StrikeDummy":5,"Burning Blood":0,"Mercury Hourglass":6},{"Calipers":33,"NeowsBlessing":0,"Bag of Marbles":7,"StrikeDummy":14,"Burning Blood":0,"Mercury Hourglass":23}],"Burning Blood":43,"Mercury Hourglass":[60]},"card_choices":[{"not_picked":["Second Wind","Flex"],"picked":"Sword Boomerang","floor":1},{"not_picked":["Heavy Blade","Havoc"],"picked":"Feel No Pain","floor":4},{"not_picked":["Rupture","Dropkick"],"picked":"Clothesline","floor":5},{"not_picked":["Barricade","Clothesline"],"picked":"Power Through","floor":6},{"not_picked":["Entrench","Thunderclap"],"picked":"Pummel","floor":7},{"not_picked":["Feel No Pain","Armaments"],"picked":"Burning Pact","floor":10},{"not_picked":["Havoc","Infernal Blade"],"picked":"Fire Breathing","floor":11},{"not_picked":["Twin Strike","Cleave"],"picked":"Armaments","floor":13},{"not_picked":["Twin Strike","Infernal Blade"],"picked":"Ghostly Armor","floor":14}],"player_experience":748747,"relics_obtained":[{"floor":6,"key":"Bag of Marbles"},{"floor":9,"key":"StrikeDummy"},{"floor":10,"key":"Mercury Hourglass"},{"floor":14,"key":"Calipers"}],"event_choices":[{"damage_healed":0,"gold_gain":0,"player_choice":"Donut","damage_taken":0,"max_hp_gain":5,"max_hp_loss":0,"event_name":"Big Fish","floor":2,"gold_loss":0},{"cards_removed":["Strike_R"],"damage_healed":0,"gold_gain":0,"player_choice":"Offered Basic","damage_taken":0,"max_hp_gain":0,"max_hp_loss":0,"event_name":"Bonfire Elementals","floor":3,"gold_loss":0}],"is_beta":false,"boss_relics":[],"items_purged_floors":[12],"is_endless":false,"potions_floor_spawned":[1,4,10,13],"killed_by":"Hexaghost","ascension_level":20}}