{"host":"clf2hd4adhiiw0zf","time":1613711906,"event":{"mods":["AchievementEnabler","BaseMod","Beaked The Cultist","Bestiary","Dark Map","Downfall","Gremlin Mod","Hermit","Jorbs\u0027s Wanderer Trilogy","Marisa????????","Minty Spire (QoL Compilation)","Quick Restart","Shop Mod","Spire Arcade","StSLib","The Construct","The Cursed","Wide Potions"],"gold_per_floor":[349,360,360,379,398,414,414,427,443,453,463,493,510,527,542,640,640,540,558,558,572,572,589,589,589,617,669,687,687,687,687],"floor_reached":29,"language":"ENG","playtime":1576,"items_purged":[],"score":368,"play_id":"d1f05a44-a61e-44d1-b8e3-07b0a7211967","local_time":"20210218221826","is_ascension_mode":true,"campfire_choices":[{"floor":1.0,"key":"RECALL"},{"data":"hexamod:GiftsFromTheDead","floor":18,"key":"SMITH"}],"circlet_count":0,"master_deck":["hexamod:Strike","hexamod:Strike","hexamod:Strike","hexamod:Strike","hexamod:Defend","hexamod:Defend","hexamod:Defend","hexamod:Defend","hexamod:Sear","hexamod:Float","hexamod:SuperheatedStrike","hexamod:HauntingEcho","hexamod:GhostLash","hexamod:ShieldOfDarkness","hexamod:NightmareGuise","hexamod:SpectersWail","hexamod:UnleashSpirits","hexamod:NightmareStrike","hexamod:SuperheatedStrike","hexamod:NightmareStrike","hexamod:GhostShield","hexamod:ParanormalForm","hexamod:GiftsFromTheDead+1","hexamod:Haunt+1","hexamod:GhostShield","hexamod:UnleashSpirits","hexamod:FastForward","hexamod:PhantomCloak"],"relics":["hexamod:SpiritBrand","Ice Cream","Thread and Needle","SlaversCollar","downfall:HeartBlessingRed","FaceOfCleric","Nilry\u0027s Codex","downfall:KnowingSkull","Letter Opener"],"acts_visited":["Exordium","TheCity"],"potions_floor_usage":[16,29],"damage_taken":[{"damage":0.0,"enemies":"Cultist","floor":2.0,"turns":3.0},{"damage":8.0,"enemies":"Small Slimes","floor":4.0,"turns":4.0},{"damage":2.0,"enemies":"Jaw Worm","floor":5.0,"turns":3.0},{"damage":1.0,"enemies":"downfall:LooterAlt","floor":6.0,"turns":3.0},{"damage":4.0,"enemies":"Exordium Thugs","floor":8.0,"turns":5.0},{"damage":10.0,"enemies":"Exordium Wildlife","floor":9.0,"turns":4.0},{"damage":0.0,"enemies":"downfall:LooterAlt","floor":10.0,"turns":2.0},{"damage":0.0,"enemies":"Lots of Slimes","floor":11.0,"turns":3.0},{"damage":1.0,"enemies":"3 Sentries","floor":12.0,"turns":6.0},{"damage":4.0,"enemies":"Exordium Thugs","floor":13.0,"turns":3.0},{"damage":0.0,"enemies":"downfall:LooterAlt","floor":14.0,"turns":2.0},{"damage":0.0,"enemies":"Gremlin Gang","floor":15.0,"turns":4.0},{"damage":0,"enemies":"WA_ARCHETYPE_RETAIN","floor":16,"turns":5},{"damage":0,"enemies":"Chosen","floor":19,"turns":4},{"damage":0,"enemies":"Spheric Guardian","floor":21,"turns":3},{"damage":11,"enemies":"Cultist and Chosen","floor":23,"turns":5},{"damage":5,"enemies":"Book of Stabbing","floor":26,"turns":4},{"damage":3,"enemies":"Snecko","floor":27,"turns":4},{"damage":20,"enemies":"Shelled Parasite and Fungi","floor":28,"turns":4},{"damage":24,"enemies":"Slavers","floor":29,"turns":3}],"seed_played":"5707204716260542025","potions_obtained":[{"floor":3.0,"key":"LiquidMemories"},{"floor":3.0,"key":"LiquidBronze"},{"floor":14.0,"key":"Fruit Juice"},{"floor":16,"key":"Energy Potion"},{"floor":26,"key":"CultistPotion"}],"is_trial":false,"path_per_floor":["R","M","?","M","M","M","T","M","M","M","M","E","M","M","M","B",null,"R","M","?","M","?","M","T","?","E","M","M","E"],"character_chosen":"THE_SPIRIT","items_purchased":[],"campfire_rested":0,"item_purchase_floors":[],"current_hp_per_floor":[49,49,49,41,39,38,38,34,24,24,24,23,19,24,24,24,75,75,75,75,76,60,50,50,43,39,37,18,0,0,0],"gold":687,"neow_bonus":"TWO_FIFTY_GOLD","is_daily":false,"chose_seed":false,"campfire_upgraded":1,"win_rate":0.0,"timestamp":1613711906,"path_taken":["R","?","?","M","M","M","T","M","M","M","M","E","M","?","M","BOSS","R","M","?","?","?","M","T","?","E","M","M","E"],"items_purchased_type":[],"build_version":"2020-12-22","purchased_purges":0,"victory":false,"max_hp_per_floor":[70,70,70,70,70,70,70,70,70,70,70,70,70,75,75,75,75,75,75,75,76,76,77,77,77,78,79,80,80,80,80],"card_choices":[{"not_picked":["hexamod:Hexaguard","hexamod:FlamesFromBeyond"],"picked":"hexamod:SuperheatedStrike","floor":2.0},{"not_picked":["hexamod:SpectralSpark","hexamod:ThermalTransfer"],"picked":"hexamod:HauntingEcho","floor":4.0},{"not_picked":["hexamod:ChargedBarrage","hexamod:HeatShield"],"picked":"hexamod:GhostLash","floor":5.0},{"not_picked":["hexamod:HauntingEcho","hexamod:Firestarter"],"picked":"hexamod:ShieldOfDarkness","floor":6.0},{"not_picked":["hexamod:BacktrackSmack","hexamod:FlamesFromBeyond"],"picked":"hexamod:NightmareGuise","floor":8.0},{"not_picked":["hexamod:Incineration","hexamod:SkipABeat"],"picked":"hexamod:SpectersWail","floor":9.0},{"not_picked":["hexamod:Firestarter","hexamod:NightmareStrike"],"picked":"hexamod:UnleashSpirits","floor":10.0},{"not_picked":["hexamod:ThermalTransfer","hexamod:SkipABeat"],"picked":"hexamod:NightmareStrike","floor":11.0},{"not_picked":["hexamod:EmpoweredFlame","hexamod:SpectralAdrenaline"],"picked":"hexamod:SuperheatedStrike","floor":12.0},{"not_picked":["hexamod:RetreatToShadows","hexamod:NightmareGuise"],"picked":"hexamod:NightmareStrike","floor":13.0},{"not_picked":["hexamod:Incineration","hexamod:InspiringFlames"],"picked":"hexamod:GhostShield","floor":14.0},{"not_picked":["hexamod:SpectersWail","hexamod:SpectralAdrenaline"],"picked":"hexamod:ParanormalForm","floor":15.0},{"not_picked":["hexamod:UnlimitedPower","hexamod:VolcanoVisage"],"picked":"hexamod:GiftsFromTheDead","floor":16},{"not_picked":["hexamod:PhantomFireball+1","hexamod:EmpoweredFlame","hexamod:BurningTouch+1"],"picked":"SKIP","floor":19},{"not_picked":["hexamod:FlamesFromBeyond+1","hexamod:GhostOfSpireFuture+1"],"picked":"hexamod:Haunt+1","floor":21},{"not_picked":["hexamod:StepThrough","hexamod:ThermalTransfer"],"picked":"hexamod:GhostShield","floor":23},{"not_picked":["hexamod:HeatMetal","hexamod:GhostShield"],"picked":"hexamod:UnleashSpirits","floor":26},{"not_picked":["hexamod:SuperheatedStrike","hexamod:NecessarySacrifice"],"picked":"hexamod:FastForward","floor":27},{"not_picked":["hexamod:AdvancingGuard","hexamod:BacktrackSmack"],"picked":"hexamod:PhantomCloak","floor":28}],"player_experience":357969,"relics_obtained":[{"floor":7.0,"key":"Ice Cream"},{"floor":12.0,"key":"Thread and Needle"},{"floor":22,"key":"Nilry\u0027s Codex"},{"floor":26,"key":"Letter Opener"}],"event_choices":[{"damage_healed":0.0,"max_hp_gain":0.0,"max_hp_loss":0.0,"gold_gain":0.0,"event_name":"Lab","player_choice":"Got Potions","floor":3.0,"gold_loss":0.0,"damage_taken":0.0},{"damage_healed":0,"gold_gain":0,"player_choice":"Trade","damage_taken":0,"relics_obtained":["FaceOfCleric"],"max_hp_gain":0,"max_hp_loss":0,"event_name":"FaceTrader","floor":20,"gold_loss":0}],"is_beta":false,"boss_relics":[{"not_picked":["Astrolabe","construct:ClawGrip"],"picked":"SlaversCollar"}],"items_purged_floors":[],"is_endless":false,"potions_floor_spawned":[5,8,10,14,16,21,26],"killed_by":"Slavers","ascension_level":4}}