{"host":"glqsg3p5q4u9u1ra","time":1613751485,"event":{"mods":["Act Like it!","Arknights","BaseMod","Better Third Choice","BetterRewards","Colored Map","Downfall","Friendly Minions","GifTheSpireLib","Hallownest","Highlight Path","Infinite Spire","Lobotomy","LobotomyExtend","Mimic Mod","Minty Spire (QoL Compilation)","Pale of the Ancients","Reliquary","Replay The Spire","Ruina","Spicy Shops","Spire Birthday Party","StSLib","The Blackbeard","The Blue Laboratory","The Bug Knight","The Exalted","The Servant 0.9.4","Wandering Minibosses"],"gold_per_floor":[15,27,27,40,40,115,129,129,155,155,155,181,181,221,221,394,394,442,505,520,520],"floor_reached":20,"language":"ENG","playtime":563,"items_purged":[],"score":249,"play_id":"7935880d-3e63-4f29-8f17-a6f68f4f12df","local_time":"20210219081805","is_ascension_mode":true,"campfire_choices":[{"data":"Bromod:JaggedEdge","floor":8,"key":"SMITH"},{"floor":11,"key":"REST"},{"data":"Bromod:Vitality","floor":13,"key":"SMITH"},{"data":"Bromod:Stormbringer","floor":15,"key":"SMITH"}],"circlet_count":0,"master_deck":["Bromod:SlashDash","Bromod:SlashDash+1","Bromod:SlashDash","Bromod:JaggedEdge+1","Bromod:Vitality+1","Bromod:PointStrike","Bromod:Stormbringer","Bromod:Stormbringer+1","Bromod:JaggedEdge","Bromod:Thunderbolt","Bromod:HeatedCharge","Bromod:RelentlessCombination","Bromod:Foundry","Bromod:NoReturn","Bromod:FastHands","Bromod:FormaBlueprint","Bromod:SlashDash","Bromod:SlashDash"],"relics":["Bromod:Ordis","Bromod:AscarisDevice","LetterFromLob","Regal Pillow","Replay:Bandana","Pandora\u0027s Box","Art of War"],"acts_visited":["Exordium","Exordium"],"potions_floor_usage":[12,12,20],"damage_taken":[{"damage":10,"enemies":"Cultist","floor":1,"turns":4},{"damage":11,"enemies":"2 Louse","floor":2,"turns":3},{"damage":3,"enemies":"Small Slimes","floor":4,"turns":4},{"damage":14,"enemies":"Looter","floor":7,"turns":4},{"damage":26,"enemies":"Gremlin Nob","floor":12,"turns":4},{"damage":1,"enemies":"3 Louse","floor":14,"turns":3},{"damage":10,"enemies":"Hexaghost","floor":16,"turns":8},{"damage":31,"enemies":"ruina:2_Scarecrows","floor":18,"turns":4},{"damage":32,"enemies":"ruina:3_Bats","floor":20,"turns":2}],"seed_played":"-6392812142779109008","potions_obtained":[{"floor":1,"key":"Bromod:ShieldRestore"},{"floor":7,"key":"champ:CounterPotion"},{"floor":19,"key":"Bromod:ClemClone"}],"is_trial":false,"path_per_floor":["M","M","$","M","?","?","M","R","T","?","R","E","R","M","R","B",null,"M","?","M"],"character_chosen":"THE_EXALTED","items_purchased":[],"campfire_rested":1,"item_purchase_floors":[],"current_hp_per_floor":[58,47,47,44,52,41,27,27,27,27,64,38,38,37,37,27,63,32,32,0,0],"gold":520,"neow_bonus":"THREE_RARE_CARDS","is_daily":false,"chose_seed":false,"campfire_upgraded":3,"win_rate":0.0,"timestamp":1613751485,"path_taken":["M","M","$","?","?","?","M","R","T","?","R","E","R","M","R","BOSS","M","?","M"],"items_purchased_type":[],"build_version":"2020-12-22","purchased_purges":0,"victory":false,"max_hp_per_floor":[75,75,75,75,75,75,75,75,75,75,75,75,75,75,75,75,75,75,75,75,75],"card_choices":[{"not_picked":["Bromod:ToxicBarrage","Bromod:ExaltedBlade"],"picked":"Bromod:JaggedEdge","floor":0},{"not_picked":["Bromod:Reflection","Bromod:SlipMagazine","Bromod:FastHands"],"picked":"SKIP","floor":1},{"not_picked":["Bromod:Redirection","Bromod:PointStrike"],"picked":"Bromod:Vitality","floor":2},{"not_picked":["Bromod:Stretch","Bromod:ReflexCoil"],"picked":"Bromod:PointStrike","floor":4},{"not_picked":["Bromod:LifeStrike","Bromod:TacticalPump"],"picked":"Bromod:Stormbringer","floor":7},{"not_picked":["Bromod:QuickDraw","Bromod:FastHands","Bromod:Redirection"],"picked":"SKIP","floor":12},{"not_picked":["Bromod:PointBlank","Bromod:PointStrike"],"picked":"Bromod:Stormbringer","floor":14},{"not_picked":["Bromod:Continuity","Bromod:Flow"],"picked":"Bromod:JaggedEdge","floor":16},{"not_picked":["Bromod:SeismicWave","Bromod:SpeedTrigger","Bromod:PointBlank"],"picked":"SKIP","floor":18},{"not_picked":["Bromod:PressurePoint","Bromod:EnergySiphon"],"picked":"Bromod:SlashDash","floor":19},{"not_picked":["Bromod:PointBlank","Bromod:Foundry+1"],"picked":"Bromod:SlashDash","floor":19}],"player_experience":1233316,"relics_obtained":[{"floor":1,"key":"LetterFromLob"},{"floor":9,"key":"Regal Pillow"},{"floor":12,"key":"Replay:Bandana"},{"floor":19,"key":"Art of War"}],"event_choices":[{"damage_healed":0,"gold_gain":75,"player_choice":"Gold","damage_taken":11,"max_hp_gain":0,"max_hp_loss":0,"event_name":"betterThird:BetterGoop","floor":6,"gold_loss":0}],"is_beta":false,"boss_relics":[{"not_picked":["Velvet Choker","Astrolabe"],"picked":"Pandora\u0027s Box"}],"items_purged_floors":[],"is_endless":false,"potions_floor_spawned":[1,7],"killed_by":"ruina:3_Bats","ascension_level":6}}