{"host":"72n3jwtrlpjobydj","time":1613703816,"event":{"mods":["AchievementEnabler","BaseMod","CapriCore","DeckTracker","Hermit","Koishi","KomeijiMod","Lobotomy","Marisa£¨Ùöéë¡¡Øª×âÞÞ£©","Minty Spire (QoL Compilation)","Permanent Neow","StSLib","SuperFastMode","The Cursed","The Hierophant","The Immortal"],"gold_per_floor":[217,217,231,249,101,130,130,142,188,188,202,218,143,163,163,163,163],"floor_reached":16,"language":"KOR","playtime":408,"items_purged":["Strike_P"],"score":104,"play_id":"d3f75406-0fb1-4ad2-851e-06a1a734e47f","local_time":"20210219120336","is_ascension_mode":false,"campfire_choices":[{"floor":7,"key":"REST"},{"floor":15,"key":"REST"}],"circlet_count":0,"master_deck":["Strike_P","Strike_P","Strike_P","Defend_P","Defend_P","Defend_P","Defend_P","Eruption","Vigilance","FlurryOfBlows","FlurryOfBlows","Adaptation"],"relics":["PureWater","Ancient Tea Set","Sundial","Orichalcum"],"acts_visited":["Exordium"],"potions_floor_usage":[11,16,16],"damage_taken":[{"damage":3,"enemies":"Jaw Worm","floor":1,"turns":2},{"damage":0,"enemies":"Small Slimes","floor":3,"turns":3},{"damage":0,"enemies":"Cultist","floor":4,"turns":2},{"damage":30,"enemies":"3 Sentries","floor":6,"turns":9},{"damage":0,"enemies":"3 Louse","floor":8,"turns":3},{"damage":8,"enemies":"Lots of Slimes","floor":11,"turns":3},{"damage":5,"enemies":"Looter","floor":12,"turns":2},{"damage":6,"enemies":"Blue Slaver","floor":14,"turns":6},{"damage":69,"enemies":"The Guardian","floor":16,"turns":4}],"seed_played":"1488838483815059932","potions_obtained":[{"floor":3,"key":"SmokeBomb"},{"floor":6,"key":"Swift Potion"},{"floor":11,"key":"Fire Potion"},{"floor":12,"key":"Explosive Potion"}],"is_trial":false,"path_per_floor":["M","?","M","M","$","E","R","M","T","?","M","M","$","M","R","B"],"character_chosen":"WATCHER","items_purchased":["Ancient Tea Set"],"campfire_rested":2,"item_purchase_floors":[5],"current_hp_per_floor":[69,69,69,69,69,39,60,60,60,60,52,47,47,41,62,0,0],"gold":163,"neow_bonus":"HUNDRED_GOLD","is_daily":false,"chose_seed":false,"campfire_upgraded":0,"win_rate":0.0,"timestamp":1613703816,"path_taken":["M","?","M","M","$","E","R","M","T","?","M","M","$","M","R","BOSS"],"items_purchased_type":["Relic"],"build_version":"2020-12-22","purchased_purges":1,"victory":false,"max_hp_per_floor":[72,72,72,72,72,72,72,72,72,72,72,72,72,72,72,72,72],"card_choices":[{"not_picked":["Consecrate","ClearTheMind","EmptyFist"],"picked":"SKIP","floor":1},{"not_picked":["JustLucky","Collect"],"picked":"FlurryOfBlows","floor":3},{"not_picked":["BattleHymn","Collect"],"picked":"FlurryOfBlows","floor":4},{"not_picked":["Evaluate","FearNoEvil"],"picked":"Adaptation","floor":6},{"not_picked":["BowlingBash","ClearTheMind","SandsOfTime"],"picked":"SKIP","floor":8},{"not_picked":["Evaluate","BowlingBash","Consecrate"],"picked":"SKIP","floor":11},{"not_picked":["EmptyFist","CrushJoints","BowlingBash"],"picked":"SKIP","floor":12},{"not_picked":["Prostrate","FollowUp","SandsOfTime"],"picked":"SKIP","floor":14}],"player_experience":84311,"relics_obtained":[{"floor":6,"key":"Sundial"},{"floor":9,"key":"Orichalcum"}],"event_choices":[{"damage_healed":0,"gold_gain":0,"player_choice":"Ignored","damage_taken":0,"max_hp_gain":0,"max_hp_loss":0,"event_name":"Shining Light","floor":2,"gold_loss":0},{"damage_healed":0,"gold_gain":0,"player_choice":"Ignored","damage_taken":0,"max_hp_gain":0,"max_hp_loss":0,"event_name":"Liars Game","floor":10,"gold_loss":0}],"is_beta":false,"boss_relics":[],"items_purged_floors":[13],"is_endless":false,"potions_floor_spawned":[3,6,11,12,14],"killed_by":"The Guardian","ascension_level":0}}