{"host":"42xf941fomyavgzy","time":1613699375,"event":{"mods":["Act Like it!","Astrologer","BaseMod","Colored Map","MarisaÅiñ∂âJÅ@ñÇóùçπÅj","Minty Spire (QoL Compilation)","Shop Mod","StSLib","SuperFastMode","The Cursed"],"gold_per_floor":[109,126,126,137,148,148,178,178,178,35,46,58,77,95,95,197,197,215,232,232,232,249,249,249],"floor_reached":23,"language":"JPN","playtime":1195,"items_purged":[],"score":197,"play_id":"aadb07cd-425e-4ef0-a2e2-1b820ceab0aa","local_time":"20210219104935","is_ascension_mode":false,"campfire_choices":[{"data":"MasterSpark","floor":6,"key":"SMITH"},{"data":"ManaConvection","floor":8,"key":"SMITH"},{"data":"TreasureHunter","floor":15,"key":"SMITH"}],"circlet_count":0,"master_deck":["Strike_MRS","Strike_MRS","Strike_MRS","Defend_MRS","Defend_MRS","Defend_MRS","MasterSpark+1","UpSweep","Dramatic Entrance","SporeBomb","AsteroidBelt","MachineGunSpark","ManaConvection+1","SporeBomb","PowerUp","TreasureHunter+1","SatelliteIllusion","LuminesStrike+1","ShootingEcho"],"relics":["MiniHakkero","Centennial Puzzle","HornCleat","MealTicket","Empty Cage"],"acts_visited":["Exordium","TheCity"],"potions_floor_usage":[7,16,23],"damage_taken":[{"damage":1,"enemies":"2 Louse","floor":1,"turns":2},{"damage":5,"enemies":"Small Slimes","floor":2,"turns":2},{"damage":0,"enemies":"Cultist","floor":4,"turns":3},{"damage":8,"enemies":"Red Slaver","floor":5,"turns":3},{"damage":18,"enemies":"Lagavulin","floor":7,"turns":5},{"damage":2,"enemies":"2 Fungi Beasts","floor":11,"turns":3},{"damage":9,"enemies":"Large Slime","floor":12,"turns":5},{"damage":0,"enemies":"Lots of Slimes","floor":13,"turns":1},{"damage":0,"enemies":"Gremlin Gang","floor":14,"turns":1},{"damage":19,"enemies":"Hexaghost","floor":16,"turns":9},{"damage":28,"enemies":"2 Thieves","floor":18,"turns":4},{"damage":12,"enemies":"Shell Parasite","floor":19,"turns":3},{"damage":20,"enemies":"Snake Plant","floor":22,"turns":3},{"damage":27,"enemies":"Book of Stabbing","floor":23,"turns":3}],"seed_played":"8842786731563402266","potions_obtained":[{"floor":2,"key":"Ancient Potion"},{"floor":5,"key":"FearPotion"},{"floor":7,"key":"LiquidBronze"},{"floor":16,"key":"Strength Potion"},{"floor":22,"key":"ShroomBrew"}],"is_trial":false,"path_per_floor":["M","M","?","M","M","R","E","R","T","$","M","M","M","M","R","B",null,"M","M","?","?","M","E"],"character_chosen":"MARISA","items_purchased":["MealTicket"],"campfire_rested":0,"item_purchase_floors":[10],"current_hp_per_floor":[74,69,69,69,61,61,43,43,43,43,41,32,32,32,32,13,75,47,35,60,46,26,0,0],"gold":249,"neow_bonus":"RANDOM_COLORLESS","is_daily":false,"chose_seed":false,"campfire_upgraded":3,"win_rate":0.0,"timestamp":1613699375,"path_taken":["M","M","?","M","M","R","E","R","T","$","M","M","M","M","R","BOSS","M","M","?","?","M","E"],"items_purchased_type":["Relic"],"build_version":"2020-12-22","purchased_purges":0,"victory":false,"max_hp_per_floor":[75,75,75,75,75,75,75,75,75,75,75,75,75,75,75,75,75,75,75,75,80,80,80,80],"card_choices":[{"not_picked":["Panacea","PanicButton"],"picked":"Dramatic Entrance","floor":0},{"not_picked":["MysteriousBeam","ShootingEcho"],"picked":"SporeBomb","floor":1},{"not_picked":["DC","GravityBeat"],"picked":"AsteroidBelt","floor":2},{"not_picked":["WitchLeyline","ChargeUpSpray"],"picked":"MachineGunSpark","floor":4},{"not_picked":["MysteriousBeam","DC","CollectingQuirk"],"picked":"SKIP","floor":5},{"not_picked":["GrandCross","6A"],"picked":"ManaConvection","floor":7},{"not_picked":["DoubleSpark","Occultation"],"picked":"SporeBomb","floor":11},{"not_picked":["Acceleration","SporeBomb","OrrerysSun"],"picked":"SKIP","floor":12},{"not_picked":["6A","UnstableBomb"],"picked":"PowerUp","floor":13},{"not_picked":["SporeBomb","GrandCross"],"picked":"TreasureHunter","floor":14},{"not_picked":["TreasureHunter","MaximisePower"],"picked":"SatelliteIllusion","floor":16},{"not_picked":["GravityBeat","Acceleration","LuminesStrike"],"picked":"SKIP","floor":18},{"not_picked":["IllusionStar","OpenUniverse"],"picked":"LuminesStrike+1","floor":19},{"not_picked":["DoubleSpark","LuminesStrike"],"picked":"ShootingEcho","floor":22}],"player_experience":494299,"relics_obtained":[{"floor":7,"key":"Centennial Puzzle"},{"floor":9,"key":"HornCleat"}],"event_choices":[{"damage_healed":0,"gold_gain":0,"player_choice":"Ignored","damage_taken":0,"max_hp_gain":0,"max_hp_loss":0,"event_name":"Liars Game","floor":3,"gold_loss":0},{"damage_healed":25,"gold_gain":0,"player_choice":"Heal","damage_taken":0,"max_hp_gain":0,"max_hp_loss":0,"event_name":"The Library","floor":20,"gold_loss":0},{"damage_healed":0,"gold_gain":0,"player_choice":"Shed Blood","damage_taken":19,"max_hp_gain":5,"max_hp_loss":0,"event_name":"Forgotten Altar","floor":21,"gold_loss":0}],"is_beta":false,"boss_relics":[{"not_picked":["Velvet Choker","Runic Pyramid"],"picked":"Empty Cage"}],"items_purged_floors":[],"is_endless":false,"potions_floor_spawned":[2,5,7,16,22],"killed_by":"Book of Stabbing","ascension_level":0}}