{"host":"dmtlrev5pkc1867p","time":1613745192,"event":{"mods":["AchievementEnabler","BaseMod","Colored Map","Colored Powertips","Downfall","Hermit","Highlight Path","Hubris","Infinite Spire","Marisa¡]Ãú«B¡@Å]²z¨F¡^","Minty Spire (QoL Compilation)","Permanent Neow","Quick Restart","Rare Cards Sparkle","Relic Sorter","Relic Stats","Replay The Spire","Shop Mod","StSLib","SuperFastMode","The Construct","The Cursed","The Mystic","The Necromancer","The Poker Player","The Runesmith","The Servant 0.9.4"],"gold_per_floor":[11,23,38,53,66,66,66,66],"floor_reached":7,"language":"ZHS","playtime":1797,"items_purged":[],"score":61,"play_id":"db76e31f-0ac3-4bba-8a1a-0f0c3acf81e7","local_time":"20210219223312","is_ascension_mode":true,"campfire_choices":[{"floor":6,"key":"REST"}],"circlet_count":0,"master_deck":["Strike_G","Strike_G","Strike_G","Strike_G","Strike_G","Defend_G","Defend_G","Defend_G","Defend_G","Defend_G","Survivor","Neutralize","Envenom","ReplayTheSpireMod:Tripwire","Deflect","Prepared","Dagger Throw","Infinite Blades"],"relics":["Ring of the Snake"],"acts_visited":["Exordium"],"potions_floor_usage":[7],"damage_taken":[{"damage":6,"enemies":"Cultist","floor":1,"turns":5},{"damage":6,"enemies":"2 Louse","floor":2,"turns":4},{"damage":2,"enemies":"Small Slimes","floor":3,"turns":5},{"damage":1,"enemies":"Red Slaver","floor":4,"turns":6},{"damage":18,"enemies":"2 Fungi Beasts","floor":5,"turns":5},{"damage":46,"enemies":"3 Sentries","floor":7,"turns":10}],"seed_played":"-2016064635631394017","potions_obtained":[{"floor":4,"key":"LifebloodPotion"}],"is_trial":false,"path_per_floor":["M","M","M","M","M","R","E"],"character_chosen":"THE_SILENT","items_purchased":[],"campfire_rested":1,"item_purchase_floors":[],"current_hp_per_floor":[57,51,49,48,30,51,5,5],"gold":66,"neow_bonus":"THREE_RARE_CARDS","is_daily":false,"chose_seed":false,"campfire_upgraded":0,"win_rate":0.0,"timestamp":1613745192,"path_taken":["M","M","M","?","M","R","E"],"items_purchased_type":[],"build_version":"2020-12-22","purchased_purges":0,"victory":false,"max_hp_per_floor":[70,70,70,70,70,70,70,70],"relic_stats":{"counters":[6,35],"obtain_stats":[{"Ring of the Snake":0},{"Ring of the Snake":0},{"Ring of the Snake":0}],"Ring of the Snake":[12]},"card_choices":[{"not_picked":["Corpse Explosion","Glass Knife"],"picked":"Envenom","floor":0},{"not_picked":["Slice","Outmaneuver"],"picked":"ReplayTheSpireMod:Tripwire","floor":1},{"not_picked":["Underhanded Strike","Endless Agony"],"picked":"Deflect","floor":2},{"not_picked":["Skewer","hubris:Counter"],"picked":"Prepared","floor":3},{"not_picked":["Prepared","Deflect"],"picked":"Dagger Throw","floor":4},{"not_picked":["Underhanded Strike","Sucker Punch"],"picked":"Infinite Blades","floor":5}],"player_experience":735241,"relics_obtained":[],"event_choices":[],"is_beta":false,"boss_relics":[],"items_purged_floors":[],"is_endless":false,"potions_floor_spawned":[4],"killed_by":"3 Sentries","ascension_level":7}}