{"host":"jh7kh5nqtgzr3auj","time":1613726620,"event":{"mods":["AchievementEnabler","Act Like it!","BaseMod","Lobotomy","LobotomyExtend","Minty Spire (QoL Compilation)","Quick Restart","Relic Stats","StSLib","TestMod","【遗物卡牌】REMEMod"],"gold_per_floor":[120,142,159,159,187,187,187,222,222,262,262,292,292,335,335,451,451,484,506,506,39,113,151,151,192,217,251,279,342,362,78,78,208,208,234,257,194,231,284,332,401,441,492,175,227,227,227,310,310,346],"floor_reached":51,"language":"ZHS","playtime":8697,"items_purged":["SpecialBullet","SpecialBullet","Parasite","CENSORED"],"score":1368,"play_id":"1c279096-eb47-485a-91ed-ccc670a1b06e","local_time":"20210219172340","is_ascension_mode":true,"campfire_choices":[{"floor":49,"key":"RECALL"}],"circlet_count":0,"master_deck":["SpecialBullet","SpecialBullet","SpecialBullet","SpecialBullet","SpecialBullet","SpecialBullet","ExtractionCode","SecurityCode","DisciplinaryCode","Twilight","Reverberation","OSAHOGD","Logging","TodaysExpression+1","Penitence","Wellcheers","CENSORED_ego+1","SpiderBud","Regret_ego","Scorched","InformationCode","GoldRush","RedShoes","Soda","SingingMachine","Noise","Penitence","Murderer","WallGazer","RecordCode","GoldRush","ParadiseLost","UniverseFragment","Phantasmal Killer","REME_TwoStrings","Regret_ego","Bloodbath","BigBird","Master of Strategy","Madness","Enlightenment","Soda","Mercenary","Thinking Ahead","Purity+1","Flash of Steel+1","OldLady","Jack Of All Trades+1","BigBadWolf","HappyTeddy","Rudolta","Swift Strike+1","Tough+1","TheSmile+1","ParadiseLost+1","NothingThere","testmod-Wormhole+1","DaCapo+1","REME_WheelOfFate+1","Twilight+1","CENSORED_ego+1","Diffraction+1","Moonlight+1","Spore+1","Magnetism+1","Spore+1","Porccubus","GreedKing","Aggregate+1","REME_MagicPocketWatch+1","WhitesApple","Seek+1","SilentOrchestra","testmod-BackupPower+1","Finesse+1","Master of Strategy+1","LaLuna","WelfareCode","Variant","GreenStem+1","REME_ACTH+1","Parasite","Parasite","Parasite","Parasite","Parasite"],"relics":["CogitoBucket","testmod-TestBox","REME_ComplimentaryCards","testmod-DeterminationOfClimber","LetterFromLob","MagicBullet_r","testmod-OneHitWonder","testmod-HeartOfDaVinci","ChangeAnything","Dream Catcher","REME_LowDesire","Anchor","Snake Skull","Nloth\u0027s Gift","Membership Card","Unceasing Top","Theresia","Bronze Scales","HornCleat","PreservedInsect","Torii","FleshIdol","Oddly Smooth Stone","REME_CardOfGreed","testmod-NegativeEmotionEnhancer","Bag of Marbles","Regal Pillow","Toy Ornithopter","Symbiotic Virus","Emotion Chip","testmod-IndustrialRevolution","CaptainsWheel","Pear","Sundial","Red Skull","REME_PuzzleBoxRelic","Vajra","Centennial Puzzle","testmod-Antiphasic"],"acts_visited":["Exordium","TheCity","TheBeyond"],"potions_floor_usage":[44,51],"damage_taken":[{"damage":8.0,"enemies":"Small Slimes","floor":1.0,"turns":3.0},{"damage":0.0,"enemies":"Jaw Worm","floor":2.0,"turns":1.0},{"damage":7.0,"enemies":"2 Louse","floor":3.0,"turns":2.0},{"damage":0.0,"enemies":"Exordium Thugs","floor":5.0,"turns":1.0},{"damage":0.0,"enemies":"Gremlin Nob","floor":8.0,"turns":2.0},{"damage":0.0,"enemies":"Lagavulin","floor":10.0,"turns":2.0},{"damage":36.0,"enemies":"Large Slime","floor":12.0,"turns":3.0},{"damage":4.0,"enemies":"3 Sentries","floor":14.0,"turns":1.0},{"damage":15.0,"enemies":"Hexaghost","floor":16.0,"turns":3.0},{"damage":22.0,"enemies":"3 Byrds","floor":18.0,"turns":2.0},{"damage":4.0,"enemies":"Spheric Guardian","floor":19.0,"turns":1.0},{"damage":24.0,"enemies":"3 Cultists","floor":22.0,"turns":2.0},{"damage":5.0,"enemies":"REME_1_Revenger","floor":23.0,"turns":1.0},{"damage":2.0,"enemies":"Slavers","floor":25.0,"turns":1.0},{"damage":4.0,"enemies":"REME_1_Revenger","floor":27.0,"turns":1.0},{"damage":22.0,"enemies":"Cultist and Chosen","floor":28.0,"turns":1.0},{"damage":6.0,"enemies":"Chosen and Byrds","floor":29.0,"turns":2.0},{"damage":4.0,"enemies":"Snecko","floor":30.0,"turns":1.0},{"damage":28,"enemies":"Champ","floor":33,"turns":1},{"damage":52,"enemies":"3 Darklings","floor":35,"turns":1},{"damage":12,"enemies":"3 Shapes","floor":36,"turns":2},{"damage":22,"enemies":"Spire Growth","floor":38,"turns":1},{"damage":14,"enemies":"Maw","floor":39,"turns":3},{"damage":3,"enemies":"Nemesis","floor":40,"turns":1},{"damage":7,"enemies":"Mind Bloom Boss Battle","floor":41,"turns":1},{"damage":0,"enemies":"Reptomancer","floor":42,"turns":1},{"damage":23,"enemies":"Giant Head","floor":45,"turns":1},{"damage":11,"enemies":"Transient","floor":48,"turns":2},{"damage":27,"enemies":"FixerMidnight","floor":50,"turns":2},{"damage":22,"enemies":"Malkuth","floor":51,"turns":1},{"damage":0,"enemies":"Yesod","floor":51,"turns":1},{"damage":16,"enemies":"Geburah","floor":51,"turns":4},{"damage":41,"enemies":"Hokma","floor":51,"turns":6},{"damage":8,"enemies":"Angela","floor":51,"turns":2}],"seed_played":"1072608702476808411","potions_obtained":[{"floor":1.0,"key":"testmod-EscapePotion"},{"floor":3.0,"key":"ColorlessPotion"},{"floor":10.0,"key":"AttackPotion"},{"floor":12.0,"key":"FearPotion"},{"floor":22.0,"key":"DistilledChaos"},{"floor":29.0,"key":"Regen Potion"},{"floor":35,"key":"ColorlessPotion"},{"floor":45,"key":"testmod-TestPotion"}],"is_trial":false,"path_per_floor":["M","M","M","?","M","E","R","E","T","E","?","M","R","E","R","B",null,"M","M","?","$","M","E","R","E","T","E","M","M","M","$","R","B",null,"M","M","$","M","M","E","?","E","T","$","E","T","R","M","R","B",null],"character_chosen":"Angela","items_purchased":["Membership Card","Master of Strategy","Madness","Unceasing Top","Oddly Smooth Stone","TheSmile+1","REME_CardOfGreed","CaptainsWheel","Fruit Juice","testmod-BackupPower+1"],"campfire_rested":0,"item_purchase_floors":[21,21,21,21,31,31,31,44,44,44],"current_hp_per_floor":[70,70,70,70,70,70,70,70,70,70,70,63,63,74,74,78,78,82,86,86,86,86,90,90,94,94,98,102,103,103,103,103,107,107,97,113,110,115,114,122,123,128,128,133,148,148,148,153,153,154],"gold":649,"neow_bonus":"THREE_RARE_CARDS","is_daily":false,"chose_seed":false,"campfire_upgraded":0,"win_rate":0.0,"timestamp":1613726620,"path_taken":["M","M","M","?","M","E","R","E","T","E","?","M","R","E","R","BOSS","M","M","?","$","M","E","R","E","T","E","M","M","M","?","R","BOSS","M","M","$","M","M","E","?","E","T","$","E","?","R","M","R","BOSS"],"items_purchased_type":["Relic","Card","Card","Relic","Relic","Card","Relic","Relic","Potion","Card"],"build_version":"2020-12-22","purchased_purges":4,"victory":true,"max_hp_per_floor":[70,70,70,70,70,70,70,70,70,70,70,70,70,74,74,78,78,82,86,86,86,86,90,90,94,94,98,102,103,103,103,103,107,107,108,113,110,115,117,122,123,128,128,133,148,148,148,153,153,154],"relic_stats":{"Regal Pillow":0,"Torii":1,"counters":[37,63],"Snake Skull":[45],"PreservedInsect":274,"Dream Catcher":0,"Emotion Chip":[11,0,0,11,0],"Centennial Puzzle":[4],"Sundial":[6],"Bronze Scales":[58],"Nloth\u0027s Gift":30,"obtain_stats":[{"Regal Pillow":39,"Torii":27,"Vajra":51,"FleshIdol":29,"Snake Skull":17,"testmod-NegativeEmotionEnhancer":34,"CogitoBucket":0,"Dream Catcher":14,"Emotion Chip":41,"Centennial Puzzle":51,"HornCleat":25,"Sundial":46,"testmod-DeterminationOfClimber":0,"REME_LowDesire":17,"Red Skull":50,"testmod-TestBox":0,"Pear":45,"MagicBullet_r":6,"Oddly Smooth Stone":31,"PreservedInsect":26,"War Paint":11,"testmod-IndustrialRevolution":42,"testmod-Antiphasic":51,"Anchor":17,"CaptainsWheel":44,"Bronze Scales":23,"LetterFromLob":1,"Art of War":9,"Nloth\u0027s Gift":20,"Bag of Marbles":38,"Membership Card":21,"REME_CardOfGreed":31,"ChangeAnything":12,"REME_PuzzleBoxRelic":51,"Theresia":22,"Symbiotic Virus":40,"testmod-OneHitWonder":8,"Unceasing Top":21,"Toy Ornithopter":39,"REME_ComplimentaryCards":0,"testmod-HeartOfDaVinci":10},{"Regal Pillow":26,"Torii":17,"Vajra":34,"FleshIdol":20,"Snake Skull":10,"testmod-NegativeEmotionEnhancer":22,"CogitoBucket":0,"Dream Catcher":9,"Emotion Chip":28,"Centennial Puzzle":35,"HornCleat":16,"Sundial":30,"testmod-DeterminationOfClimber":0,"REME_LowDesire":10,"Red Skull":32,"testmod-TestBox":0,"Pear":30,"MagicBullet_r":4,"Oddly Smooth Stone":21,"PreservedInsect":16,"War Paint":6,"testmod-IndustrialRevolution":29,"testmod-Antiphasic":37,"Anchor":10,"CaptainsWheel":29,"Bronze Scales":15,"LetterFromLob":1,"Art of War":5,"Nloth\u0027s Gift":12,"Bag of Marbles":25,"Membership Card":12,"REME_CardOfGreed":21,"ChangeAnything":8,"REME_PuzzleBoxRelic":34,"Theresia":14,"Symbiotic Virus":27,"testmod-OneHitWonder":5,"Unceasing Top":12,"Toy Ornithopter":26,"REME_ComplimentaryCards":0,"testmod-HeartOfDaVinci":6},{"Regal Pillow":39,"Torii":28,"Vajra":51,"FleshIdol":32,"Snake Skull":19,"testmod-NegativeEmotionEnhancer":34,"CogitoBucket":0,"Dream Catcher":16,"Emotion Chip":43,"Centennial Puzzle":53,"HornCleat":27,"Sundial":45,"testmod-DeterminationOfClimber":0,"REME_LowDesire":19,"Red Skull":49,"testmod-TestBox":0,"Pear":45,"MagicBullet_r":7,"Oddly Smooth Stone":33,"PreservedInsect":27,"War Paint":11,"testmod-IndustrialRevolution":44,"testmod-Antiphasic":62,"Anchor":19,"CaptainsWheel":44,"Bronze Scales":26,"LetterFromLob":3,"Art of War":9,"Nloth\u0027s Gift":22,"Bag of Marbles":38,"Membership Card":22,"REME_CardOfGreed":33,"ChangeAnything":15,"REME_PuzzleBoxRelic":51,"Theresia":25,"Symbiotic Virus":42,"testmod-OneHitWonder":9,"Unceasing Top":22,"Toy Ornithopter":39,"REME_ComplimentaryCards":0,"testmod-HeartOfDaVinci":11}],"Unceasing Top":[4],"Toy Ornithopter":5},"card_choices":[{"not_picked":["Justitia","TheSmile"],"picked":"Twilight","floor":0.0},{"not_picked":["CherryBlossoms","SpiderBud"],"picked":"OSAHOGD","floor":1.0},{"not_picked":["Diffraction"],"picked":"Logging","floor":1.0},{"not_picked":["RapturousDream"],"picked":"TodaysExpression","floor":1.0},{"not_picked":["CherryBlossom"],"picked":"Penitence","floor":2.0},{"not_picked":["NakedNest","LongBird"],"picked":"Wellcheers","floor":2.0},{"not_picked":["Tough"],"picked":"CENSORED_ego","floor":3.0},{"not_picked":["LaLuna","ShyLook"],"picked":"SpiderBud","floor":3.0},{"not_picked":["LifeForTheDareDevil","Horn"],"picked":"SKIP","floor":3.0},{"not_picked":["Penitence"],"picked":"Regret_ego","floor":5.0},{"not_picked":["VoidDream","OldLady"],"picked":"Scorched","floor":5.0},{"not_picked":["LifeForTheDareDevil","Horn"],"picked":"SKIP","floor":5.0},{"not_picked":["LifeForTheDareDevil","Horn"],"picked":"SKIP","floor":5.0},{"not_picked":["Wingbeat"],"picked":"GoldRush","floor":8.0},{"not_picked":["PunishingBird","CrumblingArmor"],"picked":"RedShoes","floor":8.0},{"not_picked":["Justitia","TodaysExpression"],"picked":"SKIP","floor":8.0},{"not_picked":["Twilight"],"picked":"Soda","floor":10.0},{"not_picked":["HeroicMonk","FairyFestival"],"picked":"SingingMachine","floor":10.0},{"not_picked":["CherryBlossom","Harvest"],"picked":"SKIP","floor":10.0},{"not_picked":["CherryBlossom","Harvest"],"picked":"SKIP","floor":10.0},{"not_picked":["ShedSkin"],"picked":"Noise","floor":12.0},{"not_picked":["RedEyes"],"picked":"Penitence","floor":12.0},{"not_picked":["BeautyBeast","BigBadWolf"],"picked":"Murderer","floor":12.0},{"not_picked":["FieryBird","VoidDream"],"picked":"WallGazer","floor":14.0},{"not_picked":["WristCuter","SolemnVow"],"picked":"SKIP","floor":14.0},{"not_picked":["DaCapo"],"picked":"GoldRush","floor":16.0},{"not_picked":["CENSORED_ego"],"picked":"ParadiseLost","floor":16.0},{"not_picked":["HeroicMonk","CherryBlossoms"],"picked":"UniverseFragment","floor":16.0},{"not_picked":["Tough","Noise"],"picked":"REME_TwoStrings","floor":18.0},{"not_picked":["Lamp","testmod-Mystery+1"],"picked":"Regret_ego","floor":18.0},{"not_picked":["DespairKnight","BeautyBeast"],"picked":"Bloodbath","floor":18.0},{"not_picked":["CherryBlossoms","DespairKnight"],"picked":"BigBird","floor":19.0},{"not_picked":["InTheNameOfLoveAndHate+1","Pleasure","Reverberation","Mind Blast"],"picked":"SKIP","floor":19.0},{"not_picked":["Hornet","BlackSwan_ego","Laetitia_ego"],"picked":"Enlightenment","floor":22.0},{"not_picked":["FourthMatchFlame","Penitence","testmod-HeadAttack"],"picked":"Soda","floor":22.0},{"not_picked":["Laetitia","FairyFestival"],"picked":"Mercenary","floor":23.0},{"not_picked":["CherryBlossom","Loneliness+1","Discord"],"picked":"Thinking Ahead","floor":23.0},{"not_picked":["TodaysExpression+1","Justitia+1","Discord+1"],"picked":"Purity+1","floor":25.0},{"not_picked":["Hornet+1","Moonlight+1","Pleasure+1"],"picked":"Flash of Steel+1","floor":25.0},{"not_picked":["LittlePrince","FairyFestival","BlueStar"],"picked":"Singing Bowl","floor":25.0},{"not_picked":["VoidDream","CherryBlossoms"],"picked":"OldLady","floor":25.0},{"not_picked":["Reverberation+1","CherryBlossom+1","Justitia+1"],"picked":"Jack Of All Trades+1","floor":27.0},{"not_picked":["VoidDream","QueenOfHatred"],"picked":"BigBadWolf","floor":27.0},{"not_picked":["BlueStar","FairyFestival"],"picked":"HappyTeddy","floor":28.0},{"not_picked":["Lantern+1","Regret_ego+1","Beak+1","testmod-Automaton+1"],"picked":"SKIP","floor":28.0},{"not_picked":["Lantern+1","Regret_ego+1","Beak+1","testmod-Automaton+1"],"picked":"SKIP","floor":28.0},{"not_picked":["Woodsman","NakedNest"],"picked":"Rudolta","floor":29.0},{"not_picked":["RapturousDream+1","Horn+1","BlueScar+1"],"picked":"Swift Strike+1","floor":29.0},{"not_picked":["CUTE+1","RapturousDream+1","TodaysExpression+1","testmod-VirtualReality+1"],"picked":"SKIP","floor":29.0},{"not_picked":["RapturousDream+1","LifeForTheDareDevil+1","testmod-HandmadeProducts"],"picked":"Tough+1","floor":30.0},{"not_picked":["MHz","QueenBee","VoidDream"],"picked":"Singing Bowl","floor":30.0},{"not_picked":["SoundOfStar+1","Adoration+1","testmod-RepeatForm+1"],"picked":"ParadiseLost+1","floor":33},{"not_picked":["MeatLantern","Funeral"],"picked":"NothingThere","floor":33},{"not_picked":["Justitia+1","Adoration+1","Mimicry+1"],"picked":"testmod-Wormhole+1","floor":33},{"not_picked":["ParadiseLost+1","Pinks+1","testmod-Librarian+1"],"picked":"DaCapo+1","floor":33},{"not_picked":["CherryBlossoms","DreamingCurrent","Woodsman"],"picked":"Singing Bowl","floor":35},{"not_picked":["BearPaw+1","TodaysExpression+1","FourthMatchFlame+1"],"picked":"REME_WheelOfFate+1","floor":35},{"not_picked":["Regret_ego+1","Penitence+1","testmod-BloodShelter+1"],"picked":"Twilight+1","floor":35},{"not_picked":["Lantern+1","RapturousDream+1","Swift Strike+1"],"picked":"CENSORED_ego+1","floor":35},{"not_picked":["Heaven+1","Harvest+1","Secret Technique+1"],"picked":"Diffraction+1","floor":36},{"not_picked":["Harmony+1","FourthMatchFlame+1","testmod-PerfectCombo+1"],"picked":"Moonlight+1","floor":36},{"not_picked":["ShyLook","QueenOfHatred","LittlePrince"],"picked":"Singing Bowl","floor":36},{"not_picked":["LittlePrince","WhiteNight"],"picked":"CENSORED","floor":36},{"not_picked":["Soda+1","CherryBlossom+1","Galaxy+1","Blind+1"],"picked":"SKIP","floor":36},{"not_picked":["Tough+1","Adoration+1","REME_PuzzleBox+1"],"picked":"Spore+1","floor":38},{"not_picked":["Penitence+1","ScreamingWedge+1","BearPaw+1"],"picked":"Magnetism+1","floor":38},{"not_picked":["BearPaw+1","RapturousDream+1","testmod-Automaton+1"],"picked":"Spore+1","floor":38},{"not_picked":["QueenOfHatred","BeautyBeast"],"picked":"Porccubus","floor":38},{"not_picked":["BodiesMountain","LittlePrince","CherryBlossoms"],"picked":"Singing Bowl","floor":39},{"not_picked":["FairyFestival","QueenOfHatred"],"picked":"GreedKing","floor":39},{"not_picked":["Beak+1","RapturousDream+1","Christmas+1","Swift Strike+1"],"picked":"SKIP","floor":39},{"not_picked":["InTheNameOfLoveAndHate+1","Wingbeat+1","BearPaw+1","Good Instincts+1"],"picked":"SKIP","floor":39},{"not_picked":["CherryBlossom+1","RapturousDream+1","Regret_ego+1"],"picked":"REME_MagicPocketWatch+1","floor":40},{"not_picked":["LittleHelper","WhiteNight","SnowQueen"],"picked":"Singing Bowl","floor":40},{"not_picked":["FairyFestival","MHz"],"picked":"WhitesApple","floor":40},{"not_picked":["Christmas+1","GoldRush+1","RapturousDream+1","testmod-RepeatForm+1"],"picked":"SKIP","floor":40},{"not_picked":["Christmas+1","GoldRush+1","RapturousDream+1","testmod-RepeatForm+1"],"picked":"SKIP","floor":40},{"not_picked":["VoidDream","Alriune","Woodsman"],"picked":"Singing Bowl","floor":41},{"not_picked":["BlackArmy","SnowQueen","QueenBee"],"picked":"Singing Bowl","floor":42},{"not_picked":["FairyFestival","WhiteNight"],"picked":"SilentOrchestra","floor":42},{"not_picked":["Horn+1","Twilight+1","Gaze+1","testmod-Provocation+1"],"picked":"SKIP","floor":42},{"not_picked":["Noise+1","Pinks+1","Regret_ego+1","Blind+1"],"picked":"SKIP","floor":42},{"not_picked":["Noise+1","Harvest+1","BlueScar+1"],"picked":"Finesse+1","floor":45},{"not_picked":["ParadiseLost+1","BloodyDesire+1","GrinderMk4+1"],"picked":"Master of Strategy+1","floor":45},{"not_picked":["Yin","PunishingBird","HeroicMonk"],"picked":"Singing Bowl","floor":45},{"not_picked":["Laetitia","CrumblingArmor"],"picked":"LaLuna","floor":45},{"not_picked":["Soda+1","Noise+1","Galaxy+1","testmod-PerfectCombo+1"],"picked":"SKIP","floor":45},{"not_picked":["WhiteNight","Laetitia"],"picked":"Variant","floor":48},{"not_picked":["RapturousDream+1","InTheNameOfLoveAndHate+1","REME_FirmDetermination+1"],"picked":"GreenStem+1","floor":48},{"not_picked":["CUTE+1","Beak+1","Loneliness+1","testmod-LifeRuler+1"],"picked":"SKIP","floor":48},{"not_picked":["Laetitia_ego+1","Pinks+1","Noise+1","PanicButton+1"],"picked":"SKIP","floor":48}],"player_experience":307496,"relics_obtained":[{"floor":1.0,"key":"LetterFromLob"},{"floor":8.0,"key":"testmod-OneHitWonder"},{"floor":9.0,"key":"Art of War"},{"floor":10.0,"key":"testmod-HeartOfDaVinci"},{"floor":14.0,"key":"Dream Catcher"},{"floor":17.0,"key":"Anchor"},{"floor":17.0,"key":"Snake Skull"},{"floor":23.0,"key":"Bronze Scales"},{"floor":25.0,"key":"HornCleat"},{"floor":26.0,"key":"PreservedInsect"},{"floor":27.0,"key":"Torii"},{"floor":40,"key":"Symbiotic Virus"},{"floor":41,"key":"Emotion Chip"},{"floor":42,"key":"testmod-IndustrialRevolution"},{"floor":45,"key":"Pear"},{"floor":46,"key":"Sundial"}],"event_choices":[{"damage_healed":0.0,"max_hp_gain":0.0,"max_hp_loss":0.0,"gold_gain":0.0,"event_name":"给自己的盒子","player_choice":"Swap Relic","floor":11.0,"relics_lost":["War Paint"],"gold_loss":0.0,"damage_taken":0.0,"relics_obtained":["War Paint"]},{"damage_healed":0.0,"max_hp_gain":0.0,"max_hp_loss":0.0,"gold_gain":0.0,"event_name":"N\u0027loth","player_choice":"Traded Relic","floor":20.0,"relics_lost":["Art of War"],"gold_loss":0.0,"damage_taken":0.0,"relics_obtained":["Nloth\u0027s Gift"]},{"damage_healed":0,"gold_gain":0,"player_choice":"Fight","damage_taken":0,"max_hp_gain":0,"max_hp_loss":0,"event_name":"MindBloom","floor":41,"gold_loss":0}],"is_beta":false,"boss_relics":[{"not_picked":["testmod-GoldenSoul","testmod-StringDisintegrator"],"picked":"REME_LowDesire"},{"not_picked":["Inserter","Tiny House"],"picked":"testmod-NegativeEmotionEnhancer"}],"items_purged_floors":[21,31,37,44],"is_endless":false,"potions_floor_spawned":[1,3,10,12,16,22,23,25,29,35,39,40,42,45],"ascension_level":1}}