{"host":"tsnif9umxyqokjak","time":1613758471,"event":{"mods":["2.2 Compatiblity","AchievementEnabler","Act Like it!","Arknights","Astrologer","BaseMod","Bestiary","Better Note","Better Skull","Better Third Choice","Better Vampires","Block Reminder","CapriCore","Challenge The Spire","Clockwork Mod","Colored Powertips","Curses Come First","Custom Start","Disable Question Mark Monsters","Displayed Cursed Tome","Downfall","Filter the Spire","Friendly Minions","Hallownest","Hermit","Highlight Path","Marisa????????","Marked Mod","Minty Spire (QoL Compilation)","Quick Restart","Rare Cards Sparkle","Red Circlet Mod","Reimu??????","Remilia??????","Robot Space Explorer","Smile Girya","Spicy Shops","StSLib","The Administrix","The Animator","The Bug Knight","The Construct","The Cursed","The Disciple","The Elementalist","The Gatherer","The Immortal","The Runesmith","The Sage","The Servant 0.9.4","The Spell Scribe","The Valiant","The Wild Card","Unknown Chances","Yakumo Yukari mod"],"gold_per_floor":[131,149,168,168,184,214,214,214,239,255,179,199,213,174,174,270,270,286,286,286,298,298,331,331,351,351,351,6,55,55,67,67,172,172,182,198,244,33,33,33,48,48,48,48,67,113,0,25,25,25],"floor_reached":51,"language":"ENG","playtime":6603,"items_purged":[],"score":740,"play_id":"2bdbb563-05df-4604-bdad-d0f304fc43c9","local_time":"20210219191431","is_ascension_mode":false,"campfire_choices":[{"data":"DimensionStaggered_purple","floor":7,"key":"SMITH"},{"data":"OmniscientAndOmnipotent_Monster_purple","floor":15,"key":"SMITH"},{"data":"EighthInstrument_OneDividesIntoTwo_purple","floor":24,"key":"SMITH"},{"data":"SfantasyHide_purple","floor":27,"key":"SMITH"},{"floor":30,"key":"REST"},{"data":"ExistenceContinue_purple","floor":32,"key":"SMITH"},{"data":"MonsterNeedle_purple","floor":40,"key":"SMITH"},{"data":"MonsterNeedle_purple","floor":42,"key":"SMITH"},{"data":"Mirror_TwoAndThreeElementRealm_purple","floor":44,"key":"SMITH"},{"floor":49,"key":"REST"}],"circlet_count":0,"master_deck":["AT_purpleEX","AT_purpleEX","AT_purpleEX","AT_purpleEX","Defend_purpleEX","Defend_purpleEX","Defend_purpleEX","Defend_purpleEX","Observe_purple_1","Observe_purple_2","StateErode_purple","Worldmountain_purple","DimensionStaggered_purple+1","EighthInstrument_OneDividesIntoTwo_purple+1","OmniscientAndOmnipotent_Monster_purple+1","Fantasy_PerpetualMotionMachine_purple+1","StateDuplicate_purple","Mirror_Drifter_purple","GluttonyofRealm_purpleEX","SharpContractionReality_purple+1","Gluttony_TH","SfantasyHide_purple+1","Monsters_DoubleDeathButterfly_purple+1","MonsterNeedle_purple+1","Boundary_of_Extermination_purpleEX+1","MonsterNeedle_purple+1","CommonSense_AntiCommonSense_purple+1","ExistenceContinue_purple+1","Mirror_TwoAndThreeElementRealm_purple+1","ExternalForce_HighSpeedFlying_purple","DimensionStaggered_purple+1","Bait_Toxicbait_purple+1","ButterflyHabitatTemple_purple","Writhe","MonsterNeedle_purple","Shallow_ocean_purpleEX+1","Charmbait_purple+1","Photoelasticity_Doppler_Effect_purple","SfantasyHide_purple+1"],"relics":["Boundary_crack","Memoryfragments_purpleEX","Toy Ornithopter","Frozen Egg 2","Sundial","Nunchaku","betterThird:SlimedRelic","RedLine:ReiMu","Mastiff:ReiMu","Runesmith:Locket","Dream Catcher","Seventeenyearold_girl_Forever","Calipers","Cauldron","Winged Necklace","CatCart","Red Mask","Strawberry"],"acts_visited":["Exordium","TheCity","TheBeyond"],"potions_floor_usage":[6,6,12,13,33,35,37,38,41,41,50,50],"damage_taken":[{"damage":6,"enemies":"ats:Genji","floor":1,"turns":5},{"damage":5,"enemies":"Cultist","floor":2,"turns":5},{"damage":7,"enemies":"Jaw Worm","floor":3,"turns":5},{"damage":10,"enemies":"Looter","floor":5,"turns":4},{"damage":18,"enemies":"Gremlin Nob","floor":6,"turns":3},{"damage":2,"enemies":"Gremlin Gang","floor":10,"turns":5},{"damage":6,"enemies":"Large Slime","floor":12,"turns":3},{"damage":0,"enemies":"Lots of Slimes","floor":13,"turns":2},{"damage":2,"enemies":"Hexaghost","floor":16,"turns":8},{"damage":6,"enemies":"Chosen","floor":18,"turns":6},{"damage":6,"enemies":"Spheric Guardian","floor":21,"turns":4},{"damage":37,"enemies":"Book of Stabbing","floor":23,"turns":6},{"damage":5,"enemies":"Snake Plant","floor":25,"turns":5},{"damage":34,"enemies":"Slavers","floor":29,"turns":6},{"damage":8,"enemies":"Centurion and Healer","floor":31,"turns":5},{"damage":31,"enemies":"Collector","floor":33,"turns":10},{"damage":12,"enemies":"3 Darklings","floor":35,"turns":11},{"damage":6,"enemies":"Orb Walker","floor":36,"turns":4},{"damage":26,"enemies":"2 Orb Walkers","floor":37,"turns":6},{"damage":6,"enemies":"4 Shapes","floor":41,"turns":6},{"damage":5,"enemies":"Spire Growth","floor":45,"turns":7},{"damage":26,"enemies":"Orin","floor":46,"turns":11},{"damage":56,"enemies":"Reptomancer","floor":48,"turns":7},{"damage":10,"enemies":"Time Eater","floor":50,"turns":11}],"seed_played":"6762626541385740212","potions_obtained":[{"floor":3,"key":"ColorlessPotion"},{"floor":5,"key":"SkillPotion"},{"floor":10,"key":"SpeedPotion"},{"floor":12,"key":"Block Potion"},{"floor":25,"key":"hexamod:SoulburnPotion"},{"floor":29,"key":"BlessingOfTheForge"},{"floor":31,"key":"Swift Potion"},{"floor":38,"key":"Fruit Juice"},{"floor":38,"key":"Explosive Potion"},{"floor":38,"key":"Explosive Potion"},{"floor":38,"key":"construct:ShiftPotion"},{"floor":38,"key":"construct:ShiftPotion"},{"floor":48,"key":"SteroidPotion"}],"is_trial":false,"path_per_floor":["M","M","M","T","M","E","R","?","T","M","$","M","M","?","R","B",null,"M","?","?","M","?","E","R","M","T","R","$","E","R","M","R","B",null,"M","M","?","$","?","R","M","R","T","R","M","?","?","E","R","B",null],"character_chosen":"Youkari","items_purchased":["Fantasy_PerpetualMotionMachine_purple+1","MonsterNeedle_purple","Boundary_of_Extermination_purpleEX+1","ButterflyHabitatTemple_purple","Cauldron"],"campfire_rested":2,"item_purchase_floors":[11,28,28,38,38],"current_hp_per_floor":[66,63,57,57,48,44,44,44,44,47,47,50,56,45,45,48,70,69,69,69,70,85,53,53,51,51,51,51,21,47,49,49,31,88,89,86,71,76,97,97,102,102,102,102,104,85,85,45,78,86],"gold":25,"neow_bonus":"RANDOM_COMMON_RELIC","is_daily":false,"chose_seed":false,"campfire_upgraded":8,"win_rate":0.0,"timestamp":1613758471,"path_taken":["M","M","?","?","M","E","R","?","T","M","$","M","M","?","R","BOSS","M","?","?","?","?","E","R","M","T","R","$","E","R","M","R","BOSS","M","M","?","$","?","R","M","R","T","R","M","?","?","E","R","BOSS"],"items_purchased_type":["Card","Card","Card","Card","Relic"],"build_version":"2020-12-22","purchased_purges":0,"victory":true,"max_hp_per_floor":[70,70,70,70,70,70,70,70,70,70,70,70,70,70,70,70,70,70,70,70,73,88,88,88,88,88,88,88,88,88,88,88,88,88,90,90,92,97,97,97,102,102,102,102,104,106,106,113,113,113],"card_choices":[{"not_picked":["Boundary_ObjectiveBoundary_purple","DimensionStaggered_purple"],"picked":"StateErode_purple","floor":1},{"not_picked":["Umbrella_purple","Worldmountain_purple"],"picked":"Boundary_DreamRealityDamnation_purple","floor":2},{"not_picked":["Charmbait_purple","AdvanceAttack_purple"],"picked":"Worldmountain_purple","floor":3},{"not_picked":["RuleDissolution_purple","StretchesForeverDream_purple"],"picked":"DimensionStaggered_purple","floor":5},{"not_picked":["OmniscientAndOmnipotent_Monster_purple","MeetDecomposer_purple"],"picked":"EighthInstrument_OneDividesIntoTwo_purple","floor":6},{"not_picked":["RealityDreamConfluencek_purple","Worldmountain_purple"],"picked":"OmniscientAndOmnipotent_Monster_purple","floor":10},{"not_picked":["RuleDissolution_purple","Computing_the_future_purpleEX+1"],"picked":"StateDuplicate_purple","floor":12},{"not_picked":["SfantasyHide_purple","SharpContractionReality_purple"],"picked":"Mirror_Drifter_purple","floor":13},{"not_picked":["MagicEyes_LaplaceDemon_purple","UniverseChoice_purple+1"],"picked":"GluttonyofRealm_purpleEX","floor":16},{"not_picked":["Realm_recovery_purpleEX","Worldmountain_purple"],"picked":"SharpContractionReality_purple+1","floor":18},{"not_picked":["Mirror_FourBoundary_purple+1","SharpContractionReality_purple","RuleDissolution_purple+1"],"picked":"SKIP","floor":21},{"not_picked":["Mirror_Drifter_purple","OmniscientAndOmnipotent_Monster_purple"],"picked":"SfantasyHide_purple","floor":23},{"not_picked":["RuleDissolution_purple","DimensionStaggered_purple+1"],"picked":"Monsters_DoubleDeathButterfly_purple+1","floor":25},{"not_picked":["RealityDreamConfluencek_purple+1","SharpContractionReality_purple+1"],"picked":"MonsterNeedle_purple","floor":29},{"not_picked":["WingOfChimera_purple","RealityDreamConfluencek_purple"],"picked":"CommonSense_AntiCommonSense_purple+1","floor":30},{"not_picked":["Nest_LightFlightworm_purple+1","Mirror_WaveAndshot_purple"],"picked":"ExistenceContinue_purple","floor":31},{"not_picked":["Human_Monster_Realm_purple","GluttonyofRealm_purpleEX"],"picked":"Mirror_TwoAndThreeElementRealm_purple","floor":33},{"not_picked":["SharpContractionReality_purple","MeetDecomposer_purple+1"],"picked":"ExternalForce_HighSpeedFlying_purple","floor":35},{"not_picked":["EighthInstrument_OneDividesIntoTwo_purple+1","Realm_recovery_purpleEX"],"picked":"DimensionStaggered_purple+1","floor":36},{"not_picked":["PositiveMatter_Antimatter_Universe_purple","StateDuplicate_purple+1"],"picked":"Bait_Toxicbait_purple+1","floor":37},{"not_picked":["Realm_recovery_purpleEX","AdvanceAttack_purple"],"picked":"MonsterNeedle_purple","floor":41},{"not_picked":["StateDuplicate_purple+1","MeetDecomposer_purple"],"picked":"Shallow_ocean_purpleEX+1","floor":45},{"not_picked":["MagicEyes_LaplaceDemon_purple","Mirror_Drifter_purple+1"],"picked":"Charmbait_purple+1","floor":46},{"not_picked":["Fantasy_PerpetualMotionMachine_purple+1","Worldmountain_purple"],"picked":"Photoelasticity_Doppler_Effect_purple","floor":48},{"not_picked":["SharpContractionReality_purple","WatchEChange_purple"],"picked":"SfantasyHide_purple+1","floor":49}],"player_experience":722405,"relics_obtained":[{"floor":4,"key":"Frozen Egg 2"},{"floor":6,"key":"Sundial"},{"floor":9,"key":"Nunchaku"},{"floor":23,"key":"Mastiff:ReiMu"},{"floor":26,"key":"Runesmith:Locket"},{"floor":29,"key":"Dream Catcher"},{"floor":37,"key":"Calipers"},{"floor":43,"key":"Winged Necklace"},{"floor":46,"key":"CatCart"},{"floor":48,"key":"Strawberry"}],"event_choices":[{"damage_healed":0,"gold_gain":0,"player_choice":"Ignored","damage_taken":0,"max_hp_gain":0,"max_hp_loss":0,"event_name":"Golden Wing","floor":8,"gold_loss":0},{"damage_healed":0,"gold_gain":0,"player_choice":"Slimed","damage_taken":11,"max_hp_gain":0,"max_hp_loss":0,"event_name":"betterThird:BetterGoop","floor":14,"gold_loss":39},{"damage_healed":0,"gold_gain":0,"player_choice":"Ignored","damage_taken":0,"max_hp_gain":0,"max_hp_loss":0,"event_name":"betterNote:BetterNote","floor":19,"gold_loss":0,"cards_obtained":["MokouMod:ScorchedEarth"]},{"cards_removed":["Boundary_DreamRealityDamnation_purple"],"damage_healed":0,"gold_gain":0,"player_choice":"Purged","damage_taken":0,"max_hp_gain":0,"max_hp_loss":0,"event_name":"Purifier","floor":20,"gold_loss":0},{"damage_healed":0,"gold_gain":0,"player_choice":"Fight","damage_taken":0,"max_hp_gain":0,"max_hp_loss":0,"event_name":"Mysterious Sphere","floor":37,"gold_loss":0},{"damage_healed":24,"gold_gain":0,"player_choice":"Writhe","damage_taken":0,"max_hp_gain":0,"max_hp_loss":0,"event_name":"Winding Halls","floor":39,"gold_loss":0,"cards_obtained":["Writhe"]},{"damage_healed":0,"gold_gain":0,"player_choice":"Fight","damage_taken":0,"max_hp_gain":0,"max_hp_loss":0,"event_name":"OrinTheCat","floor":46,"gold_loss":0},{"damage_healed":0,"gold_gain":0,"player_choice":"Paid","damage_taken":0,"relics_obtained":["Red Mask"],"max_hp_gain":0,"max_hp_loss":0,"event_name":"Tomb of Lord Red Mask","floor":47,"gold_loss":113}],"is_beta":false,"boss_relics":[{"not_picked":["Velvet Choker","Snecko Eye"],"picked":"RedLine:ReiMu"},{"not_picked":["bronze:MakeshiftBattery","Empty Cage"],"picked":"Seventeenyearold_girl_Forever"}],"items_purged_floors":[],"is_endless":false,"potions_floor_spawned":[3,5,10,12,25,29,31,48],"ascension_level":0}}