{"host":"Sean","time":1613742604,"event":{"mods":["BaseMod","Block Reminder","Colored Map","Colored Powertips","Highlight Path","Minty Spire (QoL Compilation)","Permanent Neow","Relic Stats"],"gold_per_floor":[118,193,203,203,221,247,247,266,290,35,35,35,48,48,48,148,148,162,243,259,259,275,275,275,275],"floor_reached":24,"language":"ENG","playtime":952,"items_purged":["Strike_B"],"score":304,"play_id":"84126372-188a-40e5-97a0-8958dd960507","local_time":"20210219135004","is_ascension_mode":true,"campfire_choices":[{"floor":15.0,"key":"REST"},{"data":"Defragment","floor":23,"key":"SMITH"}],"circlet_count":0,"master_deck":["AscendersBane","Strike_B+1","Strike_B+1","Zap","Dualcast","Lockon","Cold Snap","Sweeping Beam","Static Discharge","Auto Shields","Fission+1","Turbo","Echo Form","Steam Power+1","Thunder Strike+1","Sweeping Beam+1","BootSequence+1","Leap+1","Darkness","Storm","Defragment+1"],"relics":["Cracked Core","Tiny Chest","Ancient Tea Set","Boot","Bottled Flame","Bronze Scales","Astrolabe","Singing Bowl"],"acts_visited":["Exordium","TheCity"],"potions_floor_usage":[16,16,24],"damage_taken":[{"damage":2.0,"enemies":"Jaw Worm","floor":1.0,"turns":3.0},{"damage":0.0,"enemies":"2 Louse","floor":3.0,"turns":3.0},{"damage":0.0,"enemies":"Small Slimes","floor":5.0,"turns":3.0},{"damage":9.0,"enemies":"Lagavulin","floor":6.0,"turns":5.0},{"damage":17.0,"enemies":"Looter","floor":8.0,"turns":3.0},{"damage":1.0,"enemies":"2 Fungi Beasts","floor":13.0,"turns":3.0},{"damage":23,"enemies":"Slime Boss","floor":16,"turns":10},{"damage":12,"enemies":"Chosen","floor":18,"turns":4},{"damage":13,"enemies":"2 Thieves","floor":20,"turns":3},{"damage":16,"enemies":"Snake Plant","floor":22,"turns":4},{"damage":19,"enemies":"Slavers","floor":24,"turns":3}],"seed_played":"6140517176963034012","potions_obtained":[{"floor":1.0,"key":"SkillPotion"},{"floor":5.0,"key":"BlessingOfTheForge"},{"floor":6.0,"key":"FocusPotion"},{"floor":8.0,"key":"SteroidPotion"},{"floor":18,"key":"Block Potion"},{"floor":20,"key":"FearPotion"}],"is_trial":false,"path_per_floor":["M","?","M","?","M","E","T","M","T","$","T","?","M","?","R","B",null,"M","T","M","?","M","R","E"],"character_chosen":"DEFECT","items_purchased":["Fission","Turbo"],"campfire_rested":1,"item_purchase_floors":[10,10],"current_hp_per_floor":[66,55,55,40,40,31,31,14,14,14,14,11,10,10,32,9,59,47,47,34,34,18,18,0,0],"gold":275,"neow_bonus":"RANDOM_COMMON_RELIC","is_daily":false,"chose_seed":false,"campfire_upgraded":1,"win_rate":0.0,"timestamp":1613742604,"path_taken":["M","?","M","?","M","E","?","M","T","$","?","?","?","?","R","BOSS","M","?","M","?","M","R","E"],"items_purchased_type":["Card","Card"],"build_version":"2020-12-18","purchased_purges":1,"victory":false,"max_hp_per_floor":[75,75,75,75,75,75,75,75,75,75,75,75,75,75,75,75,75,75,75,75,75,75,75,75,75],"relic_stats":{"Singing Bowl":0,"counters":[11,44],"Bronze Scales":[69],"Astrolabe":["Steam Power","Thunder Strike","Sweeping Beam"],"Tiny Chest":2,"Boot":[9],"obtain_stats":[{"Bottled Flame":11,"Singing Bowl":19,"Bronze Scales":12,"Astrolabe":17,"Tiny Chest":0,"Cracked Core":0,"Ancient Tea Set":6,"Boot":9},{"Bottled Flame":5,"Singing Bowl":8,"Bronze Scales":5,"Astrolabe":7,"Tiny Chest":0,"Cracked Core":0,"Ancient Tea Set":4,"Boot":5},{"Bottled Flame":17,"Singing Bowl":34,"Bronze Scales":17,"Astrolabe":30,"Tiny Chest":0,"Cracked Core":0,"Ancient Tea Set":14,"Boot":17}]},"card_choices":[{"not_picked":["Barrage","Cold Snap"],"picked":"Lockon","floor":1.0},{"not_picked":["Compile Driver","Gash"],"picked":"Cold Snap","floor":3.0},{"not_picked":["Barrage","Turbo"],"picked":"Sweeping Beam","floor":5.0},{"not_picked":["Hello World","Fusion"],"picked":"Static Discharge","floor":6.0},{"not_picked":["Storm","Scrape"],"picked":"Auto Shields","floor":8.0},{"not_picked":["Beam Cell","Hologram","Redo"],"picked":"SKIP","floor":13.0},{"not_picked":["Machine Learning","Multi-Cast"],"picked":"Echo Form","floor":16},{"not_picked":["Force Field","Turbo+1"],"picked":"BootSequence+1","floor":18},{"not_picked":["Aggregate+1","Cold Snap"],"picked":"Leap+1","floor":20},{"not_picked":["Recycle","Loop"],"picked":"Defragment","floor":22}],"player_experience":563317,"relics_obtained":[{"floor":6.0,"key":"Ancient Tea Set"},{"floor":9.0,"key":"Boot"},{"floor":11.0,"key":"Bottled Flame"},{"floor":19,"key":"Singing Bowl"}],"event_choices":[{"damage_healed":0.0,"max_hp_gain":0.0,"max_hp_loss":0.0,"gold_gain":75.0,"event_name":"World of Goop","player_choice":"Gather Gold","floor":2.0,"gold_loss":0.0,"damage_taken":11.0},{"damage_healed":0.0,"max_hp_gain":0.0,"max_hp_loss":0.0,"gold_gain":0.0,"event_name":"Shining Light","player_choice":"Entered Light","floor":4.0,"gold_loss":0.0,"damage_taken":15.0,"cards_upgraded":["Strike_B","Strike_B"]},{"damage_healed":0.0,"max_hp_gain":0.0,"max_hp_loss":0.0,"gold_gain":0.0,"event_name":"Scrap Ooze","player_choice":"Success","floor":12.0,"gold_loss":0.0,"damage_taken":3.0,"relics_obtained":["Bronze Scales"]},{"damage_healed":0.0,"max_hp_gain":0.0,"max_hp_loss":0.0,"gold_gain":0.0,"event_name":"Living Wall","player_choice":"Grow","floor":14.0,"gold_loss":0.0,"damage_taken":0.0,"cards_upgraded":["Fission"]},{"damage_healed":0,"gold_gain":0,"cards_transformed":["Defend_B","Defend_B"],"player_choice":"Became Test Subject","damage_taken":0,"max_hp_gain":0,"max_hp_loss":0,"event_name":"Drug Dealer","floor":21,"gold_loss":0,"cards_obtained":["Darkness","Storm"]}],"is_beta":true,"boss_relics":[{"not_picked":["Nuclear Battery","Runic Dome"],"picked":"Astrolabe"}],"items_purged_floors":[10],"is_endless":false,"potions_floor_spawned":[1,5,6,8,18,20],"killed_by":"Slavers","ascension_level":11}}