{"host":"2c84cb4cp1emursg","time":1613704037,"event":{"mods":["Act Like it!","BaseMod","Better Third Choice","Bossed Relics","Downfall","Hermit","Mimic Mod","Minty Spire (QoL Compilation)","Permanent Neow","StSLib"],"gold_per_floor":[349,359,373,373,15,45,79,79,254,283,283,383,283,311,329,329,329],"floor_reached":16,"language":"ENG","playtime":861,"items_purged":[],"score":133,"play_id":"dceb3ffc-338a-48a9-ad51-66f8afb63d11","local_time":"20210218200717","is_ascension_mode":true,"campfire_choices":[{"data":"hermit:Defend_Hermit","floor":1,"key":"SMITH"},{"data":"hermit:LoneWolf","floor":11,"key":"SMITH"},{"data":"hermit:Defend_Hermit","floor":13,"key":"SMITH"}],"circlet_count":0,"master_deck":["hermit:Strike_Hermit","hermit:Strike_Hermit","hermit:Strike_Hermit","hermit:Strike_Hermit","hermit:Defend_Hermit","hermit:Defend_Hermit","hermit:Defend_Hermit+1","hermit:Defend_Hermit+1","hermit:Snapshot","hermit:Covet","Clumsy","hermit:Determination","hermit:HoleUp","Regret","hermit:SprayPray","hermit:LoneWolf+1","hermit:SprayPray","Doubt","hermit:Malice","hermit:Deadeye","hermit:Virtue"],"relics":["hermit:Momento","Meat on the Bone","Membership Card","Mummified Hand","Strawberry","Art of War","PreservedInsect","downfall:BrokenWingStatue","Omamori","downfall:HeartBlessingGreen","WingedGreaves"],"acts_visited":["Exordium"],"potions_floor_usage":[6,14,16],"damage_taken":[{"damage":8,"enemies":"Jaw Worm","floor":2,"turns":5},{"damage":0,"enemies":"Small Slimes","floor":3,"turns":3},{"damage":0,"enemies":"downfall:FleeingMerchant","floor":5,"turns":4},{"damage":38,"enemies":"Gremlin Nob","floor":6,"turns":5},{"damage":3,"enemies":"2 Louse","floor":7,"turns":9},{"damage":32,"enemies":"3 Sentries","floor":10,"turns":7},{"damage":1,"enemies":"Gremlin Nob","floor":14,"turns":3},{"damage":0,"enemies":"2 Louse","floor":15,"turns":2},{"damage":48,"enemies":"SI_SHIV_ARCHETYPE","floor":16,"turns":10}],"seed_played":"-3367891614072081694","potions_obtained":[{"floor":3,"key":"champ:CounterPotion"},{"floor":10,"key":"hermit:Tonic"},{"floor":15,"key":"GamblersBrew"}],"is_trial":false,"path_per_floor":["R","M","M","?","$","E","MIM","?","?","E","R","?","R","E","M","B"],"character_chosen":"HERMIT","items_purchased":["Membership Card","Mummified Hand","Strawberry"],"campfire_rested":0,"item_purchase_floors":[5,5,5],"current_hp_per_floor":[75,67,67,67,74,48,45,45,45,25,25,25,25,36,48,0,0],"gold":329,"neow_bonus":"TWO_FIFTY_GOLD","is_daily":false,"chose_seed":false,"campfire_upgraded":3,"win_rate":0.0,"timestamp":1613704037,"path_taken":["R","M","M","?","$","E","MIM","?","?","E","R","?","R","E","M","BOSS"],"items_purchased_type":["Relic","Relic","Relic"],"build_version":"2020-12-22","purchased_purges":0,"victory":false,"max_hp_per_floor":[75,75,75,75,82,82,82,82,82,82,82,82,82,82,82,82,82],"card_choices":[{"not_picked":["hermit:Coalescence","hermit:TrackingShot"],"picked":"hermit:Determination","floor":2},{"not_picked":["hermit:WideOpen","hermit:Snipe"],"picked":"hermit:HoleUp","floor":3},{"not_picked":["hermit:Coalescence","hermit:Brawl"],"picked":"hermit:SprayPray","floor":5},{"not_picked":["hermit:GoldenBullet","hermit:Scavenge"],"picked":"hermit:LoneWolf","floor":6},{"not_picked":["hermit:Roulette","hermit:NoHoldsBarred"],"picked":"hermit:SprayPray","floor":7},{"not_picked":["hermit:Shortfuse","hermit:Maintenance"],"picked":"hermit:Malice","floor":10},{"not_picked":["hermit:CalledShot","hermit:HighNoon"],"picked":"hermit:Deadeye","floor":14},{"not_picked":["hermit:Midnight","hermit:Manifest"],"picked":"hermit:Virtue","floor":15}],"player_experience":661828,"relics_obtained":[{"floor":6,"key":"Art of War"},{"floor":7,"key":"PreservedInsect"},{"floor":10,"key":"Omamori"},{"floor":14,"key":"WingedGreaves"}],"event_choices":[{"damage_healed":0,"gold_gain":0,"player_choice":"Box","damage_taken":0,"relics_obtained":["Meat on the Bone"],"max_hp_gain":0,"max_hp_loss":0,"event_name":"Big Fish","floor":4,"gold_loss":0,"cards_obtained":["Regret"]}],"is_beta":false,"boss_relics":[],"items_purged_floors":[],"is_endless":false,"potions_floor_spawned":[3,10,15],"killed_by":"SI_SHIV_ARCHETYPE","ascension_level":3}}