{"host":"d73an99q9oevilk5","time":1613721823,"event":{"mods":["2.2 Compatiblity","AchievementEnabler","Act Like it!","Aspiration","BaseMod","Beaked The Cultist","Better Third Choice","BetterRewards","Colored Map","Colored Powertips","Conspire","Downfall","GifTheSpireLib","Halation","Hubris","Infinite Spire","Marisa????????","Mimic Mod","Minty Spire (QoL Compilation)","MostiFishMod","Quick Restart","Relic Sorter","Reliquary","Replay The Spire","Shop Mod","Spikes Relics","StSLib","Stuff the Spire","The Cursed","The Jungle","The Necromancer","The Saiyan","Waifu the Spire","egg","slay the spire mod where everything is the same but ironclad has a cowboy hat"],"gold_per_floor":[117,117,117,44,57,57,88,98,98,98,98,98,163,178,178,281,281,294,304,304,323,323,323,348,358,358,392,392,411,411,428,428,524,524,544,544,556,556,606,606,621,654,703,728,743,759,516,547,547,547],"floor_reached":51,"language":"ENG","playtime":1288,"items_purged":[],"score":1255,"play_id":"a2752b0b-8917-4860-a093-2b518a1e6ed8","local_time":"20210219010343","is_ascension_mode":false,"campfire_choices":[{"data":"Bash","floor":6,"key":"SMITH"},{"data":"Whirlwind","floor":11,"key":"SMITH"},{"data":"Armaments","floor":15,"key":"SMITH"},{"data":"Reaper","floor":23,"key":"SMITH"},{"data":"Heavy Blade","floor":32,"key":"SMITH"},{"data":"Demon Form","floor":40,"key":"SMITH"},{"data":"Sword Boomerang","floor":49,"key":"SMITH"}],"circlet_count":0,"master_deck":["Strike_R","Strike_R","Strike_R","Strike_R","Strike_R","Defend_R+1","Defend_R+1","Defend_R+1","Defend_R+1","Bash+1","Twin Strike","Pummel","Heavy Blade+1","Whirlwind+1","Armaments+1","Reaper+1","Sword Boomerang+1","Heavy Blade+1","conspire:ExplosiveBarrier","Thunderclap+1","Demon Form+1","MostiFishMod:#F4004+1","Pot Of Greed","Pot Of Greed"],"relics":["Burning Blood","DaveBox","BirthdayGift-Icosahedron","SynthV","hubris:Spice","SynthV:TestCard","Ice Cream","Pet Ghost","SynthV:C4","hubris:EvacipatedBox","Singing Bowl","halation:PinkSoulGem","Potion Belt","FeatherPendant","WarpedTongs","Blue Doll","Replay:PocketPolymizer","Du-Vu Doll","Ornamental Fan","StuffTheSpire:Wildfire","Grinning Jar","ReplayFunnel","Replay:Bottled Eggs","StuffTheSpire:Rhapsscallions","reliquary:PrincelyHelmet"],"acts_visited":["Exordium","Exordium","TheBeyond"],"potions_floor_usage":[16,28,33,39,48,50],"damage_taken":[{"damage":0,"enemies":"conspire:RoseBush","floor":1,"turns":2},{"damage":0,"enemies":"Jaw Worm","floor":5,"turns":3},{"damage":0,"enemies":"Gremlin Nob","floor":7,"turns":2},{"damage":0,"enemies":"Cultist","floor":8,"turns":2},{"damage":0,"enemies":"Gremlin Nob","floor":13,"turns":3},{"damage":0,"enemies":"Red Slaver","floor":14,"turns":2},{"damage":12,"enemies":"Hexaghost","floor":16,"turns":4},{"damage":18,"enemies":"Shell Parasite","floor":18,"turns":2},{"damage":0,"enemies":"theJungle:GiantWrat","floor":19,"turns":2},{"damage":0,"enemies":"theJungle:JungleHuntersEncounter","floor":21,"turns":2},{"damage":0,"enemies":"theJungle:Cassacara","floor":24,"turns":2},{"damage":6,"enemies":"theJungle:Lyon","floor":25,"turns":2},{"damage":10,"enemies":"theJungle:2_Snecko_Cultists","floor":27,"turns":4},{"damage":0,"enemies":"JungleHuntersEvent","floor":28,"turns":1},{"damage":2,"enemies":"theJungle:2_Snecko_Cultists","floor":29,"turns":2},{"damage":10,"enemies":"theJungle:Snecko_Cultist_And_Trap","floor":31,"turns":2},{"damage":0,"enemies":"theJungle:FunGuy","floor":33,"turns":3},{"damage":8,"enemies":"3 Shapes","floor":35,"turns":1},{"damage":2,"enemies":"Orb Walker","floor":37,"turns":2},{"damage":8,"enemies":"Mind Bloom Boss Battle","floor":39,"turns":2},{"damage":19,"enemies":"Spire Growth","floor":41,"turns":3},{"damage":0,"enemies":"Giant Head","floor":42,"turns":3},{"damage":0,"enemies":"Nemesis","floor":44,"turns":3},{"damage":17,"enemies":"Maw","floor":45,"turns":3},{"damage":6,"enemies":"Jaw Worm Horde","floor":46,"turns":2},{"damage":10,"enemies":"beaked:SuperParasite","floor":48,"turns":2},{"damage":14,"enemies":"hubris:GrandSnecko","floor":50,"turns":4}],"seed_played":"1665747284067143553","potions_obtained":[{"floor":5,"key":"Block Potion"},{"floor":7,"key":"Swift Potion"},{"floor":24,"key":"AttackPotion"},{"floor":25,"key":"Languid Potion"},{"floor":28,"key":"DuplicationPotion"},{"floor":30,"key":"DuplicationPotion"},{"floor":30,"key":"BloodPotion"},{"floor":31,"key":"Strength Potion"},{"floor":35,"key":"Explosive Potion"},{"floor":41,"key":"AttackPotion"},{"floor":45,"key":"Weak Potion"}],"is_trial":false,"path_per_floor":["M","$","?","?","M","R","E","M","T","$","R","?","?","M","R","B",null,"M","M","?","M","?","R","E","M","T","MIM","?","M","?","M","R","B",null,"M","?","M","T","?","R","M","E","T","E","M","M","$","E","R","B",null],"character_chosen":"IRONCLAD","items_purchased":["BirthdayGift-Icosahedron","Twin Strike","hubris:EvacipatedBox","Singing Bowl","StuffTheSpire:Rhapsscallions"],"campfire_rested":0,"item_purchase_floors":[0,0,10,10,47],"current_hp_per_floor":[88,88,88,88,88,88,88,88,88,54,54,54,61,70,70,65,90,87,92,92,94,89,89,96,99,99,96,101,103,103,105,105,105,105,104,104,107,107,116,116,106,115,115,123,115,127,129,128,128,121],"gold":547,"neow_bonus":"","is_daily":false,"chose_seed":false,"campfire_upgraded":7,"win_rate":0.0,"timestamp":1613721823,"path_taken":["M","$","?","?","M","R","E","?","T","?","R","?","?","?","R","BOSS","M","M","?","?","?","R","E","M","T","?","?","M","?","?","R","BOSS","M","?","M","?","?","R","M","E","T","E","M","M","?","E","R","BOSS"],"items_purchased_type":["Relic","Card","Relic","Relic","Relic"],"build_version":"2020-12-22","purchased_purges":0,"victory":true,"max_hp_per_floor":[88,88,88,88,88,88,88,88,88,88,88,88,88,90,90,90,90,92,92,92,94,99,99,99,101,101,101,101,103,103,105,105,105,105,105,105,107,107,117,117,119,121,121,123,125,127,129,131,131,131],"card_choices":[{"not_picked":["Evolve","Twin Strike"],"picked":"Pummel","floor":1},{"not_picked":["StuffTheSpire:BloodClot","Headbutt","Wild Strike","hubris:SharpeningStone"],"picked":"Heavy Blade","floor":5},{"not_picked":["Iron Wave","Uppercut","Bludgeon","hubris:CleavingFinish"],"picked":"Whirlwind","floor":7},{"not_picked":["Headbutt","Shrug It Off","Clash","Burning Pact","Evolve"],"picked":"SKIP","floor":8},{"not_picked":["Thunderclap","ReplayTheSpireMod:Strike From Hell","StuffTheSpire:RockThrow","StuffTheSpire:Incineration"],"picked":"Armaments","floor":13},{"not_picked":["True Grit","Headbutt","Iron Wave","Twin Strike","Pommel Strike"],"picked":"Singing Bowl","floor":14},{"not_picked":["Barricade","Berserk","MostiFishMod:NewArrival","MostiFishMod:CullingBlade"],"picked":"Reaper","floor":16},{"not_picked":["Iron Wave","ReplayTheSpireMod:Stacked+1","Havoc","Run Through","StuffTheSpire:Slingshot"],"picked":"Singing Bowl","floor":18},{"not_picked":["infinitespire:OneForAll","Entrench","Thunderclap","Perfected Strike"],"picked":"Sword Boomerang","floor":19},{"not_picked":["StuffTheSpire:Incineration","Exhume","Second Wind","Headbutt","Absolvement"],"picked":"Singing Bowl","floor":21},{"not_picked":["Power Through","Ghostly Armor","Life Link+1","Cleave"],"picked":"Heavy Blade+1","floor":24},{"not_picked":["Iron Wave","hubris:ReadiedAction","Dropkick","Blood for Blood+1","Run Through+1"],"picked":"Singing Bowl","floor":25},{"not_picked":["StuffTheSpire:Resist","Searing Blow","Twin Strike","Iron Wave+1"],"picked":"conspire:ExplosiveBarrier","floor":27},{"not_picked":["Sword Boomerang+1","Wild Strike+1","Anger","Reckless Charge"],"picked":"Thunderclap+1","floor":28},{"not_picked":["Clash","Flex","StuffTheSpire:Slingshot","Thunderclap","Battle Trance"],"picked":"Singing Bowl","floor":29},{"not_picked":["Entrench+1","StuffTheSpire:RockThrow","conspire:Purge","Headbutt","Warcry+1"],"picked":"Singing Bowl","floor":31},{"not_picked":["Feed","MostiFishMod:Mania","Exhume","Offering"],"picked":"Demon Form","floor":33},{"not_picked":["Ghostly Armor","Shrug It Off","Iron Wave+1","Twin Strike"],"picked":"MostiFishMod:#F4004+1","floor":35},{"not_picked":["Heavy Blade","MostiFishMod:#F4004+1","ReplayTheSpireMod:Muscle Training+1","StuffTheSpire:RagingBull","ReplayTheSpireMod:Strike From Hell"],"picked":"Singing Bowl","floor":37},{"not_picked":["Anger+1","hubris:ReadiedAction","Infernal Blade+1","Blood for Blood","Ghostly Armor"],"picked":"Singing Bowl","floor":39},{"not_picked":["MostiFishMod:ChineseTea","Replay:Undeath\u0027s Touch+1","Wild Strike+1","Carnage","Havoc"],"picked":"Singing Bowl","floor":41},{"not_picked":["Shrug It Off+1","StuffTheSpire:Incineration","Perfected Strike","Rage","Whirlwind+1"],"picked":"Singing Bowl","floor":42},{"not_picked":["Rage+1","StuffTheSpire:RagingBull+1","Havoc","Replay:Undeath\u0027s Touch","MostiFishMod:CullingBlade"],"picked":"Singing Bowl","floor":44},{"not_picked":["Wild Strike+1","Thunderclap","Reckless Charge+1","Pommel Strike+1","Body Slam+1"],"picked":"Singing Bowl","floor":45},{"not_picked":["Power Through+1","hubris:SharpeningStone+1","MostiFishMod:#F4004+1","Heavy Blade","Cleave+1"],"picked":"Singing Bowl","floor":46},{"not_picked":["Headbutt","Twin Strike+1","Thunderclap+1","Rage+1","StuffTheSpire:Pyroclast"],"picked":"Singing Bowl","floor":48}],"player_experience":1941346,"relics_obtained":[{"floor":1,"key":"SynthV:TestCard"},{"floor":7,"key":"Pet Ghost"},{"floor":9,"key":"SynthV:C4"},{"floor":13,"key":"Potion Belt"},{"floor":24,"key":"Blue Doll"},{"floor":26,"key":"Replay:PocketPolymizer"},{"floor":27,"key":"Du-Vu Doll"},{"floor":28,"key":"Ornamental Fan"},{"floor":38,"key":"StuffTheSpire:Wildfire"},{"floor":39,"key":"hubris:Spice"},{"floor":42,"key":"Grinning Jar"},{"floor":43,"key":"ReplayFunnel"},{"floor":44,"key":"Replay:Bottled Eggs"},{"floor":48,"key":"reliquary:PrincelyHelmet"}],"event_choices":[{"damage_healed":0,"gold_gain":0,"player_choice":"Paid Gold","damage_taken":0,"relics_obtained":["Ice Cream"],"max_hp_gain":0,"max_hp_loss":0,"event_name":"WeMeetAgain","floor":4,"gold_loss":73},{"damage_healed":0,"gold_gain":0,"player_choice":"Searched \u00272\u0027 times","damage_taken":0,"max_hp_gain":0,"max_hp_loss":0,"event_name":"Dead Adventurer","floor":13,"gold_loss":0},{"damage_healed":0,"gold_gain":0,"player_choice":"Rummage","damage_taken":0,"relics_obtained":["WarpedTongs"],"max_hp_gain":0,"max_hp_loss":0,"event_name":"Accursed Blacksmith","floor":20,"gold_loss":0,"cards_obtained":["Pain"]},{"damage_healed":0,"gold_gain":0,"player_choice":"Got Potions","damage_taken":0,"max_hp_gain":0,"max_hp_loss":0,"event_name":"Lab","floor":30,"gold_loss":0},{"damage_healed":0,"gold_gain":0,"player_choice":"Leave","damage_taken":0,"max_hp_gain":0,"max_hp_loss":0,"event_name":"conspire:Investor","floor":36,"gold_loss":0},{"damage_healed":0,"gold_gain":0,"player_choice":"Fight","damage_taken":0,"max_hp_gain":0,"max_hp_loss":0,"event_name":"MindBloom","floor":39,"gold_loss":0}],"is_beta":false,"boss_relics":[{"not_picked":["halation:Yufonium","reliquary:Craggleroot","conspire:RunicOctahedron"],"picked":"FeatherPendant"},{"not_picked":["aspiration:PoetsPen","Sozu","hubris:Spice","ExusiaiGun"]}],"items_purged_floors":[],"is_endless":false,"potions_floor_spawned":[5,7,24,25,28,31,35,41,42,45],"ascension_level":0}}