{"host":"1ertv6sefge3tobl","time":1613728995,"event":{"mods":["BaseMod","Downfall","Minty Spire (QoL Compilation)","StSLib"],"gold_per_floor":[99,109,128,143,143,143,143,143,143,143,162,192,192,206,218,319,319,319,336,436,448,460,460,483,483,95,106,106,17,28,28,40,141,141,141,157,177,15,15,31,31,31,31,49,60,60,80,96,107,107],"floor_reached":51,"language":"ZHS","playtime":5597,"items_purged":["Guardian:Strike_Guardian","Guardian:Defend_Guardian"],"score":745,"play_id":"bd4825b9-d60c-4f98-8ebc-a9e1397d27d3","local_time":"20210219180315","is_ascension_mode":false,"campfire_choices":[{"floor":1,"key":"RECALL"},{"data":"Guardian:BaubleBeam","floor":18,"key":"SMITH"},{"data":"Guardian:TwinSlam","floor":23,"key":"SMITH"},{"data":"Guardian:ShieldCharger","floor":25,"key":"SMITH"},{"data":"Guardian:SpikerProtocol","floor":35,"key":"SMITH"},{"data":"Guardian:CurlUp","floor":42,"key":"SMITH"},{"data":"expansioncontent:Chronoboost","floor":46,"key":"SMITH"}],"circlet_count":0,"master_deck":["Guardian:CurlUp+1","Guardian:TwinSlam+1","Guardian:PrimingBeam+1","Guardian:ShieldCharger+1","Guardian:BaubleBeam+1","Guardian:EvasiveProtocol","Guardian:SentryBeam","Guardian:SpikerProtocol+1","Guardian:RollAttack+1","Slimebound:Tackle+1","Slimebound:Tackle+1","Guardian:Gem_Cyan","Guardian:TemporalStrike","Guardian:DecasProtection+1","Guardian:TimeSifter","Guardian:Suspension+1","expansioncontent:Chronoboost+1","Regret","Parasite","Guardian:CrystalBeam","Guardian:Recover+1"],"relics":["Guardian:ModeShifterPlus","Guardian:PickAxe","Strawberry","Ancient Tea Set","Mango","Toxic Egg 2","PreservedInsect","Oddly Smooth Stone","Boot","Busted Crown","Blood Vial","Toolbox","Shuriken"],"acts_visited":["Exordium","TheCity","TheBeyond"],"potions_floor_usage":[16,16,16,33,44,50,50,50],"damage_taken":[{"damage":5,"enemies":"Cultist","floor":2,"turns":6},{"damage":2,"enemies":"2 Louse","floor":3,"turns":2},{"damage":8,"enemies":"Small Slimes","floor":4,"turns":3},{"damage":14,"enemies":"Exordium Thugs","floor":11,"turns":4},{"damage":11,"enemies":"Large Slime","floor":14,"turns":6},{"damage":11,"enemies":"3 Louse","floor":15,"turns":4},{"damage":18,"enemies":"SI_SHIV_ARCHETYPE","floor":16,"turns":13},{"damage":0,"enemies":"3 Byrds","floor":19,"turns":4},{"damage":20,"enemies":"Colosseum Nobs","floor":20,"turns":8},{"damage":0,"enemies":"Shell Parasite","floor":21,"turns":5},{"damage":0,"enemies":"Shelled Parasite and Fungi","floor":22,"turns":6},{"damage":0,"enemies":"downfall:FleeingMerchant","floor":26,"turns":4},{"damage":0,"enemies":"3 Cultists","floor":27,"turns":5},{"damage":0,"enemies":"downfall:FleeingMerchant","floor":29,"turns":4},{"damage":1,"enemies":"Snake Plant","floor":30,"turns":3},{"damage":0,"enemies":"Shelled Parasite and Fungi","floor":32,"turns":4},{"damage":22,"enemies":"DF_ARCHETYPE_CLAW","floor":33,"turns":7},{"damage":0,"enemies":"3 Shapes","floor":36,"turns":4},{"damage":9,"enemies":"3 Darklings","floor":37,"turns":4},{"damage":0,"enemies":"downfall:FleeingMerchant","floor":38,"turns":2},{"damage":0,"enemies":"Maw","floor":40,"turns":7},{"damage":0,"enemies":"Jaw Worm Horde","floor":44,"turns":3},{"damage":7,"enemies":"Writhing Mass","floor":45,"turns":6},{"damage":3,"enemies":"4 Shapes","floor":47,"turns":3},{"damage":0,"enemies":"Spire Growth","floor":48,"turns":5},{"damage":2,"enemies":"Transient","floor":49,"turns":5},{"damage":41,"enemies":"WA_ARCHETYPE_DIVINITY","floor":50,"turns":11}],"seed_played":"6870110822249448","potions_obtained":[{"floor":3,"key":"GamblersBrew"},{"floor":4,"key":"EssenceOfSteel"},{"floor":11,"key":"champ:CounterPotion"},{"floor":14,"key":"Regen Potion"},{"floor":16,"key":"SpeedPotion"},{"floor":22,"key":"Fire Potion"},{"floor":27,"key":"SteroidPotion"},{"floor":30,"key":"DistilledChaos"},{"floor":33,"key":"FearPotion"},{"floor":40,"key":"Fruit Juice"},{"floor":44,"key":"Fire Potion"}],"is_trial":false,"path_per_floor":["R","M","M","M","?","R","T","R","?","?","M","?","T","M","M","B",null,"R","M","?","M","M","R","T","R","$","M","?","$","M","?","M","B",null,"R","M","M","$","?","M","T","R","?","M","M","R","M","M","M","B",null],"character_chosen":"GUARDIAN","items_purchased":["Oddly Smooth Stone","Boot","Guardian:Gem_Red","Guardian:TemporalStrike","Blood Vial","Toolbox","expansioncontent:Chronoboost"],"campfire_rested":0,"item_purchase_floors":[26,26,29,29,38,38,38],"current_hp_per_floor":[88,83,81,73,61,61,61,61,55,55,41,48,48,37,26,23,95,95,95,89,89,89,89,89,89,89,89,89,89,88,80,80,58,109,109,109,100,100,100,102,102,102,102,109,104,104,103,105,105,66],"gold":107,"neow_bonus":"TEN_PERCENT_HP_BONUS","is_daily":false,"chose_seed":false,"campfire_upgraded":6,"win_rate":0.0,"timestamp":1613728995,"path_taken":["R","M","M","?","?","R","T","R","?","?","M","?","?","M","M","BOSS","R","M","?","M","M","R","T","R","?","M","?","$","M","?","M","BOSS","R","M","?","$","?","M","T","R","?","?","M","R","M","M","M","BOSS"],"items_purchased_type":["Relic","Relic","Card","Card","Relic","Relic","Card"],"build_version":"2020-12-22","purchased_purges":2,"victory":true,"max_hp_per_floor":[88,88,88,88,88,88,88,88,88,88,88,95,95,95,95,95,95,95,95,109,109,109,109,109,109,109,109,109,109,109,109,109,109,109,109,109,109,109,109,109,109,109,109,114,114,114,114,114,114,114],"card_choices":[{"not_picked":["Guardian:TemporalShield","Guardian:TemporalStrike"],"picked":"Guardian:PrimingBeam","floor":2},{"not_picked":["Guardian:Gem_Crimson","Guardian:Suspension","Guardian:Preprogram"],"picked":"SKIP","floor":3},{"not_picked":["Guardian:Gem_Purple","Guardian:Gem_Green"],"picked":"Guardian:ShieldCharger","floor":4},{"not_picked":["Guardian:ShieldCharger","Guardian:RollAttack","Guardian:WalkerClaw"],"picked":"SKIP","floor":11},{"not_picked":["Guardian:Gem_Cyan","Guardian:Gem_Green","Guardian:WalkerClaw"],"picked":"SKIP","floor":14},{"not_picked":["Guardian:Gem_Lightblue","Guardian:Gem_Red","Guardian:FastForward"],"picked":"SKIP","floor":15},{"not_picked":["Guardian:HyperBeam_Guardian","Guardian:FastForward"],"picked":"Guardian:BaubleBeam","floor":16},{"not_picked":["Guardian:Reroute","Guardian:TimeCapacitor"],"picked":"Guardian:EvasiveProtocol","floor":19},{"not_picked":["Guardian:PolyBeam","Guardian:VentSteam+1"],"picked":"Guardian:SentryBeam","floor":21},{"not_picked":["Guardian:PolyBeam","Guardian:Gem_Blue"],"picked":"Guardian:Suspension+1","floor":22},{"not_picked":["Guardian:Preprogram+1","Guardian:MultiBeam"],"picked":"Guardian:SpikerProtocol","floor":26},{"not_picked":["Guardian:Reroute","Guardian:ChargeCore"],"picked":"Guardian:RollAttack+1","floor":27},{"not_picked":["Guardian:PolyBeam+1","Guardian:Suspension+1"],"picked":"Guardian:Gem_Cyan","floor":29},{"not_picked":["Guardian:DonusPower+1","Guardian:Recover+1"],"picked":"Guardian:DecasProtection+1","floor":30},{"not_picked":["Guardian:WalkerClaw","Guardian:DecasProtection+1"],"picked":"Guardian:Gem_Red","floor":32},{"not_picked":["Guardian:RevengeProtocol","Guardian:Gem_Synthetic"],"picked":"Guardian:TimeSifter","floor":33},{"not_picked":[],"picked":"Guardian:Gem_Green","floor":36},{"not_picked":["Guardian:ChargeCore+1"],"picked":"SKIP","floor":37},{"not_picked":[],"picked":"Guardian:Suspension+1","floor":38},{"not_picked":["Guardian:WalkerClaw+1"],"picked":"SKIP","floor":40},{"not_picked":["Guardian:Incinerate"],"picked":"SKIP","floor":44},{"not_picked":["Guardian:Incinerate"],"picked":"SKIP","floor":44},{"not_picked":[],"picked":"Guardian:CrystalBeam","floor":45},{"not_picked":[],"picked":"Guardian:Recover+1","floor":47},{"not_picked":["Guardian:Planning+1"],"picked":"SKIP","floor":48},{"not_picked":["Guardian:Gem_Blue"],"picked":"SKIP","floor":49}],"player_experience":322289,"relics_obtained":[{"floor":13,"key":"Ancient Tea Set"},{"floor":20,"key":"Mango"},{"floor":20,"key":"Toxic Egg 2"},{"floor":24,"key":"PreservedInsect"},{"floor":41,"key":"Shuriken"}],"event_choices":[{"damage_healed":0,"gold_gain":0,"player_choice":"Success","damage_taken":12,"relics_obtained":["Guardian:PickAxe"],"max_hp_gain":0,"max_hp_loss":0,"event_name":"Scrap Ooze","floor":5,"gold_loss":0},{"cards_removed":["Guardian:Defend_Guardian"],"damage_healed":0,"gold_gain":0,"player_choice":"Card Removal","damage_taken":0,"max_hp_gain":0,"max_hp_loss":0,"event_name":"The Cleric","floor":10,"gold_loss":0}],"is_beta":false,"boss_relics":[{"not_picked":["SlaversCollar","Philosopher\u0027s Stone"],"picked":"Guardian:ModeShifterPlus"},{"not_picked":["Pandora\u0027s Box","Velvet Choker"],"picked":"Busted Crown"}],"items_purged_floors":[26,38],"is_endless":false,"potions_floor_spawned":[3,4,11,14,16,22,27,30,33,40,44,47],"ascension_level":0}}