{"host":"121m0oxswv9tg9hk","time":1613768706,"event":{"mods":["BaseMod","Better Altar","Better Third Choice","Hermit","Hubris","Ironclad Rager","Minty Spire (QoL Compilation)","Replay The Spire","Shade Mod","StSLib","The Construct","The Mystic"],"gold_per_floor":[116,130,144,161,94,94,125,125,125,125,125,125,125],"floor_reached":12,"language":"ENG","playtime":1025,"items_purged":[],"score":156,"play_id":"8bd9c251-87d6-4f2a-923b-64eb585e56b9","local_time":"20210219220506","is_ascension_mode":true,"campfire_choices":[{"floor":6.0,"key":"REST"},{"data":"BasicCrystalCard","floor":8.0,"key":"SMITH"}],"circlet_count":0,"master_deck":["AscendersBane","Zap","Dualcast","ICR:ProbingStrike","ICR:ProbingStrike","ICR:ProbingStrike","ICR:ProbingStrike","ICR:AutoDefend","ICR:AutoDefend","ICR:AutoDefend","ICR:AutoDefend","BasicCrystalCard+1","Melter","Conserve Battery","Cold Snap","Barrage"],"relics":["Cracked Core","betterThird:SlimedRelic","Meat on the Bone","Replay:WaspNest"],"acts_visited":["Exordium"],"potions_floor_usage":[],"damage_taken":[{"damage":2.0,"enemies":"2 Louse","floor":1.0,"turns":3.0},{"damage":6.0,"enemies":"Jaw Worm","floor":2.0,"turns":4.0},{"damage":0.0,"enemies":"Cultist","floor":3.0,"turns":4.0},{"damage":16.0,"enemies":"Large Slime","floor":4.0,"turns":7.0},{"damage":21.0,"enemies":"3 Sentries","floor":7.0,"turns":11.0},{"damage":40,"enemies":"Gremlin Nob","floor":12,"turns":4}],"seed_played":"2172510847588518466","potions_obtained":[{"floor":2.0,"key":"Strength Potion"},{"floor":3.0,"key":"Doom Potion"}],"is_trial":false,"path_per_floor":["M","M","M","M","?","R","E","R","T","?","?","E"],"character_chosen":"DEFECT","items_purchased":[],"campfire_rested":1,"item_purchase_floors":[],"current_hp_per_floor":[62,56,56,40,29,50,29,29,29,29,29,0,0],"gold":125,"neow_bonus":"DEFECT_WARDEN","is_daily":false,"chose_seed":false,"campfire_upgraded":1,"win_rate":0.0,"timestamp":1613768706,"path_taken":["M","M","M","M","?","R","E","R","T","?","?","E"],"items_purchased_type":[],"build_version":"2020-12-22","purchased_purges":0,"victory":false,"max_hp_per_floor":[71,71,71,71,71,71,71,71,71,71,71,71,71],"card_choices":[{"not_picked":["Turbo","Leap"],"picked":"BasicCrystalCard","floor":1.0},{"not_picked":["Barrage","Aggregate"],"picked":"Melter","floor":2.0},{"not_picked":["Turbo","BootSequence"],"picked":"Conserve Battery","floor":3.0},{"not_picked":["Go for the Eyes","BasicCrystalCard"],"picked":"Cold Snap","floor":4.0},{"not_picked":["Beam Cell","Self Repair"],"picked":"Barrage","floor":7.0}],"player_experience":2555575,"relics_obtained":[{"floor":7.0,"key":"Meat on the Bone"},{"floor":9.0,"key":"Replay:WaspNest"}],"event_choices":[{"damage_healed":0.0,"max_hp_gain":0.0,"max_hp_loss":0.0,"gold_gain":0.0,"event_name":"betterThird:BetterGoop","player_choice":"Slimed","floor":5.0,"gold_loss":67.0,"damage_taken":11.0},{"damage_healed":29,"gold_gain":0,"player_choice":"Leave","damage_taken":0,"max_hp_gain":0,"max_hp_loss":71,"event_name":"betterThird:BetterShining","floor":10,"gold_loss":0},{"damage_healed":0,"gold_gain":0,"player_choice":"Ignored","damage_taken":125,"max_hp_gain":0,"max_hp_loss":0,"event_name":"betterThird:BetterSerpent","floor":11,"gold_loss":0}],"is_beta":false,"boss_relics":[],"items_purged_floors":[],"is_endless":false,"potions_floor_spawned":[2,3,4],"killed_by":"Gremlin Nob","ascension_level":20}}