{"host":"rantoq7h0pygex6x","time":1613749172,"event":{"mods":["AchievementEnabler","BaseMod","BetterRewards","Minty Spire (QoL Compilation)","SuperFastMode"],"gold_per_floor":[113,38,56,56,56,56,88,98,98,98,111,73,88,103,103,177,227,237,249,96,16,29,29,29,29],"floor_reached":24,"language":"ENG","playtime":548,"items_purged":["Strike_R","Strike_R"],"score":596,"play_id":"63f33c08-aea8-4757-a02b-704cb8b48a79","local_time":"20210219233932","is_ascension_mode":true,"campfire_choices":[{"data":"Inflame","floor":6.0,"key":"SMITH"},{"data":"Inflame","floor":10.0,"key":"SMITH"},{"floor":15.0,"key":"REST"},{"data":"Metallicize","floor":23,"key":"SMITH"}],"circlet_count":0,"master_deck":["AscendersBane","Strike_R","Strike_R","Defend_R","Defend_R","Defend_R","Defend_R+1","Bash","Inflame+1","Uppercut","Inflame+1","Shrug It Off","Iron Wave","Spot Weakness","Dropkick","Shockwave+1","Seeing Red+1","Inflame","Metallicize+1","Armaments+1","Impervious+1","Iron Wave+1","Juggernaut","Shrug It Off+1","Rage+1","Armaments+1"],"relics":["Burning Blood","Prayer Wheel","Potion Belt","Toxic Egg 2","Tiny House","Self Forming Clay"],"acts_visited":["Exordium","TheCity"],"potions_floor_usage":[19,19,22],"damage_taken":[{"damage":7.0,"enemies":"Jaw Worm","floor":1.0,"turns":3.0},{"damage":4.0,"enemies":"2 Louse","floor":3.0,"turns":4.0},{"damage":17.0,"enemies":"Lagavulin","floor":7.0,"turns":7.0},{"damage":0.0,"enemies":"Cultist","floor":8.0,"turns":4.0},{"damage":11.0,"enemies":"Blue Slaver","floor":11.0,"turns":4.0},{"damage":18.0,"enemies":"Lots of Slimes","floor":13.0,"turns":5.0},{"damage":16.0,"enemies":"2 Fungi Beasts","floor":14.0,"turns":4.0},{"damage":49.0,"enemies":"The Guardian","floor":16.0,"turns":11.0},{"damage":14.0,"enemies":"Spheric Guardian","floor":18.0,"turns":8.0},{"damage":3,"enemies":"3 Byrds","floor":19,"turns":4},{"damage":60,"enemies":"3 Cultists","floor":22,"turns":6},{"damage":32,"enemies":"Book of Stabbing","floor":24,"turns":7}],"seed_played":"-3104274247847071922","potions_obtained":[{"floor":1.0,"key":"FairyPotion"},{"floor":7.0,"key":"PowerPotion"},{"floor":11.0,"key":"BloodPotion"},{"floor":17.0,"key":"ColorlessPotion"},{"floor":18.0,"key":"AttackPotion"}],"is_trial":false,"path_per_floor":["M","?","M","T","$","R","E","M","T","R","M","?","M","M","R","B",null,"M","M","$","?","M","R","E"],"character_chosen":"IRONCLAD","items_purchased":["Inflame","Uppercut","Shrug It Off+1"],"campfire_rested":1,"item_purchase_floors":[0,0,20],"current_hp_per_floor":[49,49,51,51,51,51,40,46,46,46,41,41,29,19,41,13,65,57,60,60,60,30,30,0,0],"gold":29,"neow_bonus":"","is_daily":false,"chose_seed":false,"campfire_upgraded":3,"win_rate":0.0,"timestamp":1613749172,"path_taken":["M","?","M","?","?","R","E","?","T","R","M","?","M","M","R","BOSS","M","M","$","?","?","R","E"],"items_purchased_type":["Card","Card","Card"],"build_version":"2020-12-22","purchased_purges":2,"victory":false,"max_hp_per_floor":[75,75,75,75,75,75,75,75,75,75,75,75,75,75,75,75,80,80,80,80,80,80,80,80,80],"card_choices":[{"not_picked":["Flex","True Grit"],"picked":"Inflame","floor":1.0},{"not_picked":["Pommel Strike","Rage"],"picked":"Shrug It Off","floor":3.0},{"not_picked":["Cleave","Clash"],"picked":"Iron Wave","floor":7.0},{"not_picked":["Shrug It Off","Perfected Strike"],"picked":"Spot Weakness","floor":8.0},{"not_picked":["Clothesline","Heavy Blade"],"picked":"Dropkick","floor":8.0},{"not_picked":["Wild Strike","Brutality"],"picked":"Shockwave+1","floor":11.0},{"not_picked":["Thunderclap","Cleave"],"picked":"Seeing Red+1","floor":11.0},{"not_picked":["Body Slam","Clash"],"picked":"Inflame","floor":13.0},{"not_picked":["Uppercut","Flex+1"],"picked":"Metallicize","floor":13.0},{"not_picked":["Twin Strike","Clothesline"],"picked":"Armaments+1","floor":14.0},{"not_picked":["Demon Form","Twin Strike","Havoc+1"],"picked":"SKIP","floor":14.0},{"not_picked":["Berserk","Reaper"],"picked":"Impervious+1","floor":16.0},{"not_picked":["Clothesline","Twin Strike+1"],"picked":"Iron Wave+1","floor":18.0},{"not_picked":["Rampage","Anger","Clash"],"picked":"SKIP","floor":18.0},{"not_picked":["Body Slam","Havoc+1"],"picked":"Juggernaut","floor":19},{"not_picked":["Hemokinesis","Thunderclap","Sentinel+1"],"picked":"SKIP","floor":19},{"not_picked":["Body Slam","Flex+1"],"picked":"Rage+1","floor":22},{"not_picked":["Headbutt","Sentinel+1"],"picked":"Armaments+1","floor":22}],"player_experience":1002715,"relics_obtained":[{"floor":4.0,"key":"Prayer Wheel"},{"floor":7.0,"key":"Potion Belt"},{"floor":9.0,"key":"Toxic Egg 2"}],"event_choices":[{"cards_removed":["Strike_R"],"damage_healed":0.0,"max_hp_gain":0.0,"max_hp_loss":0.0,"gold_gain":0.0,"event_name":"The Cleric","player_choice":"Card Removal","floor":2.0,"gold_loss":75.0,"damage_taken":0.0},{"damage_healed":0.0,"max_hp_gain":0.0,"max_hp_loss":0.0,"gold_gain":0.0,"event_name":"World of Goop","player_choice":"Left Gold","floor":12.0,"gold_loss":38.0,"damage_taken":0.0},{"damage_healed":0,"gold_gain":0,"player_choice":"Paid Gold","damage_taken":0,"relics_obtained":["Self Forming Clay"],"max_hp_gain":0,"max_hp_loss":0,"event_name":"WeMeetAgain","floor":21,"gold_loss":80}],"is_beta":false,"boss_relics":[{"not_picked":["SacredBark","Ectoplasm"],"picked":"Tiny House"}],"items_purged_floors":[0,20],"is_endless":false,"potions_floor_spawned":[1,7,11,18],"killed_by":"Book of Stabbing","ascension_level":20}}