{"host":"19r1ww88x2tc73i0","time":1613715571,"event":{"mods":["BaseMod","BetterRewards","Colored Map","Minty Spire (QoL Compilation)","Relic Stats","StSLib","SuperFastMode","slay the spire mod where everything is the same but ironclad has a cowboy hat"],"gold_per_floor":[109,109,123,141,153,153,182,9,87,113,113,130,130,152,152,152,152],"floor_reached":16,"language":"ENG","playtime":662,"items_purged":[],"score":220,"play_id":"41c8ebd6-77d3-4936-b369-9840e6a9d464","local_time":"25640219131931","is_ascension_mode":true,"campfire_choices":[{"data":"Armaments","floor":6,"key":"SMITH"},{"data":"Iron Wave","floor":11,"key":"SMITH"},{"data":"Bash","floor":13,"key":"SMITH"},{"floor":15,"key":"REST"}],"circlet_count":0,"master_deck":["AscendersBane","Strike_R","Strike_R","Strike_R","Strike_R","Strike_R","Defend_R","Defend_R","Defend_R","Bash+1","Magnetism","Bloodletting","Twin Strike","Armaments+1","Shrug It Off","Feel No Pain","Offering","Iron Wave+1","Pommel Strike"],"relics":["Burning Blood","Turnip","Pear","Ancient Tea Set","Odd Mushroom"],"acts_visited":["Exordium"],"potions_floor_usage":[7,10,16],"damage_taken":[{"damage":7,"enemies":"Cultist","floor":1,"turns":4},{"damage":2,"enemies":"2 Louse","floor":3,"turns":3},{"damage":3,"enemies":"Small Slimes","floor":4,"turns":3},{"damage":19,"enemies":"Blue Slaver","floor":5,"turns":4},{"damage":24,"enemies":"Lagavulin","floor":7,"turns":8},{"damage":20,"enemies":"3 Sentries","floor":10,"turns":4},{"damage":8,"enemies":"2 Fungi Beasts","floor":12,"turns":3},{"damage":8,"enemies":"The Mushroom Lair","floor":14,"turns":4},{"damage":38,"enemies":"The Guardian","floor":16,"turns":9}],"seed_played":"-4078784073628324112","potions_obtained":[{"floor":3,"key":"SkillPotion"},{"floor":7,"key":"AttackPotion"},{"floor":14,"key":"EssenceOfSteel"}],"is_trial":false,"path_per_floor":["M","?","M","M","M","R","E","$","T","E","R","M","R","?","R","B"],"character_chosen":"IRONCLAD","items_purchased":["Offering"],"campfire_rested":1,"item_purchase_floors":[8],"current_hp_per_floor":[49,42,46,49,36,36,18,18,28,14,14,12,12,10,35,0,0],"gold":152,"neow_bonus":"RANDOM_COLORLESS_2","is_daily":false,"chose_seed":false,"campfire_upgraded":3,"win_rate":0.0,"timestamp":1613715571,"path_taken":["M","?","M","M","M","R","E","$","T","E","R","M","R","?","R","BOSS"],"items_purchased_type":["Card"],"build_version":"2020-12-22","purchased_purges":0,"victory":false,"max_hp_per_floor":[75,75,75,75,75,75,75,75,85,85,85,85,85,85,85,85,85],"relic_stats":{"counters":[9,42],"Turnip":[0],"obtain_stats":[{"Pear":9,"Turnip":7,"Odd Mushroom":14,"Ancient Tea Set":10,"Burning Blood":0},{"Pear":5,"Turnip":5,"Odd Mushroom":8,"Ancient Tea Set":6,"Burning Blood":0},{"Pear":22,"Turnip":22,"Odd Mushroom":33,"Ancient Tea Set":26,"Burning Blood":0}],"Burning Blood":48},"card_choices":[{"not_picked":["Secret Technique","Secret Weapon"],"picked":"Magnetism","floor":0},{"not_picked":["Clash","Heavy Blade"],"picked":"Bloodletting","floor":1},{"not_picked":["Headbutt","Heavy Blade"],"picked":"Twin Strike","floor":3},{"not_picked":["Flame Barrier","Wild Strike"],"picked":"Armaments","floor":4},{"not_picked":["Warcry","Evolve"],"picked":"Shrug It Off","floor":5},{"not_picked":["Battle Trance","Blood for Blood"],"picked":"Feel No Pain","floor":7},{"not_picked":["Cleave","Battle Trance"],"picked":"Iron Wave","floor":10},{"not_picked":["Dual Wield","Feel No Pain"],"picked":"Pommel Strike","floor":12}],"player_experience":1127779,"relics_obtained":[{"floor":7,"key":"Turnip"},{"floor":9,"key":"Pear"},{"floor":10,"key":"Ancient Tea Set"},{"floor":14,"key":"Odd Mushroom"}],"event_choices":[{"cards_removed":["Defend_R"],"damage_healed":0,"gold_gain":0,"player_choice":"Card Removal","damage_taken":7,"max_hp_gain":0,"max_hp_loss":0,"event_name":"Golden Wing","floor":2,"gold_loss":0},{"damage_healed":0,"gold_gain":0,"player_choice":"Fought Mushrooms","damage_taken":0,"max_hp_gain":0,"max_hp_loss":0,"event_name":"Mushrooms","floor":14,"gold_loss":0}],"is_beta":false,"boss_relics":[],"items_purged_floors":[],"is_endless":false,"potions_floor_spawned":[3,7,14],"killed_by":"The Guardian","ascension_level":20}}