{"host":"f3zi5bw4of71qj4o","time":1613747990,"event":{"mods":["BaseMod","DeckTracker","Highlight Path","Minty Spire (QoL Compilation)","Relic Stats","StSLib","SuperFastMode"],"gold_per_floor":[110,126,126,142,67,67,38,38,38,38,67,77,77,111,111,185,185,204,204,221,201,41,72,87,113,139,139,156,156,192,192,192],"floor_reached":31,"language":"ENG","playtime":1203,"items_purged":[],"score":566,"play_id":"febf3b0e-292b-43cb-9c85-9712613fbce3","local_time":"20210219161950","is_ascension_mode":true,"campfire_choices":[{"data":"Carnage","floor":6,"key":"SMITH"},{"data":"Bash","floor":8,"key":"SMITH"},{"data":"Shrug It Off","floor":10,"key":"SMITH"},{"data":"Clothesline","floor":13,"key":"SMITH"},{"data":"Fire Breathing","floor":15,"key":"SMITH"},{"data":"Berserk","floor":27,"key":"SMITH"},{"data":"Inflame","floor":29,"key":"SMITH"}],"circlet_count":0,"master_deck":["AscendersBane","Strike_R","Strike_R","Strike_R","Defend_R","Defend_R","Defend_R+1","Bash+1","Thunderclap+1","Carnage+1","Fire Breathing+1","Shrug It Off+1","Power Through","Clothesline+1","Reckless Charge","Corruption","Sentinel+1","Berserk+1","Flame Barrier","Inflame+1","Seeing Red"],"relics":["Burning Blood","Strawberry","Pear","Pocketwatch","SacredBark","Toolbox","Pantograph","Bottled Tornado","Bag of Preparation"],"acts_visited":["Exordium","TheCity"],"potions_floor_usage":[11,20,23,25,30],"damage_taken":[{"damage":4,"enemies":"2 Louse","floor":1,"turns":4},{"damage":0,"enemies":"Small Slimes","floor":2,"turns":2},{"damage":0,"enemies":"Cultist","floor":4,"turns":2},{"damage":3,"enemies":"Gremlin Nob","floor":11,"turns":3},{"damage":3,"enemies":"Blue Slaver","floor":12,"turns":4},{"damage":15,"enemies":"3 Sentries","floor":14,"turns":5},{"damage":14,"enemies":"Hexaghost","floor":16,"turns":7},{"damage":6,"enemies":"Spheric Guardian","floor":18,"turns":4},{"damage":8,"enemies":"3 Byrds","floor":20,"turns":5},{"damage":19,"enemies":"Gremlin Leader","floor":23,"turns":5},{"damage":17,"enemies":"Centurion and Healer","floor":24,"turns":6},{"damage":19,"enemies":"Book of Stabbing","floor":25,"turns":4},{"damage":3,"enemies":"Cultist and Chosen","floor":28,"turns":5},{"damage":7,"enemies":"3 Cultists","floor":30,"turns":4},{"damage":45,"enemies":"Slavers","floor":31,"turns":1}],"seed_played":"382527656513904857","potions_obtained":[{"floor":2,"key":"FearPotion"},{"floor":11,"key":"GamblersBrew"},{"floor":14,"key":"ColorlessPotion"},{"floor":16,"key":"LiquidMemories"},{"floor":20,"key":"Strength Potion"},{"floor":24,"key":"ElixirPotion"},{"floor":25,"key":"Fire Potion"},{"floor":30,"key":"SpeedPotion"}],"is_trial":false,"path_per_floor":["M","M","?","M","?","R","$","R","T","R","E","M","R","E","R","B",null,"M","?","M","?","$","E","M","E","T","R","M","R","M","E"],"character_chosen":"IRONCLAD","items_purchased":["Shrug It Off","Toolbox"],"campfire_rested":0,"item_purchase_floors":[7,22],"current_hp_per_floor":[52,58,35,41,41,41,41,41,48,48,61,64,64,55,55,47,81,81,81,79,79,79,66,55,42,42,42,45,45,44,0,0],"gold":192,"neow_bonus":"REMOVE_TWO","is_daily":false,"chose_seed":false,"campfire_upgraded":7,"win_rate":0.0,"timestamp":1613747990,"path_taken":["M","M","?","M","?","R","$","R","T","R","E","M","R","E","R","BOSS","M","?","M","?","$","E","M","E","T","R","M","R","M","E"],"items_purchased_type":["Card","Relic"],"build_version":"2020-12-22","purchased_purges":0,"victory":false,"max_hp_per_floor":[75,75,75,75,75,75,75,75,82,82,92,92,92,92,92,92,92,92,92,92,92,92,92,92,92,92,92,92,92,92,92,92],"relic_stats":{"counters":[15,61],"Pantograph":0,"Bag of Preparation":[6],"obtain_stats":[{"Pear":11,"Strawberry":9,"SacredBark":17,"Pantograph":23,"Toolbox":22,"Bag of Preparation":26,"Bottled Tornado":25,"Burning Blood":0,"Pocketwatch":14},{"Pear":4,"Strawberry":3,"SacredBark":7,"Pantograph":10,"Toolbox":9,"Bag of Preparation":12,"Bottled Tornado":12,"Burning Blood":0,"Pocketwatch":6},{"Pear":11,"Strawberry":8,"SacredBark":27,"Pantograph":41,"Toolbox":36,"Bag of Preparation":51,"Bottled Tornado":51,"Burning Blood":0,"Pocketwatch":20}],"Burning Blood":84,"Pocketwatch":[51]},"card_choices":[{"not_picked":["Armaments","Cleave"],"picked":"Thunderclap","floor":1},{"not_picked":["Armaments","Dark Embrace"],"picked":"Carnage","floor":2},{"not_picked":["Shockwave","Dark Embrace"],"picked":"Fire Breathing","floor":4},{"not_picked":["Iron Wave","Pommel Strike"],"picked":"Power Through","floor":11},{"not_picked":["Shrug It Off","Headbutt"],"picked":"Clothesline","floor":12},{"not_picked":["Headbutt","Perfected Strike"],"picked":"Reckless Charge","floor":14},{"not_picked":["Exhume","Barricade"],"picked":"Corruption","floor":16},{"not_picked":["Clothesline+1","Perfected Strike","Cleave"],"picked":"SKIP","floor":18},{"not_picked":["Body Slam","Havoc"],"picked":"Sentinel+1","floor":20},{"not_picked":["Twin Strike","Inflame"],"picked":"Berserk","floor":23},{"not_picked":["Battle Trance","Combust+1"],"picked":"Flame Barrier","floor":24},{"not_picked":["Wild Strike","Combust","Cleave"],"picked":"SKIP","floor":25},{"not_picked":["Cleave","Clothesline"],"picked":"Inflame","floor":28},{"not_picked":["Shockwave","Armaments"],"picked":"Seeing Red","floor":30}],"player_experience":2607100,"relics_obtained":[{"floor":9,"key":"Strawberry"},{"floor":11,"key":"Pear"},{"floor":14,"key":"Pocketwatch"},{"floor":23,"key":"Pantograph"},{"floor":25,"key":"Bottled Tornado"},{"floor":26,"key":"Bag of Preparation"}],"event_choices":[{"damage_healed":0,"gold_gain":0,"player_choice":"Entered Light","damage_taken":23,"max_hp_gain":0,"max_hp_loss":0,"event_name":"Shining Light","floor":3,"gold_loss":0,"cards_upgraded":["Thunderclap","Defend_R"]},{"cards_removed":["Strike_R"],"damage_healed":0,"gold_gain":0,"player_choice":"Card Removal","damage_taken":0,"max_hp_gain":0,"max_hp_loss":0,"event_name":"The Cleric","floor":5,"gold_loss":75},{"damage_healed":0,"gold_gain":0,"player_choice":"Ignored","damage_taken":0,"max_hp_gain":0,"max_hp_loss":0,"event_name":"Vampires","floor":19,"gold_loss":0},{"damage_healed":0,"gold_gain":0,"player_choice":"Bought 1 Potion","damage_taken":0,"max_hp_gain":0,"max_hp_loss":0,"event_name":"The Woman in Blue","floor":21,"gold_loss":0}],"is_beta":false,"boss_relics":[{"not_picked":["Velvet Choker","Tiny House"],"picked":"SacredBark"}],"items_purged_floors":[],"is_endless":false,"potions_floor_spawned":[2,11,14,16,20,24,25,30],"killed_by":"Slavers","ascension_level":20}}