{"host":"at5b10nm0iti0w4x","time":1613696272,"event":{"mods":["2.2 Compatiblity","AchievementEnabler","BaseMod","Bestiary","Block Reminder","Colored Map","Colored Powertips","Highlight Path","Keyboard Shortcuts","Minty Spire (QoL Compilation)","Quick Restart","Relic Stats","Slay the Relics Exporter","StSLib","SuperFastMode","Unknown Chances"],"gold_per_floor":[368,387,95,110,110,143,218,218,271,271,286,300,325,358,358,487,487,508,508,508,527,542,570,570,669,669,694,50,50,60,95,95,197,197,207,224,224,278,295,327,327,362,362,362,4,4,33,33,33,33],"floor_reached":51,"language":"ENG","playtime":1911,"items_purged":[],"score":941,"play_id":"42e123d9-1c71-4b7f-9e28-0cff5ffde64e","local_time":"20210218195752","is_ascension_mode":false,"campfire_choices":[{"floor":8.0,"key":"REST"},{"data":"Bash","floor":15.0,"key":"SMITH"},{"data":"Clothesline","floor":24.0,"key":"SMITH"},{"data":"Perfected Strike","floor":32.0,"key":"SMITH"},{"data":"True Grit","floor":41,"key":"SMITH"},{"floor":46,"key":"REST"},{"data":"Sword Boomerang","floor":49,"key":"SMITH"}],"circlet_count":0,"master_deck":["Strike_R+1","Strike_R+1","Strike_R+1","Strike_R+1","Strike_R+1","Defend_R+1","Defend_R+1","Defend_R+1","Defend_R+1","Bash+1","Iron Wave+1","Cleave+1","True Grit+1","Iron Wave+1","Perfected Strike+1","Thunderclap+1","Clothesline+1","Armaments+1","Injury","Pommel Strike+1","Iron Wave+1","Perfected Strike+1","Flex+1","Thunderclap+1","Pommel Strike+1","Perfected Strike+1","Shrug It Off+1","Sword Boomerang+1"],"relics":["Burning Blood","Oddly Smooth Stone","War Paint","Bloody Idol","Dream Catcher","Anchor","PreservedInsect","Odd Mushroom","Cursed Key","Boot","Red Skull","Omamori","Champion Belt","HandDrill","Strawberry","Self Forming Clay","Juzu Bracelet","Ginger","Velvet Choker","Pocketwatch","The Courier","Darkstone Periapt","HornCleat","Mark of the Bloom","Gremlin Horn","ClockworkSouvenir","Art of War"],"acts_visited":["Exordium","TheCity","TheBeyond"],"potions_floor_usage":[33,33,38,38,42,50,50,50],"damage_taken":[{"damage":1.0,"enemies":"Cultist","floor":1.0,"turns":3.0},{"damage":0.0,"enemies":"2 Louse","floor":2.0,"turns":3.0},{"damage":2.0,"enemies":"Jaw Worm","floor":4.0,"turns":3.0},{"damage":42.0,"enemies":"Lagavulin","floor":6.0,"turns":10.0},{"damage":4.0,"enemies":"2 Fungi Beasts","floor":11.0,"turns":3.0},{"damage":0.0,"enemies":"3 Louse","floor":12.0,"turns":3.0},{"damage":0.0,"enemies":"Red Slaver","floor":13.0,"turns":4.0},{"damage":9.0,"enemies":"The Mushroom Lair","floor":14.0,"turns":3.0},{"damage":20.0,"enemies":"Slime Boss","floor":16.0,"turns":11.0},{"damage":6.0,"enemies":"Shell Parasite","floor":18.0,"turns":6.0},{"damage":2.0,"enemies":"3 Byrds","floor":21.0,"turns":4.0},{"damage":27.0,"enemies":"Snake Plant","floor":22.0,"turns":6.0},{"damage":21.0,"enemies":"Book of Stabbing","floor":23.0,"turns":6.0},{"damage":15.0,"enemies":"Slavers","floor":27.0,"turns":5.0},{"damage":6.0,"enemies":"Centurion and Healer","floor":30.0,"turns":7.0},{"damage":23.0,"enemies":"Gremlin Leader","floor":31.0,"turns":7.0},{"damage":50,"enemies":"Champ","floor":33,"turns":11},{"damage":7,"enemies":"Orb Walker","floor":35,"turns":3},{"damage":10,"enemies":"3 Shapes","floor":36,"turns":3},{"damage":16,"enemies":"2 Orb Walkers","floor":38,"turns":5},{"damage":12,"enemies":"Jaw Worm Horde","floor":39,"turns":4},{"damage":20,"enemies":"Nemesis","floor":40,"turns":4},{"damage":2,"enemies":"Reptomancer","floor":42,"turns":4},{"damage":1,"enemies":"Giant Head","floor":47,"turns":5},{"damage":1,"enemies":"Awakened One","floor":50,"turns":9}],"seed_played":"-560042623341386237","potions_obtained":[{"floor":1.0,"key":"ElixirPotion"},{"floor":4.0,"key":"GamblersBrew"},{"floor":11.0,"key":"AttackPotion"},{"floor":13.0,"key":"LiquidMemories"},{"floor":14.0,"key":"PowerPotion"},{"floor":16.0,"key":"Regen Potion"},{"floor":18.0,"key":"Ancient Potion"},{"floor":21.0,"key":"SteroidPotion"},{"floor":33,"key":"Energy Potion"},{"floor":35,"key":"Swift Potion"},{"floor":38,"key":"Strength Potion"},{"floor":42,"key":"Explosive Potion"},{"floor":48,"key":"HeartOfIron"}],"is_trial":false,"path_per_floor":["M","M","$","M","?","E","?","R","T","?","M","M","M","?","R","B",null,"M","?","?","M","M","E","R","?","T","E","$","?","M","E","R","B",null,"M","M","?","?","M","E","R","E","T","?","$","R","E","?","R","B",null],"character_chosen":"IRONCLAD","items_purchased":["Oddly Smooth Stone","War Paint","HandDrill","Strawberry","Self Forming Clay","Iron Wave","Perfected Strike","Gremlin Horn","ClockworkSouvenir","Dexterity Potion"],"campfire_rested":2,"item_purchase_floors":[3,3,28,28,28,28,28,45,45,45],"current_hp_per_floor":[72,72,72,72,54,18,7,28,28,10,12,18,24,21,21,7,72,72,72,72,72,56,46,46,51,51,47,54,54,59,47,47,23,79,79,79,79,74,73,64,64,73,73,73,73,73,72,72,72,71],"gold":33,"neow_bonus":"TWO_FIFTY_GOLD","is_daily":false,"chose_seed":false,"campfire_upgraded":5,"win_rate":0.0,"timestamp":1613696272,"path_taken":["M","M","$","M","?","E","?","R","T","?","M","?","M","?","R","BOSS","M","?","?","?","M","E","R","?","T","E","$","?","M","E","R","BOSS","M","M","?","?","M","E","R","E","T","?","?","R","E","?","R","BOSS"],"items_purchased_type":["Relic","Relic","Relic","Relic","Relic","Card","Card","Relic","Relic","Potion"],"build_version":"2020-12-22","purchased_purges":0,"victory":true,"max_hp_per_floor":[72,72,72,72,72,72,72,72,72,72,72,72,72,72,72,72,72,72,72,72,72,72,72,72,72,72,72,79,79,79,79,79,79,79,79,79,79,79,79,79,79,79,79,79,79,79,79,79,79,79],"relic_stats":{"Darkstone Periapt":0,"Mark of the Bloom":40,"Gremlin Horn":[3,3],"counters":[25,132],"Self Forming Clay":[60],"PreservedInsect":360,"Juzu Bracelet":1,"Ginger":[3],"War Paint":["Defend_R","Defend_R"],"Cursed Key":2,"Boot":[75],"Burning Blood":119,"Dream Catcher":2,"Bloody Idol":60,"HandDrill":[16],"Art of War":[0],"Champion Belt":[46],"obtain_stats":[{"Darkstone Periapt":42,"Mark of the Bloom":44,"Gremlin Horn":45,"Juzu Bracelet":29,"Ginger":31,"Cursed Key":17,"Boot":20,"Burning Blood":0,"ClockworkSouvenir":45,"Dream Catcher":6,"HornCleat":43,"Strawberry":28,"HandDrill":28,"Red Skull":23,"Golden Idol":5,"Self Forming Clay":28,"Oddly Smooth Stone":3,"Velvet Choker":34,"PreservedInsect":10,"The Courier":40,"Omamori":26,"War Paint":3,"Odd Mushroom":14,"Anchor":9,"Bloody Idol":19,"Art of War":47,"Champion Belt":27,"Pocketwatch":38},{"Darkstone Periapt":23,"Mark of the Bloom":23,"Gremlin Horn":23,"Juzu Bracelet":14,"Ginger":16,"Cursed Key":9,"Boot":10,"Burning Blood":0,"ClockworkSouvenir":23,"Dream Catcher":4,"HornCleat":23,"Strawberry":14,"HandDrill":14,"Red Skull":13,"Golden Idol":3,"Self Forming Clay":14,"Oddly Smooth Stone":2,"Velvet Choker":17,"PreservedInsect":4,"The Courier":22,"Omamori":13,"War Paint":2,"Odd Mushroom":8,"Anchor":4,"Bloody Idol":10,"Art of War":24,"Champion Belt":14,"Pocketwatch":20},{"Darkstone Periapt":118,"Mark of the Bloom":118,"Gremlin Horn":118,"Juzu Bracelet":70,"Ginger":84,"Cursed Key":43,"Boot":49,"Burning Blood":0,"ClockworkSouvenir":118,"Dream Catcher":19,"HornCleat":118,"Strawberry":70,"HandDrill":70,"Red Skull":65,"Golden Idol":9,"Self Forming Clay":70,"Oddly Smooth Stone":6,"Velvet Choker":95,"PreservedInsect":19,"The Courier":114,"Omamori":65,"War Paint":6,"Odd Mushroom":32,"Anchor":19,"Bloody Idol":49,"Art of War":123,"Champion Belt":70,"Pocketwatch":106}],"Pocketwatch":[6]},"card_choices":[{"not_picked":["Rupture","Warcry"],"picked":"Iron Wave","floor":1.0},{"not_picked":["Iron Wave","Pommel Strike"],"picked":"Cleave","floor":2.0},{"not_picked":["Sword Boomerang","Flex"],"picked":"True Grit","floor":4.0},{"not_picked":["Carnage","Evolve","Double Tap"],"picked":"SKIP","floor":6.0},{"not_picked":["Headbutt","Anger"],"picked":"Iron Wave","floor":11.0},{"not_picked":["Clash","Heavy Blade"],"picked":"Perfected Strike","floor":12.0},{"not_picked":["Sever Soul","Heavy Blade"],"picked":"Thunderclap","floor":13.0},{"not_picked":["Cleave","Burning Pact"],"picked":"Clothesline","floor":14.0},{"not_picked":["Dual Wield","Headbutt","Twin Strike"],"picked":"SKIP","floor":18.0},{"not_picked":["Heavy Blade","Havoc"],"picked":"Armaments+1","floor":21.0},{"not_picked":["Seeing Red","Carnage","Whirlwind"],"picked":"SKIP","floor":22.0},{"not_picked":["Infernal Blade","Immolate","Pummel"],"picked":"SKIP","floor":23.0},{"not_picked":["Bludgeon","Rampage+1"],"picked":"Pommel Strike+1","floor":27.0},{"not_picked":["Rage+1","Headbutt+1"],"picked":"Flex+1","floor":30.0},{"not_picked":["Sword Boomerang","Sever Soul+1","Sentinel"],"picked":"SKIP","floor":31.0},{"not_picked":["Sword Boomerang","Sever Soul+1","Sentinel"],"picked":"SKIP","floor":31.0},{"not_picked":["Anger+1","Rupture+1"],"picked":"Thunderclap+1","floor":35},{"not_picked":["Burning Pact+1","Reckless Charge+1","Uppercut"],"picked":"SKIP","floor":36},{"not_picked":["Iron Wave","Entrench+1"],"picked":"Pommel Strike","floor":38},{"not_picked":["Seeing Red","Burning Pact","Flex"],"picked":"SKIP","floor":39},{"not_picked":["Evolve+1","Sword Boomerang"],"picked":"Perfected Strike","floor":40},{"not_picked":["Flame Barrier+1","Havoc"],"picked":"Shrug It Off","floor":42},{"not_picked":["Havoc+1","Feed"],"picked":"Sword Boomerang","floor":47}],"player_experience":109082,"relics_obtained":[{"floor":6.0,"key":"Dream Catcher"},{"floor":9.0,"key":"Anchor"},{"floor":14.0,"key":"Odd Mushroom"},{"floor":23.0,"key":"Red Skull"},{"floor":26.0,"key":"Omamori"},{"floor":27.0,"key":"Champion Belt"},{"floor":31.0,"key":"Ginger"},{"floor":38,"key":"Pocketwatch"},{"floor":40,"key":"The Courier"},{"floor":42,"key":"Darkstone Periapt"},{"floor":43,"key":"HornCleat"},{"floor":47,"key":"Art of War"}],"event_choices":[{"damage_healed":0.0,"max_hp_gain":0.0,"max_hp_loss":0.0,"gold_gain":0.0,"event_name":"Golden Idol","player_choice":"Take Damage","floor":5.0,"gold_loss":0.0,"damage_taken":18.0,"relics_obtained":["Golden Idol"]},{"damage_healed":0.0,"max_hp_gain":0.0,"max_hp_loss":0.0,"gold_gain":75.0,"event_name":"World of Goop","player_choice":"Gather Gold","floor":7.0,"gold_loss":0.0,"damage_taken":11.0},{"damage_healed":0.0,"max_hp_gain":0.0,"max_hp_loss":0.0,"gold_gain":0.0,"event_name":"Scrap Ooze","player_choice":"Success","floor":10.0,"gold_loss":0.0,"damage_taken":18.0,"relics_obtained":["PreservedInsect"]},{"damage_healed":0.0,"max_hp_gain":0.0,"max_hp_loss":0.0,"gold_gain":0.0,"event_name":"Mushrooms","player_choice":"Fought Mushrooms","floor":14.0,"gold_loss":0.0,"damage_taken":0.0},{"damage_healed":0.0,"max_hp_gain":0.0,"max_hp_loss":0.0,"gold_gain":0.0,"event_name":"Forgotten Altar","player_choice":"Gave Idol","floor":19.0,"relics_lost":["Golden Idol"],"gold_loss":0.0,"damage_taken":0.0,"relics_obtained":["Bloody Idol"]},{"damage_healed":0.0,"max_hp_gain":0.0,"max_hp_loss":0.0,"gold_gain":0.0,"event_name":"WeMeetAgain","player_choice":"Gave Potion","floor":20.0,"gold_loss":0.0,"damage_taken":0.0,"relics_obtained":["Boot"]},{"damage_healed":0.0,"max_hp_gain":0.0,"max_hp_loss":0.0,"gold_gain":99.0,"event_name":"Nest","player_choice":"Stole From Cult","floor":25.0,"gold_loss":0.0,"damage_taken":0.0},{"damage_healed":0.0,"max_hp_gain":0.0,"max_hp_loss":0.0,"gold_gain":0.0,"event_name":"The Mausoleum","player_choice":"Opened","floor":29.0,"gold_loss":0.0,"damage_taken":0.0,"relics_obtained":["Juzu Bracelet"],"cards_obtained":["Writhe"]},{"damage_healed":0,"gold_gain":0,"player_choice":"0 cards matched","damage_taken":0,"max_hp_gain":0,"max_hp_loss":0,"event_name":"Match and Keep!","floor":37,"gold_loss":0,"cards_obtained":[]},{"damage_healed":0,"gold_gain":0,"player_choice":"Fight","damage_taken":0,"max_hp_gain":0,"max_hp_loss":0,"event_name":"Mysterious Sphere","floor":38,"gold_loss":0},{"damage_healed":0,"gold_gain":0,"player_choice":"Upgrade","damage_taken":0,"relics_obtained":["Mark of the Bloom"],"max_hp_gain":0,"max_hp_loss":0,"event_name":"MindBloom","floor":44,"gold_loss":0,"cards_upgraded":["Strike_R","Strike_R","Strike_R","Strike_R","Strike_R","Defend_R","Defend_R","Iron Wave","Cleave","Iron Wave","Perfected Strike","Thunderclap","Iron Wave","Pommel Strike","Perfected Strike","Shrug It Off"]},{"damage_healed":0,"gold_gain":0,"player_choice":"Got Potions","damage_taken":0,"max_hp_gain":0,"max_hp_loss":0,"event_name":"Lab","floor":48,"gold_loss":0}],"is_beta":false,"boss_relics":[{"not_picked":["Busted Crown","Black Blood"],"picked":"Cursed Key"},{"not_picked":["Philosopher\u0027s Stone","Astrolabe"],"picked":"Velvet Choker"}],"items_purged_floors":[],"is_endless":false,"potions_floor_spawned":[1,4,11,13,14,16,18,21,30,33,35,38,42],"ascension_level":0}}