{"host":"mi3u80pf7q3ts3zd","time":1613713861,"event":{"mods":["BaseMod","BetterRewards","Colored Map","Colored Powertips","Hermit","Marisa????????","Minty Spire (QoL Compilation)","Rare Cards Sparkle","Replay The Spire","StSLib","The Animator","The Cursed","The Jungle","The Necromancer","The Servant 0.9.4"],"gold_per_floor":[112,78,78,92,112,112,87,102,125,125,125,125,125,125,125,223,223,241,93,93,93,103,103,103,103,103,103,120,120,120,60,60,160,160,177,177,177],"floor_reached":36,"language":"ENG","playtime":3407,"items_purged":[],"score":346,"play_id":"ed5993e7-54b3-4a81-9b4e-8162e21ac38c","local_time":"20210218225101","daily_mods":["Vintage","Flight"],"is_ascension_mode":false,"campfire_choices":[{"floor":6.0,"key":"REST"},{"floor":10.0,"key":"REST"},{"floor":12.0,"key":"REST"},{"floor":13.0,"key":"REST"},{"floor":15.0,"key":"REST"},{"floor":23.0,"key":"REST"},{"floor":25.0,"key":"REST"},{"data":"DevaForm","floor":27.0,"key":"SMITH"},{"data":"Echo Form","floor":29.0,"key":"SMITH"},{"data":"FlawlessForm","floor":32.0,"key":"SMITH"}],"circlet_count":0,"master_deck":["Demon Form","Wraith Form v2","Echo Form+1","DevaForm+1","FlawlessForm+1","Strike_S+1","Strike_S+1","Strike_S+1","Strike_S+1","Defend_S+1","Defend_S+1","Defend_S+1","KidneyShot","Exchange","Moonlight","Sunlight","KidneyShot","Desolation","FlawlessForm"],"relics":["Uniform","ReplayTheSpireMod:Lightbulb","StrikeDummy","Strawberry","Onion Ring","Juzu Bracelet","Vajra","Counterbalance","Blood Vial","Replay:Bottled Snecko","InkBottle","Anchor","Busted Crown","Golden Egg"],"acts_visited":["Exordium","TheCity","TheBeyond"],"potions_floor_usage":[],"damage_taken":[{"damage":16.0,"enemies":"Cultist","floor":1.0,"turns":6.0},{"damage":13.0,"enemies":"2 Louse","floor":4.0,"turns":6.0},{"damage":12.0,"enemies":"Small Slimes","floor":5.0,"turns":4.0},{"damage":46.0,"enemies":"Gremlin Gang","floor":8.0,"turns":7.0},{"damage":16.0,"enemies":"Slime Boss","floor":16.0,"turns":8.0},{"damage":30.0,"enemies":"Spheric Guardian","floor":18.0,"turns":4.0},{"damage":8.0,"enemies":"Shell Parasite","floor":22.0,"turns":5.0},{"damage":6.0,"enemies":"Snake Plant","floor":28.0,"turns":3.0},{"damage":2.0,"enemies":"Champ","floor":33.0,"turns":7.0},{"damage":5.0,"enemies":"Orb Walker","floor":35.0,"turns":5.0},{"damage":72,"enemies":"Orin","floor":36,"turns":7}],"seed_played":"-1946459168111751431","potions_obtained":[{"floor":1.0,"key":"AttackPotion"},{"floor":5.0,"key":"LiquidMemories"},{"floor":8.0,"key":"Adrenaline Potion"},{"floor":28.0,"key":"FearPotion"}],"is_trial":true,"path_per_floor":["M","$","?","M","M","R","?","M","T","R","$","R","R","?","R","B",null,"M","$","?","?","M","R","?","R","T","R","M","R","?","?","R","B",null,"M","?"],"character_chosen":"THE_SERVANT","items_purchased":["Moonlight","Blood Vial"],"campfire_rested":7,"item_purchase_floors":[2,19],"current_hp_per_floor":[49,49,49,36,31,52,52,6,6,27,27,48,69,57,72,56,72,42,42,42,42,36,57,57,72,72,72,66,66,66,66,66,66,72,67,0,0],"gold":177,"neow_bonus":"","is_daily":false,"chose_seed":false,"campfire_upgraded":3,"win_rate":0.0,"timestamp":1613713861,"path_taken":["M","?","?","M","?","R","?","M","T","R","$","R","R","?","R","BOSS","M","$","?","?","M","R","?","R","T","R","M","R","?","?","R","BOSS","M","?"],"items_purchased_type":["Card","Relic"],"build_version":"2020-12-22","purchased_purges":0,"victory":false,"max_hp_per_floor":[65,65,65,65,72,72,72,72,72,72,72,72,72,72,72,72,72,72,72,72,72,72,72,72,72,72,72,72,72,72,72,72,72,72,72,72,72],"card_choices":[{"not_picked":["SoulSculpture","PendulumOfEternity"],"picked":"Sunlight","floor":16.0},{"not_picked":["Solidify","Dilation"],"picked":"FlawlessForm","floor":33.0}],"player_experience":394941,"relics_obtained":[{"floor":1.0,"key":"ReplayTheSpireMod:Lightbulb"},{"floor":4.0,"key":"StrikeDummy"},{"floor":5.0,"key":"Strawberry"},{"floor":8.0,"key":"Onion Ring"},{"floor":9.0,"key":"Juzu Bracelet"},{"floor":18.0,"key":"Counterbalance"},{"floor":22.0,"key":"Replay:Bottled Snecko"},{"floor":26.0,"key":"InkBottle"},{"floor":28.0,"key":"Anchor"},{"floor":35.0,"key":"Golden Egg"}],"event_choices":[{"cards_removed":["Defend_S"],"damage_healed":0.0,"max_hp_gain":0.0,"max_hp_loss":0.0,"gold_gain":0.0,"event_name":"Bonfire Elementals","player_choice":"Offered Basic","floor":3.0,"gold_loss":0.0,"damage_taken":0.0},{"damage_healed":0.0,"max_hp_gain":0.0,"max_hp_loss":0.0,"gold_gain":0.0,"event_name":"World of Goop","player_choice":"Left Gold","floor":7.0,"gold_loss":25.0,"damage_taken":0.0},{"damage_healed":0.0,"max_hp_gain":0.0,"max_hp_loss":0.0,"gold_gain":0.0,"event_name":"Scrap Ooze","player_choice":"Success","floor":14.0,"gold_loss":0.0,"damage_taken":12.0,"relics_obtained":["Vajra"]},{"damage_healed":0.0,"max_hp_gain":0.0,"max_hp_loss":0.0,"gold_gain":0.0,"event_name":"Match and Keep!","player_choice":"2 cards matched","floor":20.0,"gold_loss":0.0,"damage_taken":0.0,"cards_obtained":["KidneyShot","Desolation"]},{"damage_healed":0.0,"max_hp_gain":0.0,"max_hp_loss":0.0,"gold_gain":0.0,"event_name":"Vampires","player_choice":"Ignored","floor":21.0,"gold_loss":0.0,"damage_taken":0.0},{"damage_healed":0.0,"max_hp_gain":0.0,"max_hp_loss":0.0,"gold_gain":0.0,"event_name":"Back to Basics","player_choice":"Simplicity","floor":24.0,"gold_loss":0.0,"damage_taken":0.0,"cards_upgraded":["Strike_S","Strike_S","Strike_S","Strike_S","Defend_S","Defend_S","Defend_S"]},{"damage_healed":0.0,"max_hp_gain":0.0,"max_hp_loss":0.0,"gold_gain":0.0,"event_name":"The Woman in Blue","player_choice":"Bought 0 Potions","floor":30.0,"gold_loss":0.0,"damage_taken":0.0},{"damage_healed":0,"gold_gain":0,"player_choice":"Fight","damage_taken":0,"max_hp_gain":0,"max_hp_loss":0,"event_name":"OrinTheCat","floor":36,"gold_loss":0}],"is_beta":false,"boss_relics":[{"not_picked":["Runic Dome","Replay:Ancient Bell","Snecko Heart"]},{"not_picked":["Empty Cage","Abe\u0027s Treasure"],"picked":"Busted Crown"}],"items_purged_floors":[],"is_endless":true,"potions_floor_spawned":[1,5,8,28],"killed_by":"Orin","ascension_level":0}}