{"host":"ywa7jah0kefkv8nt","time":1613702733,"event":{"mods":["ATMod(°¢èªMod)","Act Like it!","Arknights","BaseMod","Better Note","Better Third Choice","Jorbs\u0027s Wanderer Trilogy","Minty Spire (QoL Compilation)","MostiFishMod","Quarter Circle Forward PUNCH!","Reliquary","Replay The Spire","Spicy Shops","StSLib","The Marked","¡¾ÒÅÎï¿¨ÅÆ¡¿REMEMod"],"gold_per_floor":[113,73,39,3,22,61,6,6,6,39,51,69,69,92,92,97,97],"floor_reached":16,"language":"ZHS","playtime":1231,"items_purged":[],"score":152,"play_id":"007b5fa6-84d0-455d-9105-f124d347d1b6","local_time":"20210218204533","is_ascension_mode":false,"campfire_choices":[{"floor":13,"key":"RECALL"},{"data":"stsjorbsmod:FindFamiliar","floor":15,"key":"SMITH"}],"circlet_count":0,"master_deck":["stsjorbsmod:ForbiddenGrimoire+1","stsjorbsmod:FreshAdventure","stsjorbsmod:EyeOfTheStorm","Juggernaut","AT_FamilyPortrait","stsjorbsmod:Patron","stsjorbsmod:MistyStep","stsjorbsmod:Entangle","stsjorbsmod:Aid","stsjorbsmod:Rest","stsjorbsmod:ColorSpray+1","stsjorbsmod:Trauma","stsjorbsmod:TollTheDead","stsjorbsmod:BookOfTongues","stsjorbsmod:Message+1","stsjorbsmod:ParryingBlow+1","stsjorbsmod:OldPocket","stsjorbsmod:FindFamiliar+1","stsjorbsmod:Hibernate","stsjorbsmod:TinyHut","stsjorbsmod:FlameWard","stsjorbsmod:BurningFlask","stsjorbsmod:MistyStep","stsjorbsmod:Thorns"],"relics":["AT_ATBox","REME_ComplimentaryCards","DaveBox","ShadowXiaoBlade","Pandora\u0027s Box","SynthV:TestCard","reliquary:RosewoodLute","Prayer Wheel"],"acts_visited":["Exordium"],"potions_floor_usage":[6,16],"damage_taken":[{"damage":2,"enemies":"ats:Genji","floor":1,"turns":2},{"damage":0,"enemies":"Jaw Worm","floor":5,"turns":2},{"damage":9,"enemies":"Replay:BlueRogue","floor":6,"turns":3},{"damage":0,"enemies":"2 Louse","floor":10,"turns":3},{"damage":3,"enemies":"Gremlin Gang","floor":11,"turns":2},{"damage":0,"enemies":"Looter","floor":12,"turns":3},{"damage":10,"enemies":"Exordium Wildlife","floor":14,"turns":4}],"seed_played":"8035470232101916531","potions_obtained":[{"floor":2,"key":"Toxic Potion"},{"floor":2,"key":"Toxic Potion"},{"floor":2,"key":"Swift Potion"},{"floor":6,"key":"Venom Potion"}],"is_trial":false,"path_per_floor":["M","?","$","$","M","E","$","?","T","M","M","M","R","M","R","B"],"character_chosen":"WANDERER","items_purchased":["stsjorbsmod:Message+1","stsjorbsmod:ParryingBlow+1","stsjorbsmod:Hibernate"],"campfire_rested":0,"item_purchase_floors":[3,4,7],"current_hp_per_floor":[66,66,66,66,66,57,57,57,57,61,58,58,58,48,48,0,0],"gold":97,"neow_bonus":"BOSS_RELIC","is_daily":false,"chose_seed":false,"campfire_upgraded":1,"win_rate":0.0,"timestamp":1613702733,"path_taken":["M","?","?","$","?","E","$","?","T","M","M","M","R","M","R","BOSS"],"items_purchased_type":["Card","Card","Card"],"build_version":"2020-12-22","purchased_purges":0,"victory":false,"max_hp_per_floor":[68,68,68,68,68,68,68,68,68,72,72,72,72,72,72,76,76],"card_choices":[{"not_picked":["stsjorbsmod:Firebolt","stsjorbsmod:Mending"],"picked":"stsjorbsmod:BookOfTongues","floor":1},{"not_picked":["stsjorbsmod:FaerieFire","stsjorbsmod:UnseenServant","stsjorbsmod:MagicMissiles","stsjorbsmod:ArcaneWeapon"],"picked":"stsjorbsmod:OldPocket","floor":5},{"not_picked":["stsjorbsmod:UnseenServant","stsjorbsmod:Inferno","stsjorbsmod:MagicMissiles","stsjorbsmod:TrueStrike"],"picked":"stsjorbsmod:FindFamiliar","floor":6},{"not_picked":["stsjorbsmod:Mending","stsjorbsmod:TrueStrike","stsjorbsmod:FaerieFire","stsjorbsmod:ArcaneWeapon"],"picked":"stsjorbsmod:TinyHut","floor":10},{"not_picked":["stsjorbsmod:BookOfTongues","stsjorbsmod:FracturedMind","stsjorbsmod:MagicMissiles","stsjorbsmod:DoubleCheck","stsjorbsmod:AnimateObjects"],"picked":"SKIP","floor":11},{"not_picked":["stsjorbsmod:BurningFlask","stsjorbsmod:Channel","stsjorbsmod:RayOfFrost","stsjorbsmod:ParryingBlow"],"picked":"stsjorbsmod:FlameWard","floor":12},{"not_picked":["stsjorbsmod:TrueStrike","stsjorbsmod:RayOfFrost","stsjorbsmod:Index","stsjorbsmod:Message"],"picked":"stsjorbsmod:BurningFlask","floor":12},{"not_picked":["stsjorbsmod:CorrodingBarrier","stsjorbsmod:DisguiseSelf","stsjorbsmod:SchoolsOfMagic","stsjorbsmod:TrueStrike"],"picked":"stsjorbsmod:MistyStep","floor":14},{"not_picked":["stsjorbsmod:Mindworm","stsjorbsmod:BlackTentacles","stsjorbsmod:Prestidigitation","stsjorbsmod:Message"],"picked":"stsjorbsmod:Thorns","floor":14}],"player_experience":255271,"relics_obtained":[{"floor":1,"key":"SynthV:TestCard"},{"floor":6,"key":"reliquary:RosewoodLute"}],"event_choices":[{"damage_healed":0,"gold_gain":0,"player_choice":"Bought 3 Potions","damage_taken":0,"max_hp_gain":0,"max_hp_loss":0,"event_name":"The Woman in Blue","floor":2,"gold_loss":0},{"cards_removed":["stsjorbsmod:Entangle"],"damage_healed":0,"gold_gain":0,"player_choice":"Give","damage_taken":0,"max_hp_gain":0,"max_hp_loss":0,"event_name":"betterNote:BetterNote","floor":8,"gold_loss":0,"cards_obtained":["None"]}],"is_beta":false,"boss_relics":[],"items_purged_floors":[],"is_endless":false,"potions_floor_spawned":[6,11,14],"killed_by":"Slime Boss","ascension_level":0}}