{"host":"cpsutu8lprjuipd6","time":1613728140,"event":{"mods":["BaseMod","Colored Map","Minty Spire (QoL Compilation)","Permanent Neow","Quick Restart","StSLib","SuperFastMode","The Bug Knight","Together in Spire"],"gold_per_floor":[117,42,66,66,82,121,139,39,39,39,39,53,77,102,102,102,102],"floor_reached":16,"language":"KOR","playtime":4013,"items_purged":["Strike_R","Strike_R"],"score":107,"play_id":"609866ec-6c61-4357-9808-c29a9ceaf894","local_time":"20210219184900","is_ascension_mode":true,"campfire_choices":[{"floor":10,"key":"REST"},{"data":"Defend_R","floor":15,"key":"SMITH"}],"circlet_count":0,"master_deck":["Strike_R","Strike_R","Strike_R","Defend_R+1","Defend_R","Defend_R","Defend_R","Bash"],"relics":["Burning Blood","Red Skull","Regal Pillow","Golden Idol","Ornamental Fan","Omamori","Charon\u0027s Ashes"],"acts_visited":["Exordium"],"potions_floor_usage":[6],"damage_taken":[{"damage":1,"enemies":"Cultist","floor":1,"turns":3},{"damage":2,"enemies":"Small Slimes","floor":5,"turns":4},{"damage":22,"enemies":"Gremlin Nob","floor":6,"turns":5},{"damage":1,"enemies":"2 Louse","floor":7,"turns":3},{"damage":27,"enemies":"Exordium Thugs","floor":12,"turns":6},{"damage":2,"enemies":"Looter","floor":13,"turns":5},{"damage":2,"enemies":"Large Slime","floor":14,"turns":8},{"damage":34,"enemies":"Hexaghost","floor":16,"turns":9}],"seed_played":"-8596938159598220548","potions_obtained":[{"floor":1,"key":"Block Potion"},{"floor":5,"key":"LiquidMemories"}],"is_trial":false,"path_per_floor":["M","$","T","?","M","E","M","$","T","R","?","M","M","M","R","B"],"character_chosen":"IRONCLAD","items_purchased":[],"campfire_rested":1,"item_purchase_floors":[],"current_hp_per_floor":[80,80,80,60,64,48,53,53,53,80,80,59,63,67,67,33,33],"gold":102,"neow_bonus":"RANDOM_COMMON_RELIC","is_daily":false,"chose_seed":false,"campfire_upgraded":1,"win_rate":0.0,"timestamp":1613728140,"path_taken":["M","$","?","?","M","E","M","$","T","R","?","?","M","M","R","BOSS"],"items_purchased_type":[],"build_version":"2020-12-22","purchased_purges":2,"victory":false,"max_hp_per_floor":[80,80,80,80,80,80,80,80,80,80,80,80,80,80,80,80,80],"card_choices":[{"not_picked":["Seeing Red","Searing Blow","Iron Wave"],"picked":"SKIP","floor":1},{"not_picked":["Inflame","Havoc","Sword Boomerang"],"picked":"SKIP","floor":5},{"not_picked":["Perfected Strike","Metallicize","Heavy Blade"],"picked":"SKIP","floor":6},{"not_picked":["Carnage","Sever Soul","Exhume"],"picked":"SKIP","floor":7},{"not_picked":["Headbutt","Shrug It Off","True Grit"],"picked":"SKIP","floor":12},{"not_picked":["True Grit","Burning Pact","Rampage"],"picked":"SKIP","floor":13},{"not_picked":["Disarm","Pommel Strike","Shrug It Off"],"picked":"SKIP","floor":14}],"player_experience":118786,"relics_obtained":[{"floor":3,"key":"Regal Pillow"},{"floor":6,"key":"Ornamental Fan"},{"floor":9,"key":"Omamori"}],"event_choices":[{"damage_healed":0,"gold_gain":0,"player_choice":"Take Damage","damage_taken":20,"relics_obtained":["Golden Idol"],"max_hp_gain":0,"max_hp_loss":0,"event_name":"Golden Idol","floor":4,"gold_loss":0},{"damage_healed":0,"gold_gain":0,"player_choice":"Searched \u00271\u0027 times","damage_taken":0,"relics_obtained":["Charon\u0027s Ashes"],"max_hp_gain":0,"max_hp_loss":0,"event_name":"Dead Adventurer","floor":11,"gold_loss":0}],"is_beta":false,"boss_relics":[],"items_purged_floors":[2,8],"is_endless":false,"potions_floor_spawned":[1,5],"killed_by":"Hexaghost","ascension_level":1}}