{"host":"mj8akmyfd5lo602f","time":1613698077,"event":{"mods":["2.2 Compatiblity","Act Like it!","BaseMod","Bestiary","BshForSts","Colored Map","Colored Powertips","Highlight Path","Koishi","Minty Spire (QoL Compilation)","Permanent Neow","Relic Stats","StSLib","The Marked"],"gold_per_floor":[210,223,241,254,254,285,285,174,174,192,205,205,218,252,252,355,355,370,385,256,256,267,267,294,305,332,332,344,344,374,51,51,156,156,173,191,241,259,271,298,316,25,25,25,37,48,66,97,97,97],"floor_reached":51,"language":"ENG","playtime":5941,"items_purged":["Koishi:CatchAndRose"],"score":790,"play_id":"05aba8d5-6424-4c94-b271-089f22bef0b5","local_time":"20210219012757","is_ascension_mode":false,"campfire_choices":[{"floor":7.0,"key":"REST"},{"data":"Koishi:Provoke","floor":12.0,"key":"SMITH"},{"data":"Koishi:HauntingSlash","floor":15.0,"key":"SMITH"},{"data":"Koishi:EmbryosDream","floor":23.0,"key":"SMITH"},{"data":"Koishi:VengefulSpirit","floor":27.0,"key":"SMITH"},{"data":"Koishi:RoseHell","floor":32.0,"key":"SMITH"},{"data":"Koishi:TerrifyingSpectre","floor":44,"key":"SMITH"},{"data":"Koishi:PhilosophyOfTheDespised","floor":49,"key":"SMITH"}],"circlet_count":0,"master_deck":["Koishi:BasicStrike+1","Koishi:BasicStrike+1","Koishi:BasicStrike+1","Koishi:BasicStrike+1","Koishi:BasicDefend+1","Koishi:BasicDefend+1","Koishi:BasicDefend+1","Koishi:BasicDefend+1","Koishi:Provoke+1","Koishi:HauntingSlash+1","Koishi:UnseenTerror","Koishi:PhantomStrike","Koishi:SpiritedAway","Koishi:Untouchable","Koishi:PhilosophyOfTheDespised+1","Koishi:Whimsy","Koishi:RoseHell+1","Koishi:GeneticsOfTheUnconscious","Koishi:PredatoryInstincts","Koishi:VengefulSpirit+1","Koishi:SubterraneanRose","Koishi:EmbryosDream+1","Koishi:UnconsciousUrges+1","Koishi:PhantomBarrier+1","Koishi:FleetingPhantom+1","Sadistic Nature","Koishi:SilentAndRestless","Koishi:FourthEye+1","Koishi:GeneticsOfTheUnconscious","Koishi:TerrifyingSpectre+1","Koishi:UnseenTerror","Koishi:Possession"],"relics":["Koishi:ImaginaryFriend","Sundial","Darkstone Periapt","Koishi:TeethAndClaws","Strawberry","Philosopher\u0027s Stone","Bag of Preparation","Pen Nib","Lantern","Happy Flower","Koishi:ColorfulDays","Bird Faced Urn","Vajra","Membership Card","Torii","Koishi:LettersToReimu","Gremlin Horn"],"acts_visited":["Exordium","TheCity","TheBeyond"],"potions_floor_usage":[46,50,50],"damage_taken":[{"damage":2.0,"enemies":"Cultist","floor":1.0,"turns":5.0},{"damage":1.0,"enemies":"Jaw Worm","floor":2.0,"turns":4.0},{"damage":0.0,"enemies":"2 Louse","floor":3.0,"turns":3.0},{"damage":4.0,"enemies":"Blue Slaver","floor":4.0,"turns":5.0},{"damage":19.0,"enemies":"3 Sentries","floor":6.0,"turns":8.0},{"damage":0.0,"enemies":"3 Louse","floor":10.0,"turns":4.0},{"damage":0.0,"enemies":"2 Fungi Beasts","floor":11.0,"turns":5.0},{"damage":0.0,"enemies":"Looter","floor":13.0,"turns":4.0},{"damage":8.0,"enemies":"Lagavulin","floor":14.0,"turns":10.0},{"damage":29.0,"enemies":"Hexaghost","floor":16.0,"turns":16.0},{"damage":2.0,"enemies":"Chosen","floor":18.0,"turns":5.0},{"damage":21.0,"enemies":"2 Thieves","floor":19.0,"turns":5.0},{"damage":3.0,"enemies":"Centurion and Healer","floor":22.0,"turns":8.0},{"damage":0.0,"enemies":"Gremlin Leader","floor":24.0,"turns":8.0},{"damage":6.0,"enemies":"Shelled Parasite and Fungi","floor":25.0,"turns":5.0},{"damage":0.0,"enemies":"Cultist and Chosen","floor":28.0,"turns":5.0},{"damage":12.0,"enemies":"Slavers","floor":30.0,"turns":5.0},{"damage":29.0,"enemies":"Automaton","floor":33.0,"turns":6.0},{"damage":0,"enemies":"3 Shapes","floor":35,"turns":5},{"damage":0,"enemies":"3 Darklings","floor":36,"turns":4},{"damage":23,"enemies":"Mind Bloom Boss Battle","floor":37,"turns":4},{"damage":0,"enemies":"Writhing Mass","floor":38,"turns":6},{"damage":15,"enemies":"Jaw Worm Horde","floor":39,"turns":5},{"damage":10,"enemies":"Nemesis","floor":40,"turns":7},{"damage":33,"enemies":"Maw","floor":41,"turns":8},{"damage":0,"enemies":"Spire Growth","floor":45,"turns":6},{"damage":0,"enemies":"Writhing Mass","floor":46,"turns":5},{"damage":0,"enemies":"Maw","floor":47,"turns":6},{"damage":0,"enemies":"Giant Head","floor":48,"turns":9},{"damage":43,"enemies":"Time Eater","floor":50,"turns":11}],"seed_played":"2410763098678053134","potions_obtained":[{"floor":2.0,"key":"SteroidPotion"},{"floor":6.0,"key":"Weak Potion"},{"floor":11.0,"key":"Ancient Potion"},{"floor":22.0,"key":"Fire Potion"},{"floor":25.0,"key":"Ancient Potion"},{"floor":33.0,"key":"BlessingOfTheForge"},{"floor":37,"key":"LiquidMemories"},{"floor":46,"key":"Block Potion"},{"floor":47,"key":"GamblersBrew"}],"is_trial":false,"path_per_floor":["M","M","M","M","?","E","R","$","T","M","M","R","M","E","R","B",null,"M","M","$","?","M","R","E","M","T","R","M","?","E","$","R","B",null,"M","M","?","M","M","E","M","$","T","R","M","M","M","E","R","B",null],"character_chosen":"KOISHI","items_purchased":["Koishi:Untouchable","Koishi:VengefulSpirit","Koishi:SubterraneanRose","Happy Flower","Sadistic Nature","Membership Card","Torii"],"campfire_rested":1,"item_purchase_floors":[8,20,20,31,31,42,42],"current_hp_per_floor":[60,60,60,58,40,21,39,39,39,40,45,45,48,54,54,43,67,67,52,52,52,63,63,67,67,67,67,67,67,67,67,67,44,67,67,67,54,67,67,67,52,52,52,52,67,67,67,67,67,33],"gold":97,"neow_bonus":"HUNDRED_GOLD","is_daily":false,"chose_seed":false,"campfire_upgraded":7,"win_rate":0.0,"timestamp":1613698077,"path_taken":["M","?","M","M","?","E","R","$","T","M","M","R","M","E","R","BOSS","M","M","$","?","M","R","E","M","T","R","M","?","E","$","R","BOSS","M","M","?","M","M","E","M","$","T","R","M","M","M","E","R","BOSS"],"items_purchased_type":["Card","Card","Card","Relic","Card","Relic","Relic"],"build_version":"2020-12-22","purchased_purges":1,"victory":true,"max_hp_per_floor":[60,60,60,60,60,60,60,60,60,60,60,60,60,67,67,67,67,67,67,67,67,67,67,67,67,67,67,67,67,67,67,67,67,67,67,67,67,67,67,67,67,67,67,67,67,67,67,67,67,67],"relic_stats":{"Darkstone Periapt":0,"Happy Flower":[27],"Torii":1,"Gremlin Horn":[0,0],"counters":[30,186],"Sundial":[28],"Bird Faced Urn":[29],"Pen Nib":[13],"Bag of Preparation":[31],"obtain_stats":[{"Darkstone Periapt":6,"Lantern":30,"Happy Flower":31,"Torii":42,"Gremlin Horn":48,"Vajra":40,"Koishi:TeethAndClaws":9,"Pen Nib":26,"Bag of Preparation":24,"Koishi:ColorfulDays":34,"Frozen Eye":36,"Sundial":5,"Strawberry":14,"Bird Faced Urn":37,"Philosopher\u0027s Stone":17,"Membership Card":42,"Koishi:ImaginaryFriend":0,"Koishi:LettersToReimu":43},{"Darkstone Periapt":5,"Lantern":17,"Happy Flower":17,"Torii":25,"Gremlin Horn":29,"Vajra":24,"Koishi:TeethAndClaws":5,"Pen Nib":15,"Bag of Preparation":14,"Koishi:ColorfulDays":18,"Frozen Eye":20,"Sundial":4,"Strawberry":9,"Bird Faced Urn":21,"Philosopher\u0027s Stone":10,"Membership Card":25,"Koishi:ImaginaryFriend":0,"Koishi:LettersToReimu":25},{"Darkstone Periapt":24,"Lantern":104,"Happy Flower":104,"Torii":149,"Gremlin Horn":175,"Vajra":141,"Koishi:TeethAndClaws":24,"Pen Nib":94,"Bag of Preparation":89,"Koishi:ColorfulDays":110,"Frozen Eye":116,"Sundial":16,"Strawberry":47,"Bird Faced Urn":123,"Philosopher\u0027s Stone":63,"Membership Card":149,"Koishi:ImaginaryFriend":0,"Koishi:LettersToReimu":149}]},"card_choices":[{"not_picked":["Koishi:RacingHeart","Koishi:ReleaseOfTheId"],"picked":"Koishi:UnseenTerror","floor":1.0},{"not_picked":["Koishi:SubconsciousSweep","Koishi:BramblyRoseGarden"],"picked":"Koishi:PhantomStrike","floor":2.0},{"not_picked":["Koishi:HeartAttack","Koishi:UnansweredLove"],"picked":"Koishi:CatchAndRose","floor":3.0},{"not_picked":["Koishi:HeartfeltFancy","Koishi:UnconsciousUrges"],"picked":"Koishi:SpiritedAway","floor":4.0},{"not_picked":["Koishi:CatchAndRose","Koishi:Bloodlust","Koishi:HeartAttack"],"picked":"SKIP","floor":6.0},{"not_picked":["Koishi:DreadfulBlow","Koishi:UnansweredLove","Koishi:Jaunt"],"picked":"SKIP","floor":10.0},{"not_picked":["Koishi:MindStellarRelief","Koishi:Untouchable"],"picked":"Koishi:PhilosophyOfTheDespised","floor":11.0},{"not_picked":["Koishi:FleetingPhantom","Koishi:SpiritedAway","Koishi:ReleaseOfTheId"],"picked":"SKIP","floor":13.0},{"not_picked":["Koishi:JumpScare","Koishi:StingingMind"],"picked":"Koishi:Whimsy","floor":14.0},{"not_picked":["Koishi:Ego","Koishi:MindStellarRelief"],"picked":"Koishi:RoseHell","floor":16.0},{"not_picked":["Koishi:EmbersOfLove","Koishi:DreadfulBlow"],"picked":"Koishi:GeneticsOfTheUnconscious","floor":18.0},{"not_picked":["Koishi:UnansweredLove","Koishi:MindNumbingTerror"],"picked":"Koishi:PredatoryInstincts","floor":19.0},{"not_picked":["Koishi:RacingHeart","Koishi:RorschachInDanmaku+1"],"picked":"Koishi:EmbryosDream","floor":22.0},{"not_picked":["Koishi:FourthEye+1","Koishi:YoukaiPolygraph"],"picked":"Koishi:UnconsciousUrges+1","floor":24.0},{"not_picked":["Koishi:BloodcurdlingScream","Koishi:FidgetySnatcher","Koishi:SubterraneanRose+1"],"picked":"SKIP","floor":25.0},{"not_picked":["Koishi:SubterraneanRose","Koishi:TremblingHands+1"],"picked":"Koishi:PhantomBarrier+1","floor":28.0},{"not_picked":["Koishi:UnconsciousUprising","Koishi:EmbersOfLove"],"picked":"Koishi:FleetingPhantom+1","floor":30.0},{"not_picked":["Koishi:ConditionedTeleport","Koishi:MindStellarRelief"],"picked":"Koishi:SilentAndRestless","floor":33.0},{"not_picked":["Koishi:FleetingPhantom+1","Koishi:BloodcurdlingScream"],"picked":"Koishi:FourthEye+1","floor":35},{"not_picked":["Koishi:UnseenTerror+1","Koishi:DanmakuParanoia","Koishi:FleetingPhantom+1"],"picked":"SKIP","floor":36},{"not_picked":["Koishi:Prune","Koishi:JumpScare+1"],"picked":"Koishi:GeneticsOfTheUnconscious","floor":37},{"not_picked":["Koishi:PhantomBarrier","Koishi:Prune","Koishi:UnconsciousUprising"],"picked":"SKIP","floor":38},{"not_picked":["Koishi:SprinkleStarAndHeart","Koishi:DreadfulBlow+1","Koishi:PhantomStrike"],"picked":"SKIP","floor":39},{"not_picked":["Koishi:UnconsciousUprising+1","Koishi:UnconsciousUrges+1"],"picked":"Koishi:TerrifyingSpectre","floor":40},{"not_picked":["Koishi:UnconsciousUrges+1","Koishi:SubterraneanRose+1","Koishi:DreadfulBlow+1"],"picked":"SKIP","floor":41},{"not_picked":["Koishi:Jaunt","Koishi:CatchAndRose","Koishi:HeartAttack+1"],"picked":"SKIP","floor":45},{"not_picked":["Koishi:PhantomStrike","Koishi:GeneticsOfTheUnconscious+1"],"picked":"Koishi:UnseenTerror","floor":46},{"not_picked":["Koishi:GeneticsOfTheUnconscious+1","Koishi:UnconsciousUprising+1","Koishi:CatchAndRose"],"picked":"SKIP","floor":47},{"not_picked":["Koishi:PhantomBarrier","Koishi:BloodcurdlingScream+1"],"picked":"Koishi:Possession","floor":48}],"player_experience":187582,"relics_obtained":[{"floor":6.0,"key":"Darkstone Periapt"},{"floor":9.0,"key":"Koishi:TeethAndClaws"},{"floor":14.0,"key":"Strawberry"},{"floor":24.0,"key":"Bag of Preparation"},{"floor":26.0,"key":"Pen Nib"},{"floor":30.0,"key":"Lantern"},{"floor":37,"key":"Bird Faced Urn"},{"floor":40,"key":"Vajra"},{"floor":43,"key":"Koishi:LettersToReimu"},{"floor":48,"key":"Gremlin Horn"}],"event_choices":[{"damage_healed":0.0,"max_hp_gain":0.0,"max_hp_loss":0.0,"gold_gain":0.0,"event_name":"Scrap Ooze","player_choice":"Success","floor":5.0,"gold_loss":0.0,"damage_taken":18.0,"relics_obtained":["Sundial"]},{"damage_healed":0.0,"max_hp_gain":0.0,"max_hp_loss":0.0,"gold_gain":0.0,"event_name":"Back to Basics","player_choice":"Simplicity","floor":21.0,"gold_loss":0.0,"damage_taken":0.0,"cards_upgraded":["Koishi:BasicStrike","Koishi:BasicStrike","Koishi:BasicStrike","Koishi:BasicStrike","Koishi:BasicDefend","Koishi:BasicDefend","Koishi:BasicDefend","Koishi:BasicDefend"]},{"damage_healed":0.0,"max_hp_gain":0.0,"max_hp_loss":0.0,"gold_gain":0.0,"event_name":"Ghosts","player_choice":"Ignored","floor":29.0,"gold_loss":0.0,"damage_taken":0.0},{"damage_healed":0,"gold_gain":0,"player_choice":"Fight","damage_taken":0,"max_hp_gain":0,"max_hp_loss":0,"event_name":"MindBloom","floor":37,"gold_loss":0}],"is_beta":false,"boss_relics":[{"not_picked":["Calling Bell","Runic Dome"],"picked":"Philosopher\u0027s Stone"},{"not_picked":["Pandora\u0027s Box","Snecko Eye"],"picked":"Koishi:ColorfulDays"}],"items_purged_floors":[8],"is_endless":false,"potions_floor_spawned":[2,6,11,16,22,25,33,36,37,45,46,47],"ascension_level":0}}