{"host":"ihsge0lre3slh6sc","time":1613710674,"event":{"mods":["Act Like it!","Arknights","BaseMod","Gensokyo","Highlight Path","Lobotomy","LobotomyExtend","Marisa（F雨　魔理沙）","Minty Spire (QoL Compilation)","MostiFishMod","Quick Restart","Shop Mod","StSLib","TestMod","Waifu the Spire","WarShipGirlsR/战舰少女R mod","Youmu（魂魄妖梦）","[IsaacMod]以撒尖塔","篝火指南"],"gold_per_floor":[109,4,20,337,337,364,289,320,320,320,320,345,345,245,245,323,323,323,423,423,443,843,881,881,925,925,948,959,978,603,621,496,569,569,784,784,804,815,865,899,924,538,610,610,610,154,199,213,13,15,15,15,15,51,65],"floor_reached":56,"language":"ZHS","playtime":2051,"items_purged":["Strike_MRS","Clumsy","Strike_MRS","Strike_MRS","Defend_MRS","Defend_MRS","Defend_MRS"],"score":2586,"play_id":"b784b87f-d78a-4b35-aedc-d022c4193de2","local_time":"20210219125754","is_ascension_mode":true,"campfire_choices":[{"data":"RefractionSpark","floor":10.0,"key":"SMITH"},{"data":"MasterSpark","floor":15.0,"key":"SMITH"},{"data":"FinalSpark","floor":24.0,"key":"SMITH"},{"floor":45,"key":"RECALL"},{"data":"MachineGunSpark","floor":52,"key":"SMITH"}],"circlet_count":0,"master_deck":["AscendersBane","Defend_MRS","MasterSpark+1","Orbital","MeteoricShower+1","RefractionSpark+1","MagicAbsorber+1","Orbital","CasketOfStar+1","MilkyWay","FinalSpark+1","DarkMatter","TreasureHunter+1","AlicesGift","MachineGunSpark+1"],"relics":["MiniHakkero","HushsDoor","DaveBox","EGODaCapo","MoneyPower","testmod-HeartOfStrike","Akabeko","SynthV:TestCard","LetterFromLob","Lantern","ImprovedEquipment","Oddly Smooth Stone","Strawberry","HornCleat","AmplifyWand","Gensokyo:NagashiBinaDoll","testmod-TimeTraveler","Damocles","CaptainsWheel","NineVolt","Regal Pillow","Ancient Tea Set","Vajra","Blue Candle","CeramicFish","PreservedInsect","Mercury Hourglass","testmod-Antiphasic","AnarchistCookbook","Bag of Marbles","Medical Kit","Frozen Eye","Boot","Empty Cage","MealTicket","testmod-OneHitWonder","SproutingBranch","PunchingBag","Bronze Scales","testmod-Acrobat","Whetstone","Civilization","Frozen Egg 2","Gensokyo:DualWield","DeadEye","GuppysPaw","GnawedLeaf","Potion Belt","Eternal Feather","HowToJump"],"acts_visited":["Exordium","Gensokyo:Gensokyo","Gensokyo:Gensokyoer","TheEnding"],"potions_floor_usage":[55,55],"damage_taken":[{"damage":0.0,"enemies":"Gensokyo:Python","floor":1.0,"turns":2.0},{"damage":6.0,"enemies":"Gensokyo:Gryphon","floor":3.0,"turns":4.0},{"damage":4.0,"enemies":"Gensokyo:2_Kodama","floor":4.0,"turns":4.0},{"damage":29.0,"enemies":"Gensokyo:Aya","floor":6.0,"turns":7.0},{"damage":13.0,"enemies":"Gensokyo:Cirno","floor":8.0,"turns":7.0},{"damage":8.0,"enemies":"Gensokyo:Mamizou","floor":12.0,"turns":6.0},{"damage":1.0,"enemies":"Gensokyo:Reimu","floor":16.0,"turns":9.0},{"damage":12.0,"enemies":"Gensokyo:Chomper","floor":19.0,"turns":5.0},{"damage":0.0,"enemies":"Gensokyo:Chomper","floor":21.0,"turns":2.0},{"damage":0.0,"enemies":"Gensokyo:Koishi","floor":23.0,"turns":2.0},{"damage":0.0,"enemies":"Gensokyo:Reisen","floor":25.0,"turns":2.0},{"damage":0.0,"enemies":"Gensokyo:AngelMirror","floor":27.0,"turns":2.0},{"damage":0.0,"enemies":"Gensokyo:Monolith_and_Dog","floor":28.0,"turns":1.0},{"damage":0.0,"enemies":"Gensokyo:Swordslinger","floor":29.0,"turns":2.0},{"damage":0.0,"enemies":"Gensokyo:Chomper_and_Gloop","floor":31.0,"turns":3.0},{"damage":5.0,"enemies":"Gensokyo:Eternal_Rivals","floor":33.0,"turns":5.0},{"damage":0.0,"enemies":"Gensokyo:3_Boulders","floor":35.0,"turns":3.0},{"damage":0.0,"enemies":"Gensokyo:AncientGuardian","floor":37.0,"turns":3.0},{"damage":0.0,"enemies":"Gensokyo:Dusk_and_Dawn","floor":38.0,"turns":1.0},{"damage":0.0,"enemies":"Gensokyo:Kasen","floor":40.0,"turns":1.0},{"damage":0.0,"enemies":"Gensokyo:AtlasGolem","floor":41.0,"turns":2.0},{"damage":0,"enemies":"Gensokyo:Marisa","floor":47,"turns":1},{"damage":0,"enemies":"Gensokyo:SeedOfUnknown","floor":48,"turns":1},{"damage":0,"enemies":"Gensokyo:Yuyuko","floor":50,"turns":1},{"damage":0,"enemies":"Shield and Spear","floor":54,"turns":1},{"damage":0,"enemies":"The Heart","floor":55,"turns":5}],"seed_played":"-7822478238784824333","potions_obtained":[{"floor":4.0,"key":"Swift Potion"},{"floor":6.0,"key":"DuplicationPotion"},{"floor":12.0,"key":"Regen Potion"},{"floor":23.0,"key":"SmokeBomb"},{"floor":25.0,"key":"DuplicationPotion"},{"floor":39.0,"key":"Fruit Juice"},{"floor":48,"key":"Block Potion"},{"floor":54,"key":"testmod-TestPotion"}],"is_trial":false,"path_per_floor":["M","COS","M","M","?","E","R","E","T","R","?","E","?","$","R","B",null,"M","?","?","M","?","E","R","E","T","M","M","M","COS","M","R","B",null,"M","?","M","M","?","E","M","$","T","?","R","$","E","M","R","B",null,"R","$","E","B",null],"character_chosen":"MARISA","items_purchased":["Damocles","Civilization","AlicesGift","DeadEye"],"campfire_rested":0,"item_purchase_floors":[17,42,42,46],"current_hp_per_floor":[63,63,57,53,53,24,24,18,18,18,18,10,10,10,10,24,53,53,41,26,26,26,26,26,26,26,26,26,26,26,26,26,21,52,52,52,52,52,57,57,62,67,67,67,67,67,68,70,70,73,73,73,73,78,88],"gold":65,"neow_bonus":"RANDOM_COMMON_RELIC","is_daily":false,"chose_seed":false,"campfire_upgraded":4,"win_rate":0.0,"timestamp":1613710674,"path_taken":["M","COS","M","?","?","E","R","E","T","R","?","E","?","$","R","BOSS","M","?","?","?","?","E","R","E","T","M","M","M","COS","M","R","BOSS","M","?","M","M","?","E","M","?","T","?","R","$","E","M","R","BOSS","R","$","E","BOSS"],"items_purchased_type":["Relic","Relic","Card","Relic"],"build_version":"2020-12-22","purchased_purges":7,"victory":true,"max_hp_per_floor":[70,70,70,70,70,70,70,77,77,77,77,77,77,77,77,77,62,62,62,62,62,62,62,62,62,62,62,62,62,62,62,62,62,62,62,62,62,62,67,67,67,67,67,67,67,67,68,70,70,73,73,73,73,78,88],"card_choices":[{"not_picked":["GrandCross","ChargingUp","BlazingStar"],"picked":"SKIP","floor":1.0},{"not_picked":["ShootTheMoon","ManaConvection","Singularity","SporeBomb"],"picked":"Orbital","floor":3.0},{"not_picked":["ShootTheMoon","Robbery","OneTimeOff","EnergyRecoil"],"picked":"MeteoricShower","floor":4.0},{"not_picked":["GrandCross","UltimateShortwave","SporeBomb","AsteroidBelt"],"picked":"RefractionSpark","floor":5.0},{"not_picked":["ShootTheMoon","OpenUniverse","ChargingUp","DoubleSpark"],"picked":"MagicAbsorber","floor":6.0},{"not_picked":["ShootingEcho","LuminesStrike","GravityBeat","6A","ChargingUp"],"picked":"SKIP","floor":8.0},{"not_picked":["OpenUniverse","Occultation","DeepEcoloBomb","EarthLightRay"],"picked":"Orbital","floor":12.0},{"not_picked":["MaximisePower","SuperNova","StarDustReverie","TreasureHunter"],"picked":"CasketOfStar","floor":16.0},{"not_picked":["ChargingUp","LuminesStrike","Acceleration","PulseMagic"],"picked":"MilkyWay","floor":19.0},{"not_picked":["GalacticHalo","UnstableBomb","ChargingUp","SporeBomb","BlazeAway"],"picked":"SKIP","floor":21.0},{"not_picked":["EscapeVelocity","UnstableBomb","PowerUp","Occultation"],"picked":"FinalSpark","floor":23.0},{"not_picked":["PulseMagic","MilkyWay","MysteriousBeam","GravityBeat"],"picked":"DarkMatter","floor":25.0},{"not_picked":["EnergyRecoil+1","LuminesStrike","WitchOfGreed","GalacticHalo"],"picked":"TreasureHunter","floor":27.0},{"not_picked":["WitchOfGreed","GravityBeat","Acceleration","EnergyFlow","6A"],"picked":"SKIP","floor":28.0},{"not_picked":["RefractionSpark","Acceleration+1","DoubleSpark","PowerUp+1","GrandCross"],"picked":"SKIP","floor":29.0},{"not_picked":["DC","6A","UnstableBomb","EnergyRecoil","StarDustReverie"],"picked":"SKIP","floor":31.0},{"not_picked":["EventHorizon+1","ShootTheMoon","DC","ShootingEcho","MilkyWay+1"],"picked":"SKIP","floor":35.0},{"not_picked":["GravityBeat","StarlightTyphoon","LuminesStrike","MagicAbsorber","EarthLightRay"],"picked":"SKIP","floor":37.0},{"not_picked":["MagicChant+1","MilkyWay","ChargingUp","NonDirectionalLaser","DoubleSpark"],"picked":"SKIP","floor":38.0},{"not_picked":["PulseMagic","EarthLightRay","DarkSpark","SporeBomb","Acceleration"],"picked":"SKIP","floor":40.0},{"not_picked":["WitchOfGreed","WitchLeyline","BlazingStar","6A","ShootTheMoon"],"picked":"SKIP","floor":41.0},{"not_picked":["EventHorizon+1","ShootingEcho","TreasureHunter","OrrerysSun+1"],"picked":"MachineGunSpark","floor":47},{"not_picked":["WitchLeyline+1","GrandCross","6A","Occultation","NonDirectionalLaser+1"],"picked":"SKIP","floor":48},{"not_picked":["ShootTheMoon","DC","GrandCross","SporeBomb","Orbital"],"picked":"SKIP","floor":54}],"player_experience":815857,"relics_obtained":[{"floor":1.0,"key":"SynthV:TestCard"},{"floor":1.0,"key":"LetterFromLob"},{"floor":6.0,"key":"Oddly Smooth Stone"},{"floor":8.0,"key":"Strawberry"},{"floor":9.0,"key":"HornCleat"},{"floor":12.0,"key":"AmplifyWand"},{"floor":19.0,"key":"CaptainsWheel"},{"floor":19.0,"key":"NineVolt"},{"floor":19.0,"key":"Regal Pillow"},{"floor":21.0,"key":"Vajra"},{"floor":23.0,"key":"Blue Candle"},{"floor":23.0,"key":"CeramicFish"},{"floor":25.0,"key":"PreservedInsect"},{"floor":25.0,"key":"Mercury Hourglass"},{"floor":27.0,"key":"testmod-Antiphasic"},{"floor":28.0,"key":"AnarchistCookbook"},{"floor":29.0,"key":"Bag of Marbles"},{"floor":31.0,"key":"Boot"},{"floor":35.0,"key":"MealTicket"},{"floor":37.0,"key":"testmod-OneHitWonder"},{"floor":38.0,"key":"SproutingBranch"},{"floor":40.0,"key":"Bronze Scales"},{"floor":40.0,"key":"testmod-Acrobat"},{"floor":41.0,"key":"Whetstone"},{"floor":43.0,"key":"Frozen Egg 2"},{"floor":47,"key":"GuppysPaw"},{"floor":47,"key":"GnawedLeaf"},{"floor":48,"key":"Potion Belt"},{"floor":54,"key":"Eternal Feather"},{"floor":54,"key":"HowToJump"}],"event_choices":[{"damage_healed":0.0,"max_hp_gain":0.0,"max_hp_loss":0.0,"gold_gain":400.0,"event_name":"恩洛斯的盘子","player_choice":"Sell","floor":22.0,"relics_lost":["testmod-TestBox"],"gold_loss":0.0,"damage_taken":0.0},{"damage_healed":0.0,"max_hp_gain":0.0,"max_hp_loss":0.0,"gold_gain":0.0,"event_name":"给自己的盒子","player_choice":"Swap Relic","floor":39.0,"relics_lost":["Tiny House"],"gold_loss":0.0,"damage_taken":0.0,"relics_obtained":["Tiny House"]}],"is_beta":false,"boss_relics":[{"not_picked":["Cursed Key","testmod-BloodSacrificeSpiritualization"],"picked":"testmod-TimeTraveler"},{"not_picked":[]},{"not_picked":["Philosopher\u0027s Stone","testmod-Fanaticism"],"picked":"Empty Cage"},{"not_picked":[]}],"items_purged_floors":[7,14,17,32,42,46,49],"is_endless":false,"potions_floor_spawned":[4,6,12,23,25,28,29,37,38,48,54],"ascension_level":16}}