{"host":"ydg0vn0pu4pubmdt","time":1613769328,"event":{"mods":["AchievementEnabler","BaseMod","Colored Map","Minty Spire (QoL Compilation)","Quick Restart","SuperFastMode"],"gold_per_floor":[13,26,40,40,40,40,60,95,95,95,112,112,142,160,160,160,160],"floor_reached":16,"language":"KOR","playtime":261,"items_purged":[],"score":224,"play_id":"280b156d-6ff5-4174-bdcc-19c5ed62467b","local_time":"20210220061528","is_ascension_mode":true,"campfire_choices":[{"data":"Offering","floor":6.0,"key":"SMITH"},{"floor":12.0,"key":"REST"},{"data":"Blood for Blood","floor":15.0,"key":"SMITH"}],"circlet_count":0,"master_deck":["AscendersBane","Strike_R","Strike_R","Strike_R","Strike_R","Defend_R","Defend_R","Defend_R","Defend_R","Bash","Offering+1","Carnage","Immolate","Power Through","Blood for Blood+1"],"relics":["Burning Blood","Art of War","Unceasing Top","Singing Bowl","Prayer Wheel"],"acts_visited":["Exordium"],"potions_floor_usage":[16],"damage_taken":[{"damage":8.0,"enemies":"Cultist","floor":1.0,"turns":4.0},{"damage":4.0,"enemies":"Small Slimes","floor":2.0,"turns":4.0},{"damage":6.0,"enemies":"2 Louse","floor":3.0,"turns":2.0},{"damage":15.0,"enemies":"Red Slaver","floor":7.0,"turns":2.0},{"damage":45.0,"enemies":"Gremlin Nob","floor":8.0,"turns":4.0},{"damage":0.0,"enemies":"2 Fungi Beasts","floor":11.0,"turns":2.0},{"damage":18.0,"enemies":"3 Sentries","floor":13.0,"turns":5.0},{"damage":0.0,"enemies":"Lots of Slimes","floor":14.0,"turns":1.0},{"damage":40,"enemies":"Hexaghost","floor":16,"turns":7}],"seed_played":"6309095470414501314","potions_obtained":[{"floor":1.0,"key":"ColorlessPotion"},{"floor":2.0,"key":"ElixirPotion"},{"floor":10.0,"key":"Strength Potion"},{"floor":10.0,"key":"PowerPotion"}],"is_trial":false,"path_per_floor":["M","M","M","?","?","R","M","E","T","?","M","R","E","M","R","B"],"character_chosen":"IRONCLAD","items_purchased":[],"campfire_rested":1,"item_purchase_floors":[],"current_hp_per_floor":[66,68,68,61,61,61,52,13,13,13,19,41,31,39,39,0,0],"gold":160,"neow_bonus":"THREE_RARE_CARDS","is_daily":false,"chose_seed":false,"campfire_upgraded":2,"win_rate":0.0,"timestamp":1613769328,"path_taken":["M","M","M","?","?","R","?","E","T","?","M","R","E","M","R","BOSS"],"items_purchased_type":[],"build_version":"2020-12-22","purchased_purges":0,"victory":false,"max_hp_per_floor":[75,75,75,75,75,75,75,75,75,75,75,75,77,79,79,79,79],"card_choices":[{"not_picked":["Corruption","Limit Break"],"picked":"Offering","floor":0.0},{"not_picked":["Second Wind","Body Slam"],"picked":"Carnage","floor":1.0},{"not_picked":["Headbutt","Cleave","Flex"],"picked":"SKIP","floor":2.0},{"not_picked":["Anger","Twin Strike","Flex"],"picked":"SKIP","floor":3.0},{"not_picked":["Warcry","Thunderclap","Sword Boomerang"],"picked":"SKIP","floor":7.0},{"not_picked":["Twin Strike","Sever Soul"],"picked":"Immolate","floor":8.0},{"not_picked":["Wild Strike","Bloodletting"],"picked":"Power Through","floor":11.0},{"not_picked":["Rupture","Body Slam","Hemokinesis"],"picked":"Singing Bowl","floor":13.0},{"not_picked":["Pommel Strike","Havoc","Perfected Strike"],"picked":"Singing Bowl","floor":14.0},{"not_picked":["Body Slam","Whirlwind"],"picked":"Blood for Blood","floor":14.0}],"player_experience":615071,"relics_obtained":[{"floor":8.0,"key":"Unceasing Top"},{"floor":9.0,"key":"Singing Bowl"},{"floor":13.0,"key":"Prayer Wheel"}],"event_choices":[{"cards_removed":["Strike_R"],"damage_healed":0.0,"max_hp_gain":0.0,"max_hp_loss":0.0,"gold_gain":0.0,"event_name":"Golden Wing","player_choice":"Card Removal","floor":4.0,"gold_loss":0.0,"damage_taken":7.0},{"damage_healed":0.0,"max_hp_gain":0.0,"max_hp_loss":0.0,"gold_gain":0.0,"event_name":"WeMeetAgain","player_choice":"Gave Potion","floor":5.0,"gold_loss":0.0,"damage_taken":0.0,"relics_obtained":["Art of War"]},{"damage_healed":0.0,"max_hp_gain":0.0,"max_hp_loss":0.0,"gold_gain":0.0,"event_name":"Lab","player_choice":"Got Potions","floor":10.0,"gold_loss":0.0,"damage_taken":0.0}],"is_beta":false,"boss_relics":[],"items_purged_floors":[],"is_endless":false,"potions_floor_spawned":[1,2,14],"killed_by":"Hexaghost","ascension_level":20}}