{"host":"cvdbfwtypahr1w62","time":1613772743,"event":{"mods":["AchievementEnabler","Act Like it!","BaseMod","BetterRewards","Card Forge","Colored Map","Filter the Spire","Hallownest","Highlight Path","Jorbs\u0027s Wanderer Trilogy","Marisa????????","Minty Spire (QoL Compilation)","Rare Cards Sparkle","Relic Stats","Shop Mod","StSLib","The Bug Knight","The Cursed"],"gold_per_floor":[216,229,239,239,239,239,251,251,299,224,242,167,107,136,136,136,136],"floor_reached":16,"language":"ENG","playtime":748,"items_purged":["HollowMod:NailStrikeStart+1","HollowMod:NailStrikeStart+1"],"score":125,"play_id":"b2582fd9-39cc-44af-a37b-b618c61d7148","local_time":"20210219231223","is_ascension_mode":false,"campfire_choices":[{"data":"HollowMod:InfectedAttack","floor":6,"key":"SMITH"},{"floor":8,"key":"REST"},{"data":"HollowMod:InfectedAttack","floor":15,"key":"SMITH"}],"circlet_count":0,"master_deck":["HollowMod:NailStrikeStart+1","HollowMod:NailStrikeStart+1","HollowMod:FocusHealStart+1","HollowMod:PogoStrike+1","HollowMod:InfectedAttack+1","HollowMod:InfectedAttack+1","Hallownest:skillLeafShield+1","Hallownest:skillLeafShield+1","Hallownest:skillLeafShield+1","Hallownest:skillLeafShield+1","Hallownest:skillLeafShield+1","HollowMod:InfectedAttack+1"],"relics":["HollowMod:VesselMask","Hammer of Thor","Seething Fire","Anvil of the Gods","Hallownest:BankAccountRelic","Akabeko"],"acts_visited":["Exordium"],"potions_floor_usage":[7],"damage_taken":[{"damage":3,"enemies":"Hallownest:2_MossCreeps","floor":1,"turns":7},{"damage":6,"enemies":"Hallownest:2_Tiktiks_and_1_Crawlid","floor":2,"turns":4},{"damage":10,"enemies":"Hallownest:monsterHuskWarrior","floor":3,"turns":3},{"damage":0,"enemies":"Hallownest:monsterFoolEater","floor":7,"turns":3},{"damage":19,"enemies":"Hallownest:Guard_and_Warrior","floor":11,"turns":4},{"damage":17,"enemies":"Hallownest:eliteMossKnight","floor":14,"turns":3},{"damage":53,"enemies":"Hallownest:BossHornet","floor":16,"turns":4}],"seed_played":"-6908188371275490852","potions_obtained":[{"floor":3,"key":"Energy Potion"},{"floor":7,"key":"GamblersBrew"},{"floor":11,"key":"FearPotion"}],"is_trial":false,"path_per_floor":["M","M","M","?","?","R","M","R","T","$","M","?","$","E","R","B"],"character_chosen":"THE_BUGKNIGHT","items_purchased":[],"campfire_rested":1,"item_purchase_floors":[],"current_hp_per_floor":[75,69,59,59,59,59,59,75,75,75,56,56,56,39,39,0,0],"gold":136,"neow_bonus":"HUNDRED_GOLD","is_daily":false,"chose_seed":false,"campfire_upgraded":2,"win_rate":0.0,"timestamp":1613772743,"path_taken":["M","M","?","?","?","R","M","R","T","$","M","?","?","E","R","BOSS"],"items_purchased_type":[],"build_version":"2020-12-22","purchased_purges":2,"victory":false,"max_hp_per_floor":[75,75,75,75,75,75,75,75,75,75,75,75,75,75,75,75,75],"relic_stats":{"counters":[76,416],"obtain_stats":[{"Darkstone Periapt":9,"Lantern":24,"Hallownest:StagBellRelic1":10,"SacredBark":17,"HollowMod:VesselMask":0,"Mango":0,"Juzu Bracelet":43,"Incense Burner":2,"Hallownest:DreamNailRelic":3,"Whetstone":0,"Boot":8,"Smiling Mask":9,"Hallownest:GodTamersBeastRelic":45,"ClockworkSouvenir":0,"Matryoshka":31,"Sundial":43,"Pantograph":6,"Philosopher\u0027s Stone":17,"Fusion Hammer":34,"Kunai":9,"Chemical X":30,"Toxic Egg 2":9,"InkBottle":14,"Runic Pyramid":34,"Hallownest:BeastSealRelic":48,"HollowMod:JonisBlessing":0,"Oddly Smooth Stone":20,"Frozen Egg 2":22,"Akabeko":14,"WarpedTongs":28,"Mercury Hourglass":0,"SlaversCollar":17,"Bottled Flame":26,"Hallownest:WatcherSealRelic":20,"Ornamental Fan":11,"Hallownest:BankAccountRelic":12,"Bronze Scales":20,"Art of War":26,"Unceasing Top":8,"Pocketwatch":0},{"Darkstone Periapt":60,"Lantern":10,"Hallownest:StagBellRelic1":60,"SacredBark":61,"HollowMod:VesselMask":0,"Mango":18,"Juzu Bracelet":17,"Incense Burner":19,"Hallownest:DreamNailRelic":31,"Whetstone":0,"Boot":4,"Smiling Mask":4,"Hallownest:GodTamersBeastRelic":54,"ClockworkSouvenir":18,"Matryoshka":12,"Sundial":17,"Pantograph":3,"Philosopher\u0027s Stone":7,"Fusion Hammer":46,"Kunai":20,"Chemical X":44,"Toxic Egg 2":34,"InkBottle":22,"Runic Pyramid":13,"Hallownest:BeastSealRelic":54,"HollowMod:JonisBlessing":0,"Oddly Smooth Stone":63,"Frozen Egg 2":9,"Akabeko":75,"WarpedTongs":43,"Mercury Hourglass":55,"SlaversCollar":39,"Bottled Flame":11,"Hallownest:WatcherSealRelic":41,"Ornamental Fan":36,"Hallownest:BankAccountRelic":74,"Bronze Scales":25,"Art of War":65,"Unceasing Top":60,"Pocketwatch":0},{"Darkstone Periapt":335,"Lantern":51,"Hallownest:StagBellRelic1":335,"SacredBark":349,"HollowMod:VesselMask":0,"Mango":100,"Juzu Bracelet":91,"Incense Burner":102,"Hallownest:DreamNailRelic":168,"Whetstone":0,"Boot":16,"Smiling Mask":16,"Hallownest:GodTamersBeastRelic":299,"ClockworkSouvenir":100,"Matryoshka":59,"Sundial":91,"Pantograph":11,"Philosopher\u0027s Stone":32,"Fusion Hammer":267,"Kunai":105,"Chemical X":253,"Toxic Egg 2":181,"InkBottle":113,"Runic Pyramid":71,"Hallownest:BeastSealRelic":299,"HollowMod:JonisBlessing":0,"Oddly Smooth Stone":360,"Frozen Egg 2":39,"Akabeko":412,"WarpedTongs":248,"Mercury Hourglass":310,"SlaversCollar":217,"Bottled Flame":55,"Hallownest:WatcherSealRelic":230,"Ornamental Fan":195,"Hallownest:BankAccountRelic":409,"Bronze Scales":137,"Art of War":370,"Unceasing Top":335,"Pocketwatch":0}]},"card_choices":[{"not_picked":["HollowMod:SoulSplash","HollowMod:HowlingWraiths"],"picked":"HollowMod:InfectedAttack","floor":1},{"not_picked":["HollowMod:DashSlash","HollowMod:DoubleDash"],"picked":"HollowMod:InfectedAttack","floor":2},{"not_picked":["HollowMod:InfectedCysts","HollowMod:TaintedHusks","HollowMod:CornifersMapStart"],"picked":"SKIP","floor":3},{"not_picked":["HollowMod:CrystalDash","HollowMod:NewLittleFool","HollowMod:SoulEater"],"picked":"SKIP","floor":7},{"not_picked":["HollowMod:TaintedHusks","HollowMod:VengefulVoid","HollowMod:SoulEater"],"picked":"SKIP","floor":11},{"not_picked":["HollowMod:PureNailStrike","HollowMod:SoulVessel"],"picked":"HollowMod:InfectedAttack","floor":14}],"player_experience":798427,"relics_obtained":[{"floor":14,"key":"Akabeko"}],"event_choices":[],"is_beta":false,"boss_relics":[],"items_purged_floors":[10,13],"is_endless":false,"potions_floor_spawned":[3,7,11],"killed_by":"Hallownest:BossHornet","ascension_level":0}}