{"host":"etc34k4ck9qyv0fa","time":1613769313,"event":{"mods":["AchievementEnabler","BaseMod","Colored Map","Colored Powertips","Marisa????????","Minty Spire (QoL Compilation)","Reimu??????","Replay The Spire","StSLib","The Animator","The Servant 0.9.4"],"gold_per_floor":[112,262,275,37,37,37,68,80,106,106,118,129,145,145,145,219,219,229,279,294,311,311,311,325,325,406,439,439,439],"floor_reached":28,"language":"ENG","playtime":895,"items_purged":["Doubt"],"score":517,"play_id":"547338e8-bc89-47d1-b694-439ce22ce9d8","local_time":"20210219221513","is_ascension_mode":true,"campfire_choices":[{"data":"DeepEcoloBomb","floor":6,"key":"SMITH"},{"floor":10,"key":"REST"},{"floor":15,"key":"REST"},{"floor":23,"key":"REST"},{"floor":25,"key":"REST"}],"circlet_count":0,"master_deck":["AscendersBane","Strike_MRS","Strike_MRS","Defend_MRS","Defend_MRS","Defend_MRS+1","Defend_MRS","MasterSpark","UpSweep","PulseMagic","RefractionSpark","DeepEcoloBomb+1","GalacticHalo+1","ChargeUpSpray+1","Singularity","FairyDestructionRay+1","PulseMagic","FinalSpark+1","ShootingEcho+1","AsteroidBelt","GalacticHalo","ShootTheMoon+1","RefractionSpark+1"],"relics":["MiniHakkero","Replay:Wax Seal","RuthlessExorcism:ReiMu","Molten Egg 2","War Paint","Replay:Bronze Core","Darkstone Periapt","CrazyTorch:ReiMu"],"acts_visited":["Exordium","TheCity"],"potions_floor_usage":[11,16,20,27],"damage_taken":[{"damage":2,"enemies":"2 Louse","floor":1,"turns":2},{"damage":1,"enemies":"Cultist","floor":3,"turns":3},{"damage":32,"enemies":"Gremlin Nob","floor":7,"turns":4},{"damage":2,"enemies":"Small Slimes","floor":8,"turns":3},{"damage":0,"enemies":"Red Slaver","floor":11,"turns":2},{"damage":6,"enemies":"Exordium Thugs","floor":12,"turns":3},{"damage":9,"enemies":"Exordium Wildlife","floor":13,"turns":3},{"damage":51,"enemies":"Hexaghost","floor":16,"turns":11},{"damage":0,"enemies":"3 Byrds","floor":18,"turns":1},{"damage":0,"enemies":"Spheric Guardian","floor":20,"turns":2},{"damage":22,"enemies":"Snake Plant","floor":21,"turns":3},{"damage":12,"enemies":"Centurion and Healer","floor":24,"turns":8},{"damage":36,"enemies":"Book of Stabbing","floor":27,"turns":5},{"damage":30,"enemies":"Shelled Parasite and Fungi","floor":28,"turns":3}],"seed_played":"1717784680648955468","potions_obtained":[{"floor":1,"key":"BlessingOfTheForge"},{"floor":8,"key":"Reflective Coating"},{"floor":11,"key":"Doom Potion"},{"floor":20,"key":"Milkshake"}],"is_trial":false,"path_per_floor":["M","?","M","$","?","R","E","M","T","R","M","M","M","?","R","B",null,"M","?","M","M","?","R","M","R","T","E","M"],"character_chosen":"MARISA","items_purchased":["RuthlessExorcism:ReiMu"],"campfire_rested":4,"item_purchase_floors":[4],"current_hp_per_floor":[61,61,60,60,60,60,28,26,26,47,47,41,32,32,53,2,53,53,53,53,31,31,52,40,61,61,25,0,0],"gold":439,"neow_bonus":"RANDOM_COMMON_RELIC","is_daily":false,"chose_seed":false,"campfire_upgraded":1,"win_rate":0.0,"timestamp":1613769313,"path_taken":["M","?","M","$","?","R","E","M","T","R","M","?","M","?","R","BOSS","M","?","M","?","?","R","M","R","T","E","?"],"items_purchased_type":["Relic"],"build_version":"2020-12-22","purchased_purges":1,"victory":false,"max_hp_per_floor":[70,70,70,70,70,70,70,70,70,70,70,70,70,70,70,70,70,70,70,70,70,70,70,70,70,70,70,70,70],"card_choices":[{"not_picked":["AlicesGift","GrandCross"],"picked":"PulseMagic","floor":1},{"not_picked":["PulseMagic","EnergyFlow"],"picked":"RefractionSpark","floor":3},{"not_picked":["UnstableBomb+1","6A+1"],"picked":"GalacticHalo","floor":7},{"not_picked":["IllusionStar","MilkyWay"],"picked":"ChargeUpSpray+1","floor":8},{"not_picked":["ShootingEcho+1","IllusionStar"],"picked":"Singularity","floor":11},{"not_picked":["PowerUp","ChargingUp"],"picked":"FairyDestructionRay+1","floor":12},{"not_picked":["StarBarrage+1","GalacticHalo"],"picked":"PulseMagic","floor":13},{"not_picked":["BlazingStar+1","SuperNova"],"picked":"FinalSpark+1","floor":16},{"not_picked":["DoubleSpark+1","DarkSpark+1"],"picked":"ShootingEcho+1","floor":18},{"not_picked":["SporeBomb","MilkyWay"],"picked":"AsteroidBelt","floor":20},{"not_picked":["6A+1","UnstableBomb+1","IllusionStar"],"picked":"SKIP","floor":21},{"not_picked":["NonDirectionalLaser+1","OpenUniverse"],"picked":"ShootTheMoon+1","floor":24},{"not_picked":["EnergyFlow","AbsoluteMagnitude+1"],"picked":"RefractionSpark+1","floor":27}],"player_experience":504204,"relics_obtained":[{"floor":7,"key":"Molten Egg 2"},{"floor":9,"key":"War Paint"},{"floor":26,"key":"Darkstone Periapt"},{"floor":27,"key":"CrazyTorch:ReiMu"}],"event_choices":[{"damage_healed":0,"gold_gain":150,"player_choice":"AGREE","damage_taken":0,"max_hp_gain":0,"max_hp_loss":0,"event_name":"Liars Game","floor":2,"gold_loss":0,"cards_obtained":["Doubt"]},{"damage_healed":0,"gold_gain":0,"cards_transformed":["Strike_MRS"],"player_choice":"Transformed","damage_taken":0,"max_hp_gain":0,"max_hp_loss":0,"event_name":"Transmorgrifier","floor":5,"gold_loss":0,"cards_obtained":["DeepEcoloBomb"]},{"damage_healed":0,"gold_gain":0,"player_choice":"Ignored","damage_taken":0,"max_hp_gain":0,"max_hp_loss":0,"event_name":"Shining Light","floor":14,"gold_loss":0},{"damage_healed":0,"gold_gain":100,"player_choice":"Bet on Murderer","damage_taken":0,"max_hp_gain":0,"max_hp_loss":0,"event_name":"The Joust","floor":19,"gold_loss":50},{"damage_healed":0,"gold_gain":0,"cards_transformed":["Strike_MRS"],"player_choice":"Transformed","damage_taken":0,"max_hp_gain":0,"max_hp_loss":0,"event_name":"Transmorgrifier","floor":22,"gold_loss":0,"cards_obtained":["GalacticHalo"]}],"is_beta":false,"boss_relics":[{"not_picked":["BewitchedHakkero","Snecko Eye"],"picked":"Replay:Bronze Core"}],"items_purged_floors":[4],"is_endless":false,"potions_floor_spawned":[1,8,11,13,20],"killed_by":"Shelled Parasite and Fungi","ascension_level":19}}