{"host":"id23shmscryl4psl","time":1613778897,"event":{"mods":["BaseMod","Better Altar","Better Match","Better Note","Better Sensory Stone","Better Skull","Better Third Choice","Colored Map","Colored Powertips","Dark Map","Downfall","HololiveMod","Minty Spire (QoL Compilation)","Rare Cards Sparkle","Relic Stats","Robot Space Explorer","StSLib"],"gold_per_floor":[99,114,132,148,158,158,183,206,222,239,255,287,287,300,310,310,310,310],"floor_reached":16,"language":"ENG","playtime":1560,"items_purged":[],"score":108,"play_id":"f367be97-0a22-4330-b908-07f94d3e36bd","local_time":"20210219165457","is_ascension_mode":false,"campfire_choices":[{"data":"hexamod:Float","floor":1,"key":"SMITH"},{"data":"hexamod:Sear","floor":6,"key":"SMITH"}],"circlet_count":0,"master_deck":["hexamod:Strike","hexamod:Strike","hexamod:Strike","hexamod:Strike","hexamod:Defend","hexamod:Defend","hexamod:Defend","hexamod:Defend","hexamod:Sear+1","hexamod:Float+1","hexamod:NightmareGuise","hexamod:DynamicBlow","hexamod:BurningTouch","hexamod:FourthSeal","hexamod:SkipABeat","hexamod:HexaLevel+1","hexamod:Hexaguard","hexamod:Firestarter","hexamod:ExtraCrispy","hexamod:PhantomFireball"],"relics":["hexamod:SpiritBrand","Odd Mushroom","Blood Vial"],"acts_visited":["Exordium"],"potions_floor_usage":[8,12,12,12,14,16,16],"damage_taken":[{"damage":0,"enemies":"Small Slimes","floor":2,"turns":3},{"damage":0,"enemies":"2 Louse","floor":3,"turns":3},{"damage":1,"enemies":"Cultist","floor":4,"turns":3},{"damage":1,"enemies":"2 Fungi Beasts","floor":5,"turns":5},{"damage":34,"enemies":"The Mushroom Lair","floor":8,"turns":8},{"damage":4,"enemies":"Exordium Wildlife","floor":9,"turns":4},{"damage":0,"enemies":"downfall:LooterAlt","floor":10,"turns":3},{"damage":9,"enemies":"Blue Slaver","floor":11,"turns":4},{"damage":19,"enemies":"Gremlin Nob","floor":12,"turns":5},{"damage":2,"enemies":"2 Fungi Beasts","floor":14,"turns":3},{"damage":5,"enemies":"downfall:LooterAlt","floor":15,"turns":3},{"damage":41,"enemies":"WA_ARCHETYPE_RETAIN","floor":16,"turns":7}],"seed_played":"-8833985472274114802","potions_obtained":[{"floor":5,"key":"Dexterity Potion"},{"floor":8,"key":"hexamod:InfernoChargePotion"},{"floor":9,"key":"hexamod:InfernoChargePotion"},{"floor":9,"key":"hexamod:DoubleChargePotion"},{"floor":10,"key":"hexamod:EctoCoolerPotion"},{"floor":10,"key":"Ancient Potion"},{"floor":11,"key":"PowerPotion"},{"floor":12,"key":"Fire Potion"},{"floor":14,"key":"Regen Potion"},{"floor":15,"key":"Swift Potion"}],"is_trial":false,"path_per_floor":["R","M","M","M","M","R","T","?","M","M","M","E","?","M","M","B"],"character_chosen":"THE_SPIRIT","items_purchased":[],"campfire_rested":0,"item_purchase_floors":[],"current_hp_per_floor":[77,77,77,76,75,75,75,41,37,37,28,9,9,9,6,0,0,0],"gold":310,"neow_bonus":"TEN_PERCENT_HP_BONUS","is_daily":false,"chose_seed":false,"campfire_upgraded":2,"win_rate":0.0,"timestamp":1613778897,"path_taken":["R","M","M","M","M","R","T","?","M","M","M","E","?","?","M","BOSS"],"items_purchased_type":[],"build_version":"2020-12-22","purchased_purges":0,"victory":false,"max_hp_per_floor":[77,77,77,77,77,77,77,77,77,77,77,77,77,77,77,77,77,77],"relic_stats":{"Blood Vial":6,"counters":[12,51],"obtain_stats":[{"Blood Vial":12,"Odd Mushroom":8,"hexamod:SpiritBrand":0},{"Blood Vial":9,"Odd Mushroom":5,"hexamod:SpiritBrand":0},{"Blood Vial":38,"Odd Mushroom":22,"hexamod:SpiritBrand":0}]},"card_choices":[{"not_picked":["hexamod:HeatMetal","hexamod:ShieldOfDarkness"],"picked":"hexamod:NightmareGuise","floor":2},{"not_picked":["hexamod:Rewind","hexamod:EtherealExpedition"],"picked":"hexamod:DynamicBlow","floor":3},{"not_picked":["hexamod:ThermalTransfer","hexamod:SpectralAdrenaline"],"picked":"hexamod:BurningTouch","floor":4},{"not_picked":["hexamod:GhostOfSpireFuture","hexamod:InspiringFlames"],"picked":"hexamod:FourthSeal","floor":5},{"not_picked":["hexamod:SwordOfDarkness","hexamod:BacktrackSmack"],"picked":"hexamod:SkipABeat","floor":8},{"not_picked":["hexamod:HeatMetal","hexamod:GhostLash"],"picked":"hexamod:HexaLevel","floor":9},{"not_picked":["hexamod:GhostLash","hexamod:ExtraCrispy"],"picked":"hexamod:Hexaguard","floor":10},{"not_picked":["hexamod:InspiringFlames","hexamod:PhantomCloak","hexamod:AdvancingGuard"],"picked":"SKIP","floor":11},{"not_picked":["hexamod:HeatCrush","hexamod:BurningTouch"],"picked":"hexamod:Firestarter","floor":12},{"not_picked":["hexamod:SoulSteal","hexamod:GhostOfSpirePast"],"picked":"hexamod:ExtraCrispy","floor":14},{"not_picked":["hexamod:NecessarySacrifice","hexamod:GhostLash"],"picked":"hexamod:PhantomFireball","floor":15}],"player_experience":115419,"relics_obtained":[{"floor":8,"key":"Odd Mushroom"},{"floor":12,"key":"Blood Vial"}],"event_choices":[{"damage_healed":0,"gold_gain":0,"player_choice":"Fought Mushrooms","damage_taken":0,"max_hp_gain":0,"max_hp_loss":0,"event_name":"Mushrooms","floor":8,"gold_loss":0},{"damage_healed":0,"gold_gain":0,"player_choice":"Forge","damage_taken":0,"max_hp_gain":0,"max_hp_loss":0,"event_name":"Accursed Blacksmith","floor":13,"gold_loss":0,"cards_upgraded":["hexamod:HexaLevel"]}],"is_beta":false,"boss_relics":[],"items_purged_floors":[],"is_endless":false,"potions_floor_spawned":[5,9,10,11,15],"killed_by":"WA_ARCHETYPE_RETAIN","ascension_level":0}}