{"host":"xltl1aroowo69o4n","time":1613700065,"event":{"mods":["BaseMod","Colored Map","Colored Powertips","Downfall","Marisa????????","Minty Spire (QoL Compilation)","Replay The Spire","StSLib","The Cursed","The Hierophant","The Mystic","The Necromancer","The Servant 0.9.4"],"gold_per_floor":[99,115,134,151,165,165,188,217,117,27,40,190,190,209,228,325,325,225,239,124,124,124,144,144,129,144,44,59,74,74,88,101,201,201,201,214,233,233,265,283,51,65,84,84,84,84,84,84],"floor_reached":46,"language":"ENG","playtime":4717,"items_purged":["Clumsy","downfall:Icky","Languid"],"score":708,"play_id":"f81761d8-3c64-4b40-8c27-288598376b6b","local_time":"20210218210105","is_ascension_mode":false,"campfire_choices":[{"floor":1.0,"key":"DIG"},{"floor":9.0,"key":"RECALL"},{"floor":13.0,"key":"REST"},{"floor":18.0,"key":"DIG"},{"data":"sneckomod:TrashToTreasure","floor":27.0,"key":"SMITH"},{"floor":30.0,"key":"REST"},{"data":"sneckomod:SerpentIdol","floor":35,"key":"SMITH"}],"circlet_count":0,"master_deck":["sneckomod:Strike","sneckomod:Strike","sneckomod:Strike+1","sneckomod:Defend","sneckomod:Defend","sneckomod:Defend","sneckomod:TailWhip","sneckomod:SnekBite+1","sneckomod:Unknown","sneckomod:UnknownCommonAttack","sneckomod:ImprovisedGuard","sneckomod:UnknownDraw","sneckomod:Nope","sneckomod:CheapStock","sneckomod:WideSting","sneckomod:SerpentIdol","sneckomod:DiceCrush","sneckomod:TrashToTreasure+1","sneckomod:MorePower","sneckomod:UnknownRareSkill+1","sneckomod:Nope+1","Outmaneuver","sneckomod:UnknownUncommonPower+1","sneckomod:ImprovisedAttack","sneckomod:QuickMove+1","sneckomod:UnknownRareAttack+1","sneckomod:UnknownClassWHITE+1","sneckomod:SerpentIdol+1","sneckomod:UnknownRarePower","sneckomod:SoulDraw+1","sneckomod:UnknownUncommonAttack+1","sneckomod:DangerNoodle","Clumsy","Writhe","sneckomod:UnknownRareAttack+1","sneckomod:UnknownRareAttack","sneckomod:UnknownRareSkill+1","sneckomod:UnknownRarePower+1","expansioncontent:QuickStudy","ReplayTheSpireMod:Necrogeddon","Discovery","Magnetism","sneckomod:UnknownExhaust+1","sneckomod:SnakeSap"],"relics":["Runic Pyramid","m_SnakeBloodCore","Nunchaku","Vajra","downfall:HeartBlessingGreen","Painkiller Herb","downfall:HeartBlessingRed","Toy Ornithopter","downfall:RedIOU","downfall:HeartBlessingBlue","Replay:Ancient Bell","Strawberry","Ornamental Fan","Counterbalance","downfall:TeleportStone","Matryoshka","ReplayTheSpireMod:ShopPack"],"acts_visited":["Exordium","TheCity","TheBeyond","TheEnding"],"potions_floor_usage":[32,33,33,39,43,44,44,46],"damage_taken":[{"damage":11.0,"enemies":"2 Louse","floor":2.0,"turns":3.0},{"damage":1.0,"enemies":"Jaw Worm","floor":3.0,"turns":3.0},{"damage":0.0,"enemies":"Small Slimes","floor":4.0,"turns":2.0},{"damage":6.0,"enemies":"Exordium Wildlife","floor":5.0,"turns":3.0},{"damage":24.0,"enemies":"Lagavulin","floor":8.0,"turns":6.0},{"damage":0.0,"enemies":"downfall:FleeingMerchant","floor":10.0,"turns":4.0},{"damage":27.0,"enemies":"Red Slaver","floor":11.0,"turns":3.0},{"damage":0.0,"enemies":"Gremlin Gang","floor":14.0,"turns":2.0},{"damage":7.0,"enemies":"Red Slaver","floor":15.0,"turns":2.0},{"damage":34.0,"enemies":"DF_ARCHETYPE_STREAMLINE","floor":16.0,"turns":10.0},{"damage":0.0,"enemies":"Spheric Guardian","floor":19.0,"turns":4.0},{"damage":0.0,"enemies":"downfall:FleeingMerchant","floor":20.0,"turns":4.0},{"damage":23.0,"enemies":"Snake Plant","floor":23.0,"turns":3.0},{"damage":7.0,"enemies":"downfall:FleeingMerchant","floor":25.0,"turns":4.0},{"damage":0.0,"enemies":"Snecko","floor":26.0,"turns":3.0},{"damage":28.0,"enemies":"Sentry and Sphere","floor":28.0,"turns":4.0},{"damage":10.0,"enemies":"Cultist and Chosen","floor":29.0,"turns":5.0},{"damage":28.0,"enemies":"Snake Plant","floor":31.0,"turns":5.0},{"damage":21,"enemies":"Shelled Parasite and Fungi","floor":32,"turns":2},{"damage":51,"enemies":"SI_MIRROR_ARCHETYPE","floor":33,"turns":12},{"damage":2,"enemies":"3 Darklings","floor":36,"turns":7},{"damage":13,"enemies":"Orb Walker","floor":37,"turns":3},{"damage":14,"enemies":"Nemesis","floor":39,"turns":5},{"damage":2,"enemies":"Sphere and 2 Shapes","floor":40,"turns":6},{"damage":22,"enemies":"downfall:FleeingMerchant","floor":41,"turns":4},{"damage":29,"enemies":"4 Shapes","floor":42,"turns":6},{"damage":20,"enemies":"Maw","floor":43,"turns":7},{"damage":23,"enemies":"WA_ARCHETYPE_DIVINITY","floor":44,"turns":9},{"damage":148,"enemies":"downfall:CharBossMerchant","floor":46,"turns":8}],"seed_played":"5238007303990381677","potions_obtained":[{"floor":2.0,"key":"AttackPotion"},{"floor":5.0,"key":"Explosive Potion"},{"floor":8.0,"key":"PowerPotion"},{"floor":19.0,"key":"BlessingOfTheForge"},{"floor":26.0,"key":"sneckomod:MuddlingPotion"},{"floor":28.0,"key":"SteroidPotion"},{"floor":33,"key":"PowerPotion"},{"floor":36,"key":"sneckomod:MuddlingPotion"},{"floor":42,"key":"LifebloodPotion"},{"floor":43,"key":"Languid Potion"}],"is_trial":false,"path_per_floor":["R_BF","M","M","M","M","?","T","E","R","$","M","?","R","M","M","B",null,"T","?","T","?","?","?","T","T","?","T","?","?","T","?","?","B",null,"T","?","?","?","E","?","T","?","?","B",null,"E"],"character_chosen":"THE_SNECKO","items_purchased":["expansioncontent:QuickStudy","LiquidMemories","EssenceOfSteel","ReplayTheSpireMod:ShopPack"],"campfire_rested":2,"item_purchase_floors":[41,41,41,41],"current_hp_per_floor":[90,79,78,78,72,72,72,51,51,54,32,32,59,62,58,27,90,90,90,90,90,90,76,76,72,82,92,67,60,90,65,52,14,107,107,107,97,97,91,92,73,47,40,30,107,0,0,0],"gold":84,"neow_bonus":"BOSS_RELIC","is_daily":false,"chose_seed":false,"campfire_upgraded":2,"win_rate":0.0,"timestamp":1613700065,"path_taken":["R_BF","M","M","M","M","?","T","E","R","$","M","?","R","M","M","BOSS","T","?","T","?","?","?","T","?","?","T","?","?","T","?","?","BOSS","T","?","?","?","E","?","T","?","?","BOSS","E"],"items_purchased_type":["Card","Potion","Potion","Relic"],"build_version":"2020-12-13","purchased_purges":3,"victory":false,"max_hp_per_floor":[90,90,90,90,90,90,90,90,90,90,90,90,90,90,90,90,90,90,90,90,90,90,90,90,90,90,100,100,100,100,100,100,100,107,107,107,107,107,107,107,107,107,107,107,107,107,107,107],"card_choices":[{"not_picked":["sneckomod:SnekBeam","sneckomod:UnknownX"],"picked":"sneckomod:UnknownCommonAttack","floor":2.0},{"not_picked":["sneckomod:UnknownStrike","sneckomod:UnknownExhaust"],"picked":"sneckomod:ImprovisedGuard","floor":3.0},{"not_picked":["sneckomod:UnknownUncommonPower","sneckomod:SoulRoll"],"picked":"sneckomod:UnknownDraw","floor":4.0},{"not_picked":["sneckomod:UnknownDraw","sneckomod:UnknownX"],"picked":"sneckomod:Nope","floor":5.0},{"not_picked":["sneckomod:UnendingSupply","sneckomod:UnknownExhaust"],"picked":"sneckomod:CheapStock","floor":8.0},{"not_picked":["Havoc","sneckomod:Unknown2Cost"],"picked":"sneckomod:WideSting","floor":10.0},{"not_picked":["Reboot","sneckomod:Nope"],"picked":"sneckomod:SerpentIdol","floor":11.0},{"not_picked":["Perfected Strike","ReplayTheSpireMod:GoodbyeWorld"],"picked":"sneckomod:DiceCrush","floor":14.0},{"not_picked":["sneckomod:PureSnecko","Havoc"],"picked":"sneckomod:TrashToTreasure","floor":15.0},{"not_picked":["Night Terror","sneckomod:Unknown3Cost"],"picked":"sneckomod:MorePower","floor":16.0},{"not_picked":["sneckomod:UnknownX+1","sneckomod:UnknownCommonSkill+1"],"picked":"sneckomod:UnknownRareSkill+1","floor":19.0},{"not_picked":["sneckomod:SoulRoll","sneckomod:QuickBite+1"],"picked":"sneckomod:Nope+1","floor":19.0},{"not_picked":["sneckomod:UnknownX+1","sneckomod:Unknown0Cost+1"],"picked":"sneckomod:UnknownUncommonPower+1","floor":20.0},{"not_picked":["sneckomod:UnknownUncommonSkill+1","sneckomod:PureSnecko"],"picked":"sneckomod:ImprovisedAttack","floor":20.0},{"not_picked":["sneckomod:MasterEye+1","sneckomod:UnknownBlock"],"picked":"sneckomod:QuickMove+1","floor":23.0},{"not_picked":["sneckomod:UnknownClassGREEN+1","sneckomod:UnknownUncommonAttack+1"],"picked":"sneckomod:UnknownRareAttack+1","floor":25.0},{"not_picked":["sneckomod:TrashToTreasure","sneckomod:UnknownDraw","sneckomod:UnknownClassGREEN"],"picked":"SKIP","floor":25.0},{"not_picked":["sneckomod:PureSnecko","sneckomod:UnknownClassGREEN"],"picked":"sneckomod:UnknownClassWHITE+1","floor":26.0},{"not_picked":["sneckomod:Rotation","sneckomod:Memorize+1"],"picked":"sneckomod:SerpentIdol","floor":28.0},{"not_picked":["sneckomod:ImprovisedGuard","sneckomod:UnknownUncommonSkill+1"],"picked":"sneckomod:UnknownRarePower","floor":29.0},{"not_picked":["sneckomod:RainOfDice","sneckomod:UnknownVulnerable","sneckomod:DiceBoulder"],"picked":"SKIP","floor":31.0},{"not_picked":["sneckomod:PureSnecko","sneckomod:UnknownExhaust"],"picked":"sneckomod:SoulDraw+1","floor":32},{"not_picked":["sneckomod:UnknownCommonSkill+1","sneckomod:UnknownStrike+1"],"picked":"sneckomod:UnknownUncommonAttack+1","floor":33},{"not_picked":["sneckomod:UnknownRareSkill","sneckomod:UnlimitedRolls"],"picked":"sneckomod:DangerNoodle","floor":33},{"not_picked":["Hallucinations","Pain"],"picked":"Clumsy","floor":34},{"not_picked":["Looming Evil","ReplayTheSpireMod:Restless Dread"],"picked":"Writhe","floor":34},{"not_picked":["Regret","ReplayTheSpireMod:Doomed"],"picked":"Languid","floor":34},{"not_picked":["sneckomod:UnknownExhaust+1","sneckomod:UnknownUncommonPower+1"],"picked":"sneckomod:UnknownRareAttack+1","floor":36},{"not_picked":["sneckomod:SoulRoll+1","sneckomod:UnknownCommonAttack"],"picked":"sneckomod:UnknownRareAttack","floor":36},{"not_picked":["sneckomod:UnknownClassRED","sneckomod:UnknownUncommonAttack","sneckomod:DiceBlock"],"picked":"SKIP","floor":37},{"not_picked":["sneckomod:UnknownBlock+1","sneckomod:UnknownWeak+1"],"picked":"sneckomod:UnknownRareSkill+1","floor":39},{"not_picked":["sneckomod:Unknown1Cost","sneckomod:DiceBoulder","sneckomod:SoulDraw+1"],"picked":"SKIP","floor":39},{"not_picked":["sneckomod:UnknownUncommonAttack+1","sneckomod:UnknownDraw+1"],"picked":"sneckomod:UnknownRarePower+1","floor":40},{"not_picked":["sneckomod:RainOfDice+1","sneckomod:SnekBeam","sneckomod:UnknownX+1"],"picked":"SKIP","floor":40},{"not_picked":["sneckomod:Mudshield","sneckomod:SoulDraw+1","sneckomod:MasterEye"],"picked":"SKIP","floor":41},{"not_picked":["The Bomb","Transmutation"],"picked":"ReplayTheSpireMod:Necrogeddon","floor":41},{"not_picked":["Replay:Sssssssssstrike","Poisoned Strike"],"picked":"Discovery","floor":41},{"not_picked":["Poisoned Strike","ReplayTheSpireMod:Trickstab"],"picked":"Magnetism","floor":41},{"not_picked":["sneckomod:Unknown2Cost+1","sneckomod:Unknown1Cost+1"],"picked":"sneckomod:UnknownExhaust+1","floor":42},{"not_picked":["sneckomod:UnknownUncommonAttack","sneckomod:UnknownCommonAttack"],"picked":"sneckomod:SnakeSap","floor":42},{"not_picked":["sneckomod:ImprovisedAttack+1","sneckomod:Unknown1Cost+1","sneckomod:IronFang+1"],"picked":"SKIP","floor":43}],"player_experience":215259,"relics_obtained":[{"floor":1.0,"key":"Whetstone"},{"floor":7.0,"key":"Nunchaku"},{"floor":8.0,"key":"Vajra"},{"floor":18.0,"key":"Toy Ornithopter"},{"floor":39,"key":"Matryoshka"}],"event_choices":[{"damage_healed":0.0,"max_hp_gain":0.0,"max_hp_loss":0.0,"gold_gain":0.0,"event_name":"Ghosts","player_choice":"Ignored","floor":21.0,"gold_loss":0.0,"damage_taken":0.0}],"is_beta":false,"boss_relics":[{"not_picked":["Runic Dome","ReplayTheSpireMod:DimensionalGlitch"],"picked":"Painkiller Herb"},{"not_picked":["bronze:MakeshiftBattery","Abe\u0027s Treasure"],"picked":"Replay:Ancient Bell"},{"not_picked":["Happy Flower","sneckomod:SneckoCommon"],"picked":"Strawberry"},{"not_picked":["Sundial","Replay:Bottled Steam"],"picked":"Ornamental Fan"},{"not_picked":["WingedGreaves","Peace Pipe"],"picked":"Counterbalance"}],"items_purged_floors":[10,20,41],"is_endless":false,"potions_floor_spawned":[2,5,8,19,26,28,29,31,33,36,42,43],"killed_by":"downfall:CharBossMerchant","ascension_level":0}}