{"host":"ppqll9nf92xyjrj9","time":1613731020,"event":{"mods":["Act Like it!","Arknights","BaseMod","Bestiary","Better Third Choice","Bossed Relics","Curses Come First","Ekko","Evolution","Hermit","Jorbs\u0027s Wanderer Trilogy","Keyboard Shortcuts","Marked Mod","Minty Spire (QoL Compilation)","Relic Stats","Shapeshifter Mod","Spicy Shops","StS++","StSLib","The Marked","The Runesmith","Weighted Paths","【遗物卡牌】REMEMod"],"gold_per_floor":[114,125,125,135,135,168,168,180,180,280,300,325,305,330,342,454,466,498,510,522,534,565,577,603,615,615],"floor_reached":25,"language":"ENG","playtime":1166,"items_purged":[],"score":232,"play_id":"3eba6332-22cc-435e-93b8-753323ff70ff","local_time":"20210219023700","is_ascension_mode":true,"campfire_choices":[{"data":"theMarked:ComboAttacks","floor":7,"key":"SMITH"},{"floor":15,"key":"REST"},{"floor":23,"key":"REST"}],"circlet_count":0,"master_deck":["theMarked:Frustration","theMarked:Strike","theMarked:Strike","theMarked:Strike","theMarked:Strike","theMarked:Defend","theMarked:Defend","theMarked:Defend","theMarked:SoldierOfQuellstein","Study","theMarked:WardOff","theMarked:BanishingWave","theMarked:RogueSparks","theMarked:ComboAttacks+1","theMarked:RogueSparks","theMarked:OneWithTheBlade","theMarked:Aftermath","theMarked:ComboAttacks","theMarked:EternalStudent","theMarked:Friction","theMarked:RogueSparks","theMarked:HeightenedSenses"],"relics":["EVO:Axolotl","REME_ComplimentaryCards","Runic Pyramid","Juzu Bracelet","Regal Pillow","HornCleat","MawBank","Cursed Key"],"acts_visited":["Exordium","TheCity"],"potions_floor_usage":[12,14,14,16,24],"damage_taken":[{"damage":7,"enemies":"Cultist","floor":1,"turns":6},{"damage":2,"enemies":"2 Louse","floor":2,"turns":3},{"damage":3,"enemies":"Small Slimes","floor":4,"turns":2},{"damage":17,"enemies":"Lagavulin","floor":6,"turns":7},{"damage":6,"enemies":"Gremlin Gang","floor":8,"turns":3},{"damage":11,"enemies":"Exordium Thugs","floor":11,"turns":4},{"damage":8,"enemies":"Gremlin Nob","floor":12,"turns":3},{"damage":9,"enemies":"Lagavulin","floor":14,"turns":5},{"damage":58,"enemies":"Slime Boss","floor":16,"turns":13},{"damage":20,"enemies":"Spheric Guardian","floor":18,"turns":5},{"damage":38,"enemies":"Chosen","floor":22,"turns":7},{"damage":39,"enemies":"Snake Plant","floor":24,"turns":6}],"seed_played":"-5933764674866186130","potions_obtained":[{"floor":1,"key":"Energy Potion"},{"floor":4,"key":"DuplicationPotion"},{"floor":12,"key":"SkillPotion"},{"floor":13,"key":"Regen Potion"},{"floor":16,"key":"StSpp:SecondWindPotion"},{"floor":22,"key":"BlessingOfTheForge"},{"floor":24,"key":"LiquidMemories"}],"is_trial":false,"path_per_floor":["M","M","?","M","?","E","R","M","T","?","M","E","?","E","R","B",null,"M","$","?","?","M","R","M","?"],"character_chosen":"THE_DEFAULT","items_purchased":[],"campfire_rested":2,"item_purchase_floors":[],"current_hp_per_floor":[65,63,68,65,58,41,41,35,35,35,24,16,16,21,59,1,77,57,57,43,43,5,44,5,0,0],"gold":615,"neow_bonus":"BOSS_RELIC","is_daily":false,"chose_seed":false,"campfire_upgraded":1,"win_rate":0.0,"timestamp":1613731020,"path_taken":["M","M","?","M","?","E","R","M","T","?","M","E","?","E","R","BOSS","M","?","?","?","M","R","M","?"],"items_purchased_type":[],"build_version":"2020-12-22","purchased_purges":0,"victory":false,"max_hp_per_floor":[72,72,77,77,77,77,77,77,77,77,77,77,77,77,77,77,77,77,77,82,82,82,82,82,82,82],"relic_stats":{"Regal Pillow":30,"counters":[12,63],"Juzu Bracelet":2,"MawBank":132,"Cursed Key":0,"obtain_stats":[{"theMarked:ArtifactOfAir":0,"Regal Pillow":9,"HornCleat":12,"Juzu Bracelet":6,"EVO:Axolotl":0,"MawBank":14,"Cursed Key":17,"REME_ComplimentaryCards":0,"Runic Pyramid":0},{"theMarked:ArtifactOfAir":0,"Regal Pillow":5,"HornCleat":7,"Juzu Bracelet":4,"EVO:Axolotl":0,"MawBank":8,"Cursed Key":9,"REME_ComplimentaryCards":0,"Runic Pyramid":0},{"theMarked:ArtifactOfAir":0,"Regal Pillow":21,"HornCleat":28,"Juzu Bracelet":18,"EVO:Axolotl":0,"MawBank":33,"Cursed Key":46,"REME_ComplimentaryCards":0,"Runic Pyramid":0}]},"card_choices":[{"not_picked":["theMarked:Parkour","theMarked:TheMission"],"picked":"theMarked:WardOff","floor":1},{"not_picked":["theMarked:WastefulAttack","theMarked:SwordAndMagic"],"picked":"theMarked:BanishingWave","floor":2},{"not_picked":["theMarked:TakeCover","theMarked:WardOff"],"picked":"theMarked:RogueSparks","floor":4},{"not_picked":["theMarked:Opportunist","theMarked:ParalyzingBlade"],"picked":"theMarked:ComboAttacks","floor":6},{"not_picked":["theMarked:ElectricStrings","theMarked:TheMission"],"picked":"theMarked:RogueSparks","floor":8},{"not_picked":["theMarked:TwofoldDefense","theMarked:WastefulAttack"],"picked":"theMarked:OneWithTheBlade","floor":11},{"not_picked":["theMarked:ChainLightning","theMarked:WardOff"],"picked":"theMarked:Aftermath","floor":12},{"not_picked":["theMarked:Convert","theMarked:Electrocute"],"picked":"theMarked:ComboAttacks","floor":14},{"not_picked":["theMarked:BiggerThanFate","theMarked:Defy"],"picked":"theMarked:EternalStudent","floor":16},{"not_picked":["theMarked:ElectricStrings","theMarked:EmpowerWeapon+1"],"picked":"theMarked:Friction","floor":18},{"not_picked":["theMarked:ShockingTouch","theMarked:GodGivenPower"],"picked":"theMarked:RogueSparks","floor":22},{"not_picked":["theMarked:WastefulAttack","theMarked:Memento"],"picked":"theMarked:HeightenedSenses","floor":24}],"player_experience":113648,"relics_obtained":[{"floor":6,"key":"Juzu Bracelet"},{"floor":9,"key":"Regal Pillow"},{"floor":12,"key":"HornCleat"},{"floor":14,"key":"MawBank"}],"event_choices":[{"damage_healed":0,"gold_gain":0,"player_choice":"Donut","damage_taken":0,"max_hp_gain":5,"max_hp_loss":0,"event_name":"Big Fish","floor":3,"gold_loss":0},{"cards_removed":["theMarked:Defend"],"damage_healed":0,"gold_gain":0,"player_choice":"Card Removal","damage_taken":7,"max_hp_gain":0,"max_hp_loss":0,"event_name":"Golden Wing","floor":5,"gold_loss":0},{"damage_healed":0,"gold_gain":100,"player_choice":"Pray","damage_taken":0,"max_hp_gain":0,"max_hp_loss":0,"event_name":"Golden Shrine","floor":10,"gold_loss":0},{"damage_healed":0,"gold_gain":0,"player_choice":"Bought 1 Potion","damage_taken":0,"max_hp_gain":0,"max_hp_loss":0,"event_name":"The Woman in Blue","floor":13,"gold_loss":0},{"damage_healed":0,"gold_gain":0,"player_choice":"Shed Blood","damage_taken":19,"max_hp_gain":5,"max_hp_loss":0,"event_name":"Forgotten Altar","floor":20,"gold_loss":0},{"damage_healed":0,"gold_gain":0,"player_choice":"Ignored","damage_taken":0,"max_hp_gain":0,"max_hp_loss":0,"event_name":"Vampires","floor":21,"gold_loss":0}],"is_beta":false,"boss_relics":[{"not_picked":["REME_DuelDisc","SlaversCollar"],"picked":"Cursed Key"}],"items_purged_floors":[],"is_endless":false,"potions_floor_spawned":[1,4,12,16,22,24],"ascension_level":1}}