{"host":"yx5rao87132cy5xq","time":1613696303,"event":{"mods":["2.2 Compatiblity","AchievementEnabler","BaseMod","Bestiary","Colored Map","Colored Powertips","Minty Spire (QoL Compilation)","Quick Restart","Relic Stats","Slay-I","SuperFastMode"],"gold_per_floor":[111,122,139,152,162,162,189,189,189,189,218,234,250,270,270,348,348,365,365,280,298,310,339,68,68,147,147,7,21,54,70,70,147,147,157,157,32,85,103,103,129,129,203,220,220,220],"floor_reached":45,"language":"ENG","playtime":2560,"items_purged":["Strike_R","Strike_R","Wild Strike"],"score":996,"play_id":"61701653-2fd4-40df-bfdf-c579dd449027","local_time":"20210219015823","is_ascension_mode":true,"campfire_choices":[{"data":"Wild Strike","floor":6.0,"key":"SMITH"},{"floor":8.0,"key":"REST"},{"data":"True Grit","floor":15.0,"key":"SMITH"},{"data":"Dark Embrace","floor":25.0,"key":"SMITH"},{"floor":27.0,"key":"REST"},{"data":"Evolve","floor":32.0,"key":"SMITH"}],"circlet_count":0,"master_deck":["AscendersBane","Bash","Anger","True Grit+1","Wild Strike+1","True Grit+1","Uppercut+1","Intimidate+1","Flex+1","Headbutt+1","Offering+1","Dark Embrace+1","Clash+1","Sword Boomerang+1","Havoc+1","Double Tap+1","Whirlwind+1","Evolve+1","True Grit+1","Second Wind+1","Fiend Fire+1","Ghostly Armor+1","Body Slam+1","Dual Wield+1","Wild Strike+1","Sword Boomerang+1","Armaments+1","Enlightenment+1","Shockwave+1"],"relics":["Burning Blood","Toxic Egg 2","Molten Egg 2","Mummified Hand","Mark of Pain","Ornamental Fan","InkBottle","Blue Candle","Bird Faced Urn","Pandora\u0027s Box","Girya","Pear","Gremlin Horn"],"acts_visited":["Exordium","TheCity","TheBeyond"],"potions_floor_usage":[45],"damage_taken":[{"damage":10.0,"enemies":"2 Louse","floor":1.0,"turns":3.0},{"damage":0.0,"enemies":"Cultist","floor":2.0,"turns":2.0},{"damage":9.0,"enemies":"Jaw Worm","floor":3.0,"turns":3.0},{"damage":14.0,"enemies":"Lots of Slimes","floor":4.0,"turns":4.0},{"damage":8.0,"enemies":"Blue Slaver","floor":5.0,"turns":2.0},{"damage":33.0,"enemies":"3 Sentries","floor":7.0,"turns":10.0},{"damage":25.0,"enemies":"Gremlin Nob","floor":11.0,"turns":4.0},{"damage":8.0,"enemies":"3 Louse","floor":12.0,"turns":2.0},{"damage":1.0,"enemies":"Looter","floor":13.0,"turns":3.0},{"damage":1.0,"enemies":"Blue Slaver","floor":14.0,"turns":2.0},{"damage":28.0,"enemies":"Hexaghost","floor":16.0,"turns":10.0},{"damage":22.0,"enemies":"3 Byrds","floor":18.0,"turns":9.0},{"damage":18.0,"enemies":"2 Thieves","floor":21.0,"turns":3.0},{"damage":15.0,"enemies":"Snake Plant","floor":22.0,"turns":4.0},{"damage":26.0,"enemies":"Book of Stabbing","floor":23.0,"turns":5.0},{"damage":6.0,"enemies":"Cultist and Chosen","floor":29.0,"turns":2.0},{"damage":31.0,"enemies":"Slavers","floor":30.0,"turns":4.0},{"damage":7.0,"enemies":"Centurion and Healer","floor":31.0,"turns":4.0},{"damage":37.0,"enemies":"Collector","floor":33.0,"turns":8.0},{"damage":12.0,"enemies":"Orb Walker","floor":35.0,"turns":2.0},{"damage":6.0,"enemies":"2 Orb Walkers","floor":38.0,"turns":2.0},{"damage":44.0,"enemies":"3 Shapes","floor":39.0,"turns":6.0},{"damage":0.0,"enemies":"Sphere and 2 Shapes","floor":40.0,"turns":1.0},{"damage":7.0,"enemies":"Giant Head","floor":41.0,"turns":4.0},{"damage":47,"enemies":"Spire Growth","floor":44,"turns":4},{"damage":19,"enemies":"Nemesis","floor":45,"turns":5}],"seed_played":"7070156149171144642","potions_obtained":[{"floor":2.0,"key":"DistilledChaos"},{"floor":7.0,"key":"Regen Potion"},{"floor":10.0,"key":"HeartOfIron"},{"floor":13.0,"key":"Strength Potion"},{"floor":21.0,"key":"EntropicBrew"},{"floor":29.0,"key":"BloodPotion"},{"floor":30.0,"key":"Regen Potion"},{"floor":31.0,"key":"Block Potion"},{"floor":35.0,"key":"SmokeBomb"},{"floor":39.0,"key":"DistilledChaos"},{"floor":44,"key":"PowerPotion"}],"is_trial":false,"path_per_floor":["M","M","M","M","M","R","E","R","T","?","E","M","M","M","R","B",null,"M","?","?","M","M","E","$","R","T","R","$","M","E","M","R","B",null,"M","?","$","?","M","M","E","?","T","M","E"],"character_chosen":"IRONCLAD","items_purchased":["Whirlwind+1","BloodPotion","AttackPotion","Evolve"],"campfire_rested":2,"item_purchase_floors":[24,24,24,28],"current_hp_per_floor":[71,77,74,66,64,64,37,61,61,61,42,40,54,59,59,37,71,55,55,55,43,34,14,30,30,30,54,54,54,29,48,48,36,71,65,65,65,69,33,39,52,52,52,13,0,0],"gold":220,"neow_bonus":"TEN_PERCENT_HP_BONUS","is_daily":false,"chose_seed":false,"campfire_upgraded":4,"win_rate":0.0,"timestamp":1613696303,"path_taken":["M","M","M","M","M","R","E","R","T","?","E","M","M","M","R","BOSS","M","?","?","M","M","E","$","R","T","R","?","?","E","M","R","BOSS","M","?","$","?","M","M","E","?","T","M","E"],"items_purchased_type":["Card","Potion","Potion","Card"],"build_version":"2020-12-22","purchased_purges":3,"victory":false,"max_hp_per_floor":[82,82,82,82,82,82,82,82,82,82,82,82,82,82,82,82,82,82,82,82,82,82,82,82,82,82,82,82,82,82,82,82,82,82,82,82,82,82,82,82,92,92,92,92,92,92],"relic_stats":{"Gremlin Horn":[0,0],"counters":[26,108],"Mummified Hand":[18],"Ornamental Fan":[96],"Blue Candle":[2],"Bird Faced Urn":[26],"Pandora\u0027s Box":["Ghostly Armor","Body Slam","Dual Wield","Wild Strike","Sword Boomerang"],"obtain_stats":[{"Girya":38,"Pear":41,"Gremlin Horn":43,"Blue Candle":26,"Burning Blood":0,"Mummified Hand":11,"Ornamental Fan":20,"Bird Faced Urn":30,"Molten Egg 2":9,"Pandora\u0027s Box":34,"Mark of Pain":17,"Toxic Egg 2":7,"InkBottle":23},{"Girya":21,"Pear":24,"Gremlin Horn":24,"Blue Candle":15,"Burning Blood":0,"Mummified Hand":7,"Ornamental Fan":12,"Bird Faced Urn":17,"Molten Egg 2":6,"Pandora\u0027s Box":19,"Mark of Pain":11,"Toxic Egg 2":6,"InkBottle":15},{"Girya":88,"Pear":99,"Gremlin Horn":99,"Blue Candle":66,"Burning Blood":0,"Mummified Hand":28,"Ornamental Fan":54,"Bird Faced Urn":72,"Molten Egg 2":24,"Pandora\u0027s Box":84,"Mark of Pain":45,"Toxic Egg 2":24,"InkBottle":66}],"Burning Blood":150,"InkBottle":[20]},"card_choices":[{"not_picked":["Thunderclap","Warcry"],"picked":"Wild Strike","floor":1.0},{"not_picked":["Warcry","Pommel Strike"],"picked":"Anger","floor":2.0},{"not_picked":["Sever Soul","Searing Blow"],"picked":"True Grit","floor":3.0},{"not_picked":["Dual Wield","Evolve"],"picked":"Wild Strike","floor":4.0},{"not_picked":["Hemokinesis","Havoc","Rupture"],"picked":"SKIP","floor":5.0},{"not_picked":["Sever Soul","Anger"],"picked":"True Grit+1","floor":7.0},{"not_picked":["Hemokinesis+1","Fire Breathing"],"picked":"Uppercut+1","floor":11.0},{"not_picked":["Entrench+1","Perfected Strike+1"],"picked":"Intimidate+1","floor":12.0},{"not_picked":["Uppercut+1","Clash+1"],"picked":"Flex+1","floor":13.0},{"not_picked":["Clothesline+1","Cleave+1"],"picked":"Headbutt+1","floor":14.0},{"not_picked":["Impervious+1","Juggernaut"],"picked":"Offering+1","floor":16.0},{"not_picked":["Seeing Red+1","Battle Trance+1"],"picked":"Dark Embrace","floor":18.0},{"not_picked":["Heavy Blade+1","Shrug It Off+1"],"picked":"Sever Soul+1","floor":21.0},{"not_picked":["Clash+1","Cleave+1"],"picked":"Havoc+1","floor":22.0},{"not_picked":["Wild Strike+1","Headbutt+1"],"picked":"Double Tap+1","floor":23.0},{"not_picked":["Cleave+1","Warcry+1"],"picked":"True Grit+1","floor":29.0},{"not_picked":["Hemokinesis+1","Rampage+1","Thunderclap+1"],"picked":"SKIP","floor":30.0},{"not_picked":["True Grit+1","Warcry+1"],"picked":"Second Wind+1","floor":31.0},{"not_picked":["Immolate+1","Exhume+1"],"picked":"Fiend Fire+1","floor":33.0},{"not_picked":["Second Wind+1","Seeing Red+1"],"picked":"Armaments+1","floor":35.0},{"not_picked":["Dark Embrace","True Grit+1","Anger+1"],"picked":"SKIP","floor":39.0},{"not_picked":["Searing Blow+1","Havoc+1","Cleave+1"],"picked":"SKIP","floor":41.0},{"not_picked":["Transmutation+1","Deep Breath+1"],"picked":"Enlightenment+1","floor":42.0},{"not_picked":["Armaments+1","Rampage+1"],"picked":"Shockwave+1","floor":44}],"player_experience":1048523,"relics_obtained":[{"floor":7.0,"key":"Toxic Egg 2"},{"floor":9.0,"key":"Molten Egg 2"},{"floor":11.0,"key":"Mummified Hand"},{"floor":23.0,"key":"InkBottle"},{"floor":26.0,"key":"Blue Candle"},{"floor":30.0,"key":"Bird Faced Urn"},{"floor":38.0,"key":"Girya"},{"floor":41.0,"key":"Pear"},{"floor":43.0,"key":"Gremlin Horn"}],"event_choices":[{"damage_healed":0.0,"max_hp_gain":0.0,"max_hp_loss":0.0,"gold_gain":0.0,"event_name":"Lab","player_choice":"Got Potions","floor":10.0,"gold_loss":0.0,"damage_taken":0.0},{"damage_healed":0.0,"max_hp_gain":0.0,"max_hp_loss":0.0,"gold_gain":0.0,"cards_transformed":["Strike_R","Strike_R"],"event_name":"Drug Dealer","player_choice":"Became Test Subject","floor":19.0,"gold_loss":0.0,"damage_taken":0.0,"cards_obtained":["Clash","Sword Boomerang"]},{"damage_healed":0.0,"max_hp_gain":0.0,"max_hp_loss":0.0,"gold_gain":0.0,"event_name":"Addict","player_choice":"Obtained Relic","floor":20.0,"gold_loss":85.0,"damage_taken":0.0,"relics_obtained":["Ornamental Fan"]},{"cards_removed":["Sever Soul"],"damage_healed":0.0,"max_hp_gain":0.0,"max_hp_loss":0.0,"gold_gain":0.0,"event_name":"Falling","player_choice":"Removed Attack","floor":36.0,"gold_loss":0.0,"damage_taken":0.0},{"damage_healed":0.0,"max_hp_gain":0.0,"max_hp_loss":0.0,"gold_gain":0.0,"event_name":"Mysterious Sphere","player_choice":"Fight","floor":38.0,"gold_loss":0.0,"damage_taken":0.0},{"damage_healed":0.0,"max_hp_gain":0.0,"max_hp_loss":0.0,"gold_gain":0.0,"event_name":"SensoryStone","player_choice":"Memory 1","floor":42.0,"gold_loss":0.0,"damage_taken":0.0}],"is_beta":false,"boss_relics":[{"not_picked":["Philosopher\u0027s Stone","Cursed Key"],"picked":"Mark of Pain"},{"not_picked":["Coffee Dripper","Busted Crown"],"picked":"Pandora\u0027s Box"}],"items_purged_floors":[24,28,37],"is_endless":false,"potions_floor_spawned":[2,7,12,13,21,29,30,31,35,39,44],"killed_by":"Nemesis","ascension_level":18}}