{"host":"lvglfvqy3xrupc2a","time":1613706162,"event":{"mods":["Act Like it!","Aspiration","BaseMod","Better Altar","Better Match","Better Note","Better Sensory Stone","Better Skull","Better Third Choice","BetterRewards","Conspire","Friendly Minions","Gensokyo","Grow up Mod","Hubris","HumanHunterMod(????mod)","Humility","Infinite Spire","Lobotomy","LobotomyExtend","Mimic Mod","Minty Spire (QoL Compilation)","MostiFishMod","Remove Card Discount Mod","Replay The Spire","Reworked Bosses","Ruina","Spicy Shops","StSLib","The Blue Laboratory","The Necromancer","Uncapped","[IsaacMod]????"],"gold_per_floor":[115,15,27,27,66,66,66],"floor_reached":6,"language":"ENG","playtime":351,"items_purged":["MostiFishMod:TheEndOfMoonlight","MostiFishMod:Neptune"],"score":108,"play_id":"2aea63eb-7539-4f4d-8dd0-6276de4c0fd6","local_time":"20210218214242","is_ascension_mode":true,"campfire_choices":[],"circlet_count":0,"master_deck":["AscendersBane","Strike_W","Strike_W","Strike_W","Strike_W","Defend_W","Defend_W","Defend_W","Defend_W","Negative_Energy_Arrows","Bone_Wall","MostiFishMod:SparklingWater","MostiFishMod:FantasySummer","MostiFishMod:NightSea","UniverseFragment","Blood_Curse","Bone_Armor+1","Vampiric_Strike","ShyLook","Negative_Energy_Sphere","Regret","LittlePrince","Toxic_Smoke_Screen"],"relics":["Vampire_Amulet","HushsDoor","DaveBox","AnarchistCookbook","MoonlightInvasionPlan","CogitoBucket","RabbitCall","SynthV:TestCard","LetterFromLob","Tiny Chest","Toy Ornithopter"],"acts_visited":["Exordium"],"potions_floor_usage":[],"damage_taken":[{"damage":5,"enemies":"Jaw Worm","floor":1,"turns":2},{"damage":0,"enemies":"Small Slimes","floor":3,"turns":4},{"damage":27,"enemies":"conspire:MimicChest","floor":5,"turns":9},{"damage":66,"enemies":"Lagavulin","floor":6,"turns":6}],"seed_played":"8875035820152124388","potions_obtained":[{"floor":3,"key":"blueLaboratory:Moonshine"}],"is_trial":false,"path_per_floor":["M","$","M","?","?","E"],"character_chosen":"NECROMANCER","items_purchased":["Bone_Armor+1","Vampiric_Strike"],"campfire_rested":0,"item_purchase_floors":[2,2],"current_hp_per_floor":[81,91,110,120,106,40,40],"gold":66,"neow_bonus":"","is_daily":false,"chose_seed":false,"campfire_upgraded":0,"win_rate":0.0,"timestamp":1613706162,"path_taken":["M","$","M","?","?","E"],"items_purchased_type":["Card","Card"],"build_version":"2020-12-22","purchased_purges":2,"victory":false,"max_hp_per_floor":[91,101,111,121,131,131,131],"card_choices":[{"not_picked":["Scorched","BlackSwan"],"picked":"UniverseFragment","floor":1},{"not_picked":["Exploit","Whirlwind_of_Bones"],"picked":"Blood_Curse","floor":1},{"not_picked":["BeautyBeast","Mercenary"],"picked":"ShyLook","floor":3},{"not_picked":["Death_March_Dance","Bone_Armor","Necrotic_Claws","Blood_Curse"],"picked":"Negative_Energy_Sphere","floor":3},{"not_picked":["Wellcheers","CrumblingArmor"],"picked":"LittlePrince","floor":5},{"not_picked":["Bone_Shift","Bones_to_Steel","Negative_Energy_Sphere","Bone_Spikes"],"picked":"Toxic_Smoke_Screen","floor":5}],"player_experience":1315985,"relics_obtained":[{"floor":1,"key":"SynthV:TestCard"},{"floor":1,"key":"LetterFromLob"},{"floor":5,"key":"Toy Ornithopter"}],"event_choices":[{"damage_healed":0,"gold_gain":0,"player_choice":"Box","damage_taken":0,"relics_obtained":["Tiny Chest"],"max_hp_gain":0,"max_hp_loss":0,"event_name":"Big Fish","floor":4,"gold_loss":0,"cards_obtained":["Regret"]}],"is_beta":false,"boss_relics":[],"items_purged_floors":[2,2],"is_endless":false,"potions_floor_spawned":[3],"killed_by":"Lagavulin","ascension_level":14,"is_humility":true}}