{"host":"x73jdofm2fk9hsud","time":1613767153,"event":{"mods":["BaseMod","Bestiary","Minty Spire (QoL Compilation)","Relic Stats","ojb\u0027s Better Paths Mod","ojb\u0027s Info Mod"],"gold_per_floor":[112,36,36,49,68,68,87,87,133,162,162,189,21,50,50,50,50],"floor_reached":16,"language":"ENG","playtime":318,"items_purged":[],"score":236,"play_id":"c32d13e8-1388-4e11-9754-13bfafd2406f","local_time":"20210219153913","is_ascension_mode":true,"campfire_choices":[{"data":"Hemokinesis","floor":6,"key":"SMITH"},{"data":"Bash","floor":8,"key":"SMITH"},{"data":"Anger","floor":15,"key":"SMITH"}],"circlet_count":0,"master_deck":["AscendersBane","Strike_R","Strike_R","Strike_R","Strike_R","Defend_R","Defend_R","Defend_R","Defend_R","Bash+1","Anger+1","Hemokinesis+1","Shrug It Off","Corruption","Sword Boomerang"],"relics":["Burning Blood","NeowsBlessing","Smiling Mask","Tiny Chest","Regal Pillow","Anchor","Dream Catcher"],"acts_visited":["Exordium"],"potions_floor_usage":[12,16,16],"damage_taken":[{"damage":0,"enemies":"Cultist","floor":1,"turns":1},{"damage":0,"enemies":"Small Slimes","floor":4,"turns":1},{"damage":0,"enemies":"Jaw Worm","floor":5,"turns":1},{"damage":12,"enemies":"3 Louse","floor":7,"turns":4},{"damage":12,"enemies":"Gremlin Nob","floor":10,"turns":3},{"damage":14,"enemies":"Lagavulin","floor":12,"turns":4},{"damage":38,"enemies":"3 Sentries","floor":14,"turns":7},{"damage":25,"enemies":"The Guardian","floor":16,"turns":11}],"seed_played":"-7997766887165604560","potions_obtained":[{"floor":3,"key":"Strength Potion"},{"floor":3,"key":"Ancient Potion"},{"floor":4,"key":"Block Potion"},{"floor":14,"key":"SpeedPotion"}],"is_trial":false,"path_per_floor":["M","$","?","M","M","R","M","R","T","E","?","E","$","E","R","B"],"character_chosen":"IRONCLAD","items_purchased":["Hemokinesis","Anchor"],"campfire_rested":0,"item_purchase_floors":[2,13],"current_hp_per_floor":[74,74,74,75,75,75,69,69,69,63,63,55,55,23,23,0,0],"gold":50,"neow_bonus":"THREE_ENEMY_KILL","is_daily":false,"chose_seed":false,"campfire_upgraded":3,"win_rate":0.0,"timestamp":1613767153,"path_taken":["M","$","?","?","M","R","M","R","T","E","?","E","?","E","R","BOSS"],"items_purchased_type":["Card","Relic"],"build_version":"2020-12-22","purchased_purges":0,"victory":false,"max_hp_per_floor":[75,75,75,75,75,75,75,75,75,75,75,75,75,75,75,75,75],"relic_stats":{"Regal Pillow":0,"Dream Catcher":0,"counters":[8,32],"Tiny Chest":0,"Smiling Mask":0,"obtain_stats":[{"Regal Pillow":12,"Anchor":13,"Dream Catcher":14,"NeowsBlessing":0,"Tiny Chest":10,"Smiling Mask":9,"Burning Blood":0},{"Regal Pillow":6,"Anchor":6,"Dream Catcher":7,"NeowsBlessing":0,"Tiny Chest":5,"Smiling Mask":4,"Burning Blood":0},{"Regal Pillow":14,"Anchor":14,"Dream Catcher":21,"NeowsBlessing":0,"Tiny Chest":10,"Smiling Mask":7,"Burning Blood":0}],"Burning Blood":31},"card_choices":[{"not_picked":["Flex","Headbutt"],"picked":"Anger","floor":1},{"not_picked":["Sentinel","Flex","Infernal Blade"],"picked":"SKIP","floor":4},{"not_picked":["Fire Breathing","Pommel Strike","Flex"],"picked":"SKIP","floor":5},{"not_picked":["Bloodletting","Anger"],"picked":"Shrug It Off","floor":7},{"not_picked":["Heavy Blade","Intimidate","Flex"],"picked":"SKIP","floor":10},{"not_picked":["Fire Breathing","Clash"],"picked":"Corruption","floor":12},{"not_picked":["Warcry","Perfected Strike"],"picked":"Sword Boomerang","floor":14}],"player_experience":5392652,"relics_obtained":[{"floor":9,"key":"Smiling Mask"},{"floor":10,"key":"Tiny Chest"},{"floor":12,"key":"Regal Pillow"},{"floor":14,"key":"Dream Catcher"}],"event_choices":[{"damage_healed":0,"gold_gain":0,"player_choice":"Got Potions","damage_taken":0,"max_hp_gain":0,"max_hp_loss":0,"event_name":"Lab","floor":3,"gold_loss":0},{"cards_removed":["Strike_R"],"damage_healed":0,"gold_gain":0,"player_choice":"Offered Basic","damage_taken":0,"max_hp_gain":0,"max_hp_loss":0,"event_name":"Bonfire Elementals","floor":11,"gold_loss":0}],"is_beta":false,"boss_relics":[],"items_purged_floors":[],"is_endless":false,"potions_floor_spawned":[4,5,7,14],"killed_by":"The Guardian","ascension_level":20}}