{"host":"btkbr53c3gip0r7d","time":1613775502,"event":{"mods":["BaseMod","Better Altar","Better Match","Better Note","Better Sensory Stone","Better Skull","Better Third Choice","Colored Map","Curses Come First","Downfall","Minty Spire (QoL Compilation)","StSLib","The Cursed","The Marked"],"gold_per_floor":[0,19,37,37,37,85,85,0,18,46,62,73,223,248,259,259,259,259],"floor_reached":16,"language":"ENG","playtime":2827,"items_purged":[],"score":123,"play_id":"a4e698b5-4d29-4b0b-9b09-92137b9a2274","local_time":"20210219155822","is_ascension_mode":true,"campfire_choices":[{"data":"Magnetism","floor":1,"key":"SMITH"}],"circlet_count":0,"master_deck":["hexamod:Strike","hexamod:Strike","hexamod:Strike","hexamod:Strike+1","hexamod:Defend+1","hexamod:Defend","hexamod:Defend","hexamod:Defend","hexamod:Sear","hexamod:Float","Magnetism+1","hexamod:RetreatToShadows","hexamod:HeatCrush+1","downfall:Malfunctioning","Regret","hexamod:SuperheatedStrike","hexamod:RainOfEmbers","hexamod:PhantomFireball","hexamod:RecurringNightmare","hexamod:FourthSeal","hexamod:HeatShield","hexamod:GhostShield","hexamod:EmpoweredFlame"],"relics":["hexamod:SpiritBrand","Omamori","Gremlin Horn","Bottled Tornado","Lantern"],"acts_visited":[],"potions_floor_usage":[10,14,14,16,16],"damage_taken":[{"damage":2,"enemies":"Jaw Worm","floor":2,"turns":4},{"damage":0,"enemies":"Small Slimes","floor":3,"turns":3},{"damage":6,"enemies":"downfall:FleeingMerchant","floor":8,"turns":4},{"damage":2,"enemies":"2 Louse","floor":9,"turns":2},{"damage":22,"enemies":"Gremlin Nob","floor":10,"turns":3},{"damage":10,"enemies":"Lots of Slimes","floor":11,"turns":3},{"damage":3,"enemies":"Blue Slaver","floor":12,"turns":3},{"damage":20,"enemies":"3 Sentries","floor":14,"turns":9},{"damage":7,"enemies":"downfall:LooterAlt","floor":15,"turns":4},{"damage":6,"enemies":"DF_ARCHETYPE_STREAMLINE","floor":16,"turns":3}],"seed_played":"4223708129512164027","potions_obtained":[{"floor":2,"key":"FearPotion"},{"floor":12,"key":"hexamod:SoulburnPotion"},{"floor":12,"key":"Weak Potion"},{"floor":14,"key":"ColorlessPotion"},{"floor":15,"key":"FearPotion"},{"floor":15,"key":"AttackPotion"}],"is_trial":false,"path_per_floor":["R","M","M","?","?","T","T","$","M","E","M","M","?","E","M","B"],"character_chosen":"THE_SPIRIT","items_purchased":["hexamod:RainOfEmbers"],"campfire_rested":0,"item_purchase_floors":[8],"current_hp_per_floor":[70,68,68,68,75,75,75,69,67,45,35,32,32,12,5,0,0,0],"gold":259,"neow_bonus":"RANDOM_COLORLESS_2","is_daily":false,"chose_seed":false,"campfire_upgraded":1,"win_rate":0.0,"timestamp":1613775502,"path_taken":["R","M","M","?","?","?","T","?","M","E","M","?","?","E","M","BOSS"],"items_purchased_type":["Card"],"build_version":"2020-12-22","purchased_purges":0,"victory":false,"max_hp_per_floor":[70,70,70,70,77,77,77,77,77,77,77,77,77,77,77,77,77,77],"card_choices":[{"not_picked":["Thinking Ahead","Master of Strategy"],"picked":"Magnetism","floor":0},{"not_picked":["hexamod:InspiringFlames","hexamod:SoulSteal"],"picked":"hexamod:RetreatToShadows","floor":2},{"not_picked":["hexamod:PowerFromBeyond","hexamod:BurningTouch"],"picked":"hexamod:HeatCrush","floor":3},{"not_picked":["hexamod:FlamesFromBeyond","hexamod:HauntingEcho"],"picked":"hexamod:SuperheatedStrike","floor":8},{"not_picked":["hexamod:NightmareStrike","hexamod:PowerFromBeyond"],"picked":"hexamod:PhantomFireball","floor":9},{"not_picked":["hexamod:FlamesFromBeyond","hexamod:BacktrackSmack"],"picked":"hexamod:RecurringNightmare","floor":10},{"not_picked":["hexamod:SpectersWail","hexamod:ChargedBarrage"],"picked":"hexamod:FourthSeal","floor":11},{"not_picked":["hexamod:InspiringFlames","hexamod:FastForward"],"picked":"hexamod:HeatShield","floor":12},{"not_picked":["hexamod:FastForward","hexamod:RainOfEmbers"],"picked":"hexamod:GhostShield","floor":14},{"not_picked":["hexamod:NightmareGuise","hexamod:GhostLash"],"picked":"hexamod:EmpoweredFlame","floor":15}],"player_experience":1497614,"relics_obtained":[{"floor":6,"key":"Omamori"},{"floor":7,"key":"Gremlin Horn"},{"floor":10,"key":"Bottled Tornado"},{"floor":14,"key":"Lantern"}],"event_choices":[{"damage_healed":0,"gold_gain":0,"player_choice":"Box","damage_taken":0,"relics_obtained":["Strawberry"],"max_hp_gain":0,"max_hp_loss":0,"event_name":"Big Fish","floor":5,"gold_loss":0,"cards_obtained":["Regret"]}],"is_beta":false,"boss_relics":[],"items_purged_floors":[],"is_endless":false,"potions_floor_spawned":[2,12,14,15],"killed_by":"DF_ARCHETYPE_STREAMLINE","ascension_level":2}}