{"host":"ppqll9nf92xyjrj9","time":1613709858,"event":{"mods":["Act Like it!","Arknights","BaseMod","Bestiary","Better Third Choice","Bossed Relics","Curses Come First","Ekko","Evolution","Hermit","Jorbs\u0027s Wanderer Trilogy","Keyboard Shortcuts","Marked Mod","Minty Spire (QoL Compilation)","Relic Stats","Shapeshifter Mod","Spicy Shops","StS++","StSLib","The Marked","The Runesmith","Weighted Paths","【遗物卡牌】REMEMod"],"gold_per_floor":[110,90,103,113,131,131,156,156,233,233,267,284,359,371,371,470,470,485,410,410,410,63,63,95,194,240,240,266,266,266],"floor_reached":29,"language":"ENG","playtime":7571,"items_purged":[],"score":282,"play_id":"ef2a2781-1b8e-4e6d-8242-d9b518c3cb72","local_time":"20210218204418","is_ascension_mode":true,"campfire_choices":[{"data":"theMarked:Reabsorb","floor":6,"key":"SMITH"},{"data":"theMarked:AttractMetal","floor":8,"key":"SMITH"},{"floor":15,"key":"REST"},{"data":"theMarked:Improvise","floor":23,"key":"SMITH"},{"floor":27,"key":"REST"}],"circlet_count":0,"master_deck":["theMarked:Strike","theMarked:Strike","theMarked:Strike","theMarked:Strike","theMarked:Defend+1","theMarked:Defend","theMarked:Defend","theMarked:Defend","theMarked:SoldierOfQuellstein","Limit Break+1","theMarked:ChainLightning","theMarked:Reabsorb+1","theMarked:ResourceFulStrike","theMarked:ResourceFulStrike","theMarked:AttractMetal+1","theMarked:OneWithTheBlade","theMarked:TwofoldDefense","theMarked:Maelstrom","theMarked:EternalStudent","theMarked:EmpowerWeapon","theMarked:Improvise+1","theMarked:Friction","theMarked:ThrowWeapon"],"relics":["EVO:Axolotl","REME_ComplimentaryCards","Astrolabe","StoneCalendar","REME_LimitBreaker","Juzu Bracelet","Philosopher\u0027s Stone","Lizard Tail","Ancient Tea Set","Bird Faced Urn","Lantern","StSpp:Monolith"],"acts_visited":["Exordium","TheCity"],"potions_floor_usage":[7,11,11,24,24,24],"damage_taken":[{"damage":0,"enemies":"Small Slimes","floor":1,"turns":3},{"damage":0,"enemies":"Cultist","floor":3,"turns":3},{"damage":0,"enemies":"2 Louse","floor":4,"turns":3},{"damage":7,"enemies":"Looter","floor":5,"turns":3},{"damage":33,"enemies":"Lagavulin","floor":7,"turns":6},{"damage":2,"enemies":"3 Sentries","floor":11,"turns":6},{"damage":1,"enemies":"3 Louse","floor":12,"turns":2},{"damage":1,"enemies":"Exordium Wildlife","floor":14,"turns":3},{"damage":28,"enemies":"Hexaghost","floor":16,"turns":10},{"damage":0,"enemies":"Spheric Guardian","floor":18,"turns":1},{"damage":104,"enemies":"Gremlin Leader","floor":24,"turns":7},{"damage":49,"enemies":"Slavers","floor":28,"turns":5},{"damage":2,"enemies":"3 Byrds","floor":29,"turns":1}],"seed_played":"-5974008330784423596","potions_obtained":[{"floor":2,"key":"PowerPotion"},{"floor":3,"key":"Dexterity Potion"},{"floor":5,"key":"Fruit Juice"},{"floor":12,"key":"Fire Potion"},{"floor":16,"key":"Regen Potion"},{"floor":18,"key":"Energy Potion"}],"is_trial":false,"path_per_floor":["M","?","M","M","M","R","E","R","T","?","E","M","?","M","R","B",null,"M","?","?","?","$","R","E","?","T","R","E","M"],"character_chosen":"THE_DEFAULT","items_purchased":["theMarked:Improvise","theMarked:Friction","Ancient Tea Set"],"campfire_rested":2,"item_purchase_floors":[22,22,22],"current_hp_per_floor":[72,72,72,72,65,65,37,37,37,22,20,19,12,11,34,6,77,77,77,77,77,77,77,27,27,27,50,1,0,0],"gold":266,"neow_bonus":"BOSS_RELIC","is_daily":false,"chose_seed":false,"campfire_upgraded":3,"win_rate":0.0,"timestamp":1613709858,"path_taken":["M","?","M","?","M","R","E","R","T","?","E","M","?","M","R","BOSS","M","?","?","?","$","R","E","?","T","R","E","M"],"items_purchased_type":["Card","Card","Relic"],"build_version":"2020-12-22","purchased_purges":0,"victory":false,"max_hp_per_floor":[72,72,72,72,72,72,77,77,77,77,77,77,77,77,77,77,77,77,77,77,77,77,77,77,77,77,77,77,77,77],"relic_stats":{"Lizard Tail":38,"counters":[13,53],"Astrolabe":[],"Bird Faced Urn":[0],"StoneCalendar":[85],"Juzu Bracelet":1,"obtain_stats":[{"Lantern":26,"Astrolabe":0,"StoneCalendar":7,"Juzu Bracelet":11,"EVO:Axolotl":0,"REME_LimitBreaker":9,"Ancient Tea Set":22,"theMarked:ArtifactOfAir":0,"Lizard Tail":21,"Bird Faced Urn":24,"Philosopher\u0027s Stone":17,"StSpp:Monolith":28,"REME_ComplimentaryCards":0},{"Lantern":11,"Astrolabe":0,"StoneCalendar":5,"Juzu Bracelet":6,"EVO:Axolotl":0,"REME_LimitBreaker":5,"Ancient Tea Set":10,"theMarked:ArtifactOfAir":0,"Lizard Tail":10,"Bird Faced Urn":11,"Philosopher\u0027s Stone":9,"StSpp:Monolith":12,"REME_ComplimentaryCards":0},{"Lantern":47,"Astrolabe":0,"StoneCalendar":18,"Juzu Bracelet":24,"EVO:Axolotl":0,"REME_LimitBreaker":18,"Ancient Tea Set":40,"theMarked:ArtifactOfAir":0,"Lizard Tail":40,"Bird Faced Urn":47,"Philosopher\u0027s Stone":39,"StSpp:Monolith":52,"REME_ComplimentaryCards":0}]},"card_choices":[{"not_picked":["theMarked:HeightenedSenses","theMarked:ChannelForce"],"picked":"theMarked:ChainLightning","floor":1},{"not_picked":["theMarked:ChannelForce","theMarked:MuscleMemory"],"picked":"theMarked:Reabsorb","floor":3},{"not_picked":["theMarked:WardOff","theMarked:TakeCover"],"picked":"theMarked:ResourceFulStrike","floor":4},{"not_picked":["theMarked:WardOff","theMarked:ChainLightning"],"picked":"theMarked:ResourceFulStrike","floor":5},{"not_picked":["theMarked:Memento","theMarked:BanishingStrike"],"picked":"theMarked:AttractMetal","floor":7},{"not_picked":["theMarked:LightningStrikesTwice","theMarked:Overcharge"],"picked":"theMarked:OneWithTheBlade","floor":11},{"not_picked":["theMarked:WastefulAttack","theMarked:Indomitable"],"picked":"theMarked:TwofoldDefense","floor":12},{"not_picked":["theMarked:ElectricStrings","theMarked:Memento"],"picked":"theMarked:Maelstrom","floor":14},{"not_picked":["theMarked:TurnInvisible","theMarked:Snap"],"picked":"theMarked:EternalStudent","floor":16},{"not_picked":["theMarked:Seal","theMarked:Maelstrom"],"picked":"theMarked:EmpowerWeapon","floor":18},{"not_picked":["theMarked:Frustration","theMarked:ChainLightning+1","theMarked:Memento"],"picked":"SKIP","floor":24},{"not_picked":["theMarked:Electrocute","theMarked:LightningStrikesTwice"],"picked":"theMarked:ThrowWeapon","floor":28}],"player_experience":100113,"relics_obtained":[{"floor":7,"key":"StoneCalendar"},{"floor":9,"key":"REME_LimitBreaker"},{"floor":11,"key":"Juzu Bracelet"},{"floor":24,"key":"Bird Faced Urn"},{"floor":26,"key":"Lantern"},{"floor":28,"key":"StSpp:Monolith"}],"event_choices":[{"damage_healed":0,"gold_gain":0,"player_choice":"Bought 1 Potion","damage_taken":0,"max_hp_gain":0,"max_hp_loss":0,"event_name":"The Woman in Blue","floor":2,"gold_loss":0},{"damage_healed":37,"gold_gain":0,"player_choice":"Upgrade","damage_taken":15,"max_hp_gain":0,"max_hp_loss":77,"event_name":"betterThird:BetterShining","floor":10,"gold_loss":0,"cards_upgraded":["theMarked:Defend","Limit Break"]},{"damage_healed":0,"gold_gain":75,"player_choice":"Touch","damage_taken":7,"max_hp_gain":0,"max_hp_loss":0,"event_name":"FaceTrader","floor":13,"gold_loss":0},{"cards_removed":["theMarked:Strike"],"damage_healed":0,"gold_gain":0,"player_choice":"Gave Gold","damage_taken":0,"max_hp_gain":0,"max_hp_loss":0,"event_name":"Beggar","floor":19,"gold_loss":75},{"damage_healed":0,"gold_gain":0,"player_choice":"Ignored","damage_taken":0,"max_hp_gain":0,"max_hp_loss":0,"event_name":"Vampires","floor":20,"gold_loss":0},{"damage_healed":0,"gold_gain":0,"player_choice":"Opened","damage_taken":0,"relics_obtained":["Lizard Tail"],"max_hp_gain":0,"max_hp_loss":0,"event_name":"The Mausoleum","floor":21,"gold_loss":0},{"damage_healed":0,"gold_gain":99,"player_choice":"Steal","damage_taken":0,"max_hp_gain":0,"max_hp_loss":0,"event_name":"betterThird:BetterNest","floor":25,"gold_loss":0}],"is_beta":false,"boss_relics":[{"not_picked":["StSpp:CrystalBall","REME_DemonsWealth"],"picked":"Philosopher\u0027s Stone"}],"items_purged_floors":[],"is_endless":false,"potions_floor_spawned":[3,5,12,16,18],"killed_by":"3 Byrds","ascension_level":1}}