{"host":"hf83sijwe64ts2lm","time":1613700930,"event":{"mods":["2.2 Compatiblity","BaseMod","Better Altar","Better Match","Better Note","Better Sensory Stone","Better Skull","Better Third Choice","Colored Map","Colored Powertips","Highlight Path","Hubris","Infinite Spire","Minty Spire (QoL Compilation)","Quick Restart","Rare Cards Sparkle","Relic Stats","Reliquary","Replay The Spire","Shop Mod","Spicy Shops","Spire Arcade","StSLib","Thieving Mod"],"gold_per_floor":[110,121,140,159,171,171,200,220,247,247,247,297,311,311,311,311,311],"floor_reached":16,"language":"ENG","playtime":455,"items_purged":[],"score":120,"play_id":"df9119df-4878-497f-8441-d9d948e06c28","local_time":"20210218211530","is_ascension_mode":true,"campfire_choices":[{"floor":6,"key":"REST"},{"floor":10,"key":"REST"},{"floor":15,"key":"REST"}],"circlet_count":0,"master_deck":["Strike_G","Strike_G","Strike_G","Strike_G","Strike_G","Defend_G","Defend_G","Defend_G","Defend_G","Defend_G","Survivor","Neutralize","ReplayTheSpireMod:Scrap Shanks+1","Deadly Poison","Deflect","Footwork","Dodge and Roll","Terror","Slice","Bane"],"relics":["Ring of the Snake","Happy Flower","Ancient Tea Set","reliquary:TuningFork"],"acts_visited":["Exordium"],"potions_floor_usage":[4,7,7,8],"damage_taken":[{"damage":0,"enemies":"Cultist","floor":1,"turns":3},{"damage":9,"enemies":"Jaw Worm","floor":2,"turns":5},{"damage":0,"enemies":"2 Louse","floor":3,"turns":3},{"damage":11,"enemies":"Lots of Slimes","floor":4,"turns":5},{"damage":15,"enemies":"Exordium Wildlife","floor":5,"turns":6},{"damage":16,"enemies":"Lagavulin","floor":7,"turns":9},{"damage":5,"enemies":"Red Slaver","floor":8,"turns":3},{"damage":5,"enemies":"3 Louse","floor":13,"turns":4},{"damage":71,"enemies":"Slime Boss","floor":16,"turns":13}],"seed_played":"-4175472437238422685","potions_obtained":[{"floor":2,"key":"Energy Potion"},{"floor":4,"key":"Weak Potion"},{"floor":5,"key":"AttackPotion"},{"floor":7,"key":"Toxic Potion"}],"is_trial":false,"path_per_floor":["M","M","M","M","M","R","E","M","T","R","?","?","M","?","R","B"],"character_chosen":"THE_SILENT","items_purchased":[],"campfire_rested":3,"item_purchase_floors":[],"current_hp_per_floor":[70,61,61,50,35,56,40,35,35,56,56,56,51,44,65,0,0],"gold":311,"neow_bonus":"RANDOM_COMMON_RELIC","is_daily":false,"chose_seed":false,"campfire_upgraded":0,"win_rate":0.0,"timestamp":1613700930,"path_taken":["M","M","M","M","M","R","E","M","T","R","?","?","M","?","R","BOSS"],"items_purchased_type":[],"build_version":"2020-12-22","purchased_purges":0,"victory":false,"max_hp_per_floor":[70,70,70,70,70,70,70,70,70,70,70,70,70,70,70,70,70],"relic_stats":{"Happy Flower":[17],"counters":[9,51],"obtain_stats":[{"Happy Flower":0,"reliquary:TuningFork":14,"Ancient Tea Set":7,"Ring of the Snake":0},{"Happy Flower":0,"reliquary:TuningFork":8,"Ancient Tea Set":6,"Ring of the Snake":0},{"Happy Flower":0,"reliquary:TuningFork":38,"Ancient Tea Set":31,"Ring of the Snake":0}],"Ring of the Snake":[18]},"card_choices":[{"not_picked":["Noxious Fumes","Sucker Punch"],"picked":"ReplayTheSpireMod:Scrap Shanks","floor":1},{"not_picked":["PiercingWail","Outmaneuver"],"picked":"Deadly Poison","floor":2},{"not_picked":["Acrobatics","Unload"],"picked":"Deflect","floor":3},{"not_picked":["Flechettes","Deflect"],"picked":"Footwork","floor":4},{"not_picked":["ReplayTheSpireMod:Exploit Weakness","Eviscerate"],"picked":"Dodge and Roll","floor":5},{"not_picked":["Backflip","Eviscerate"],"picked":"Terror","floor":7},{"not_picked":["Wraith Form v2","Skewer"],"picked":"Slice","floor":8},{"not_picked":["Outmaneuver","Underhanded Strike"],"picked":"Bane","floor":13}],"player_experience":181481,"relics_obtained":[{"floor":7,"key":"Ancient Tea Set"}],"event_choices":[{"damage_healed":0,"gold_gain":0,"player_choice":"Relic ","damage_taken":7,"max_hp_gain":0,"max_hp_loss":0,"event_name":"betterThird:BetterScrap","floor":14,"gold_loss":0,"cards_obtained":["Perseverance"]}],"is_beta":false,"boss_relics":[],"items_purged_floors":[],"is_endless":false,"potions_floor_spawned":[2,4,5,7],"killed_by":"Slime Boss","ascension_level":3}}