{"host":"q9718omregw4er46","time":1613731050,"event":{"mods":["BaseMod","Bestiary","Colored Powertips","Custom Start","Minty Spire (QoL Compilation)","Quick Restart","Relic Stats"],"gold_per_floor":[112,112,82,102,6,6,46,66,66,66,102,115,158,60,72,183,195,225,237,92,92,92,92,107,138,138,178,178,203,242,266,266,368,368,402,39,53,76,85,132,132,182,231,254,272,272,317,341,341,341,341,341,341,22,74,74],"floor_reached":57,"language":"ENG","playtime":3523,"items_purged":["Strike_R","Anger"],"score":2936,"play_id":"fba1af07-743b-4769-81b3-cbd3807bd073","local_time":"20210219153730","is_ascension_mode":true,"campfire_choices":[{"data":"Inflame","floor":6.0,"key":"SMITH"},{"data":"Armaments","floor":10.0,"key":"SMITH"},{"data":"Bash","floor":15.0,"key":"SMITH"},{"data":"Clothesline","floor":23.0,"key":"SMITH"},{"data":"Feed","floor":28,"key":"SMITH"},{"data":"Pommel Strike","floor":32,"key":"SMITH"},{"floor":41,"key":"RECALL"},{"data":"Feel No Pain","floor":46,"key":"SMITH"},{"data":"Spot Weakness","floor":49,"key":"SMITH"},{"data":"Shrug It Off","floor":53,"key":"SMITH"}],"circlet_count":0,"master_deck":["AscendersBane","Strike_R","Strike_R+1","Strike_R+1","Defend_R","Defend_R","Defend_R","Defend_R","Bash+1","Burning Pact+1","Pommel Strike+1","Inflame+1","Thunderclap","Reaper","Armaments+1","Twin Strike","Feed+1","Limit Break+1","Spot Weakness+1","Clothesline+1","Shrug It Off+1","Shrug It Off+1","Entrench","Reaper","Feel No Pain+1","Reaper","Sword Boomerang+1","Second Wind","Whirlwind","Dark Embrace","Pummel","Battle Trance"],"relics":["Burning Blood","NeowsBlessing","Golden Idol","Ornamental Fan","Matryoshka","Whetstone","TungstenRod","MawBank","Snecko Eye","HornCleat","War Paint","Singing Bowl","Boot","InkBottle","CeramicFish","Sundial","SlaversCollar","Paper Frog","Strawberry","Mango","Pear","Medical Kit","Vajra"],"acts_visited":["Exordium","TheCity","TheBeyond","TheEnding"],"potions_floor_usage":[27,36,56,56],"damage_taken":[{"damage":0.0,"enemies":"Small Slimes","floor":1.0,"turns":1.0},{"damage":0.0,"enemies":"2 Louse","floor":4.0,"turns":1.0},{"damage":0.0,"enemies":"Gremlin Nob","floor":7.0,"turns":1.0},{"damage":2.0,"enemies":"Cultist","floor":8.0,"turns":3.0},{"damage":32.0,"enemies":"3 Sentries","floor":11.0,"turns":7.0},{"damage":10.0,"enemies":"Large Slime","floor":12.0,"turns":5.0},{"damage":27.0,"enemies":"Lagavulin","floor":13.0,"turns":7.0},{"damage":19.0,"enemies":"Slime Boss","floor":16.0,"turns":10.0},{"damage":16.0,"enemies":"Shell Parasite","floor":18.0,"turns":3.0},{"damage":0.0,"enemies":"3 Byrds","floor":24.0,"turns":4.0},{"damage":14.0,"enemies":"Book of Stabbing","floor":25.0,"turns":5.0},{"damage":35,"enemies":"Gremlin Leader","floor":27,"turns":6},{"damage":20,"enemies":"Shelled Parasite and Fungi","floor":29,"turns":7},{"damage":41,"enemies":"Book of Stabbing","floor":30,"turns":5},{"damage":0,"enemies":"Sentry and Sphere","floor":31,"turns":3},{"damage":52,"enemies":"Champ","floor":33,"turns":14},{"damage":46,"enemies":"Orb Walker","floor":35,"turns":5},{"damage":36,"enemies":"3 Shapes","floor":37,"turns":7},{"damage":74,"enemies":"Sphere and 2 Shapes","floor":38,"turns":9},{"damage":52,"enemies":"Nemesis","floor":40,"turns":9},{"damage":122,"enemies":"Giant Head","floor":42,"turns":9},{"damage":126,"enemies":"Maw","floor":44,"turns":11},{"damage":20,"enemies":"Writhing Mass","floor":45,"turns":7},{"damage":51,"enemies":"Reptomancer","floor":47,"turns":6},{"damage":45,"enemies":"4 Shapes","floor":48,"turns":9},{"damage":105,"enemies":"Time Eater","floor":50,"turns":10},{"damage":165,"enemies":"Awakened One","floor":51,"turns":16},{"damage":139,"enemies":"Shield and Spear","floor":55,"turns":8},{"damage":166,"enemies":"The Heart","floor":56,"turns":10}],"seed_played":"2473452908698138520","potions_obtained":[{"floor":3.0,"key":"Explosive Potion"},{"floor":3.0,"key":"SneckoOil"},{"floor":4.0,"key":"LiquidBronze"},{"floor":7.0,"key":"DuplicationPotion"},{"floor":13.0,"key":"Fire Potion"},{"floor":16.0,"key":"Dexterity Potion"},{"floor":24.0,"key":"SpeedPotion"},{"floor":29,"key":"SteroidPotion"},{"floor":33,"key":"DuplicationPotion"},{"floor":35,"key":"Fruit Juice"},{"floor":37,"key":"FearPotion"}],"is_trial":false,"path_per_floor":["M","?","?","M","$","R","E","M","T","R","E","M","E","?","R","B",null,"M","?","$","?","T","R","M","E","T","E","R","M","E","M","R","B",null,"M","$","M","M","?","E","R","E","T","M","M","R","E","M","R","B","B",null,"R","$","E","B",null],"character_chosen":"IRONCLAD","items_purchased":["Inflame","Thunderclap","Clothesline","Shrug It Off","Paper Frog","Medical Kit","Dark Embrace","Pummel"],"campfire_rested":0,"item_purchase_floors":[5,5,20,20,36,54,54,54],"current_hp_per_floor":[74,48,48,54,54,54,60,64,64,64,45,41,32,32,32,31,69,59,59,59,59,59,59,76,79,79,81,81,75,46,61,61,108,108,87,92,110,96,96,136,136,154,154,129,145,145,176,182,182,186,186,186,186,186,83,89],"gold":74,"neow_bonus":"THREE_ENEMY_KILL","is_daily":false,"chose_seed":false,"campfire_upgraded":9,"win_rate":0.0,"timestamp":1613731050,"path_taken":["M","?","?","M","$","R","E","?","T","R","E","M","E","?","R","BOSS","M","?","?","?","?","R","M","E","T","E","R","M","E","M","R","BOSS","M","?","M","M","?","E","R","E","T","M","M","R","E","?","R","BOSS","BOSS","R","$","E","BOSS"],"items_purchased_type":["Card","Card","Card","Card","Relic","Relic","Card","Card"],"build_version":"2020-12-22","purchased_purges":2,"victory":true,"max_hp_per_floor":[75,75,75,75,75,75,75,75,75,75,75,75,79,79,79,82,82,82,82,82,82,82,82,85,87,87,92,92,98,104,108,108,108,108,112,117,123,129,129,136,136,154,154,160,162,162,176,182,182,186,186,186,186,186,190,190],"relic_stats":{"Singing Bowl":18,"counters":[29,198],"Golden Idol":228,"CeramicFish":90,"Whetstone":["Strike_R","Strike_R"],"War Paint":["Limit Break","Burning Pact"],"MawBank":72,"Boot":[29],"Medical Kit":[8],"Burning Blood":132,"Ornamental Fan":[160],"Sundial":[30],"Snecko Eye":[344,351,321,334],"obtain_stats":[{"Pear":47,"NeowsBlessing":0,"Singing Bowl":25,"Golden Idol":2,"CeramicFish":27,"Vajra":55,"Mango":42,"Whetstone":11,"War Paint":22,"MawBank":14,"Boot":26,"Medical Kit":54,"Burning Blood":0,"SlaversCollar":34,"Matryoshka":9,"HornCleat":22,"Ornamental Fan":7,"Sundial":30,"Strawberry":40,"Snecko Eye":17,"TungstenRod":13,"InkBottle":26,"Paper Frog":36},{"Pear":24,"NeowsBlessing":0,"Singing Bowl":11,"Golden Idol":1,"CeramicFish":12,"Vajra":28,"Mango":21,"Whetstone":5,"War Paint":9,"MawBank":7,"Boot":11,"Medical Kit":27,"Burning Blood":0,"SlaversCollar":16,"Matryoshka":4,"HornCleat":9,"Ornamental Fan":3,"Sundial":14,"Strawberry":20,"Snecko Eye":8,"TungstenRod":7,"InkBottle":11,"Paper Frog":17},{"Pear":145,"NeowsBlessing":0,"Singing Bowl":47,"Golden Idol":1,"CeramicFish":53,"Vajra":188,"Mango":121,"Whetstone":13,"War Paint":38,"MawBank":25,"Boot":47,"Medical Kit":180,"Burning Blood":0,"SlaversCollar":82,"Matryoshka":6,"HornCleat":38,"Ornamental Fan":3,"Sundial":65,"Strawberry":112,"Snecko Eye":35,"TungstenRod":25,"InkBottle":47,"Paper Frog":87}],"TungstenRod":166,"InkBottle":[49]},"card_choices":[{"not_picked":["Armaments","Warcry"],"picked":"Burning Pact","floor":1.0},{"not_picked":["Anger","Clash"],"picked":"Pommel Strike","floor":4.0},{"not_picked":["Havoc","Shrug It Off"],"picked":"Reaper","floor":7.0},{"not_picked":["Intimidate","Warcry"],"picked":"Armaments","floor":8.0},{"not_picked":["True Grit","Infernal Blade"],"picked":"Twin Strike","floor":11.0},{"not_picked":["Sword Boomerang","Iron Wave"],"picked":"Feed","floor":12.0},{"not_picked":["Body Slam","Heavy Blade"],"picked":"Anger","floor":13.0},{"not_picked":["Exhume","Fiend Fire"],"picked":"Limit Break","floor":16.0},{"not_picked":["Thunderclap","Evolve"],"picked":"Spot Weakness","floor":18.0},{"not_picked":["Headbutt","Twin Strike"],"picked":"Shrug It Off+1","floor":24.0},{"not_picked":["Combust","Carnage","Metallicize"],"picked":"Singing Bowl","floor":25.0},{"not_picked":["Searing Blow","Headbutt","Twin Strike"],"picked":"Singing Bowl","floor":27},{"not_picked":["Sentinel","Twin Strike","Ghostly Armor"],"picked":"Singing Bowl","floor":29},{"not_picked":["True Grit","Thunderclap","Reckless Charge"],"picked":"Singing Bowl","floor":30},{"not_picked":["Sever Soul","Wild Strike"],"picked":"Entrench","floor":31},{"not_picked":["Brutality","Double Tap"],"picked":"Reaper","floor":33},{"not_picked":["Wild Strike","Cleave+1"],"picked":"Feel No Pain","floor":35},{"not_picked":["Twin Strike","Shrug It Off","Iron Wave"],"picked":"Singing Bowl","floor":37},{"not_picked":["Dropkick","Havoc+1","Combust"],"picked":"Singing Bowl","floor":38},{"not_picked":["Havoc+1","Headbutt"],"picked":"Sword Boomerang+1","floor":40},{"not_picked":["Inflame","Cleave"],"picked":"Second Wind","floor":42},{"not_picked":["Havoc","Clash","Rupture"],"picked":"Singing Bowl","floor":44},{"not_picked":["Rampage","Pommel Strike","Hemokinesis"],"picked":"Singing Bowl","floor":45},{"not_picked":["Flex+1","Intimidate"],"picked":"Whirlwind","floor":47},{"not_picked":["Feed","Body Slam","Clothesline"],"picked":"Singing Bowl","floor":48},{"not_picked":["Warcry+1","Iron Wave"],"picked":"Battle Trance","floor":55}],"player_experience":816518,"relics_obtained":[{"floor":7.0,"key":"Ornamental Fan"},{"floor":9.0,"key":"Matryoshka"},{"floor":11.0,"key":"Whetstone"},{"floor":13.0,"key":"TungstenRod"},{"floor":22.0,"key":"HornCleat"},{"floor":22.0,"key":"War Paint"},{"floor":25.0,"key":"Singing Bowl"},{"floor":26.0,"key":"Boot"},{"floor":26.0,"key":"InkBottle"},{"floor":27,"key":"CeramicFish"},{"floor":30,"key":"Sundial"},{"floor":40,"key":"Strawberry"},{"floor":42,"key":"Mango"},{"floor":47,"key":"Pear"},{"floor":55,"key":"Vajra"}],"event_choices":[{"damage_healed":0.0,"max_hp_gain":0.0,"max_hp_loss":0.0,"gold_gain":0.0,"event_name":"Golden Idol","player_choice":"Take Damage","floor":2.0,"gold_loss":0.0,"damage_taken":26.0,"relics_obtained":["Golden Idol"]},{"damage_healed":0.0,"max_hp_gain":0.0,"max_hp_loss":0.0,"gold_gain":0.0,"event_name":"The Woman in Blue","player_choice":"Bought 2 Potions","floor":3.0,"gold_loss":0.0,"damage_taken":0.0},{"damage_healed":0.0,"max_hp_gain":0.0,"max_hp_loss":0.0,"gold_gain":0.0,"event_name":"WeMeetAgain","player_choice":"Paid Gold","floor":14.0,"gold_loss":98.0,"damage_taken":0.0,"relics_obtained":["MawBank"]},{"cards_removed":["Strike_R"],"damage_healed":0.0,"max_hp_gain":0.0,"max_hp_loss":0.0,"gold_gain":0.0,"event_name":"Purifier","player_choice":"Purged","floor":19.0,"gold_loss":0.0,"damage_taken":0.0},{"damage_healed":0.0,"max_hp_gain":0.0,"max_hp_loss":0.0,"gold_gain":0.0,"event_name":"The Mausoleum","player_choice":"Ignored","floor":21.0,"gold_loss":0.0,"damage_taken":0.0},{"damage_healed":0,"gold_gain":0,"player_choice":"1 cards matched","damage_taken":0,"max_hp_gain":0,"max_hp_loss":0,"event_name":"Match and Keep!","floor":39,"gold_loss":0,"cards_obtained":["Reaper"]}],"is_beta":false,"boss_relics":[{"not_picked":["Calling Bell","Cursed Key"],"picked":"Snecko Eye"},{"not_picked":["Velvet Choker","Black Blood"],"picked":"SlaversCollar"}],"items_purged_floors":[20,36],"is_endless":false,"potions_floor_spawned":[4,7,13,16,24,29,33,35,37,45],"ascension_level":20}}