{"host":"bp6b47iftb3mluh0","time":1613738835,"event":{"mods":["100% Spire Juice","Act Like it!","Alarm Clock","Aspiration","Astrologer","BaseMod","Bestiary","Better Third Choice","Better Vampires","Challenge The Spire","Colored Powertips","Conspire","Curses Come First","Dota2Spire","Downfall","Friendly Minions","Gensokyo","Hallownest","Hermit","Kiyohime£®«Âºß£©","Lobotomy","LobotomyExtend","Marisa£®ÏF”Í°°ƒß¿Ì…≥£©","Marked Mod","Minty Spire (QoL Compilation)","Quick Restart","Rare Cards Sparkle","Red Circlet Mod","Relic Filter Mod","Relic Stats","Remilia£®¿Ÿ√◊¿Ú—«£©","Replay The Spire","Reworked Bosses","Ruina","Ryuuou¡˙Õı","Shop Mod","Spicy Shops","StSLib","The Bug Knight","The Invoker Mod","Uncapped","Waifu the Spire","Youmu£®ªÍ∆«—˝√Œ£©","°æ“≈ŒÔø®≈∆°øREMEMod","≤–¡Ù÷ÆŒÔ"],"gold_per_floor":[115,115,115,129,34,34,34,44,44,44,44,119,119,44,63,63,63,63,79,79,79,79,182,182,193,193,193,90,90,90],"floor_reached":22,"language":"ZHS","playtime":848,"items_purged":["Regret"],"score":297,"play_id":"64250a44-d839-4659-8d0c-e79581bccb2b","local_time":"20210219204715","daily_mods":["Heirloom","Time Dilation","Flight"],"is_ascension_mode":false,"campfire_choices":[{"data":"ReplayTheSpireMod:Fabricate Wheel","floor":6.0,"key":"SMITH"},{"data":"Neutralize","floor":7.0,"key":"SMITH"},{"floor":6.0,"key":"REST"},{"data":"Adrenaline","floor":11.0,"key":"SMITH"},{"data":"Deep Breath","floor":13.0,"key":"SMITH"},{"floor":15.0,"key":"DIG"}],"circlet_count":0,"master_deck":["Strike_G","Strike_G+1","Strike_G","Strike_G","Defend_G","Defend_G","Defend_G","Defend_G","Defend_G","Survivor","Neutralize+1","REME_ForAll+1","Adrenaline+1","Deep Breath+1","Blade Dance","Masterful Stab+1","Corpse Explosion","REME_GrazeFinale","All Out Attack+1","Gensokyo:PrivateSquare","Pride","Gensokyo:TarnishedGold","Gensokyo:BlemishedSteel"],"relics":["Ring of the Snake","REME_ComplimentaryCards","Counterbalance","Gensokyo:CelestialsFlawlessClothing","Prayer Wheel","LetterFromLob","PreservedInsect","StoneCalendar","Boot","Pet Ghost","HoveringKite","ReplayTheSpireMod:Ring of Collecting"],"acts_visited":["Gensokyo:Gensokyo","Gensokyo:Gensokyoest"],"potions_floor_usage":[],"damage_taken":[{"damage":0.0,"enemies":"Gensokyo:3_Fairies","floor":1.0,"turns":7.0},{"damage":6.0,"enemies":"Gensokyo:2_Kodama","floor":4.0,"turns":5.0},{"damage":2.0,"enemies":"Jaw Worm","floor":1.0,"turns":7.0},{"damage":0.0,"enemies":"2 Louse","floor":8.0,"turns":7.0},{"damage":0.0,"enemies":"Cultist","floor":12.0,"turns":3.0},{"damage":22.0,"enemies":"The Guardian","floor":16.0,"turns":10.0},{"damage":0.0,"enemies":"Gensokyo:3_Bats","floor":18.0,"turns":1.0},{"damage":22,"enemies":"Gensokyo:AncientGuardian","floor":22,"turns":5}],"seed_played":"-7044407624882535989","potions_obtained":[{"floor":4.0,"key":"Energy Potion"},{"floor":8.0,"key":"Weak Potion"},{"floor":12.0,"key":"BlessingOfTheForge"},{"floor":16.0,"key":"EssenceOfSteel"},{"floor":18.0,"key":"Energy Potion"}],"is_trial":true,"path_per_floor":["M","?","?","M","COS","R","R","?","M","$","?","?","?","R","$","M","T","?","R","M","R","?","R","B",null,"M","?","?","COS","M"],"character_chosen":"THE_SILENT","items_purchased":[],"campfire_rested":1,"item_purchase_floors":[],"current_hp_per_floor":[70,53,46,40,40,40,40,68,68,68,54,43,64,64,64,64,64,64,64,64,64,64,42,70,70,70,70,70,48,48],"gold":90,"neow_bonus":"","is_daily":false,"chose_seed":false,"campfire_upgraded":4,"win_rate":0.0,"timestamp":1613738835,"path_taken":["M","?","?","?","COS","R","R","?","M","$","?","?","?","R","?","?","T","?","R","?","R","?","R","BOSS","M","?","?","COS","?"],"items_purchased_type":[],"build_version":"2020-12-22","purchased_purges":1,"victory":false,"max_hp_per_floor":[70,70,70,70,70,70,70,70,70,70,70,70,70,70,70,70,70,70,70,70,70,70,70,70,70,70,70,70,70,70],"relic_stats":{"counters":[8,45],"HoveringKite":[2],"Prayer Wheel":4,"StoneCalendar":[52],"PreservedInsect":0,"Boot":[9],"obtain_stats":[{"Counterbalance":0,"ReplayTheSpireMod:Ring of Collecting":19,"HoveringKite":17,"Prayer Wheel":1,"StoneCalendar":9,"PreservedInsect":3,"LetterFromLob":1,"Gensokyo:CelestialsFlawlessClothing":2,"Boot":12,"Pet Ghost":15,"Ring of the Snake":0,"REME_ComplimentaryCards":0},{"Counterbalance":0,"ReplayTheSpireMod:Ring of Collecting":7,"HoveringKite":6,"Prayer Wheel":3,"StoneCalendar":4,"PreservedInsect":3,"LetterFromLob":1,"Gensokyo:CelestialsFlawlessClothing":1,"Boot":5,"Pet Ghost":5,"Ring of the Snake":0,"REME_ComplimentaryCards":0},{"Counterbalance":0,"ReplayTheSpireMod:Ring of Collecting":40,"HoveringKite":39,"Prayer Wheel":14,"StoneCalendar":26,"PreservedInsect":19,"LetterFromLob":7,"Gensokyo:CelestialsFlawlessClothing":7,"Boot":27,"Pet Ghost":29,"Ring of the Snake":0,"REME_ComplimentaryCards":0}],"Ring of the Snake":[16]},"card_choices":[{"not_picked":["Flying Knee","Deflect","Poisoned Stab"],"picked":"SKIP","floor":1.0},{"not_picked":["Deflect","Endless Agony","PiercingWail"],"picked":"SKIP","floor":4.0},{"not_picked":["Deadly Poison","Predator","Underhanded Strike"],"picked":"SKIP","floor":1.0},{"not_picked":["Deadly Poison","Underhanded Strike","Finisher"],"picked":"SKIP","floor":1.0},{"not_picked":["Underhanded Strike","Deadly Poison","Bouncing Flask"],"picked":"SKIP","floor":8.0},{"not_picked":["Malaise","PiercingWail","Quick Slash"],"picked":"SKIP","floor":8.0},{"not_picked":["Sucker Punch","PiercingWail"],"picked":"Blade Dance","floor":12.0},{"not_picked":["Acrobatics","Doppelganger","Sucker Punch"],"picked":"SKIP","floor":12.0},{"not_picked":["REME_SpectralBlade","Night Terror"],"picked":"Corpse Explosion","floor":16.0},{"not_picked":["Unload","Replay:Bag of Tricks"],"picked":"REME_GrazeFinale","floor":16.0},{"not_picked":["Flying Knee+1","Poisoned Stab"],"picked":"All Out Attack+1","floor":18.0},{"not_picked":["Flying Knee","Eviscerate","REME_GreenPollution+1"],"picked":"SKIP","floor":18.0}],"player_experience":212774,"relics_obtained":[{"floor":1.0,"key":"LetterFromLob"},{"floor":1.0,"key":"LetterFromLob"},{"floor":9.0,"key":"StoneCalendar"},{"floor":15.0,"key":"Pet Ghost"},{"floor":19.0,"key":"ReplayTheSpireMod:Ring of Collecting"}],"event_choices":[{"damage_healed":0.0,"max_hp_gain":0.0,"max_hp_loss":0.0,"gold_gain":0.0,"event_name":"Big Fish","player_choice":"Box","floor":3.0,"gold_loss":0.0,"damage_taken":0.0,"relics_obtained":["PreservedInsect"],"cards_obtained":["Regret"]},{"damage_healed":68.0,"max_hp_gain":0.0,"max_hp_loss":70.0,"gold_gain":0.0,"event_name":"betterThird:BetterShining","player_choice":"Upgrade","floor":4.0,"gold_loss":0.0,"damage_taken":14.0,"cards_upgraded":["Strike_G","REME_ForAll"]},{"damage_healed":0.0,"max_hp_gain":0.0,"max_hp_loss":0.0,"gold_gain":75.0,"event_name":"betterThird:BetterGoop","player_choice":"Gold","floor":5.0,"gold_loss":0.0,"damage_taken":11.0},{"damage_healed":0.0,"max_hp_gain":0.0,"max_hp_loss":0.0,"gold_gain":0.0,"event_name":"Match and Keep!","player_choice":"2 cards matched","floor":10.0,"gold_loss":0.0,"damage_taken":0.0,"cards_obtained":["Adrenaline","Deep Breath"]}],"is_beta":false,"boss_relics":[{"not_picked":["Coffee Dripper","Sozu"],"picked":"HoveringKite"}],"items_purged_floors":[7],"is_endless":true,"potions_floor_spawned":[4,8,12,16,18],"killed_by":"Gensokyo:AncientGuardian","ascension_level":0}}