{"host":"bg0cyinkrjnqf173","time":1613770348,"event":{"mods":["BaseMod","Colored Map","Minty Spire (QoL Compilation)","Permanent Neow","Replay The Spire","StSLib","Together in Spire"],"gold_per_floor":[111,36,36,46,58,83,83,121,146,172,195,195,221,239,239,352,352,379,379,407,457,484,512,532,548,571,56,83,102,102,125,225,328,328,348,348,203,223,241,273,273,296,296,348,398,475,300,310,319,319,319,328,40,80,80],"floor_reached":56,"language":"ENG","playtime":3455,"items_purged":["Strike_R","Strike_R"],"score":1308,"play_id":"f044e46c-23b3-452c-9a9f-ee216a27aa63","local_time":"20210219163228","is_ascension_mode":false,"campfire_choices":[{"data":"Heavy Blade","floor":7.0,"key":"SMITH"},{"floor":15.0,"key":"REST"},{"floor":30,"key":"REST"},{"data":"Double Tap","floor":41,"key":"SMITH"},{"floor":49,"key":"RECALL"},{"data":"Heavy Blade","floor":52,"key":"SMITH"}],"circlet_count":0,"master_deck":["Strike_R","Defend_R","Defend_R","Defend_R","Defend_R","Bash","Strike_R","Defend_P","Demon Form+1","Heavy Blade+1","Twin Strike","Pummel+1","Run Through","ReplayTheSpireMod:Stacked","Flex","Double Tap+1","Heavy Blade+1","Sword Boomerang+1","Infernal Blade+1","ReplayTheSpireMod:Limb From Limb","Iron Wave","Pummel+1","Demon Form+1","ReplayTheSpireMod:LeadingStrike","Spot Weakness","Inflame","Uppercut","Apotheosis","ReplaySolidLightProjector"],"relics":["Burning Blood","Unceasing Top","CeramicFish","Replay:Mystery Machine","Mark of Pain","Vajra","Tiny Chest","Lantern","CaptainsWheel","Mango","Lizard Tail","White Beast Statue","Busted Crown","DollysMirror","ReplayTheSpireMod:Spearhead","Eternal Feather","Bronze Scales","Replay:PocketPolymizer","Replay:Accelerometer","PrismaticShard","Membership Card","Blue Doll"],"acts_visited":["TheBeyond","TheEnding"],"potions_floor_usage":[33,42,50,55,55],"damage_taken":[{"damage":5.0,"enemies":"2 Louse","floor":1.0,"turns":2.0},{"damage":0.0,"enemies":"Cultist","floor":4.0,"turns":2.0},{"damage":1.0,"enemies":"Jaw Worm","floor":5.0,"turns":3.0},{"damage":26.0,"enemies":"3 Sentries","floor":6.0,"turns":4.0},{"damage":13.0,"enemies":"Replay:BlueRogue","floor":8.0,"turns":5.0},{"damage":6.0,"enemies":"Lots of Slimes","floor":10.0,"turns":4.0},{"damage":14.0,"enemies":"Blue Slaver","floor":11.0,"turns":3.0},{"damage":4.0,"enemies":"Looter","floor":13.0,"turns":2.0},{"damage":8.0,"enemies":"Gremlin Gang","floor":14.0,"turns":3.0},{"damage":22.0,"enemies":"The Guardian","floor":16.0,"turns":6.0},{"damage":42.0,"enemies":"Shell Parasite","floor":18.0,"turns":5.0},{"damage":12.0,"enemies":"2 Thieves","floor":20.0,"turns":3.0},{"damage":3.0,"enemies":"Centurion and Healer","floor":22.0,"turns":3.0},{"damage":7.0,"enemies":"Replay:Snechameleon","floor":23.0,"turns":4.0},{"damage":7.0,"enemies":"Snake Plant","floor":24.0,"turns":3.0},{"damage":9.0,"enemies":"Snecko","floor":25.0,"turns":3.0},{"damage":9,"enemies":"Gremlin Leader","floor":28,"turns":4},{"damage":16,"enemies":"Shelled Parasite and Fungi","floor":29,"turns":4},{"damage":11,"enemies":"Snake Plant","floor":31,"turns":3},{"damage":20,"enemies":"Colosseum Slavers","floor":32,"turns":4},{"damage":0,"enemies":"Colosseum Nobs","floor":32,"turns":1},{"damage":0,"enemies":"Collector","floor":33,"turns":6},{"damage":15,"enemies":"3 Shapes","floor":35,"turns":3},{"damage":28,"enemies":"3 Darklings","floor":38,"turns":4},{"damage":0,"enemies":"Transient","floor":39,"turns":1},{"damage":26,"enemies":"Giant Head","floor":40,"turns":4},{"damage":5,"enemies":"Sphere and 2 Shapes","floor":42,"turns":3},{"damage":26,"enemies":"Mind Bloom Boss Battle","floor":45,"turns":5},{"damage":2,"enemies":"Jaw Worm Horde","floor":48,"turns":3},{"damage":83,"enemies":"Donu and Deca","floor":50,"turns":5},{"damage":96,"enemies":"Shield and Spear","floor":54,"turns":5},{"damage":121,"enemies":"The Heart","floor":55,"turns":6}],"seed_played":"-5585756672878833942","potions_obtained":[{"floor":4.0,"key":"Fruit Juice"},{"floor":6.0,"key":"SkillPotion"},{"floor":11.0,"key":"Fruit Juice"},{"floor":13.0,"key":"Energy Potion"},{"floor":14.0,"key":"BlessingOfTheForge"},{"floor":22.0,"key":"FairyPotion"},{"floor":29,"key":"SkillPotion"},{"floor":33,"key":"BlessingOfTheForge"},{"floor":38,"key":"Fire Potion"},{"floor":48,"key":"SkillPotion"},{"floor":54,"key":"Dexterity Potion"}],"is_trial":false,"path_per_floor":["M","$","?","M","M","E","R","E","T","M","M","?","M","M","R","B",null,"M","?","M","?","M","E","M","M","T","$","E","M","R","M","R_BF","B",null,"M","?","$","M","M","E","R","M","T","T","?","T","$","M","R","B",null,"R","$","E","B",null],"character_chosen":"IRONCLAD","items_purchased":["Lantern","ReplayTheSpireMod:Limb From Limb","CaptainsWheel","DollysMirror","PrismaticShard","Spot Weakness","Membership Card","Apotheosis"],"campfire_rested":2,"item_purchase_floors":[27,27,27,37,47,47,53,53],"current_hp_per_floor":[80,80,80,80,80,60,60,58,58,58,55,55,57,55,82,66,90,54,54,48,48,51,50,49,46,46,46,57,47,78,73,65,71,104,95,95,95,73,79,59,59,60,60,60,40,40,40,44,59,12,104,104,104,14,24],"gold":80,"neow_bonus":"THREE_RARE_CARDS","is_daily":false,"chose_seed":false,"campfire_upgraded":3,"win_rate":0.0,"timestamp":1613770348,"path_taken":["M","$","?","?","M","E","R","E","T","M","M","?","?","?","R","BOSS","M","?","M","?","?","E","M","M","T","$","E","M","R","M","R_BF","BOSS","M","?","$","M","M","E","R","M","T","?","?","?","$","M","R","BOSS","R","$","E","BOSS"],"items_purchased_type":["Relic","Card","Relic","Relic","Relic","Card","Relic","Card"],"build_version":"2020-12-22","purchased_purges":2,"victory":true,"max_hp_per_floor":[80,80,80,80,80,80,80,85,85,85,90,90,90,90,90,90,90,90,90,90,90,90,90,90,90,90,90,104,104,104,104,104,104,104,104,104,104,104,104,104,104,104,104,104,104,104,104,104,104,104,104,104,104,104,104],"card_choices":[{"not_picked":["Offering","Immolate"],"picked":"Demon Form","floor":0.0},{"not_picked":["Havoc","Perfected Strike"],"picked":"Heavy Blade","floor":1.0},{"not_picked":["ReplayTheSpireMod:Strike From Hell","Wild Strike"],"picked":"Twin Strike","floor":4.0},{"not_picked":["Havoc","Perfected Strike","Fire Breathing"],"picked":"SKIP","floor":5.0},{"not_picked":["Iron Wave","Disarm","Run Through"],"picked":"SKIP","floor":6.0},{"not_picked":["Replay:Undeath\u0027s Touch","True Grit"],"picked":"Pummel","floor":8.0},{"not_picked":["Thunderclap","Iron Wave"],"picked":"Run Through","floor":10.0},{"not_picked":["Shrug It Off","Clothesline"],"picked":"ReplayTheSpireMod:Stacked","floor":11.0},{"not_picked":["Thunderclap","Rampage"],"picked":"Flex","floor":13.0},{"not_picked":["Second Wind","Warcry","Clash"],"picked":"SKIP","floor":14.0},{"not_picked":["Brutality","Fiend Fire"],"picked":"Double Tap","floor":16.0},{"not_picked":["Seeing Red+1","Iron Wave"],"picked":"Heavy Blade","floor":18.0},{"not_picked":["ReplayTheSpireMod:Corrosion Curse","Disarm"],"picked":"Sword Boomerang+1","floor":20.0},{"not_picked":["Armaments","Brutality"],"picked":"Ghostly Armor","floor":22.0},{"not_picked":["Run Through","Havoc","Rage"],"picked":"SKIP","floor":23.0},{"not_picked":["Battle Trance","Sword Boomerang+1"],"picked":"Infernal Blade+1","floor":24.0},{"not_picked":["Flex","Thunderclap","Replay:Undeath\u0027s Touch"],"picked":"SKIP","floor":25.0},{"not_picked":["Havoc","Life Link+1","Fire Breathing"],"picked":"SKIP","floor":28},{"not_picked":["Disarm","Run Through"],"picked":"Iron Wave","floor":29},{"not_picked":["Replay:Undeath\u0027s Touch","True Grit"],"picked":"Pummel+1","floor":31},{"not_picked":["Seeing Red+1"],"picked":"SKIP","floor":35},{"not_picked":["Clothesline"],"picked":"SKIP","floor":38},{"not_picked":["Armaments"],"picked":"SKIP","floor":39},{"not_picked":["Sever Soul"],"picked":"SKIP","floor":40},{"not_picked":[],"picked":"ReplayTheSpireMod:LeadingStrike","floor":42},{"not_picked":["Barricade"],"picked":"SKIP","floor":48},{"not_picked":[],"picked":"ReplaySolidLightProjector","floor":54}],"player_experience":604675,"relics_obtained":[{"floor":6.0,"key":"Unceasing Top"},{"floor":8.0,"key":"CeramicFish"},{"floor":9.0,"key":"Replay:Mystery Machine"},{"floor":23.0,"key":"Vajra"},{"floor":26.0,"key":"Tiny Chest"},{"floor":28,"key":"Mango"},{"floor":32,"key":"Lizard Tail"},{"floor":32,"key":"White Beast Statue"},{"floor":40,"key":"ReplayTheSpireMod:Spearhead"},{"floor":43,"key":"Eternal Feather"},{"floor":44,"key":"Bronze Scales"},{"floor":45,"key":"Replay:PocketPolymizer"},{"floor":46,"key":"Replay:Accelerometer"},{"floor":54,"key":"Blue Doll"}],"event_choices":[{"damage_healed":0.0,"max_hp_gain":0.0,"max_hp_loss":0.0,"gold_gain":0.0,"event_name":"Upgrade Shrine","player_choice":"Upgraded","floor":3.0,"gold_loss":0.0,"damage_taken":0.0,"cards_upgraded":["Demon Form"]},{"damage_healed":0.0,"max_hp_gain":0.0,"max_hp_loss":0.0,"gold_gain":0.0,"event_name":"Accursed Blacksmith","player_choice":"Forge","floor":12.0,"gold_loss":0.0,"damage_taken":0.0,"cards_upgraded":["Pummel"]},{"damage_healed":0.0,"max_hp_gain":0.0,"max_hp_loss":0.0,"gold_gain":100.0,"event_name":"The Joust","player_choice":"Bet on Murderer","floor":21.0,"gold_loss":50.0,"damage_taken":0.0},{"damage_healed":0,"gold_gain":0,"player_choice":"Fight","damage_taken":0,"max_hp_gain":0,"max_hp_loss":0,"event_name":"Colosseum","floor":32,"gold_loss":0},{"damage_healed":0,"gold_gain":0,"player_choice":"Fled From Nobs","damage_taken":0,"max_hp_gain":0,"max_hp_loss":0,"event_name":"Colosseum","floor":32,"gold_loss":0},{"damage_healed":0,"gold_gain":0,"player_choice":"Fled From Nobs","damage_taken":0,"max_hp_gain":0,"max_hp_loss":0,"event_name":"Colosseum","floor":32,"gold_loss":0},{"damage_healed":0,"gold_gain":0,"player_choice":"Fled From Nobs","damage_taken":0,"max_hp_gain":0,"max_hp_loss":0,"event_name":"Colosseum","floor":32,"gold_loss":0},{"damage_healed":0,"gold_gain":0,"player_choice":"Fought Nobs","damage_taken":0,"max_hp_gain":0,"max_hp_loss":0,"event_name":"Colosseum","floor":32,"gold_loss":0},{"cards_removed":["Ghostly Armor"],"damage_healed":0,"gold_gain":0,"player_choice":"Removed Skill","damage_taken":0,"max_hp_gain":0,"max_hp_loss":0,"event_name":"Falling","floor":36,"gold_loss":0},{"damage_healed":0,"gold_gain":0,"player_choice":"Fight","damage_taken":0,"max_hp_gain":0,"max_hp_loss":0,"event_name":"MindBloom","floor":45,"gold_loss":0}],"is_beta":false,"boss_relics":[{"not_picked":["ReplayTheSpireMod:DimensionalGlitch","Replay:Drink Me"],"picked":"Mark of Pain"},{"not_picked":["Black Star","ChewingGum"],"picked":"Busted Crown"}],"items_purged_floors":[2,53],"is_endless":false,"potions_floor_spawned":[4,6,11,13,14,22,29,32,32,33,35,38,39,40,42,45,48,54],"ascension_level":0}}