{"host":"9kaxb8gkmgtddido","time":1613745413,"event":{"mods":["2.2 Compatiblity","AchievementEnabler","AlwaysNeverKeys","Aspiration","BaseMod","Card Forge","Colored Map","Colored Powertips","Custom Start","DeckTracker","Gremlin Mod","Gremlin Skip","Hubris","Mimic Mod","Minty Spire (QoL Compilation)","Permanent Neow","Quick Restart","Rare Cards Sparkle","Relic Filter","Replay The Spire","Shop Mod","StSLib","SuperFastMode","Synergy Search","TheBandit"],"gold_per_floor":[112,112,187,202,219,244,244,244,244],"floor_reached":8,"language":"ENG","playtime":328,"items_purged":[],"score":87,"play_id":"e8b92dd4-4dc8-4b93-ac92-aad996f7b5f3","local_time":"20210219223653","is_ascension_mode":true,"campfire_choices":[{"floor":7,"key":"REST"}],"circlet_count":0,"master_deck":["AscendersBane","Strike_G","Strike_G","Defend_G","Defend_G","Survivor","Neutralize","Tactician","Quick Slash","Masterful Stab","PiercingWail","Grand Finale+1"],"relics":["Ring of the Snake","Hammer of Thor","Seething Fire","Anvil of the Gods","Golden Egg"],"acts_visited":["Exordium"],"potions_floor_usage":[6],"damage_taken":[{"damage":0.0,"enemies":"Jaw Worm","floor":1.0,"turns":5.0},{"damage":0.0,"enemies":"2 Louse","floor":4.0,"turns":3.0},{"damage":0.0,"enemies":"Cultist","floor":5.0,"turns":3.0},{"damage":35,"enemies":"Lagavulin","floor":6,"turns":7},{"damage":46,"enemies":"3 Sentries","floor":8,"turns":10}],"seed_played":"8414196430503768804","potions_obtained":[{"floor":1.0,"key":"Strength Potion"},{"floor":6,"key":"Dexterity Potion"}],"is_trial":false,"path_per_floor":["M","?","?","M","M","E","R","E"],"character_chosen":"THE_SILENT","items_purchased":[],"campfire_rested":1,"item_purchase_floors":[],"current_hp_per_floor":[63,63,52,52,52,17,38,0,0],"gold":244,"neow_bonus":"THREE_CARDS","is_daily":false,"chose_seed":false,"campfire_upgraded":0,"win_rate":0.0,"timestamp":1613745413,"path_taken":["M","?","?","?","M","E","R","E"],"items_purchased_type":[],"build_version":"2020-12-22","purchased_purges":0,"victory":false,"max_hp_per_floor":[70,70,70,70,70,70,70,70,70],"card_choices":[{"not_picked":["Slice","Dagger Spray"],"picked":"Tactician","floor":0.0},{"not_picked":["Catalyst","Replay:Poison Smokescreen"],"picked":"Quick Slash","floor":1.0},{"not_picked":["Dodge and Roll","Sucker Punch"],"picked":"Masterful Stab","floor":4.0},{"not_picked":["Poisoned Stab","Deadly Poison"],"picked":"PiercingWail","floor":5.0},{"not_picked":["Outmaneuver","Slice"],"picked":"Grand Finale","floor":6}],"player_experience":688444,"relics_obtained":[{"floor":6,"key":"Golden Egg"}],"event_choices":[{"damage_healed":0.0,"max_hp_gain":0.0,"max_hp_loss":0.0,"gold_gain":75.0,"event_name":"World of Goop","player_choice":"Gather Gold","floor":3.0,"gold_loss":0.0,"damage_taken":11.0}],"is_beta":false,"boss_relics":[],"items_purged_floors":[],"is_endless":false,"potions_floor_spawned":[1,6],"killed_by":"3 Sentries","ascension_level":11}}