{"host":"Cenci","time":1613768437,"event":{"mods":["BaseMod","Bestiary","Downfall","Highlight Path","Minty Spire (QoL Compilation)","StSLib"],"gold_per_floor":[199,216,161,171,181,201,227,262,262,274,291,291,216,249,260,363,363,113,130,143,143,159,109,109,124,74,59,9,35,35,55,71,168,168,18,33,51,36,47,82,82,82,82,82],"floor_reached":42,"language":"ENG","playtime":2719,"items_purged":[],"score":626,"play_id":"3805eb80-8e65-4586-9df2-fa6661b1b7e1","local_time":"20210219220037","is_ascension_mode":true,"campfire_choices":[{"data":"Slimebound:Split","floor":1,"key":"SMITH"},{"floor":18,"key":"RECALL"},{"data":"Slimebound:OozeBath","floor":23,"key":"SMITH"},{"data":"Slimebound:Equalize","floor":26,"key":"SMITH"},{"data":"Slimebound:Equalize","floor":28,"key":"SMITH"},{"data":"Slimebound:AcidTongue","floor":30,"key":"SMITH"},{"data":"Slimebound:DuplicatedForm","floor":35,"key":"SMITH"}],"circlet_count":0,"master_deck":["Slimebound:Strike_Slimebound","Slimebound:Strike_Slimebound+1","Slimebound:Strike_Slimebound","Slimebound:Tackle","Slimebound:Defend_Slimebound","Slimebound:Defend_Slimebound","Slimebound:Defend_Slimebound","Slimebound:Defend_Slimebound","Slimebound:Split+1","Slimebound:CorrosiveSpit","Slimebound:LeechLife","Slimebound:Grow+1","Slimebound:Recollect","Slimebound:HungryTackle","Slimebound:MegaLick+1","Slimebound:Equalize+1","Slimebound:GoopSpray","Slimebound:AcidTongue+1","downfall:Malfunctioning","Slimebound:LeechingTouch","Slimebound:OozeBath+1","Slimebound:Equalize+1","Slimebound:Recollect","Slimebound:DuplicatedForm+1","CurseOfTheBell"],"relics":["Slimebound:AbsorbEndCombat","Blood Vial","Slimebound:GreedOozeRelic","Tiny Chest","Runic Dome","downfall:HeartBlessingGreen","downfall:HeartBlessingBlue","StoneCalendar","MealTicket","Calling Bell","Akabeko","Eternal Feather","Pocketwatch","downfall:HeartBlessingRed","Girya","Letter Opener"],"acts_visited":["Exordium","TheCity","TheBeyond"],"potions_floor_usage":[11,11,15,16,37],"damage_taken":[{"damage":0,"enemies":"2 Louse","floor":2,"turns":2},{"damage":0,"enemies":"downfall:FleeingMerchant","floor":3,"turns":4},{"damage":3,"enemies":"Cultist","floor":4,"turns":4},{"damage":0,"enemies":"Small Slimes","floor":5,"turns":3},{"damage":13,"enemies":"Exordium Wildlife","floor":6,"turns":4},{"damage":35,"enemies":"Gremlin Nob","floor":8,"turns":5},{"damage":18,"enemies":"Gremlin Gang","floor":10,"turns":4},{"damage":0,"enemies":"Large Slime","floor":11,"turns":5},{"damage":27,"enemies":"3 Sentries","floor":14,"turns":6},{"damage":13,"enemies":"downfall:LooterAlt","floor":15,"turns":3},{"damage":49,"enemies":"WA_ARCHETYPE_RETAIN","floor":16,"turns":8},{"damage":16,"enemies":"downfall:LooterAlt2","floor":19,"turns":4},{"damage":32,"enemies":"Spheric Guardian","floor":20,"turns":6},{"damage":36,"enemies":"Shelled Parasite and Fungi","floor":22,"turns":5},{"damage":23,"enemies":"Snecko","floor":25,"turns":4},{"damage":6,"enemies":"downfall:FleeingMerchant","floor":27,"turns":4},{"damage":71,"enemies":"Slavers","floor":29,"turns":6},{"damage":9,"enemies":"Centurion and Healer","floor":31,"turns":6},{"damage":26,"enemies":"Sentry and Sphere","floor":32,"turns":5},{"damage":58,"enemies":"SI_MIRROR_ARCHETYPE","floor":33,"turns":8},{"damage":70,"enemies":"3 Shapes","floor":36,"turns":4},{"damage":30,"enemies":"3 Darklings","floor":37,"turns":5},{"damage":18,"enemies":"downfall:FleeingMerchant","floor":38,"turns":4},{"damage":64,"enemies":"Spire Growth","floor":39,"turns":5},{"damage":89,"enemies":"Nemesis","floor":40,"turns":7},{"damage":57,"enemies":"Jaw Worm Horde","floor":42,"turns":2}],"seed_played":"-4842185493313254647","potions_obtained":[{"floor":2,"key":"FairyPotion"},{"floor":8,"key":"EntropicBrew"},{"floor":10,"key":"EntropicBrew"},{"floor":11,"key":"Block Potion"},{"floor":22,"key":"Fruit Juice"},{"floor":25,"key":"Dexterity Potion"},{"floor":40,"key":"Swift Potion"}],"is_trial":false,"path_per_floor":["R","M","$","M","M","M","T","E","?","M","M","?","?","E","M","B",null,"R","M","M","?","M","R","T","M","R","$","R","E","R","M","M","B",null,"R","M","M","$","M","E","T","M"],"character_chosen":"SLIMEBOUND","items_purchased":["Slimebound:Grow"],"campfire_rested":0,"item_purchase_floors":[3],"current_hp_per_floor":[59,61,65,64,65,64,64,36,36,34,62,62,62,44,41,10,51,61,75,59,59,75,75,75,75,75,74,74,34,34,75,75,56,70,75,28,47,80,47,51,51,0,0,0],"gold":82,"neow_bonus":"HUNDRED_GOLD","is_daily":false,"chose_seed":false,"campfire_upgraded":6,"win_rate":0.0,"timestamp":1613768437,"path_taken":["R","M","$","M","M","M","T","E","?","?","M","?","?","E","M","BOSS","R","M","M","?","M","R","T","M","R","$","R","E","R","M","M","BOSS","R","M","M","$","M","E","T","M"],"items_purchased_type":["Card"],"build_version":"2020-11-17","purchased_purges":0,"victory":false,"max_hp_per_floor":[65,65,65,65,65,65,65,65,65,65,65,65,65,65,65,65,65,75,75,75,75,75,75,75,75,75,75,75,75,75,75,75,75,75,75,75,80,80,80,80,80,80,80,80],"card_choices":[{"not_picked":["Slimebound:MegaLick","Slimebound:LivingWall","Slimebound:LeechEnergy"],"picked":"SKIP","floor":2},{"not_picked":["Slimebound:SlimeTap","Slimebound:Prepare"],"picked":"Slimebound:LeechLife","floor":3},{"not_picked":["Slimebound:SplitMire","Slimebound:LeechingTouch","Slimebound:LeadByExample"],"picked":"SKIP","floor":4},{"not_picked":["Slimebound:PressTheAttack","Slimebound:RollThrough"],"picked":"Slimebound:Recollect","floor":5},{"not_picked":["Slimebound:HauntingLick","Slimebound:SlimeSpikes"],"picked":"Slimebound:HungryTackle","floor":6},{"not_picked":["Slimebound:SlimeTap","Slimebound:Prepare"],"picked":"Slimebound:MegaLick","floor":8},{"not_picked":["Slimebound:HauntingLick","Slimebound:SplitAcid"],"picked":"Slimebound:GoopSpray","floor":10},{"not_picked":["Slimebound:SlimeBrawl","Slimebound:SpikyOuterGoop"],"picked":"Slimebound:AcidTongue","floor":11},{"not_picked":["Slimebound:SamplingLick","Slimebound:LevelUp"],"picked":"Slimebound:LeechingTouch","floor":14},{"not_picked":["Slimebound:SplitLeeching","Slimebound:GoopTackle","Slimebound:LeechEnergy"],"picked":"SKIP","floor":15},{"not_picked":["Slimebound:SlimeSlap","Slimebound:RallyTheTroops"],"picked":"Slimebound:OozeBath","floor":16},{"not_picked":["Slimebound:LeechEnergy","Slimebound:GrowthPunch","Slimebound:SlimeBarrage+1"],"picked":"SKIP","floor":19},{"not_picked":["Slimebound:RejuvenatingLick","Slimebound:SplitLeeching","Slimebound:SplitBruiser"],"picked":"SKIP","floor":20},{"not_picked":["Slimebound:GoopTackle+1","Slimebound:SplitMire+1"],"picked":"Slimebound:Equalize","floor":22},{"not_picked":["Slimebound:Prepare","Slimebound:ComboTackle","Slimebound:FinishingTackle"],"picked":"SKIP","floor":25},{"not_picked":["Slimebound:LivingWall","Slimebound:GrowthPunch","Slimebound:GoopTackle"],"picked":"SKIP","floor":27},{"not_picked":["Slimebound:Schlurp","Slimebound:Dissolve","Slimebound:SlimeSpikes"],"picked":"SKIP","floor":29},{"not_picked":["Slimebound:Darklings","Slimebound:HauntingLick+1","Slimebound:Gluttony"],"picked":"SKIP","floor":31},{"not_picked":["Slimebound:LivingWall","Slimebound:SlimeTap"],"picked":"Slimebound:Recollect","floor":32},{"not_picked":["Slimebound:SlimeSlap","Slimebound:MinionMaster"],"picked":"Slimebound:DuplicatedForm","floor":33},{"not_picked":["Slimebound:Prepare+1","Slimebound:DisruptingSlam+1","Slimebound:SlimeBrawl"],"picked":"SKIP","floor":36},{"not_picked":["Slimebound:LivingWall","Slimebound:HauntingLick+1","Slimebound:SplitBruiser+1"],"picked":"SKIP","floor":37},{"not_picked":["Slimebound:Prepare+1","Slimebound:Repurpose+1","Slimebound:RollThrough"],"picked":"SKIP","floor":38},{"not_picked":["Slimebound:TongueLash+1","Slimebound:RallyTheTroops","Slimebound:ComboTackle"],"picked":"SKIP","floor":39},{"not_picked":["Slimebound:FormOfPuddle+1","Slimebound:HauntingLick+1","Slimebound:RollThrough+1"],"picked":"SKIP","floor":40}],"player_experience":373591,"relics_obtained":[{"floor":8,"key":"Blood Vial"},{"floor":14,"key":"Tiny Chest"},{"floor":24,"key":"StoneCalendar"},{"floor":29,"key":"MealTicket"},{"floor":34,"key":"Akabeko"},{"floor":34,"key":"Eternal Feather"},{"floor":34,"key":"Pocketwatch"},{"floor":40,"key":"Girya"},{"floor":41,"key":"Letter Opener"}],"event_choices":[],"is_beta":true,"boss_relics":[{"not_picked":["Pandora\u0027s Box","Sozu"],"picked":"Runic Dome"},{"not_picked":["Philosopher\u0027s Stone","Astrolabe"],"picked":"Calling Bell"}],"items_purged_floors":[],"is_endless":false,"potions_floor_spawned":[2,8,10,11,14,15,22,25,31,36,40],"killed_by":"Jaw Worm Horde","ascension_level":6}}