{"host":"r9v0g0iwbsx9dzwu","time":1613722686,"event":{"mods":["ATMod(°¢èªMod)","Act Like it!","Arknights","Aspiration","BaseMod","Minty Spire (QoL Compilation)","MostiFishMod","Reliquary","Replay The Spire","RumiaBox-Â¶Ã×æ«µÄÉñÃØºÐ×Ó","StSLib","TestMod","[IsaacMod]ÒÔÈö¼âËþ","¡¾ÒÅÎï¿¨ÅÆ¡¿REMEMod"],"gold_per_floor":[109,126,140,215,237,272,272,304,304,304,324,355,288,238,238,343,343,363,363,378,152,77,77,93,18,89,120,120,151,151,78,78,174,174,189,203,214,52,68,68,84,117,197,208,208,243,258,258,258,0,0,0,0,25,25],"floor_reached":56,"language":"ZHS","playtime":1949,"items_purged":["ats:Strike V","ats:Strike C","ats:Strike S","ats:Strike G","ats:Sashimi Platter","ats:Defend"],"score":1462,"play_id":"01988d29-d8f1-48f6-a410-02c4cf2c3f3a","local_time":"20210219161806","is_ascension_mode":true,"campfire_choices":[{"data":"ats:Emotion Absorption","floor":7,"key":"SMITH"},{"data":"ats:Cat Scratch","floor":10,"key":"SMITH"},{"data":"ats:Mental Burst","floor":15,"key":"SMITH"},{"data":"ats:Armor Crushing Shot","floor":23,"key":"SMITH"},{"data":"REME_FirmDetermination","floor":28,"key":"SMITH"},{"floor":30,"key":"RECALL"},{"data":"Master of Strategy","floor":32,"key":"SMITH"},{"data":"ats:Fractured Body","floor":40,"key":"SMITH"},{"data":"ats:Shadow Assault","floor":49,"key":"SMITH"},{"data":"ats:Hook Shot","floor":52,"key":"SMITH"}],"circlet_count":0,"master_deck":["ats:Armor Crushing Shot+1","ats:Defend","ats:Defend","ats:Defend","ats:Emotion Absorption+1","Master of Strategy+1","ats:Wolf Pack","ats:Cat Scratch+1","ats:Mental Burst+1","ats:Fractured Body+1","ats:Song Of Battle+1","REME_FirmDetermination+1","ats:Wolf Pack","ats:Wolf Pack","ats:Shadow Assault+1","ats:Hook Shot+1","ats:Hook Shot+1","ats:Thorns+1"],"relics":["ats:Sanity","AT_ATBox","DaveBox","testmod-TestBox","HushsDoor","REME_ComplimentaryCards","SteamSale","testmod-PortableAltar","HollowDreamFlower","NeowsBlessing","Baka2","testmod-BlackFramedGlasses","ats:Originium","MostiFishMod:Haymaker","testmod-IndustrialRevolution","aspiration:FrozenJewel","testmod-LifeArmor","SoulBox","DeathBook","GuppysTail","aspiration:RitualStick","GnawedLeaf","Replay:Baseball","DeadEye","Lee\u0027s Waffle","OneHitWonderSystem","ats:Ability Aura","PreservedInsect","testmod-Hope","Anchor","PillsDrop"],"acts_visited":["Exordium","TheCity","TheBeyond","TheEnding"],"potions_floor_usage":[27,44,55,55,55,55],"damage_taken":[{"damage":1,"enemies":"Small Slimes","floor":1,"turns":1},{"damage":1,"enemies":"2 Louse","floor":2,"turns":1},{"damage":1,"enemies":"Jaw Worm","floor":3,"turns":1},{"damage":1,"enemies":"Lagavulin","floor":6,"turns":2},{"damage":59,"enemies":"3 Sentries","floor":8,"turns":8},{"damage":0,"enemies":"Exordium Thugs","floor":11,"turns":1},{"damage":16,"enemies":"Lagavulin","floor":12,"turns":9},{"damage":2,"enemies":"Slime Boss","floor":16,"turns":5},{"damage":7,"enemies":"Shell Parasite","floor":18,"turns":2},{"damage":0,"enemies":"Chosen","floor":20,"turns":2},{"damage":1,"enemies":"3 Cultists","floor":24,"turns":5},{"damage":3,"enemies":"Book of Stabbing","floor":27,"turns":4},{"damage":32,"enemies":"Gremlin Leader","floor":29,"turns":3},{"damage":22,"enemies":"Automaton","floor":33,"turns":8},{"damage":0,"enemies":"3 Shapes","floor":35,"turns":2},{"damage":0,"enemies":"Orb Walker","floor":36,"turns":1},{"damage":0,"enemies":"Transient","floor":37,"turns":5},{"damage":0,"enemies":"3 Darklings","floor":39,"turns":3},{"damage":0,"enemies":"Jaw Worm Horde","floor":41,"turns":2},{"damage":0,"enemies":"Giant Head","floor":42,"turns":4},{"damage":0,"enemies":"4 Shapes","floor":44,"turns":1},{"damage":0,"enemies":"Nemesis","floor":46,"turns":5},{"damage":0,"enemies":"Spire Growth","floor":47,"turns":3},{"damage":0,"enemies":"Donu and Deca","floor":50,"turns":5},{"damage":0,"enemies":"Shield and Spear","floor":54,"turns":3},{"damage":0,"enemies":"Delirium","floor":55,"turns":18}],"seed_played":"-3936615892244870836","potions_obtained":[{"floor":11,"key":"EssenceOfSteel"},{"floor":12,"key":"EntropicBrew"},{"floor":27,"key":"Fruit Juice"},{"floor":29,"key":"Reflective Coating"},{"floor":33,"key":"Fire Potion"},{"floor":41,"key":"Elixir"},{"floor":44,"key":"REME_GoldPotion"}],"is_trial":false,"path_per_floor":["M","M","M","?","?","E","R","E","T","R","M","E","$","$","R","B",null,"M","?","M","$","?","R","M","$","T","E","R","E","R","$","R","B",null,"M","M","M","$","M","R","M","E","T","M","?","E","M","?","R","B",null,"R","$","E","B",null],"character_chosen":"DOCTOR_CLASS","items_purchased":["ats:Mental Burst","DeathBook","GuppysTail","GnawedLeaf","REME_FirmDetermination","Lee\u0027s Waffle","ats:Ability Aura"],"campfire_rested":0,"item_purchase_floors":[13,17,17,21,21,31,38],"current_hp_per_floor":[70,69,68,57,57,65,65,62,62,62,67,59,59,59,59,64,39,32,25,36,35,34,33,31,31,30,31,31,1,1,37,36,35,1,1,1,1,1,1,1,1,1,1,1,1,1,2,1,1,1,1,1,1,1,1],"gold":25,"neow_bonus":"THREE_ENEMY_KILL","is_daily":false,"chose_seed":false,"campfire_upgraded":9,"win_rate":0.0,"timestamp":1613722686,"path_taken":["M","M","M","?","?","E","R","E","T","R","?","E","?","$","R","BOSS","M","?","?","$","?","R","M","$","T","E","R","E","R","?","R","BOSS","M","M","M","$","M","R","?","E","T","M","?","E","M","?","R","BOSS","R","$","E","BOSS"],"items_purchased_type":["Card","Relic","Relic","Relic","Card","Relic","Relic"],"build_version":"2020-12-22","purchased_purges":6,"victory":true,"max_hp_per_floor":[71,70,69,68,67,66,65,73,72,71,70,69,68,67,66,65,39,38,37,36,35,34,33,32,31,30,34,33,32,31,37,36,35,1,1,1,1,1,1,1,1,1,1,1,1,1,2,1,1,1,1,1,1,1,1],"card_choices":[{"not_picked":[],"picked":"ChaosCard","floor":0},{"not_picked":["ats:Shell Defense","ats:Guardian Obelisk","ats:Guard Mode"],"picked":"SKIP","floor":1},{"not_picked":["ats:Burning Ground","ats:Poison Spread","ats:Very Hot Blade"],"picked":"SKIP","floor":2},{"not_picked":["ats:Phantom","ats:Encircling Forest"],"picked":"ats:Wolf Pack","floor":3},{"not_picked":["ats:Leaping Hammer","ats:Roar Of Ursus","ats:Revitalization"],"picked":"SKIP","floor":6},{"not_picked":["ats:Composite Medical Shells","ats:Volcano"],"picked":"ats:Cat Scratch","floor":8},{"not_picked":["ats:Closed Bolt Burst Fire","ats:LN2 Cannon"],"picked":"ats:Sashimi Platter","floor":11},{"not_picked":["ats:Absolute Focus","ats:Shell Defense","ats:Cat Scratch"],"picked":"SKIP","floor":12},{"not_picked":["ats:True Silver Slash","ats:Calcification"],"picked":"ats:Fractured Body","floor":16},{"not_picked":["ats:Overload","ats:Blood Oath"],"picked":"ats:Song Of Battle+1","floor":18},{"not_picked":["ats:Shell Defense+1","ats:Curse Doll","ats:Flexible Camouflage"],"picked":"SKIP","floor":20},{"not_picked":["ats:Steam Pump","ats:Consecutive Shot Auto+1","ats:Blood Oath"],"picked":"SKIP","floor":24},{"not_picked":["ats:Steam Pump","ats:Consecutive Shot Auto+1","ats:Blood Oath"],"picked":"SKIP","floor":24},{"not_picked":["ats:Very Hot Blade","ats:Overload+1"],"picked":"ats:Wolf Pack","floor":27},{"not_picked":["ats:Curse Doll","ats:Revitalization","ats:Flexible Camouflage"],"picked":"SKIP","floor":29},{"not_picked":["ats:Dogmatic Field","ats:Durian"],"picked":"ats:Wolf Pack","floor":33},{"not_picked":["ats:Magnetic Hammer","ats:Assault Order+1","ats:Flexible Camouflage"],"picked":"SKIP","floor":35},{"not_picked":["ats:Closed Bolt Burst Fire","ats:Very Hot Blade","ats:Revitalization+1"],"picked":"SKIP","floor":36},{"not_picked":["ats:Literary Storm","ats:Very Hot Blade+1","ats:Ignite"],"picked":"SKIP","floor":37},{"not_picked":["ats:Shadow Raid+1","ats:Explosion Area Strengthen+1","ats:Sashimi Platter+1"],"picked":"SKIP","floor":39},{"not_picked":["ats:Closed Bolt Burst Fire","ats:Very Hot Blade+1","ats:Assault Order+1"],"picked":"SKIP","floor":41},{"not_picked":["ats:Closed Bolt Burst Fire","ats:Very Hot Blade+1","ats:Assault Order+1"],"picked":"SKIP","floor":41},{"not_picked":["ats:Directed Diagnosis+1","ats:Dogmatic Field","ats:Defend Order"],"picked":"SKIP","floor":42},{"not_picked":["ats:Directed Diagnosis+1","ats:Dogmatic Field","ats:Defend Order"],"picked":"SKIP","floor":42},{"not_picked":["ats:Powerful Strike","ats:Apocalypse","ats:Magnetic Hammer+1"],"picked":"SKIP","floor":44},{"not_picked":["ats:Shell Defense","ats:Cat Scratch+1"],"picked":"ats:Hook Shot","floor":46},{"not_picked":["ats:Healing Drone","ats:Shell Defense+1","ats:Collapsing Strike+1"],"picked":"SKIP","floor":47},{"not_picked":["ats:Curse Doll+1","ats:Explosion Area Strengthen"],"picked":"ats:Thorns+1","floor":54}],"player_experience":70321,"relics_obtained":[{"floor":1,"key":"Baka"},{"floor":2,"key":"Baka2"},{"floor":5,"key":"testmod-BlackFramedGlasses"},{"floor":6,"key":"ats:Originium"},{"floor":6,"key":"MostiFishMod:Haymaker"},{"floor":8,"key":"ats:Originium"},{"floor":8,"key":"testmod-IndustrialRevolution"},{"floor":9,"key":"aspiration:FrozenJewel"},{"floor":12,"key":"ats:Originium"},{"floor":12,"key":"testmod-LifeArmor"},{"floor":27,"key":"ats:Originium"},{"floor":27,"key":"Replay:Baseball"},{"floor":29,"key":"DeadEye"},{"floor":42,"key":"PreservedInsect"},{"floor":43,"key":"testmod-Hope"},{"floor":46,"key":"Anchor"},{"floor":54,"key":"PillsDrop"}],"event_choices":[{"damage_healed":0,"gold_gain":75,"player_choice":"Gather Gold","damage_taken":11,"max_hp_gain":0,"max_hp_loss":0,"event_name":"World of Goop","floor":4,"gold_loss":0},{"cards_removed":["ats:Mental Burst"],"damage_healed":0,"gold_gain":0,"player_choice":"Gave Gold","damage_taken":0,"max_hp_gain":0,"max_hp_loss":0,"event_name":"Beggar","floor":22,"gold_loss":75},{"damage_healed":0,"gold_gain":0,"player_choice":"Copied","damage_taken":0,"max_hp_gain":0,"max_hp_loss":0,"event_name":"Duplicator","floor":45,"gold_loss":0,"cards_obtained":["REME_FirmDetermination"]}],"is_beta":false,"boss_relics":[{"not_picked":["testmod-HarvestTotem","testmod-DeterminationOfClimber"],"picked":"SoulBox"},{"not_picked":[]},{"not_picked":["testmod-IncinerationGenerator","aspiration:SecretTechniqueScroll"],"picked":"OneHitWonderSystem"},{"not_picked":[]}],"items_purged_floors":[13,14,17,21,25,38],"is_endless":false,"potions_floor_spawned":[11,12,27,29,33,36,41,42,44],"ascension_level":2}}