{"host":"0ke4ewd6kv0tgkyi","time":1613763466,"event":{"mods":["2.2 Compatiblity","A Magickal Journey","Act Like it!","Aspiration","BaseMod","Conspire","Elementarium","Fiend Mod","Gensokyo","Hallownest","JesterMod","Menagerie","Minty Spire (QoL Compilation)","Pale of the Ancients","Permanent Neow","Potionbrewer","Quarter Circle Forward PUNCH!","QueenMod","Reliquary","Shade Mod","Somnambulant","StSLib","The Alterego","The Cursed","The Gatherer","The Judge","The Jungle","The Poker Player","The Senshi"],"gold_per_floor":[109,34,34,34,34,64,64,100,125,125,160,194,211,211,211,321,321,349,274,274,89,89,117,117,151,151,151,151,151,51,72,72,181,181,200,200,18,48,48,48,48,387,387,387,387,42,63,63,63,63,63,63],"floor_reached":51,"language":"ENG","playtime":6491,"items_purged":["jesterMod:Strike","jesterMod:Defend"],"score":1018,"play_id":"35fe4c57-fef9-417d-afbe-2c9612b8a761","local_time":"20210219113746","is_ascension_mode":true,"campfire_choices":[{"data":"jesterMod:BoilDown","floor":7,"key":"SMITH"},{"data":"jesterMod:Dodge","floor":10,"key":"SMITH"},{"data":"jesterMod:JackInTheBox","floor":15,"key":"SMITH"},{"floor":24,"key":"REST"},{"data":"Inflame","floor":27,"key":"SMITH"},{"floor":29,"key":"DIG"},{"floor":32,"key":"DIG"},{"floor":40,"key":"DIG"},{"floor":44,"key":"DIG"},{"data":"jesterMod:Unleash","floor":49,"key":"SMITH"}],"circlet_count":1,"master_deck":["jesterMod:Sickle","jesterMod:Dodge+1","jesterMod:Unleash+1","Hallownest:skillGreenpathMap","jesterMod:BoilDown+1","jesterMod:Pause","jesterMod:JackInTheBox+1","jesterMod:DancingMad","jesterMod:Momentum+1","jesterMod:Overthink","jesterMod:OblivionStrike+1","Thunderclap+1","Offering+1","Pummel+1","Spot Weakness+1","Intimidate+1","Entrench+1","Gensokyo:LifeSpringInfinity+1","Ghostly Armor+1"],"relics":["conspire:SpecialSausage","Hallownest:DreamNailRelic","Circlet","Juzu Bracelet","CeramicFish","Potion Belt","reliquary:BoilingFlask","reliquary:Buckler","Hallownest:SalubrasBlessingRelic","aspiration:IroncladSkillbook","theJungle:BirthdayCakeSlice","theJungle:Creamberry","Shovel","qcfpunch:Lotus_Statue","Sundial","aspiration:HummingbirdHeart","theJungle:WildPear","reliquary:Aerogel","Tough Bandages","Philosopher\u0027s Stone","theSenshi:FeatherClipsRelic","MealTicket","Happy Flower","Smiling Mask","reliquary:Sideboard","CaptainsWheel","aspiration:KaomsHeart"],"acts_visited":["Exordium","Hallownest:Greenpath","theJungle:Jungle","Gensokyo:Gensokyoest"],"potions_floor_usage":[16,18,18,23,23,23,33,33,33,38,42,45,45,45,50,51,51],"damage_taken":[{"damage":0,"enemies":"Hallownest:2_Tiktiks_and_1_Crawlid","floor":1,"turns":5},{"damage":0,"enemies":"Hallownest:eliteCrystalGuardian","floor":6,"turns":8},{"damage":0,"enemies":"Hallownest:eliteVengeflyKing","floor":8,"turns":5},{"damage":1,"enemies":"Hallownest:eliteMossKnight","floor":11,"turns":15},{"damage":3,"enemies":"Hallownest:eliteVengeflyKing","floor":12,"turns":6},{"damage":3,"enemies":"Hallownest:2_MossCreeps","floor":13,"turns":2},{"damage":16,"enemies":"Hallownest:BossFalseKnight","floor":16,"turns":8},{"damage":13,"enemies":"theJungle:MUSHROOMGANG","floor":18,"turns":4},{"damage":13,"enemies":"theJungle:2_Phrogs","floor":23,"turns":13},{"damage":22,"enemies":"theJungle:MamaSnecko","floor":25,"turns":10},{"damage":4,"enemies":"Shell Parasite","floor":31,"turns":4},{"damage":0,"enemies":"theJungle:QueenSpyder","floor":33,"turns":8},{"damage":6,"enemies":"Gensokyo:3_Bats","floor":35,"turns":3},{"damage":39,"enemies":"Gensokyo:AncientGuardian","floor":38,"turns":8},{"damage":6,"enemies":"Gensokyo:Doremy","floor":42,"turns":5},{"damage":6,"enemies":"Gensokyo:Doremy","floor":45,"turns":5},{"damage":6,"enemies":"Gensokyo:SeedOfUnknown","floor":47,"turns":3},{"damage":6,"enemies":"Gensokyo:Yuyuko","floor":50,"turns":8},{"damage":199,"enemies":"Gensokyo:Yuyuko","floor":51,"turns":12}],"seed_played":"-6296576641315466436","potions_obtained":[{"floor":6,"key":"ColorlessPotion"},{"floor":11,"key":"potionbrewer:QuicksilverPotion"},{"floor":12,"key":"Block Potion"},{"floor":16,"key":"SteroidPotion"},{"floor":18,"key":"GamblersBrew"},{"floor":25,"key":"Explosive Potion"},{"floor":38,"key":"potionbrewer:DiscountPotion"},{"floor":47,"key":"PowerPotion"}],"is_trial":false,"path_per_floor":["M","?","?","?","?","E","R","E","T","R","?","E","M","?","R","B",null,"M","$","?","?","?","E","R","E","T","R","?","R","$","M","R","B",null,"M","?","COS","M","T","R","?","E","T","R","?","$","M","?","R","B","M"],"character_chosen":"THE_JESTER","items_purchased":["aspiration:KaomsHeart"],"campfire_rested":1,"item_purchase_floors":[46],"current_hp_per_floor":[70,70,70,70,70,70,70,70,70,70,69,66,63,63,63,47,70,61,61,66,66,42,33,57,39,39,39,49,49,49,49,49,53,87,85,85,85,50,50,50,50,54,54,54,54,169,173,187,187,187,0,0],"gold":63,"neow_bonus":"BOSS_RELIC","is_daily":false,"chose_seed":false,"campfire_upgraded":5,"win_rate":0.0,"timestamp":1613763466,"path_taken":["M","?","?","?","?","E","R","E","T","R","?","E","M","?","R","BOSS","M","$","?","?","?","E","R","E","T","R","?","R","$","M","R","BOSS","M","?","COS","M","?","R","?","E","T","R","?","$","M","?","R","BOSS","M"],"items_purchased_type":["Relic"],"build_version":"2020-12-22","purchased_purges":2,"victory":false,"max_hp_per_floor":[70,70,70,70,70,70,70,70,70,70,70,70,70,70,70,70,70,70,70,75,75,75,75,77,77,77,77,87,87,87,87,87,87,87,87,87,87,87,87,87,87,87,87,87,87,187,187,187,187,187,187,187],"card_choices":[{"not_picked":["jesterMod:TrickyDodge","jesterMod:ButterKnife"],"picked":"jesterMod:Unleash","floor":1},{"not_picked":["jesterMod:Unleash","jesterMod:Patience"],"picked":"jesterMod:Pause","floor":6},{"not_picked":["jesterMod:Precipitation","jesterMod:Placebo"],"picked":"jesterMod:JackInTheBox","floor":8},{"not_picked":["jesterMod:BouncingKnife","jesterMod:Talion"],"picked":"jesterMod:DancingMad","floor":11},{"not_picked":["jesterMod:Tinker","jesterMod:Feint"],"picked":"jesterMod:Momentum","floor":12},{"not_picked":["jesterMod:Disposophobia","jesterMod:JackInTheBox","jesterMod:Anticipation"],"picked":"SKIP","floor":13},{"not_picked":["jesterMod:Trance","jesterMod:ExperimentalTreatment"],"picked":"jesterMod:Overthink","floor":16},{"not_picked":["Seeing Red","jesterMod:Flee","Whirlwind"],"picked":"Inflame","floor":18},{"not_picked":["Evolve+1","Warcry","Iron Wave","jesterMod:Feint"],"picked":"SKIP","floor":23},{"not_picked":["True Grit","Perfected Strike+1","jesterMod:Rebuff"],"picked":"jesterMod:OblivionStrike+1","floor":25},{"not_picked":["Sword Boomerang","jesterMod:Loot+1","Wild Strike"],"picked":"Thunderclap+1","floor":31},{"not_picked":["jesterMod:ButterflyDance+1","Impervious+1","Demon Form+1"],"picked":"Offering+1","floor":33},{"not_picked":["Spot Weakness+1","Feel No Pain+1","Cleave+1"],"picked":"Pummel+1","floor":35},{"not_picked":["Intimidate+1","Headbutt+1","jesterMod:Taunt+1"],"picked":"Spot Weakness+1","floor":38},{"not_picked":["jesterMod:Precipitation+1","Thunderclap","jesterMod:DancingMad"],"picked":"Intimidate+1","floor":38},{"not_picked":["jesterMod:Leeches+1","jesterMod:Disposophobia+1","jesterMod:BouncingKnife"],"picked":"Entrench+1","floor":42},{"not_picked":["Gensokyo:RainbowDanmaku+1","Gensokyo:RisingWorld+1"],"picked":"Gensokyo:LifeSpringInfinity+1","floor":45},{"not_picked":["Twin Strike+1","jesterMod:RecklessStrike","jesterMod:Loot+1"],"picked":"Ghostly Armor+1","floor":47}],"player_experience":990947,"relics_obtained":[{"floor":6,"key":"Juzu Bracelet"},{"floor":8,"key":"CeramicFish"},{"floor":9,"key":"Potion Belt"},{"floor":11,"key":"reliquary:BoilingFlask"},{"floor":12,"key":"reliquary:Buckler"},{"floor":23,"key":"qcfpunch:Lotus_Statue"},{"floor":25,"key":"Sundial"},{"floor":26,"key":"aspiration:HummingbirdHeart"},{"floor":29,"key":"reliquary:Aerogel"},{"floor":32,"key":"Tough Bandages"},{"floor":39,"key":"theSenshi:FeatherClipsRelic"},{"floor":40,"key":"MealTicket"},{"floor":42,"key":"Smiling Mask"},{"floor":43,"key":"reliquary:Sideboard"},{"floor":44,"key":"CaptainsWheel"}],"event_choices":[{"damage_healed":0,"gold_gain":0,"player_choice":"Leave","damage_taken":0,"max_hp_gain":0,"max_hp_loss":0,"event_name":"conspire:Investor","floor":36,"gold_loss":0}],"is_beta":false,"boss_relics":[{"not_picked":["aspiration:RunicSpoon","Busted Crown"],"picked":"aspiration:IroncladSkillbook"},{"not_picked":["jesterMod:MachoBrace","jesterMod:JokerCard"],"picked":"Philosopher\u0027s Stone"}],"items_purged_floors":[19,30],"is_endless":false,"potions_floor_spawned":[6,11,12,16,18,25,38,47],"killed_by":"Gensokyo:Yuyuko","ascension_level":1}}