{"host":"msmkw03x1o7nq45i","time":1613745624,"event":{"mods":["AchievementEnabler","BaseMod","Bestiary","Colored Powertips","GifTheSpireLib","Highlight Path","Minty Spire (QoL Compilation)","Random Character Button","Relic Stats","StSLib","everything is the same but u backflip on backflip"],"gold_per_floor":[114,126,126,141,159,159,190,190,216,216,243,243,303,319,319,392,392,410,428,428,445,144,174,190,190,190,217,229,229,256,273,273,273,273],"floor_reached":33,"language":"ENG","playtime":2522,"items_purged":["Defend_R"],"score":770,"play_id":"d049ce95-86ba-42eb-9a3d-77db426ec3ce","local_time":"20210219164024","is_ascension_mode":true,"campfire_choices":[{"data":"Armaments","floor":6.0,"key":"SMITH"},{"data":"Offering","floor":8.0,"key":"SMITH"},{"data":"Spot Weakness","floor":10.0,"key":"SMITH"},{"data":"Immolate","floor":12.0,"key":"SMITH"},{"data":"Evolve","floor":15.0,"key":"SMITH"},{"data":"Disarm","floor":25,"key":"SMITH"},{"data":"RitualDagger","floor":32,"key":"SMITH"}],"circlet_count":0,"master_deck":["AscendersBane","Defend_R","Defend_R","Defend_R","Bash","Flame Barrier","Clothesline","Armaments+1","Spot Weakness+1","Offering+1","Immolate+1","Evolve+1","Sword Boomerang","Disarm+1","Shrug It Off+1","Bite","Bite","Bite","Bite","Bite","Shrug It Off","Reaper","RitualDagger+1"],"relics":["Runic Pyramid","Ancient Tea Set","Oddly Smooth Stone","Boot","Blue Candle","Black Star","Toolbox","Gremlin Horn","Mummified Hand","Kunai","Unceasing Top","Bottled Lightning","Bag of Preparation","Charon\u0027s Ashes"],"acts_visited":["Exordium","TheCity"],"potions_floor_usage":[18,21,23,23,30,33],"damage_taken":[{"damage":8.0,"enemies":"Cultist","floor":1.0,"turns":5.0},{"damage":4.0,"enemies":"Jaw Worm","floor":2.0,"turns":4.0},{"damage":0.0,"enemies":"2 Louse","floor":4.0,"turns":3.0},{"damage":6.0,"enemies":"Exordium Thugs","floor":5.0,"turns":6.0},{"damage":0.0,"enemies":"3 Sentries","floor":7.0,"turns":9.0},{"damage":6.0,"enemies":"Gremlin Nob","floor":11.0,"turns":3.0},{"damage":6.0,"enemies":"3 Sentries","floor":13.0,"turns":3.0},{"damage":0.0,"enemies":"3 Louse","floor":14.0,"turns":1.0},{"damage":7.0,"enemies":"The Guardian","floor":16.0,"turns":9.0},{"damage":21,"enemies":"Shell Parasite","floor":18,"turns":3},{"damage":9,"enemies":"3 Byrds","floor":19,"turns":3},{"damage":15,"enemies":"Sentry and Sphere","floor":21,"turns":5},{"damage":35,"enemies":"Book of Stabbing","floor":23,"turns":5},{"damage":1,"enemies":"Centurion and Healer","floor":24,"turns":21},{"damage":6,"enemies":"Gremlin Leader","floor":27,"turns":4},{"damage":6,"enemies":"Snake Plant","floor":28,"turns":5},{"damage":16,"enemies":"Book of Stabbing","floor":30,"turns":5},{"damage":43,"enemies":"Sentry and Sphere","floor":31,"turns":8},{"damage":71,"enemies":"Champ","floor":33,"turns":13}],"seed_played":"7258711639724894246","potions_obtained":[{"floor":2.0,"key":"Explosive Potion"},{"floor":3.0,"key":"HeartOfIron"},{"floor":13.0,"key":"Energy Potion"},{"floor":16,"key":"DuplicationPotion"},{"floor":19,"key":"DistilledChaos"},{"floor":21,"key":"LiquidMemories"},{"floor":27,"key":"BloodPotion"},{"floor":28,"key":"Block Potion"},{"floor":31,"key":"BlessingOfTheForge"}],"is_trial":false,"path_per_floor":["M","M","?","M","M","R","E","R","T","R","E","R","?","M","R","B",null,"M","M","?","M","$","E","M","R","T","E","M","?","E","M","R","B"],"character_chosen":"IRONCLAD","items_purchased":["Toolbox","Shrug It Off"],"campfire_rested":0,"item_purchase_floors":[22,22],"current_hp_per_floor":[60,56,56,56,50,50,50,50,50,50,44,44,38,38,38,31,64,43,34,34,29,29,2,52,52,52,52,52,46,37,10,10,0,0],"gold":273,"neow_bonus":"BOSS_RELIC","is_daily":false,"chose_seed":false,"campfire_upgraded":7,"win_rate":0.0,"timestamp":1613745624,"path_taken":["M","?","?","?","M","R","E","R","T","R","E","R","?","M","R","BOSS","BOSS","M","M","?","M","$","E","M","R","T","E","M","?","E","M","R","BOSS"],"items_purchased_type":["Relic","Card"],"build_version":"2020-12-22","purchased_purges":1,"victory":false,"max_hp_per_floor":[75,75,75,75,75,75,75,75,75,75,75,75,75,75,75,75,75,75,75,52,52,52,52,52,52,52,52,52,52,52,52,52,52,52],"relic_stats":{"Gremlin Horn":[6,6],"counters":[19,115],"Mummified Hand":[7],"Blue Candle":[0],"Charon\u0027s Ashes":[39],"Black Star":3,"Bag of Preparation":[4],"Kunai":[7],"Boot":[29],"obtain_stats":[{"Gremlin Horn":23,"Blue Candle":13,"Oddly Smooth Stone":9,"Charon\u0027s Ashes":30,"Bag of Preparation":30,"Ancient Tea Set":7,"Boot":11,"Burning Blood":0,"Mummified Hand":23,"Toolbox":22,"Black Star":17,"Kunai":26,"Bottled Lightning":27,"Unceasing Top":27,"Runic Pyramid":0},{"Gremlin Horn":13,"Blue Candle":7,"Oddly Smooth Stone":5,"Charon\u0027s Ashes":17,"Bag of Preparation":17,"Ancient Tea Set":5,"Boot":6,"Burning Blood":0,"Mummified Hand":13,"Toolbox":12,"Black Star":9,"Kunai":14,"Bottled Lightning":15,"Unceasing Top":15,"Runic Pyramid":0},{"Gremlin Horn":59,"Blue Candle":33,"Oddly Smooth Stone":27,"Charon\u0027s Ashes":94,"Bag of Preparation":94,"Ancient Tea Set":27,"Boot":30,"Burning Blood":0,"Mummified Hand":59,"Toolbox":54,"Black Star":43,"Kunai":80,"Bottled Lightning":84,"Unceasing Top":84,"Runic Pyramid":0}],"Unceasing Top":[0]},"card_choices":[{"not_picked":["Thunderclap","Heavy Blade"],"picked":"Flame Barrier","floor":1.0},{"not_picked":["Shrug It Off","Twin Strike"],"picked":"Clothesline","floor":2.0},{"not_picked":["Heavy Blade","Body Slam"],"picked":"Armaments","floor":4.0},{"not_picked":["Armaments","Headbutt"],"picked":"Spot Weakness","floor":5.0},{"not_picked":["Cleave","Sword Boomerang"],"picked":"Offering","floor":7.0},{"not_picked":["Rage","Flex"],"picked":"Immolate","floor":11.0},{"not_picked":["Body Slam","Feel No Pain"],"picked":"Evolve","floor":13.0},{"not_picked":["Cleave","Clash"],"picked":"Sword Boomerang","floor":14.0},{"not_picked":["Twin Strike","Intimidate"],"picked":"Disarm","floor":18},{"not_picked":["Fire Breathing","Armaments"],"picked":"Shrug It Off+1","floor":19},{"not_picked":["Flame Barrier","Armaments","Power Through"],"picked":"SKIP","floor":21},{"not_picked":["Whirlwind","Perfected Strike","Power Through"],"picked":"SKIP","floor":23},{"not_picked":["Ghostly Armor+1","Body Slam","Thunderclap"],"picked":"SKIP","floor":24},{"not_picked":["Fire Breathing","Dark Embrace","Dropkick"],"picked":"SKIP","floor":27},{"not_picked":["Thunderclap","Sword Boomerang"],"picked":"Reaper","floor":28},{"not_picked":["Sword Boomerang","Rupture","Thunderclap"],"picked":"SKIP","floor":30},{"not_picked":["Wild Strike","Thunderclap","Perfected Strike"],"picked":"SKIP","floor":31}],"player_experience":556032,"relics_obtained":[{"floor":7.0,"key":"Ancient Tea Set"},{"floor":9.0,"key":"Oddly Smooth Stone"},{"floor":11.0,"key":"Boot"},{"floor":13.0,"key":"Blue Candle"},{"floor":23,"key":"Gremlin Horn"},{"floor":23,"key":"Mummified Hand"},{"floor":26,"key":"Kunai"},{"floor":27,"key":"Unceasing Top"},{"floor":27,"key":"Bottled Lightning"},{"floor":30,"key":"Bag of Preparation"},{"floor":30,"key":"Charon\u0027s Ashes"}],"event_choices":[{"damage_healed":0.0,"max_hp_gain":0.0,"max_hp_loss":0.0,"gold_gain":0.0,"event_name":"Lab","player_choice":"Got Potions","floor":3.0,"gold_loss":0.0,"damage_taken":0.0},{"damage_healed":0.0,"max_hp_gain":0.0,"max_hp_loss":0.0,"gold_gain":0.0,"event_name":"Dead Adventurer","player_choice":"Searched \u00272\u0027 times","floor":13.0,"gold_loss":0.0,"damage_taken":0.0},{"damage_healed":0,"gold_gain":0,"player_choice":"Became a vampire","damage_taken":0,"max_hp_gain":0,"max_hp_loss":23,"event_name":"Vampires","floor":20,"gold_loss":0,"cards_obtained":["Bite","Bite","Bite","Bite","Bite"]},{"damage_healed":0,"gold_gain":0,"player_choice":"Joined the Cult","damage_taken":6,"max_hp_gain":0,"max_hp_loss":0,"event_name":"Nest","floor":29,"gold_loss":0,"cards_obtained":["RitualDagger"]}],"is_beta":false,"boss_relics":[{"not_picked":["Ectoplasm","Snecko Eye"],"picked":"Black Star"}],"items_purged_floors":[22],"is_endless":false,"potions_floor_spawned":[2,13,16,19,21,27,28,31],"killed_by":"Champ","ascension_level":18}}