{"host":"uhi6g4fgvyietct9","time":1613732978,"event":{"mods":["AchievementEnabler","BaseMod","Colored Map","Colored Powertips","Minty Spire (QoL Compilation)","StSLib","SuperFastMode"],"gold_per_floor":[110,18,18,31,31,31,62,62,62,95,95,95,106,118,118,217,217,230,106,122,122,140,140,152,152,152,186,36,36,48,77,77,175,175,189,111,111,161,161,187,187,84,109,129,129,141,141,170,170,170],"floor_reached":51,"language":"KOR","playtime":2814,"items_purged":["Strike_R","Strike_R"],"score":1341,"play_id":"41866889-75b0-4d1f-b499-a0e6fb4f3d83","local_time":"20210219200938","is_ascension_mode":true,"campfire_choices":[{"data":"Body Slam","floor":6.0,"key":"SMITH"},{"data":"Shrug It Off","floor":8.0,"key":"SMITH"},{"data":"Impervious","floor":12.0,"key":"SMITH"},{"data":"Shrug It Off","floor":15.0,"key":"SMITH"},{"data":"Body Slam","floor":29.0,"key":"SMITH"},{"data":"Offering","floor":32.0,"key":"SMITH"},{"data":"Entrench","floor":41.0,"key":"SMITH"},{"data":"Dark Embrace","floor":47.0,"key":"SMITH"},{"floor":49.0,"key":"REST"}],"circlet_count":0,"master_deck":["AscendersBane","Defend_R","Defend_R","Defend_R","Defend_R","Bash","Evolve+1","Shrug It Off+1","Body Slam+1","Impervious+1","Battle Trance","Shrug It Off+1","Offering+1","Dark Embrace+1","Body Slam+1","Necronomicurse","Power Through","Flex","Shrug It Off","Entrench+1","Secret Technique","Writhe","Fire Breathing+1","Feel No Pain"],"relics":["Burning Blood","NeowsBlessing","Ornamental Fan","Mercury Hourglass","Red Skull","Mark of Pain","Sundial","Necronomicon","Regal Pillow","TungstenRod","Self Forming Clay","Bird Faced Urn","Bottled Tornado","Juzu Bracelet","White Beast Statue"],"acts_visited":["Exordium","TheCity","TheBeyond"],"potions_floor_usage":[50],"damage_taken":[{"damage":0.0,"enemies":"Jaw Worm","floor":1.0,"turns":1.0},{"damage":0.0,"enemies":"Cultist","floor":4.0,"turns":1.0},{"damage":0.0,"enemies":"3 Sentries","floor":7.0,"turns":1.0},{"damage":44.0,"enemies":"Lagavulin","floor":10.0,"turns":7.0},{"damage":0.0,"enemies":"2 Louse","floor":13.0,"turns":2.0},{"damage":5.0,"enemies":"Blue Slaver","floor":14.0,"turns":3.0},{"damage":24.0,"enemies":"Slime Boss","floor":16.0,"turns":10.0},{"damage":7.0,"enemies":"2 Thieves","floor":18.0,"turns":3.0},{"damage":7.0,"enemies":"Shell Parasite","floor":20.0,"turns":5.0},{"damage":8.0,"enemies":"3 Cultists","floor":22.0,"turns":4.0},{"damage":6.0,"enemies":"Chosen and Byrds","floor":24.0,"turns":4.0},{"damage":6.0,"enemies":"Book of Stabbing","floor":27.0,"turns":4.0},{"damage":5.0,"enemies":"Centurion and Healer","floor":30.0,"turns":4.0},{"damage":5.0,"enemies":"Slavers","floor":31.0,"turns":3.0},{"damage":5.0,"enemies":"Collector","floor":33.0,"turns":3.0},{"damage":26.0,"enemies":"3 Darklings","floor":35.0,"turns":4.0},{"damage":5.0,"enemies":"Mind Bloom Boss Battle","floor":38.0,"turns":2.0},{"damage":38.0,"enemies":"Reptomancer","floor":40.0,"turns":6.0},{"damage":5.0,"enemies":"3 Shapes","floor":44.0,"turns":3.0},{"damage":5.0,"enemies":"Spire Growth","floor":46.0,"turns":3.0},{"damage":16.0,"enemies":"Giant Head","floor":48.0,"turns":7.0},{"damage":7,"enemies":"Donu and Deca","floor":50,"turns":7}],"seed_played":"-4969076599775612080","potions_obtained":[{"floor":1.0,"key":"Regen Potion"},{"floor":14.0,"key":"SteroidPotion"},{"floor":24.0,"key":"EssenceOfSteel"},{"floor":27.0,"key":"SmokeBomb"},{"floor":30.0,"key":"Block Potion"},{"floor":33.0,"key":"Energy Potion"},{"floor":35.0,"key":"Block Potion"},{"floor":40.0,"key":"BlessingOfTheForge"}],"is_trial":false,"path_per_floor":["M","$","?","M","$","R","E","R","T","E","?","R","M","M","R","B",null,"M","$","M","T","M","?","M","?","T","E","$","R","M","E","R","B",null,"M","$","?","?","?","E","R","$","T","M","?","M","R","E","R","B",null],"character_chosen":"IRONCLAD","items_purchased":["Evolve","Shrug It Off","Block Potion","PowerPotion","Entrench","FairyPotion"],"campfire_rested":1,"item_purchase_floors":[2,2,19,28,36,42],"current_hp_per_floor":[78,78,78,80,80,80,80,80,80,52,52,52,58,59,59,41,70,69,69,68,68,66,50,50,50,50,50,50,50,51,52,52,53,73,53,53,53,54,74,46,46,46,46,51,51,58,58,56,80,80],"gold":170,"neow_bonus":"THREE_ENEMY_KILL","is_daily":false,"chose_seed":false,"campfire_upgraded":8,"win_rate":0.0,"timestamp":1613732978,"path_taken":["M","$","?","?","$","R","E","R","T","E","?","R","M","?","R","BOSS","M","$","M","?","M","?","M","?","T","E","$","R","M","E","R","BOSS","M","$","?","?","?","E","R","$","T","M","?","M","R","E","R","BOSS"],"items_purchased_type":["Card","Card","Potion","Potion","Card","Potion"],"build_version":"2020-12-22","purchased_purges":2,"victory":true,"max_hp_per_floor":[80,80,80,80,80,80,80,80,80,80,80,80,80,80,80,80,80,80,80,80,80,80,80,80,80,80,80,80,80,80,80,80,80,80,80,80,80,80,80,80,80,80,80,80,80,80,80,80,80,80],"card_choices":[{"not_picked":["Inflame","Wild Strike","Heavy Blade"],"picked":"SKIP","floor":1.0},{"not_picked":["Clash","Armaments"],"picked":"Body Slam","floor":4.0},{"not_picked":["Clash","Armaments"],"picked":"Impervious","floor":7.0},{"not_picked":["Perfected Strike","Armaments","Whirlwind"],"picked":"SKIP","floor":10.0},{"not_picked":["Sword Boomerang","Cleave"],"picked":"Battle Trance","floor":13.0},{"not_picked":["Limit Break","Bloodletting"],"picked":"Shrug It Off","floor":14.0},{"not_picked":["Double Tap","Exhume"],"picked":"Offering","floor":16.0},{"not_picked":["Shockwave+1","Rupture"],"picked":"Dark Embrace","floor":18.0},{"not_picked":["Shrug It Off+1","Heavy Blade+1"],"picked":"Body Slam","floor":20.0},{"not_picked":["Cleave","Rupture+1","Second Wind"],"picked":"SKIP","floor":22.0},{"not_picked":["Flex","Body Slam"],"picked":"Power Through","floor":24.0},{"not_picked":["Rampage+1","Blood for Blood+1","Uppercut"],"picked":"SKIP","floor":27.0},{"not_picked":["Warcry+1","Perfected Strike","Bludgeon"],"picked":"SKIP","floor":30.0},{"not_picked":["Sentinel+1","Spot Weakness+1","Inflame"],"picked":"SKIP","floor":31.0},{"not_picked":["Warcry+1","Rage","Perfected Strike+1"],"picked":"SKIP","floor":35.0},{"not_picked":["HandOfGreed","Finesse"],"picked":"Secret Technique","floor":37.0},{"not_picked":["Inflame","Perfected Strike"],"picked":"Fire Breathing+1","floor":40.0},{"not_picked":["Headbutt","Clash","Fiend Fire"],"picked":"SKIP","floor":44.0},{"not_picked":["Wild Strike+1","Flex+1"],"picked":"Feel No Pain","floor":46.0},{"not_picked":["Blood for Blood+1","Armaments+1","Second Wind+1"],"picked":"SKIP","floor":48.0}],"player_experience":586478,"relics_obtained":[{"floor":7.0,"key":"Ornamental Fan"},{"floor":9.0,"key":"Mercury Hourglass"},{"floor":10.0,"key":"Red Skull"},{"floor":21.0,"key":"Sundial"},{"floor":23.0,"key":"Necronomicon"},{"floor":26.0,"key":"Regal Pillow"},{"floor":27.0,"key":"TungstenRod"},{"floor":31.0,"key":"Self Forming Clay"},{"floor":38.0,"key":"Bird Faced Urn"},{"floor":40.0,"key":"Bottled Tornado"},{"floor":43.0,"key":"Juzu Bracelet"},{"floor":48.0,"key":"White Beast Statue"}],"event_choices":[{"damage_healed":0.0,"max_hp_gain":0.0,"max_hp_loss":0.0,"gold_gain":0.0,"event_name":"Accursed Blacksmith","player_choice":"Forge","floor":3.0,"gold_loss":0.0,"damage_taken":0.0,"cards_upgraded":["Evolve"]},{"cards_removed":["Strike_R"],"damage_healed":0.0,"max_hp_gain":0.0,"max_hp_loss":0.0,"gold_gain":0.0,"event_name":"Purifier","player_choice":"Purged","floor":11.0,"gold_loss":0.0,"damage_taken":0.0},{"damage_healed":0.0,"max_hp_gain":0.0,"max_hp_loss":0.0,"gold_gain":0.0,"event_name":"Cursed Tome","player_choice":"Obtained Book","floor":23.0,"gold_loss":0.0,"damage_taken":16.0},{"damage_healed":0.0,"max_hp_gain":0.0,"max_hp_loss":0.0,"gold_gain":0.0,"cards_transformed":["Strike_R","Strike_R"],"event_name":"Drug Dealer","player_choice":"Became Test Subject","floor":25.0,"gold_loss":0.0,"damage_taken":0.0,"cards_obtained":["Flex","Shrug It Off"]},{"damage_healed":0.0,"max_hp_gain":0.0,"max_hp_loss":0.0,"gold_gain":0.0,"event_name":"SensoryStone","player_choice":"Memory 1","floor":37.0,"gold_loss":0.0,"damage_taken":0.0},{"damage_healed":0.0,"max_hp_gain":0.0,"max_hp_loss":0.0,"gold_gain":0.0,"event_name":"MindBloom","player_choice":"Fight","floor":38.0,"gold_loss":0.0,"damage_taken":0.0},{"damage_healed":20.0,"max_hp_gain":0.0,"max_hp_loss":0.0,"gold_gain":0.0,"event_name":"Winding Halls","player_choice":"Writhe","floor":39.0,"gold_loss":0.0,"damage_taken":0.0,"cards_obtained":["Writhe"]},{"damage_healed":0.0,"max_hp_gain":0.0,"max_hp_loss":0.0,"gold_gain":0.0,"event_name":"Tomb of Lord Red Mask","player_choice":"Ignored","floor":45.0,"gold_loss":0.0,"damage_taken":0.0}],"is_beta":false,"boss_relics":[{"not_picked":["Fusion Hammer","SlaversCollar"],"picked":"Mark of Pain"},{"not_picked":["Runic Pyramid","Velvet Choker","Pandora\u0027s Box"]}],"items_purged_floors":[19,28],"is_endless":false,"potions_floor_spawned":[1,14,24,27,30,33,35,40,44],"ascension_level":11}}