{"host":"dr01x95rw3kaiuk5","time":1613756952,"event":{"mods":["ATMod(阿瑾Mod)","Act Like it!","Arknights","BaseMod","Colored Powertips","Conspire","Energized Spire","Friendly Minions","Gensokyo","GifTheSpireLib","Minty Spire (QoL Compilation)","MostiFishMod","Reliquary","Remilia（蕾米莉亚）","Replay The Spire","Shop Mod","Spicy Shops","StSLib","TestMod","UnlockEverythingMod","[IsaacMod]以撒尖塔","【遗物卡牌】REMEMod"],"gold_per_floor":[118,118,118,137,163,201,219,56,56,150,182,200,222,9,9,146,146,161,179,179,228,243,243,272,321,321,321,354,366,397,73,73,196,196,211,248,132,148,197,225,225,255,255,255,304,304,519,30,30,248,458],"floor_reached":52,"language":"ZHS","playtime":2220,"items_purged":["Strike_B","Strike_B","Strike_B","Defend_B","Strike_B","Dualcast"],"score":2487,"play_id":"283a3af5-12af-47d4-9c0d-e63f465fea7b","local_time":"20210220014912","is_ascension_mode":true,"campfire_choices":[{"data":"Streamline","floor":15,"key":"SMITH"},{"data":"Zap","floor":23,"key":"SMITH"},{"data":"Writhe","floor":27,"key":"PURGE"},{"data":"Defend_B","floor":32,"key":"PURGE"},{"data":"REME_ForAll","floor":41,"key":"SMITH"},{"data":"Defend_B","floor":44,"key":"PURGE"},{"data":"Defend_B","floor":46,"key":"PURGE"},{"data":"Hyperbeam+1","floor":49,"key":"PURGE"}],"circlet_count":0,"master_deck":["AscendersBane","Zap+1","AT_FamilyPortrait","AT_FamilyPortrait","MostiFishMod:StarOceanB","All For One+1","Streamline+1","REME_Shoggoth","Beam Cell+1","Gash+1","MostiFishMod:Overload","Go for the Eyes+1","Beam Cell+1","Seek","Hologram+1","Flash of Steel","Machine Learning","REME_ForAll+1","Gash","Gash+1"],"relics":["Cracked Core","HushsDoor","AT_ATBox","REME_ComplimentaryCards","SalivaCoin","RhineSuit","testmod-AscensionHeart","SynthV:TestCard","PunchingBag","SatanicBible","testmod-Charity","testmod-Hope","TheBible","SteamSale","Nuclear Battery","Prayer Wheel","SsserpentHead","Prayer Wheel","BookofShadows","Peace Pipe","Torii","reliquary:PrincelyHelmet","Toxic Egg 2","TheAbacus","Bag of Preparation","AT_ForceNature","Black Star","Replay:Bottled Steam","reliquary:PorcupineQuills","testmod-FatalChain","REME_ArchaeologicalTools","AT_TheCollector","Void","DaveBox","MostiFishMod:Haymaker","Prayer Wheel","Lantern","reliquary:Aerogel","Bag of Marbles","BrkXgEgg","AT_ImmortalShieldbow","Counterbalance"],"acts_visited":["Exordium","TheCity","TheBeyond"],"potions_floor_usage":[16,16,34,51],"damage_taken":[{"damage":3.0,"enemies":"Small Slimes","floor":1.0,"turns":2.0},{"damage":0.0,"enemies":"Cultist","floor":4.0,"turns":2.0},{"damage":3.0,"enemies":"Jaw Worm","floor":5.0,"turns":2.0},{"damage":1.0,"enemies":"3 Sentries","floor":6.0,"turns":3.0},{"damage":0.0,"enemies":"Exordium Thugs","floor":7.0,"turns":2.0},{"damage":0,"enemies":"Lagavulin","floor":11,"turns":3},{"damage":0,"enemies":"Looter","floor":12,"turns":2},{"damage":0,"enemies":"Gremlin Gang","floor":13,"turns":2},{"damage":0,"enemies":"The Guardian","floor":16,"turns":3},{"damage":0,"enemies":"Shell Parasite","floor":18,"turns":2},{"damage":0,"enemies":"Chosen","floor":19,"turns":2},{"damage":0,"enemies":"Snecko","floor":22,"turns":1},{"damage":0,"enemies":"Gremlin Leader","floor":24,"turns":1},{"damage":0,"enemies":"Slavers","floor":28,"turns":1},{"damage":0,"enemies":"Chosen and Byrds","floor":29,"turns":2},{"damage":0,"enemies":"Gremlin Leader","floor":30,"turns":2},{"damage":0,"enemies":"Champ","floor":33,"turns":1},{"damage":0,"enemies":"Orb Walker","floor":35,"turns":1},{"damage":3,"enemies":"3 Shapes","floor":36,"turns":1},{"damage":0,"enemies":"Writhing Mass","floor":38,"turns":1},{"damage":0,"enemies":"R_Hoarder","floor":40,"turns":2},{"damage":0,"enemies":"Nemesis","floor":42,"turns":1},{"damage":0,"enemies":"R_Hoarder","floor":47,"turns":4},{"damage":0,"enemies":"Replay:Hell Engine","floor":50,"turns":1},{"damage":0,"enemies":"Donu and Deca","floor":51,"turns":1}],"seed_played":"3198987083779733666","potions_obtained":[{"floor":1.0,"key":"Swift Potion"},{"floor":7.0,"key":"Adrenaline Potion"},{"floor":18,"key":"Energy Potion"},{"floor":22,"key":"ColorlessPotion"},{"floor":33,"key":"REME_GoldPotion"},{"floor":38,"key":"LifebloodPotion"}],"is_trial":false,"path_per_floor":["M","?","T","M","M","E","M","$","T","?","E","M","M","$","R","B",null,"M","M","?","?","M","R","E","?","T","R","E","M","E","$","R","B",null,"M","M","$","M","?","E","R","E","T","R","?","R","E","$","R","B","B",null],"character_chosen":"DEFECT","items_purchased":["testmod-Charity","SteamSale","Gash","ReplayTheSpireMod:Fabricate Wheel","TheAbacus","Bag of Preparation","AT_ForceNature","Flash of Steel","Replay:Bottled Steam","Bag of Marbles","BrkXgEgg","AT_ImmortalShieldbow","Counterbalance"],"campfire_rested":0,"item_purchase_floors":[8,14,14,17,31,31,31,31,37,48,48,48,48],"current_hp_per_floor":[69,69,69,70,68,69,70,70,70,72,76,80,83,86,86,97,88,89,90,90,91,92,92,94,95,95,95,97,98,100,105,105,111,104,105,106,108,110,107,109,109,111,111,111,112,112,153,158,158,175,188],"gold":458,"neow_bonus":"TEN_PERCENT_HP_BONUS","is_daily":false,"chose_seed":false,"campfire_upgraded":3,"win_rate":0.0,"timestamp":1613756952,"path_taken":["M","?","?","M","M","E","?","$","T","?","E","M","M","?","R","BOSS","M","M","?","?","M","R","E","?","T","R","E","M","E","$","R","BOSS","M","M","$","M","?","E","R","E","T","R","?","R","E","$","R","BOSS","BOSS"],"items_purchased_type":["Relic","Relic","Card","Card","Relic","Relic","Relic","Card","Relic","Relic","Relic","Relic","Relic"],"build_version":"2020-12-22","purchased_purges":6,"victory":true,"max_hp_per_floor":[78,78,78,78,78,79,79,79,79,81,84,87,86,89,89,97,88,89,90,90,91,92,92,94,95,95,95,97,98,100,105,105,111,104,105,109,111,112,107,109,109,111,111,111,112,112,153,158,158,175,188],"card_choices":[{"not_picked":["Crystallizer","Force Field","BasicCrystalCard"],"picked":"SKIP","floor":1.0},{"not_picked":["Conserve Battery","Redo","REME_DataAnalysis","MostiFishMod:FluxCapactior"],"picked":"MostiFishMod:StarOceanB","floor":4.0},{"not_picked":["BasicCrystalCard","Panic Button","ReplaySolidLightProjector","Sweeping Beam","Coolheaded"],"picked":"SKIP","floor":5.0},{"not_picked":["MostiFishMod:IntelligentEquipment","MostiFishMod:InterfaceCompatibility","All For One","Rainbow"],"picked":"All For One","floor":6.0},{"not_picked":["Barrage","Loop","Stack","Rebound"],"picked":"Streamline","floor":7.0},{"not_picked":["MostiFishMod:Hijack","AT_WaterDrop","Seek","Hyperbeam"],"picked":"REME_Shoggoth","floor":11},{"not_picked":["Sweeping Beam","Cold Snap","MostiFishMod:Exploitation","Hologram"],"picked":"Beam Cell","floor":12},{"not_picked":["ReplayTheSpireMod:GoodbyeWorld","Streamline","Pulse","Redo","Ball Lightning"],"picked":"SKIP","floor":13},{"not_picked":["BasicCrystalCard","ReplayTheSpireMod:Repulse","Lockon","REME_SelfUpgrade","Panic Button"],"picked":"SKIP","floor":18},{"not_picked":["BasicCrystalCard","Streamline","Sweeping Beam","Compile Driver","REME_SelfUpgrade"],"picked":"SKIP","floor":18},{"not_picked":["Ball Lightning","AT_HeatAcrobatics","ReplayRNGCard","Storm"],"picked":"Go for the Eyes+1","floor":19},{"not_picked":["Steam Power","Rip and Tear","Leap","Double Energy"],"picked":"Beam Cell","floor":19},{"not_picked":["Sweeping Beam","AT_HeatAcrobatics","Double Energy","Auto Shields","Stack"],"picked":"SKIP","floor":22},{"not_picked":["Cold Snap","Steam Power","Barrage","MostiFishMod:PushDownKick","Streamline+1"],"picked":"SKIP","floor":22},{"not_picked":["MostiFishMod:StarOceanB","MostiFishMod:IntelligentEquipment","Biased Cognition","Amplify"],"picked":"Seek","floor":24},{"not_picked":["MostiFishMod:SeaWaves","Fission","MostiFishMod:Nova","Seek","AT_WaterDrop"],"picked":"SKIP","floor":28},{"not_picked":["Stack","MostiFishMod:InterfaceCompatibility","Consume","Streamline"],"picked":"Hologram","floor":29},{"not_picked":["Cold Snap","Go for the Eyes","MostiFishMod:PushDownKick","Turbo","Redo"],"picked":"SKIP","floor":29},{"not_picked":["Redo","White Noise","Rebound","Double Energy","Ball Lightning"],"picked":"SKIP","floor":29},{"not_picked":["Reboot+1","MostiFishMod:Distribution+1","MostiFishMod:TalkingToTheRain","MostiFishMod:Nova","Hyperbeam"],"picked":"SKIP","floor":30},{"not_picked":["MostiFishMod:Distribution+1","MostiFishMod:SeaWaves","Core Surge","Biased Cognition"],"picked":"Machine Learning","floor":33},{"not_picked":["Go for the Eyes","MostiFishMod:PushDownKick","Beam Cell","Cold Snap"],"picked":"REME_ForAll","floor":35},{"not_picked":["AT_HeatAcrobatics+1","Ball Lightning","Hologram+1","MostiFishMod:PushDownKick","Auto Shields+1"],"picked":"SKIP","floor":35},{"not_picked":["MostiFishMod:FluxCapactior+1","Ball Lightning","White Noise+1","Conserve Battery+1","Sunder+1"],"picked":"SKIP","floor":35},{"not_picked":["Cold Snap","AT_HeatAcrobatics+1","Coolheaded+1","ReplaySolidLightProjector+1"],"picked":"Gash","floor":36},{"not_picked":["Darkness+1","Double Energy+1","Undo+1","ReplayTheSpireMod:Repulse+1","MostiFishMod:Impulse+1"],"picked":"SKIP","floor":36},{"not_picked":["AT_HeatAcrobatics+1","Sweeping Beam","Rebound","MostiFishMod:PushDownKick","Go for the Eyes"],"picked":"SKIP","floor":36},{"not_picked":["MostiFishMod:Impulse+1","REME_Whirling+1","Hologram+1","Conserve Battery+1"],"picked":"Gash+1","floor":38},{"not_picked":["Stack+1","Self Repair","Gash","Go for the Eyes+1","MostiFishMod:Culaccino+1"],"picked":"SKIP","floor":38},{"not_picked":["Genetic Algorithm+1","Compile Driver+1","Cold Snap+1","Panic Button+1","Fan+1"],"picked":"SKIP","floor":38},{"not_picked":["Creative AI","MostiFishMod:ReadyAimFire","MostiFishMod:TalkingToTheRain","MostiFishMod:StrandedSiren"],"picked":"ReplayTheSpireMod:Fabricate Wheel","floor":40},{"not_picked":["Fission","Core Surge","Rainbow+1","MostiFishMod:Distribution","MostiFishMod:IntelligentEquipment"],"picked":"SKIP","floor":42},{"not_picked":["Core Surge","AT_WaterDrop","Seek","MostiFishMod:Distribution","Hyperbeam"],"picked":"SKIP","floor":47}],"player_experience":228350,"relics_obtained":[{"floor":1.0,"key":"SynthV:TestCard"},{"floor":3.0,"key":"PunchingBag"},{"floor":6.0,"key":"SatanicBible"},{"floor":9,"key":"testmod-Hope"},{"floor":11,"key":"TheBible"},{"floor":24,"key":"BookofShadows"},{"floor":26,"key":"Torii"},{"floor":28,"key":"reliquary:PrincelyHelmet"},{"floor":30,"key":"Toxic Egg 2"},{"floor":40,"key":"reliquary:PorcupineQuills"},{"floor":40,"key":"testmod-FatalChain"},{"floor":42,"key":"REME_ArchaeologicalTools"},{"floor":42,"key":"AT_TheCollector"},{"floor":43,"key":"Void"},{"floor":47,"key":"Lantern"},{"floor":47,"key":"reliquary:Aerogel"}],"event_choices":[{"damage_healed":0,"gold_gain":0,"player_choice":"Trade","damage_taken":0,"relics_obtained":["SsserpentHead"],"max_hp_gain":0,"max_hp_loss":0,"event_name":"FaceTrader","floor":20,"gold_loss":0},{"damage_healed":0,"gold_gain":0,"player_choice":"Upgraded","damage_taken":0,"max_hp_gain":0,"max_hp_loss":0,"event_name":"Upgrade Shrine","floor":21,"gold_loss":0,"cards_upgraded":["Beam Cell"]},{"damage_healed":0,"gold_gain":0,"player_choice":"Opened","damage_taken":0,"relics_obtained":["Peace Pipe"],"max_hp_gain":0,"max_hp_loss":0,"event_name":"The Mausoleum","floor":25,"gold_loss":0,"cards_obtained":["Writhe"]},{"damage_healed":0,"gold_gain":0,"player_choice":"Max HP","damage_taken":0,"max_hp_gain":0,"max_hp_loss":6,"event_name":"Winding Halls","floor":39,"gold_loss":0},{"damage_healed":0,"gold_gain":0,"player_choice":"Swap Relic","damage_taken":0,"relics_obtained":["DaveBox"],"max_hp_gain":0,"max_hp_loss":0,"event_name":"给自己的盒子","floor":45,"relics_lost":["DaveBox"],"gold_loss":0}],"is_beta":false,"boss_relics":[{"not_picked":["conspire:SlowCooker","testmod-KeyOfTheVoid"],"picked":"Nuclear Battery"},{"not_picked":[]},{"not_picked":["energizedSpire:MagnifyingGlass","Calling Bell"],"picked":"Black Star"},{"not_picked":[]}],"items_purged_floors":[14,17,31,34,37,48],"is_endless":false,"potions_floor_spawned":[1,7,12,18,22,28,33,38],"ascension_level":20}}