{"host":"88gqw5ki7llrf2bp","time":1613697597,"event":{"mods":["BaseMod","Duelist Mod","Friendly Minions","Minty Spire (QoL Compilation)","Quick Restart","Rare Cards Sparkle","StSLib"],"gold_per_floor":[143,143,156,211,13,39,59,78,78,78,109,109,156,168,168,269,269,282,259,279,279,291,324,324,356,381,410,19,38,49,49,49,148,148,162,162,181,197,197,232,246,246,246,271,289,322,340,368,368,368],"floor_reached":51,"language":"ENG","playtime":3736,"items_purged":[],"score":1071,"play_id":"5f632ee2-8993-4edb-b61d-0af1da65c8b9","local_time":"20210218191957","is_ascension_mode":true,"campfire_choices":[{"data":"1","floor":12,"key":"LIFT"},{"data":"2","floor":15,"key":"LIFT"},{"data":"3","floor":24,"key":"LIFT"},{"data":"theDuelist:OneDayPeace","floor":32,"key":"SMITH"},{"floor":49,"key":"REST"}],"circlet_count":0,"master_deck":["theDuelist:BlasterDragonInfernos+1","theDuelist:BerserkerSoul+1","theDuelist:CaveDragon+1","theDuelist:CyberDragonNachster+1","Mayhem+1","theDuelist:AmuletDragon+1","theDuelist:SilverWing","theDuelist:CyberDragonCore+1","theDuelist:SilverDragon+1","theDuelist:BabyDragon+1","theDuelist:CyberDragonCore+1","theDuelist:CaveDragon+1","theDuelist:SeismicShockwave","theDuelist:DragonPiper","theDuelist:ArmageddonDragonEmp+1","theDuelist:LesserDragon+1","theDuelist:OneDayPeace+1","theDuelist:GaiaDragonChamp+1","theDuelist:CyberDragon+1","theDuelist:BlockGolem+1","theDuelist:BlizzardDragon","theDuelist:YamataDragon+1","theDuelist:LesserDragon+1","theDuelist:WaterDragon+1","theDuelist:MaskedDragon+1","theDuelist:MirageDragon+1","theDuelist:DoomkaiserDragon+1","theDuelist:ChimeratechOverdragon+1","theDuelist:DragonMastery","theDuelist:BurstBreath+1","theDuelist:FluteSummoning+1","theDuelist:CoralDragon+1","theDuelist:BarrelDragon+1"],"relics":["theDuelist:MillenniumPuzzle","theDuelist:CardPoolRelic","theDuelist:CardPoolBasicRelic","theDuelist:BoosterPackPoolRelic","theDuelist:CardPoolAddRelic","theDuelist:CardPoolMinusRelic","theDuelist:CardPoolSaveRelic","theDuelist:CardPoolOptionsRelic","NeowsBlessing","Girya","Lizard Tail","Du-Vu Doll","theDuelist:BoosterBetterBoostersRelic","Eternal Feather","theDuelist:MillenniumRod","Ornamental Fan","Pandora\u0027s Box","Potion Belt","theDuelist:DragonRelic","Red Skull","Dream Catcher","theDuelist:MillenniumSymbol","theDuelist:DragonRelicB","SlaversCollar","Whetstone","TungstenRod","Ancient Tea Set","Centennial Puzzle","theDuelist:ZoneToken"],"acts_visited":["Exordium","TheCity","TheBeyond"],"potions_floor_usage":[25,25,33,33,38,38,40,41,41,48,50],"damage_taken":[{"damage":0,"enemies":"2 Louse","floor":1,"turns":1},{"damage":0,"enemies":"Cultist","floor":3,"turns":1},{"damage":0,"enemies":"Cultist","floor":4,"turns":1},{"damage":17,"enemies":"Lagavulin","floor":6,"turns":4},{"damage":6,"enemies":"Jaw Worm","floor":7,"turns":2},{"damage":9,"enemies":"Large Slime","floor":8,"turns":3},{"damage":1,"enemies":"Gremlin Nob","floor":11,"turns":3},{"damage":0,"enemies":"3 Sentries","floor":13,"turns":15},{"damage":9,"enemies":"2 Fungi Beasts","floor":14,"turns":3},{"damage":39,"enemies":"Slime Boss","floor":16,"turns":6},{"damage":13,"enemies":"Shell Parasite","floor":18,"turns":5},{"damage":2,"enemies":"Chosen","floor":20,"turns":3},{"damage":18,"enemies":"Shelled Parasite and Fungi","floor":22,"turns":4},{"damage":0,"enemies":"theDuelist:KaibaA2","floor":23,"turns":1},{"damage":35,"enemies":"Slavers","floor":25,"turns":4},{"damage":9,"enemies":"theDuelist:KaibaA2","floor":27,"turns":5},{"damage":0,"enemies":"Centurion and Healer","floor":29,"turns":8},{"damage":0,"enemies":"Snecko","floor":30,"turns":3},{"damage":19,"enemies":"Champ","floor":33,"turns":6},{"damage":8,"enemies":"3 Darklings","floor":35,"turns":9},{"damage":10,"enemies":"3 Shapes","floor":37,"turns":4},{"damage":48,"enemies":"Jaw Worm Horde","floor":38,"turns":4},{"damage":0,"enemies":"Giant Head","floor":40,"turns":5},{"damage":22,"enemies":"3 Darklings","floor":41,"turns":10},{"damage":20,"enemies":"Reptomancer","floor":44,"turns":5},{"damage":0,"enemies":"Transient","floor":45,"turns":5},{"damage":11,"enemies":"Giant Head","floor":46,"turns":6},{"damage":0,"enemies":"Maw","floor":47,"turns":6},{"damage":0,"enemies":"Nemesis","floor":48,"turns":7},{"damage":0,"enemies":"Awakened One","floor":50,"turns":9}],"seed_played":"-5348921847122285034","potions_obtained":[{"floor":4,"key":"SmokeBomb"},{"floor":8,"key":"theDuelist:FlamingBottle"},{"floor":14,"key":"PowerPotion"},{"floor":23,"key":"theDuelist:DebuffFuryPotion"},{"floor":27,"key":"theDuelist:SolderPotionB"},{"floor":29,"key":"PowerPotion"},{"floor":33,"key":"theDuelist:BurningPotionB"},{"floor":35,"key":"theDuelist:OrbBottle"},{"floor":37,"key":"Ancient Potion"},{"floor":40,"key":"theDuelist:WaterBottle"},{"floor":44,"key":"EssenceOfSteel"}],"is_trial":false,"path_per_floor":["M","$","M","?","$","E","M","M","T","?","E","R","E","M","R","B",null,"M","$","M","?","M","E","R","E","T","E","$","M","M","?","R","B",null,"M","$","M","M","?","E","M","?","T","E","M","E","M","E","R","B",null],"character_chosen":"THE_DUELIST","items_purchased":["theDuelist:DoomkaiserDragon","FearPotion","theDuelist:DragonPiper","theDuelist:MillenniumSymbol","theDuelist:OneDayPeace","theDuelist:ChimeratechOverdragon"],"campfire_rested":1,"item_purchase_floors":[5,5,19,28,28,28],"current_hp_per_floor":[80,80,80,80,80,63,57,48,48,48,47,56,56,47,56,17,80,67,67,65,65,47,47,59,24,24,15,15,15,15,9,24,5,80,72,72,62,14,14,14,33,33,33,13,13,2,2,2,44,44],"gold":368,"neow_bonus":"THREE_ENEMY_KILL","is_daily":false,"chose_seed":false,"campfire_upgraded":1,"win_rate":0.0,"timestamp":1613697597,"path_taken":["M","$","M","?","$","E","M","M","T","?","E","R","E","M","R","BOSS","M","$","M","?","M","E","R","E","T","E","$","?","?","?","R","BOSS","M","$","M","M","?","E","M","?","T","E","M","E","?","E","R","BOSS"],"items_purchased_type":["Card","Potion","Card","Relic","Card","Card"],"build_version":"2020-12-22","purchased_purges":0,"victory":true,"max_hp_per_floor":[80,80,80,80,80,80,80,80,80,80,80,80,80,80,80,80,80,80,80,80,80,80,80,80,80,80,80,80,80,80,80,80,80,80,80,80,80,80,80,80,80,80,80,80,80,80,80,80,80,80],"card_choices":[{"not_picked":["Blind","Good Instincts","Trip"],"picked":"Mayhem","floor":1},{"not_picked":["theDuelist:BlackBrutdrago","theDuelist:LordD","theDuelist:Earthquake","theDuelist:AncientPixieDragon"],"picked":"theDuelist:SilverDragon","floor":3},{"not_picked":["theDuelist:Kabazauls","theDuelist:RedRisingDragon","theDuelist:DefenseZone","theDuelist:GiantRex"],"picked":"theDuelist:BurstBreath","floor":4},{"not_picked":["theDuelist:TwinHeadedFire","theDuelist:LesserDragon","theDuelist:Beatraptor","theDuelist:BeserkDragon"],"picked":"theDuelist:MaskedDragon","floor":6},{"not_picked":["theDuelist:YamataDragon","theDuelist:MadSwordBeast","theDuelist:CurseDragon","theDuelist:BlackBrutdrago","theDuelist:WhiteNightDragon"],"picked":"SKIP","floor":7},{"not_picked":["theDuelist:BlueEyes","theDuelist:Vandalgyon","theDuelist:DragonCaptureJar","theDuelist:BlueEyesUltimate"],"picked":"theDuelist:CyberDragonCore","floor":8},{"not_picked":["theDuelist:WhiteHowling","theDuelist:JurassicImpact","theDuelist:DefenseDraw","theDuelist:CyberneticRevolution","theDuelist:Berserking"],"picked":"SKIP","floor":11},{"not_picked":["theDuelist:QueenDragunDjinn","theDuelist:GaiaDragonChamp","theDuelist:DoomkaiserDragon","theDuelist:BerserkScales"],"picked":"theDuelist:ArmageddonDragonEmp","floor":13},{"not_picked":["theDuelist:MadFlameKaiju","theDuelist:GiantRex","theDuelist:TrihornedDragon","theDuelist:BlackTyranno"],"picked":"theDuelist:BarrelDragon","floor":14},{"not_picked":["theDuelist:SurvivalFittest","theDuelist:StardustDragon","theDuelist:GaiaDragonChamp","theDuelist:FiveHeaded"],"picked":"theDuelist:WaterDragon","floor":16},{"not_picked":["theDuelist:ViceDragon","theDuelist:Hydrogeddon","theDuelist:Duoterion","theDuelist:BusterDrake","theDuelist:SuperStridentBlaze+1"],"picked":"SKIP","floor":18},{"not_picked":["theDuelist:Kabazauls","theDuelist:Beatraptor","theDuelist:SnowDragon","theDuelist:BusterDrake","theDuelist:DarkfireDragon"],"picked":"SKIP","floor":20},{"not_picked":["theDuelist:CyberDinosaur+1","theDuelist:TornadoDragon","theDuelist:CyberDragonNachster","theDuelist:AquaDolphin"],"picked":"theDuelist:SilverWing","floor":22},{"not_picked":["theDuelist:OceanDragonLord","theDuelist:BlueDuston","theDuelist:BlasterDragonInfernos","theDuelist:BerserkScales"],"picked":"theDuelist:SeismicShockwave","floor":23},{"not_picked":["theDuelist:BeserkDragon","theDuelist:AncientDragon","theDuelist:BerserkerSoul","theDuelist:OceanDragonLord"],"picked":"theDuelist:BlasterDragonInfernos","floor":25},{"not_picked":["theDuelist:Kabazauls+1","theDuelist:StarlightRoad","theDuelist:SafeZone+1","theDuelist:AmuletDragon"],"picked":"theDuelist:CyberDragonCore","floor":27},{"not_picked":["theDuelist:RedEyes+1","theDuelist:CyberDragonNachster","theDuelist:RedRisingDragon+1","theDuelist:Frostosaurus","theDuelist:CyberLaserDragon"],"picked":"SKIP","floor":29},{"not_picked":["theDuelist:TwinBarrelDragon","theDuelist:BusterBlader","theDuelist:MythicWaterDragon","theDuelist:ArmedDragon5"],"picked":"theDuelist:CyberDragon","floor":30},{"not_picked":["theDuelist:WaterDragon","theDuelist:SeismicShockwave","theDuelist:Scapegoat","theDuelist:Lancephorhynchus"],"picked":"theDuelist:DragonMastery","floor":33},{"not_picked":["theDuelist:OceanDragonLord","theDuelist:FiveHeaded+1","theDuelist:DragonMastery+1","theDuelist:DefensiveTactics+1"],"picked":"theDuelist:GaiaDragonChamp+1","floor":35},{"not_picked":["theDuelist:LesserDragon","theDuelist:BusterDrake","theDuelist:BlackPtera","theDuelist:BlackBrutdrago+1","theDuelist:WhiteHornDragon"],"picked":"SKIP","floor":37},{"not_picked":["theDuelist:Pyrorex","theDuelist:MadSwordBeast+1","theDuelist:LesserDragon+1","theDuelist:Beatraptor+1","theDuelist:BlueEyesUltimate"],"picked":"SKIP","floor":38},{"not_picked":["theDuelist:StampingDestruction+1","theDuelist:SpiralSpearStrike+3","theDuelist:OneDayPeace","theDuelist:VeilDarkness+1"],"picked":"theDuelist:FluteSummoning+1","floor":40},{"not_picked":["theDuelist:ArmageddonDragonEmp+1","theDuelist:BackupSoldier+2","theDuelist:AtomicScrapDragon","theDuelist:Destroyersaurus","theDuelist:GravityLash+1"],"picked":"SKIP","floor":41},{"not_picked":["theDuelist:CyberTwinDragon","theDuelist:MegafleetDragon+1","theDuelist:HorusServant","theDuelist:AncientGearGadjiltron+1"],"picked":"theDuelist:BlizzardDragon","floor":44},{"not_picked":["theDuelist:BigFire+1","theDuelist:GreyGreedOni+1","theDuelist:Wiseman","theDuelist:HaneHane"],"picked":"theDuelist:BlockGolem+1","floor":45},{"not_picked":["theDuelist:ChimeratechOverdragon","theDuelist:TailSwipe","theDuelist:DoomkaiserDragon"],"picked":"SKIP","floor":46},{"not_picked":["theDuelist:Beatraptor+1","theDuelist:LavaDragon+1","theDuelist:FrostflameDragon","theDuelist:FrozenFitzgerald"],"picked":"theDuelist:MirageDragon+1","floor":47},{"not_picked":["theDuelist:GiantRex","theDuelist:ArmedDragon5+1","theDuelist:VeilDarkness","theDuelist:CloudianGhost+1"],"picked":"theDuelist:BerserkerSoul+1","floor":48}],"player_experience":1667190,"relics_obtained":[{"floor":4,"key":"Girya"},{"floor":4,"key":"Lizard Tail"},{"floor":4,"key":"Du-Vu Doll"},{"floor":6,"key":"theDuelist:BoosterBetterBoostersRelic"},{"floor":9,"key":"Eternal Feather"},{"floor":11,"key":"theDuelist:MillenniumRod"},{"floor":13,"key":"Ornamental Fan"},{"floor":23,"key":"Potion Belt"},{"floor":25,"key":"theDuelist:DragonRelic"},{"floor":26,"key":"Red Skull"},{"floor":27,"key":"Dream Catcher"},{"floor":40,"key":"Whetstone"},{"floor":43,"key":"TungstenRod"},{"floor":44,"key":"Ancient Tea Set"},{"floor":46,"key":"Centennial Puzzle"},{"floor":48,"key":"theDuelist:ZoneToken"}],"event_choices":[{"damage_healed":0,"gold_gain":0,"player_choice":"Fight","duelist":true,"damage_taken":0,"max_hp_gain":0,"max_hp_loss":0,"event_name":"Battle City","floor":4,"gold_loss":0},{"damage_healed":0,"gold_gain":0,"player_choice":"Grow","damage_taken":0,"max_hp_gain":0,"max_hp_loss":0,"event_name":"Living Wall","floor":10,"gold_loss":0,"cards_upgraded":["theDuelist:CyberDragonCore"]},{"damage_healed":0,"gold_gain":0,"player_choice":"Upgraded","damage_taken":0,"max_hp_gain":0,"max_hp_loss":0,"event_name":"Upgrade Shrine","floor":21,"gold_loss":0,"cards_upgraded":["Mayhem"]},{"damage_healed":0,"gold_gain":0,"player_choice":"Dig - random Duelist relic","duelist":true,"damage_taken":0,"max_hp_gain":0,"max_hp_loss":0,"event_name":"Aknamkanon\u0027s Tomb","floor":31,"gold_loss":0},{"cards_removed":["theDuelist:Freezadon"],"damage_healed":0,"gold_gain":0,"player_choice":"Removed Skill","damage_taken":0,"max_hp_gain":0,"max_hp_loss":0,"event_name":"Falling","floor":39,"gold_loss":0},{"damage_healed":0,"gold_gain":0,"player_choice":"Ignored","damage_taken":0,"max_hp_gain":0,"max_hp_loss":0,"event_name":"Transmorgrifier","floor":42,"gold_loss":0}],"is_beta":false,"boss_relics":[{"not_picked":["SacredBark","Philosopher\u0027s Stone"],"picked":"Pandora\u0027s Box"},{"not_picked":["Empty Cage","Tiny House"],"picked":"SlaversCollar"}],"items_purged_floors":[],"is_endless":false,"potions_floor_spawned":[4,8,14,23,27,29,33,35,37,40,44],"ascension_level":1}}