{"host":"zsnmfqgcm92hlreo","time":1613716085,"event":{"mods":["AchievementEnabler","BaseMod","Bestiary","Block Reminder","Colored Map","Colored Powertips","Filter the Spire","Minty Spire (QoL Compilation)","Permanent Neow","Quick Restart","Relic Stats","StSLib","Weighted Paths"],"gold_per_floor":[109,120,120,131,151,151,180,180,205,236,256,269,269,295,295,374,374,392,392,412,412,426,461,472,472,472,503,522,191,191,191,191,262,262,279,279,299,316,144,179,191,222,222,253,253,282,282,607,607,607,607,607,607,36,68,68],"floor_reached":57,"language":"ENG","playtime":2619,"items_purged":[],"score":2985,"play_id":"93351485-bc49-4b39-b540-bdfd0ff35054","local_time":"20210219002805","is_ascension_mode":true,"campfire_choices":[{"data":"Feed","floor":6.0,"key":"SMITH"},{"data":"Armaments","floor":8.0,"key":"SMITH"},{"data":"Whirlwind","floor":13.0,"key":"SMITH"},{"data":"Uppercut","floor":15.0,"key":"SMITH"},{"data":"Shockwave","floor":25.0,"key":"SMITH"},{"floor":30.0,"key":"REST"},{"floor":32.0,"key":"REST"},{"floor":49.0,"key":"RECALL"},{"floor":53.0,"key":"REST"}],"circlet_count":0,"master_deck":["AscendersBane","Defend_R+1","Defend_R+1","Defend_R+1","Defend_R+1","Bash","Shockwave+1","Whirlwind+1","Uppercut+1","Second Wind","Feed+1","Armaments+1","Combust","Exhume","Blood for Blood","Bloodletting","Decay","Entrench","Hemokinesis","Fiend Fire","Bite","Bite","Bite","Bite","Bite","Demon Form","Heavy Blade+1","Power Through+1","Demon Form","Shrug It Off","Inflame","Bludgeon","Feel No Pain"],"relics":["Snecko Eye","Juzu Bracelet","Toy Ornithopter","Centennial Puzzle","Bottled Flame","Mark of Pain","Incense Burner","Orichalcum","Du-Vu Doll","Fusion Hammer","DollysMirror","Turnip","Ornamental Fan","Oddly Smooth Stone","Smiling Mask","Old Coin","Paper Frog","Pear","Lizard Tail"],"acts_visited":["Exordium","TheCity","TheBeyond","TheEnding"],"potions_floor_usage":[56,56],"damage_taken":[{"damage":0.0,"enemies":"Cultist","floor":1.0,"turns":2.0},{"damage":7.0,"enemies":"Jaw Worm","floor":2.0,"turns":5.0},{"damage":0.0,"enemies":"Small Slimes","floor":4.0,"turns":1.0},{"damage":6.0,"enemies":"Exordium Wildlife","floor":5.0,"turns":2.0},{"damage":10.0,"enemies":"Lagavulin","floor":7.0,"turns":4.0},{"damage":5.0,"enemies":"3 Sentries","floor":10.0,"turns":4.0},{"damage":0.0,"enemies":"Blue Slaver","floor":11.0,"turns":3.0},{"damage":13.0,"enemies":"Large Slime","floor":12.0,"turns":4.0},{"damage":2.0,"enemies":"Lagavulin","floor":14.0,"turns":6.0},{"damage":45.0,"enemies":"Hexaghost","floor":16.0,"turns":8.0},{"damage":22.0,"enemies":"2 Thieves","floor":18.0,"turns":4.0},{"damage":1.0,"enemies":"Shell Parasite","floor":20.0,"turns":3.0},{"damage":5.0,"enemies":"Snecko","floor":22.0,"turns":4.0},{"damage":10.0,"enemies":"Gremlin Leader","floor":23.0,"turns":6.0},{"damage":3.0,"enemies":"Centurion and Healer","floor":24.0,"turns":5.0},{"damage":50.0,"enemies":"Book of Stabbing","floor":27.0,"turns":5.0},{"damage":7.0,"enemies":"Snake Plant","floor":28.0,"turns":3.0},{"damage":78.0,"enemies":"Automaton","floor":33.0,"turns":9.0},{"damage":9.0,"enemies":"Orb Walker","floor":35.0,"turns":3.0},{"damage":17.0,"enemies":"3 Shapes","floor":37.0,"turns":5.0},{"damage":3.0,"enemies":"Jaw Worm Horde","floor":38.0,"turns":1.0},{"damage":6.0,"enemies":"Giant Head","floor":40.0,"turns":6.0},{"damage":0.0,"enemies":"3 Darklings","floor":41.0,"turns":2.0},{"damage":0.0,"enemies":"Reptomancer","floor":42.0,"turns":2.0},{"damage":39.0,"enemies":"Giant Head","floor":44.0,"turns":5.0},{"damage":55.0,"enemies":"Reptomancer","floor":46.0,"turns":5.0},{"damage":0.0,"enemies":"Mind Bloom Boss Battle","floor":48.0,"turns":2.0},{"damage":57.0,"enemies":"Awakened One","floor":50.0,"turns":8.0},{"damage":44.0,"enemies":"Time Eater","floor":51.0,"turns":8.0},{"damage":57.0,"enemies":"Shield and Spear","floor":55.0,"turns":5.0},{"damage":84,"enemies":"The Heart","floor":56,"turns":8}],"seed_played":"-7689549874559533803","potions_obtained":[{"floor":4.0,"key":"EntropicBrew"},{"floor":7.0,"key":"ColorlessPotion"},{"floor":18.0,"key":"Weak Potion"},{"floor":24.0,"key":"CultistPotion"},{"floor":27.0,"key":"DistilledChaos"},{"floor":37.0,"key":"EntropicBrew"},{"floor":38.0,"key":"DuplicationPotion"},{"floor":44.0,"key":"Energy Potion"},{"floor":55.0,"key":"Block Potion"}],"is_trial":false,"path_per_floor":["M","M","?","M","M","R","E","R","T","E","M","M","R","E","R","B",null,"M","?","M","?","M","E","M","R","T","E","M","$","R","?","R","B",null,"M","?","M","M","$","E","M","E","T","E","?","E","?","?","R","B","B",null,"R","$","E","B",null],"character_chosen":"IRONCLAD","items_purchased":["Du-Vu Doll","DollysMirror","Paper Frog","Pear"],"campfire_rested":3,"item_purchase_floors":[29,39,54,54],"current_hp_per_floor":[68,61,61,61,55,55,49,49,49,48,52,43,43,45,45,5,73,55,55,58,58,57,56,59,59,59,11,6,6,40,40,74,19,91,87,87,78,75,75,80,84,89,89,59,59,12,94,98,98,47,13,77,98,108,53,44],"gold":68,"neow_bonus":"BOSS_RELIC","is_daily":false,"chose_seed":false,"campfire_upgraded":5,"win_rate":0.0,"timestamp":1613716085,"path_taken":["M","M","?","M","M","R","E","R","T","E","M","M","R","E","R","BOSS","M","?","M","?","M","E","M","R","T","E","M","$","R","?","R","BOSS","M","?","M","M","$","E","M","E","T","E","?","E","?","?","R","BOSS","BOSS","R","$","E","BOSS"],"items_purchased_type":["Relic","Relic","Relic","Relic"],"build_version":"2020-12-22","purchased_purges":0,"victory":true,"max_hp_per_floor":[75,75,75,75,75,75,79,79,79,83,87,91,91,95,95,95,95,99,99,103,103,107,111,115,115,115,115,115,115,115,115,115,115,115,115,115,115,115,115,115,115,115,115,115,115,115,94,98,98,98,98,98,98,108,108,108],"relic_stats":{"Centennial Puzzle":[63],"Lizard Tail":54,"counters":[31,138],"Ornamental Fan":[36],"Snecko Eye":[212,218,229,201],"Turnip":[3],"Juzu Bracelet":1,"Orichalcum":[120],"Smiling Mask":0,"obtain_stats":[{"Pear":54,"Oddly Smooth Stone":44,"Juzu Bracelet":7,"Incense Burner":26,"Orichalcum":27,"Smiling Mask":46,"Burning Blood":0,"Old Coin":48,"Blood Vial":23,"Du-Vu Doll":29,"Centennial Puzzle":10,"Bottled Flame":14,"Lizard Tail":55,"DollysMirror":39,"Ornamental Fan":42,"Snecko Eye":0,"Mark of Pain":17,"Fusion Hammer":34,"Turnip":40,"Toy Ornithopter":9,"Paper Frog":54},{"Pear":29,"Oddly Smooth Stone":25,"Juzu Bracelet":5,"Incense Burner":15,"Orichalcum":16,"Smiling Mask":26,"Burning Blood":0,"Old Coin":27,"Blood Vial":14,"Du-Vu Doll":17,"Centennial Puzzle":6,"Bottled Flame":9,"Lizard Tail":30,"DollysMirror":21,"Ornamental Fan":24,"Snecko Eye":0,"Mark of Pain":10,"Fusion Hammer":18,"Turnip":22,"Toy Ornithopter":5,"Paper Frog":29},{"Pear":125,"Oddly Smooth Stone":102,"Juzu Bracelet":14,"Incense Burner":61,"Orichalcum":66,"Smiling Mask":107,"Burning Blood":0,"Old Coin":109,"Blood Vial":56,"Du-Vu Doll":69,"Centennial Puzzle":18,"Bottled Flame":31,"Lizard Tail":130,"DollysMirror":87,"Ornamental Fan":97,"Snecko Eye":0,"Mark of Pain":39,"Fusion Hammer":78,"Turnip":93,"Toy Ornithopter":14,"Paper Frog":125}],"Toy Ornithopter":25},"card_choices":[{"not_picked":["Sword Boomerang","Clash"],"picked":"Shockwave","floor":1.0},{"not_picked":["Cleave","True Grit"],"picked":"Whirlwind","floor":2.0},{"not_picked":["Sword Boomerang","Havoc"],"picked":"Second Wind","floor":4.0},{"not_picked":["Sword Boomerang","Blood for Blood"],"picked":"Feed","floor":5.0},{"not_picked":["Twin Strike","Pummel"],"picked":"Armaments","floor":7.0},{"not_picked":["Armaments","Flex"],"picked":"Combust","floor":10.0},{"not_picked":["Iron Wave","Headbutt","Clash"],"picked":"SKIP","floor":11.0},{"not_picked":["Havoc","Whirlwind","Iron Wave"],"picked":"SKIP","floor":12.0},{"not_picked":["Warcry","Armaments","True Grit"],"picked":"SKIP","floor":14.0},{"not_picked":["Corruption","Fiend Fire"],"picked":"Exhume","floor":16.0},{"not_picked":["Headbutt","Warcry"],"picked":"Blood for Blood","floor":18.0},{"not_picked":["Sever Soul","Twin Strike"],"picked":"Bloodletting","floor":20.0},{"not_picked":["Iron Wave","Intimidate","Cleave"],"picked":"SKIP","floor":22.0},{"not_picked":["Wild Strike","Pummel"],"picked":"Entrench","floor":23.0},{"not_picked":["Thunderclap","Pommel Strike","Body Slam"],"picked":"SKIP","floor":24.0},{"not_picked":["Second Wind","Iron Wave+1"],"picked":"Hemokinesis","floor":27.0},{"not_picked":["Dark Embrace","Cleave"],"picked":"Fiend Fire","floor":28.0},{"not_picked":["Exhume","Fiend Fire"],"picked":"Demon Form","floor":33.0},{"not_picked":["Clothesline","Iron Wave"],"picked":"Heavy Blade+1","floor":35.0},{"not_picked":["Flex","Rampage","True Grit"],"picked":"SKIP","floor":37.0},{"not_picked":["Cleave","Perfected Strike"],"picked":"Power Through+1","floor":38.0},{"not_picked":["Warcry","Headbutt"],"picked":"Shrug It Off","floor":40.0},{"not_picked":["Reckless Charge","Carnage","Thunderclap+1"],"picked":"SKIP","floor":41.0},{"not_picked":["Dual Wield","Ghostly Armor+1"],"picked":"Inflame","floor":42.0},{"not_picked":["Entrench","Warcry"],"picked":"Bludgeon","floor":44.0},{"not_picked":["Exhume","Iron Wave","Searing Blow"],"picked":"SKIP","floor":46.0},{"not_picked":["Sword Boomerang","Power Through"],"picked":"Feel No Pain","floor":48.0},{"not_picked":["Sentinel","Havoc","Anger"],"picked":"SKIP","floor":55.0}],"player_experience":1232752,"relics_obtained":[{"floor":7.0,"key":"Juzu Bracelet"},{"floor":9.0,"key":"Toy Ornithopter"},{"floor":10.0,"key":"Centennial Puzzle"},{"floor":14.0,"key":"Bottled Flame"},{"floor":23.0,"key":"Blood Vial"},{"floor":26.0,"key":"Incense Burner"},{"floor":27.0,"key":"Orichalcum"},{"floor":40.0,"key":"Turnip"},{"floor":42.0,"key":"Ornamental Fan"},{"floor":44.0,"key":"Oddly Smooth Stone"},{"floor":46.0,"key":"Smiling Mask"},{"floor":48.0,"key":"Old Coin"},{"floor":55.0,"key":"Lizard Tail"}],"event_choices":[{"damage_healed":0.0,"max_hp_gain":0.0,"max_hp_loss":0.0,"gold_gain":0.0,"cards_transformed":["Strike_R"],"event_name":"Transmorgrifier","player_choice":"Transformed","floor":3.0,"gold_loss":0.0,"damage_taken":0.0,"cards_obtained":["Uppercut"]},{"damage_healed":0.0,"max_hp_gain":0.0,"max_hp_loss":0.0,"gold_gain":0.0,"event_name":"Back to Basics","player_choice":"Simplicity","floor":19.0,"gold_loss":0.0,"damage_taken":0.0,"cards_upgraded":["Strike_R","Strike_R","Strike_R","Strike_R","Defend_R","Defend_R","Defend_R","Defend_R"]},{"damage_healed":0.0,"max_hp_gain":0.0,"max_hp_loss":0.0,"gold_gain":0.0,"event_name":"Forgotten Altar","player_choice":"Smashed Altar","floor":21.0,"gold_loss":0.0,"damage_taken":0.0,"cards_obtained":["Decay"]},{"damage_healed":0.0,"max_hp_gain":0.0,"max_hp_loss":0.0,"gold_gain":0.0,"event_name":"Vampires","player_choice":"Became a vampire (Vial)","floor":31.0,"relics_lost":["Blood Vial"],"gold_loss":0.0,"damage_taken":0.0,"cards_obtained":["Bite","Bite","Bite","Bite","Bite"]},{"damage_healed":0.0,"max_hp_gain":0.0,"max_hp_loss":0.0,"gold_gain":0.0,"event_name":"Tomb of Lord Red Mask","player_choice":"Ignored","floor":36.0,"gold_loss":0.0,"damage_taken":0.0},{"damage_healed":0.0,"max_hp_gain":0.0,"max_hp_loss":0.0,"gold_gain":0.0,"event_name":"SensoryStone","player_choice":"Memory 1","floor":45.0,"gold_loss":0.0,"damage_taken":0.0},{"damage_healed":94.0,"max_hp_gain":0.0,"max_hp_loss":21.0,"gold_gain":0.0,"event_name":"The Moai Head","player_choice":"Heal","floor":47.0,"gold_loss":0.0,"damage_taken":0.0},{"damage_healed":0.0,"max_hp_gain":0.0,"max_hp_loss":0.0,"gold_gain":0.0,"event_name":"MindBloom","player_choice":"Fight","floor":48.0,"gold_loss":0.0,"damage_taken":0.0}],"is_beta":false,"boss_relics":[{"not_picked":["Sozu","Tiny House"],"picked":"Mark of Pain"},{"not_picked":["Empty Cage","Pandora\u0027s Box"],"picked":"Fusion Hammer"}],"items_purged_floors":[],"is_endless":false,"potions_floor_spawned":[4,5,7,12,18,24,27,37,38,44,48,55],"ascension_level":20}}