{"host":"jgl9m63d23sfproq","time":1613720329,"event":{"mods":["Act Like it!","Aspiration","BaseMod","Colored Map","Conspire","Downfall","Hermit","Minty Spire (QoL Compilation)","Replay The Spire","Robot Space Explorer","StSLib","The Bug Knight","The Cursed","The Runesmith","The Servant 0.9.4"],"gold_per_floor":[115,115,115,115,129,129,163,163,163,163,163,176,5,80,80,210,210,226,78,159,70,91,91,91,109,155,199,238,138,182,182,182,312,312,328,351,8,23,23,23,37,71,126,126,146,146,159,190,190,190,190,190,18,53,53,53],"floor_reached":55,"language":"ZHS","playtime":2045,"items_purged":["Strike_G","Strike_G","Strike_G"],"score":834,"play_id":"826b4004-41ac-4e84-8a65-51bf2b30b17d","local_time":"20210219153849","is_ascension_mode":false,"campfire_choices":[{"floor":6,"key":"RECALL"},{"data":"Bouncing Flask","floor":8,"key":"SMITH"},{"data":"Poisoned Stab","floor":11,"key":"SMITH"},{"floor":15,"key":"REST"},{"floor":24,"key":"REST"},{"floor":32,"key":"REST"},{"data":"Envenom","floor":40,"key":"SMITH"},{"floor":44,"key":"REST"},{"floor":46,"key":"REST"},{"floor":49,"key":"REST"},{"data":"Accuracy","floor":52,"key":"SMITH"}],"circlet_count":0,"master_deck":["Strike_G","Strike_G","Defend_G","Defend_G","Defend_G","Defend_G","Defend_G","Survivor","Neutralize","Hidden Blade","Bouncing Flask+1","Poisoned Stab+1","Accuracy+1","Panache","Envenom+1","Bane","Hidden Blade","Cloak And Dagger","Noxious Fumes+1","Hidden Blade","Deadly Poison+1","Fluid Movement+1","Deflect+1","Slice+1","Envenom+1","Escape Plan+1","Deflect+1","Accuracy+1","Hidden Blade","conspire:DoublingDagger+1","Escape Plan+1","Endless Agony","conspire:DoublingDagger","Noxious Fumes+1","Cloak And Dagger"],"relics":["Ring of the Snake","NeowsBlessing","Golden Idol","Tiny Chest","Divine Protection","Runesmith:UraniumAnvil","Frozen Egg 2","ReplayTheSpireMod:Ring of Addiction","Potion Belt","Chameleon Ring","Mummified Hand","Red Mask","HollowMod:LifeEnderRelic","Sundial","aspiration:MobileForge","Runesmith:Nanobots","aspiration:Lifesprig","Runesmith:AutoHammer","aspiration:FetidBarrel","HollowMod:PaleOreRelic"],"acts_visited":["Exordium","TheCity","TheBeyond","TheEnding"],"potions_floor_usage":[25,27,27,28,30,30,35,38,42,45,47,50],"damage_taken":[{"damage":0,"enemies":"Jaw Worm","floor":1,"turns":1},{"damage":0,"enemies":"2 Louse","floor":5,"turns":1},{"damage":0,"enemies":"Gremlin Nob","floor":7,"turns":1},{"damage":0,"enemies":"Cultist","floor":12,"turns":3},{"damage":36,"enemies":"The Guardian","floor":16,"turns":9},{"damage":8,"enemies":"Spheric Guardian","floor":18,"turns":4},{"damage":24,"enemies":"conspire:FuzzyDice","floor":22,"turns":5},{"damage":0,"enemies":"conspire:HollyBat","floor":25,"turns":5},{"damage":8,"enemies":"conspire:Head Lice","floor":27,"turns":5},{"damage":0,"enemies":"Masked Bandits","floor":28,"turns":2},{"damage":15,"enemies":"Slavers","floor":30,"turns":5},{"damage":51,"enemies":"Collector","floor":33,"turns":7},{"damage":0,"enemies":"3 Darklings","floor":35,"turns":4},{"damage":1,"enemies":"3 Shapes","floor":36,"turns":3},{"damage":0,"enemies":"Jaw Worm Horde","floor":38,"turns":3},{"damage":0,"enemies":"4 Shapes","floor":41,"turns":3},{"damage":54,"enemies":"Reptomancer","floor":42,"turns":4},{"damage":0,"enemies":"3 Darklings","floor":45,"turns":5},{"damage":0,"enemies":"Spire Growth","floor":47,"turns":3},{"damage":6,"enemies":"Giant Head","floor":48,"turns":6},{"damage":0,"enemies":"Donu and Deca","floor":50,"turns":5},{"damage":38,"enemies":"Shield and Spear","floor":54,"turns":5},{"damage":46,"enemies":"The Heart","floor":55,"turns":2}],"seed_played":"8775138292505283239","potions_obtained":[{"floor":3,"key":"Fire Potion"},{"floor":3,"key":"Block Potion"},{"floor":3,"key":"Venom Potion"},{"floor":7,"key":"Reflective Coating"},{"floor":12,"key":"Poison Potion"},{"floor":18,"key":"Regen Potion"},{"floor":23,"key":"Strength Potion"},{"floor":23,"key":"Block Potion"},{"floor":27,"key":"EssenceOfSteel"},{"floor":33,"key":"Swift Potion"},{"floor":36,"key":"PowerPotion"},{"floor":41,"key":"BlessingOfTheForge"},{"floor":42,"key":"champ:CounterPotion"},{"floor":48,"key":"PowerPotion"},{"floor":54,"key":"Fire Potion"}],"is_trial":false,"path_per_floor":["M","?","?","$","M","R","E","R","T","?","R","M","$","?","R","B",null,"M","$","T","$","M","?","R","M","T","E","?","$","E","T","R","B",null,"M","M","$","M","?","R","M","E","T","R","M","R","M","E","R","B",null,"R","$","E","B"],"character_chosen":"THE_SILENT","items_purchased":["Panache","Hidden Blade","Cloak And Dagger","Noxious Fumes+1","Hidden Blade","Accuracy+1","Runesmith:Nanobots","Adrenaline Potion","Cloak And Dagger"],"campfire_rested":6,"item_purchase_floors":[13,19,19,21,21,37,37,37,53],"current_hp_per_floor":[70,53,53,53,53,53,53,53,53,53,53,53,53,42,63,27,70,62,62,62,62,38,38,59,70,70,62,62,62,47,47,68,17,68,68,67,67,67,67,67,67,12,12,31,31,50,50,44,63,63,66,66,66,26,0,0],"gold":53,"neow_bonus":"THREE_ENEMY_KILL","is_daily":false,"chose_seed":false,"campfire_upgraded":4,"win_rate":0.0,"timestamp":1613720329,"path_taken":["M","?","?","$","?","R","E","R","T","?","R","M","?","?","R","BOSS","M","$","?","?","M","?","R","M","T","E","?","$","E","?","R","BOSS","M","M","$","M","?","R","M","E","T","R","M","R","?","E","R","BOSS","R","$","E","BOSS"],"items_purchased_type":["Card","Card","Card","Card","Card","Card","Relic","Potion","Card"],"build_version":"2020-12-22","purchased_purges":3,"victory":false,"max_hp_per_floor":[70,70,70,70,70,70,70,70,70,70,70,70,70,70,70,70,70,70,70,70,70,70,70,70,70,70,70,70,70,70,70,70,70,68,68,68,68,68,68,68,68,66,66,66,66,66,66,66,66,66,66,66,66,64,64,64],"card_choices":[{"not_picked":["Sucker Punch","Poisoned Stab"],"picked":"Hidden Blade","floor":1},{"not_picked":["Concentrate","Distraction"],"picked":"Bouncing Flask","floor":5},{"not_picked":["Underhanded Strike","Prepared"],"picked":"Poisoned Stab","floor":7},{"not_picked":["Finisher","Acrobatics"],"picked":"Accuracy","floor":12},{"not_picked":["Atom Bomb","Glass Knife"],"picked":"Envenom","floor":16},{"not_picked":["Flying Knee","Dagger Throw+1"],"picked":"Bane","floor":18},{"not_picked":["Slice","Backstab+1"],"picked":"Deadly Poison+1","floor":22},{"not_picked":["Dagger Spray","Masterful Stab"],"picked":"Fluid Movement+1","floor":25},{"not_picked":["Acrobatics","Prepared"],"picked":"Deflect+1","floor":27},{"not_picked":["Dash+1","Prepared"],"picked":"Slice+1","floor":28},{"not_picked":["Dagger Spray","ReplayTheSpireMod:From All Sides"],"picked":"Envenom+1","floor":30},{"not_picked":["Quick Slash+1","Dagger Spray"],"picked":"Escape Plan+1","floor":35},{"not_picked":["Outmaneuver","Prepared+1"],"picked":"Deflect+1","floor":36},{"not_picked":["Underhanded Strike","Dagger Throw"],"picked":"Hidden Blade","floor":38},{"not_picked":["Sucker Punch","Blade Dance"],"picked":"conspire:DoublingDagger+1","floor":41},{"not_picked":["Acrobatics+1","Grand Finale"],"picked":"Escape Plan+1","floor":42},{"not_picked":["PiercingWail+1","Flying Knee+1"],"picked":"Endless Agony","floor":45},{"not_picked":["Deflect","Prepared+1"],"picked":"conspire:DoublingDagger","floor":47},{"not_picked":["Cloak And Dagger+1","Deadly Poison+1"],"picked":"Noxious Fumes+1","floor":48},{"not_picked":["Deadly Poison","Dagger Throw+1","Quick Slash+1"],"picked":"SKIP","floor":54}],"player_experience":33992,"relics_obtained":[{"floor":7,"key":"Tiny Chest"},{"floor":9,"key":"Divine Protection"},{"floor":20,"key":"Frozen Egg 2"},{"floor":23,"key":"ReplayTheSpireMod:Ring of Addiction"},{"floor":23,"key":"Potion Belt"},{"floor":23,"key":"Chameleon Ring"},{"floor":27,"key":"Mummified Hand"},{"floor":28,"key":"Red Mask"},{"floor":30,"key":"HollowMod:LifeEnderRelic"},{"floor":31,"key":"Sundial"},{"floor":42,"key":"aspiration:Lifesprig"},{"floor":43,"key":"Runesmith:AutoHammer"},{"floor":48,"key":"aspiration:FetidBarrel"},{"floor":54,"key":"HollowMod:PaleOreRelic"}],"event_choices":[{"damage_healed":0,"gold_gain":0,"player_choice":"Take Damage","damage_taken":17,"relics_obtained":["Golden Idol"],"max_hp_gain":0,"max_hp_loss":0,"event_name":"Golden Idol","floor":2,"gold_loss":0},{"damage_healed":0,"gold_gain":0,"player_choice":"Got Potions","damage_taken":0,"max_hp_gain":0,"max_hp_loss":0,"event_name":"Lab","floor":3,"gold_loss":0},{"damage_healed":0,"gold_gain":0,"player_choice":"Ignored","damage_taken":0,"max_hp_gain":0,"max_hp_loss":0,"event_name":"Liars Game","floor":10,"gold_loss":0},{"damage_healed":0,"gold_gain":75,"player_choice":"Gather Gold","damage_taken":11,"max_hp_gain":0,"max_hp_loss":0,"event_name":"World of Goop","floor":14,"gold_loss":0},{"damage_healed":0,"gold_gain":0,"player_choice":"Fought Bandits","damage_taken":0,"max_hp_gain":0,"max_hp_loss":0,"event_name":"Masked Bandits","floor":28,"gold_loss":0},{"damage_healed":0,"gold_gain":0,"player_choice":"Ignored","damage_taken":0,"max_hp_gain":0,"max_hp_loss":0,"event_name":"NoteForYourself","floor":39,"gold_loss":0}],"is_beta":false,"boss_relics":[{"not_picked":["HoveringKite","SacredBark"],"picked":"Runesmith:UraniumAnvil"},{"not_picked":["ChewingGum","Tiny House"],"picked":"aspiration:MobileForge"}],"items_purged_floors":[19,29,53],"is_endless":false,"potions_floor_spawned":[7,12,18,22,27,33,36,41,42,48,54],"killed_by":"The Heart","ascension_level":0}}