{"host":"956g3854xvs16zht","time":1613714388,"event":{"mods":["2.2 Compatiblity","AlwaysNeverKeys","Aspiration","BaseMod","BetterRewards","Card Forge","Colored Map","Colored Powertips","DeckTracker","Displayed Cursed Tome","Energized Spire","Evolution","Friendly Minions","Infinite Spire","Minty Spire (QoL Compilation)","Permanent Neow","Railgun Mod","Relic Filter","Relic Sorter","Shop Mod","Spicy Shops","StSLib"],"gold_per_floor":[211,211,256,76,91,91,109,119,198,223,36,36,47,61,61,165,215,234,229,210,225,243,274,302,314,353,365,377,420,432,458,470,580,592,622,563,573,589,602,631,650,676,729,729,744,764,781,628,628,726,726,726,736,686,363,377,377,381,388,437,444,450,450,450,463,463,541,541,543,239,230,225,226,239,239,239,239,239,239,239,231,231,231,290,290,279,301,301,301,324,321,310,304,353,353,337,326,239,229,229,297,297,287,299,445,182,182,182,178,178,178,182,182,182,182,182,182,238,238,232,214,214,214,214,214,214,195,222,216,196,196,196,197,197,250,250,238,310,310,310,296,301,301,296,323,299,299,299,291,260,260,182,182,182,191,189,236],"floor_reached":158,"language":"ENG","playtime":15344,"items_purged":["Regret","Loop+1","TheRailgun:Lightning_Speed","TheRailgun:Discharge+1","TheRailgun:Strike+1","TheRailgun:Thundershock+1","TheRailgun:Static+1","TheRailgun:Electrical_Fire+1","TheRailgun:Stun_Shock+1","TheRailgun:Iron_Dust_Sword+1","TheRailgun:Crackle+1"],"score":4201,"play_id":"876e27dc-cda7-4746-ae38-dcc6c827402f","local_time":"20210219005948","is_ascension_mode":false,"campfire_choices":[{"data":"TheRailgun:Hypercharge","floor":6.0,"key":"SMITH"},{"data":"TheRailgun:Magnetic_Movement","floor":12.0,"key":"SMITH"},{"data":"TheRailgun:Battery_Pack","floor":15.0,"key":"SMITH"},{"floor":25.0,"key":"REST"},{"data":"TheRailgun:Level_6","floor":28.0,"key":"SMITH"},{"floor":32.0,"key":"REST"},{"data":"TheRailgun:Level_6","floor":44.0,"key":"SMITH"},{"data":"TheRailgun:Magnetic_Flight","floor":49.0,"key":"SMITH"},{"data":"TheRailgun:Level_6","floor":57,"key":"SMITH"},{"data":"TheRailgun:Sister_Noise","floor":63,"key":"SMITH"},{"data":"TheRailgun:Sister_Noise","floor":66,"key":"SMITH"},{"data":"infinitespire:UltimateForm","floor":75,"key":"SMITH"},{"data":"TheRailgun:Hypercharge","floor":78,"key":"SMITH"},{"data":"TheRailgun:Battery_Pack","floor":83,"key":"SMITH"},{"floor":108,"key":"REST"},{"floor":113,"key":"REST"},{"floor":117,"key":"REST"},{"floor":132,"key":"REST"},{"floor":134,"key":"REST"},{"floor":143,"key":"REST"},{"floor":147,"key":"REST"},{"floor":151,"key":"REST"},{"floor":154,"key":"REST"}],"circlet_count":0,"master_deck":["TheRailgun:Defend+1","TheRailgun:Defend+1","TheRailgun:Defend+1","TheRailgun:Zip+1","Capacitor+1","Electrodynamics+1","infinitespire:UltimateForm+1","Capacitor+1","TheRailgun:Hypercharge+1","TheRailgun:Hypercharge+1","TheRailgun:Battery_Pack+1","TheRailgun:Magnetic_Movement+1","TheRailgun:Iron_Dust_Shield+1","TheRailgun:Level_6+1","TheRailgun:Heroinism+1","TheRailgun:Battery_Pack+1","TheRailgun:Sister_Noise+1","TheRailgun:Sister_Noise+1","infinitespire:SevenWalls+1","infinitespire:SevenWalls+1","TheRailgun:Iron_Dust_Field+1","TheRailgun:Level_6+1","TheRailgun:Magnetic_Flight+1","TheRailgun:Magnetic_Movement+1","TheRailgun:Level_6+1","infinitespire:UltimateForm+1","TheRailgun:Iron_Dust_Field+1","infinitespire:UltimateForm+1"],"relics":["TheRailgun:CoinRelic","Anvil of the Gods","Hammer of Thor","Seething Fire","EVO:Axolotl","MerchantsRug","Membership Card","Meat on the Bone","energizedSpire:MagnifyingGlass","Anchor","infinitespire:Satchel","Eternal Feather","infinitespire:WardingShard","Vajra","Tiny Chest","Juzu Bracelet","ClockworkSouvenir","Frozen Eye","energizedSpire:NeverEndingSparkler","Medical Kit","Bottled Tornado","HornCleat","InkBottle","Bag of Preparation","Ancient Tea Set","Potion Belt","Fusion Hammer","infinitespire:ShieldingShard","PreservedInsect","energizedSpire:OgreHead","Orichalcum","NlothsMask","Torii","Lantern","infinitespire:Eraser","Regal Pillow","aspiration:HummingbirdHeart","DollysMirror"],"acts_visited":["Exordium","TheCity","TheBeyond","TheCity","TheBeyond","Exordium","TheCity","TheBeyond","TheEnding"],"potions_floor_usage":[],"damage_taken":[{"damage":0.0,"enemies":"2 Louse","floor":1.0,"turns":1.0},{"damage":0.0,"enemies":"Cultist","floor":5.0,"turns":3.0},{"damage":13.0,"enemies":"infinitespire:Voidling","floor":7.0,"turns":4.0},{"damage":0.0,"enemies":"3 Louse","floor":8.0,"turns":2.0},{"damage":21.0,"enemies":"3 Sentries","floor":10.0,"turns":5.0},{"damage":9.0,"enemies":"Gremlin Gang","floor":13.0,"turns":3.0},{"damage":0.0,"enemies":"Lots of Slimes","floor":14.0,"turns":1.0},{"damage":16.0,"enemies":"Hexaghost","floor":16.0,"turns":8.0},{"damage":14.0,"enemies":"Spheric Guardian","floor":18.0,"turns":4.0},{"damage":24.0,"enemies":"2 Thieves","floor":20.0,"turns":4.0},{"damage":20.0,"enemies":"Centurion and Healer","floor":21.0,"turns":4.0},{"damage":14.0,"enemies":"Snecko","floor":22.0,"turns":4.0},{"damage":32.0,"enemies":"Nightmare","floor":23.0,"turns":6.0},{"damage":8.0,"enemies":"Snake Plant","floor":24.0,"turns":4.0},{"damage":20.0,"enemies":"Book of Stabbing","floor":29.0,"turns":5.0},{"damage":21.0,"enemies":"Shelled Parasite and Fungi","floor":31.0,"turns":4.0},{"damage":0.0,"enemies":"Champ","floor":33.0,"turns":7.0},{"damage":28.0,"enemies":"3 Darklings","floor":35.0,"turns":3.0},{"damage":1.0,"enemies":"Orb Walker","floor":37.0,"turns":3.0},{"damage":20.0,"enemies":"Jaw Worm Horde","floor":38.0,"turns":5.0},{"damage":0.0,"enemies":"Spire Growth","floor":39.0,"turns":4.0},{"damage":51.0,"enemies":"Nightmare","floor":40.0,"turns":8.0},{"damage":32.0,"enemies":"4 Shapes","floor":41.0,"turns":5.0},{"damage":2.0,"enemies":"Nemesis","floor":42.0,"turns":5.0},{"damage":0.0,"enemies":"Sphere and 2 Shapes","floor":45.0,"turns":4.0},{"damage":0.0,"enemies":"3 Darklings","floor":46.0,"turns":3.0},{"damage":0.0,"enemies":"Spire Growth","floor":47.0,"turns":4.0},{"damage":46.0,"enemies":"Time Eater","floor":50.0,"turns":7.0},{"damage":7,"enemies":"Cultist","floor":52,"turns":3},{"damage":2,"enemies":"Jaw Worm","floor":53,"turns":2},{"damage":0,"enemies":"The Mushroom Lair","floor":56,"turns":3},{"damage":4,"enemies":"2 Louse","floor":58,"turns":2},{"damage":12,"enemies":"Exordium Wildlife","floor":59,"turns":2},{"damage":14,"enemies":"2 Fungi Beasts","floor":61,"turns":2},{"damage":0,"enemies":"Looter","floor":62,"turns":2},{"damage":8,"enemies":"3 Sentries","floor":65,"turns":4},{"damage":9,"enemies":"Slime Boss","floor":67,"turns":4},{"damage":60,"enemies":"2 Thieves","floor":69,"turns":3},{"damage":4,"enemies":"Shell Parasite","floor":71,"turns":6},{"damage":9,"enemies":"Chosen and Byrds","floor":72,"turns":4},{"damage":38,"enemies":"Shelled Parasite and Fungi","floor":73,"turns":4},{"damage":28,"enemies":"Book of Stabbing","floor":74,"turns":4},{"damage":19,"enemies":"Snake Plant","floor":76,"turns":4},{"damage":51,"enemies":"Nightmare","floor":79,"turns":6},{"damage":0,"enemies":"Cultist and Chosen","floor":81,"turns":3},{"damage":5,"enemies":"Collector","floor":84,"turns":7},{"damage":83,"enemies":"3 Darklings","floor":86,"turns":4},{"damage":0,"enemies":"Mind Bloom Boss Battle","floor":87,"turns":5},{"damage":0,"enemies":"Nightmare","floor":91,"turns":6},{"damage":4,"enemies":"Nemesis","floor":92,"turns":7},{"damage":0,"enemies":"Orb Walker","floor":93,"turns":4},{"damage":0,"enemies":"Transient","floor":96,"turns":5},{"damage":25,"enemies":"Jaw Worm Horde","floor":97,"turns":4},{"damage":5,"enemies":"3 Darklings","floor":99,"turns":4},{"damage":44,"enemies":"Donu and Deca","floor":101,"turns":5},{"damage":0,"enemies":"Jaw Worm","floor":103,"turns":4},{"damage":2,"enemies":"The Mushroom Lair","floor":104,"turns":3},{"damage":0,"enemies":"Lagavulin","floor":109,"turns":4},{"damage":0,"enemies":"2 Louse","floor":112,"turns":2},{"damage":0,"enemies":"The Guardian","floor":118,"turns":6},{"damage":0,"enemies":"Spheric Guardian","floor":120,"turns":3},{"damage":0,"enemies":"Shell Parasite","floor":121,"turns":4},{"damage":4,"enemies":"Centurion and Healer","floor":127,"turns":4},{"damage":0,"enemies":"Snake Plant","floor":129,"turns":4},{"damage":0,"enemies":"Cultist and Chosen","floor":130,"turns":4},{"damage":89,"enemies":"Slavers","floor":133,"turns":4},{"damage":0,"enemies":"Automaton","floor":135,"turns":7},{"damage":0,"enemies":"3 Shapes","floor":137,"turns":4},{"damage":0,"enemies":"Orb Walker","floor":141,"turns":4},{"damage":76,"enemies":"Nemesis","floor":142,"turns":5},{"damage":0,"enemies":"Nightmare","floor":144,"turns":5},{"damage":0,"enemies":"Giant Head","floor":146,"turns":7},{"damage":0,"enemies":"Sphere and 2 Shapes","floor":149,"turns":3},{"damage":0,"enemies":"Spire Growth","floor":150,"turns":6},{"damage":1,"enemies":"infinitespire:LordOfFortification","floor":152,"turns":29},{"damage":17,"enemies":"Shield and Spear","floor":156,"turns":5},{"damage":0,"enemies":"The Heart","floor":157,"turns":11}],"seed_played":"1895626849085078065","potions_obtained":[{"floor":1.0,"key":"ColorlessPotion"},{"floor":5.0,"key":"Ancient Potion"},{"floor":8.0,"key":"LiquidMemories"},{"floor":13.0,"key":"BlessingOfTheForge"},{"floor":14.0,"key":"Dexterity Potion"},{"floor":17.0,"key":"SpeedPotion"},{"floor":21.0,"key":"Swift Potion"},{"floor":23.0,"key":"Strength Potion"},{"floor":24.0,"key":"Ancient Potion"},{"floor":38.0,"key":"Dexterity Potion"},{"floor":39.0,"key":"LiquidMemories"},{"floor":40.0,"key":"ColorlessPotion"},{"floor":93,"key":"Strength Potion"},{"floor":96,"key":"Ancient Potion"},{"floor":109,"key":"Energy Potion"},{"floor":112,"key":"Ancient Potion"},{"floor":118,"key":"AttackPotion"},{"floor":120,"key":"Weak Potion"},{"floor":121,"key":"DistilledChaos"},{"floor":142,"key":"ColorlessPotion"},{"floor":144,"key":"Weak Potion"},{"floor":146,"key":"LiquidMemories"},{"floor":149,"key":"DistilledChaos"},{"floor":157,"key":"Ancient Potion"}],"is_trial":false,"path_per_floor":["M","?","T","$","M","R","M","M","T","E","$","R","M","M","R","B",null,"M","$","M","M","M","NM","M","R","T","AVR","R","E","?","M","R","B",null,"M","$","M","M","M","NM","M","E","T","R","M","M","M","$","R","B",null,"M","M","?","$","?","R","M","M","T","M","M","R","AVR","E","R","B",null,"M","$","M","M","M","E","R","M","T","R","NM","T","M","AVR","R","B",null,"M","?","?","?","T","NM","E","M","T","?","M","M","$","M","R","B",null,"M","?","$","$","?","R","E","T","T","M","R","?","?","$","R","B",null,"M","M","T","?","?","$","AVR","M","T","M","M","T","R","E","R","B",null,"M","$","?","?","M","E","R","NM","T","E","R","?","M","M","R","B",null,"R","$","E","B",null],"character_chosen":"THE_DEFAULT","items_purchased":["MerchantsRug","TheRailgun:Hypercharge","Membership Card","TheRailgun:Electrical_Fire+1","Meat on the Bone","TheRailgun:Stun_Shock+1","TheRailgun:Battery_Pack","TheRailgun:Sister_Noise","infinitespire:Satchel","Eternal Feather","infinitespire:WardingShard","Juzu Bracelet","ClockworkSouvenir","Frozen Eye","Boot","Toxic Egg 2","Medical Kit","Bottled Tornado","Pear","infinitespire:ShieldingShard","Lantern","infinitespire:Eraser","DollysMirror"],"campfire_rested":11,"item_purchase_floors":[4,4,11,11,11,19,19,19,36,36,36,48,48,55,55,55,70,70,70,106,138,138,155],"current_hp_per_floor":[70,70,70,70,70,70,64,64,64,43,43,43,46,46,46,42,75,61,61,49,41,39,19,23,45,45,45,45,37,37,28,50,65,75,62,62,74,75,75,54,39,69,69,75,75,75,75,75,75,59,75,68,75,75,75,75,75,71,63,63,66,68,75,75,75,75,66,75,27,37,85,85,64,72,85,66,66,85,48,48,85,85,85,85,85,53,85,85,85,85,85,85,85,85,85,85,85,85,85,85,84,85,85,85,85,85,85,85,85,85,85,85,85,85,85,85,85,85,85,85,85,85,85,85,85,85,85,85,85,85,85,85,47,85,85,85,85,85,85,81,81,49,81,81,81,81,81,81,81,81,81,81,81,81,81,64,81],"gold":236,"neow_bonus":"HUNDRED_GOLD","is_daily":false,"chose_seed":false,"campfire_upgraded":12,"win_rate":0.0,"timestamp":1613714388,"path_taken":["M","?","?","$","M","R","M","M","T","E","$","R","?","M","R","BOSS","M","$","M","M","?","NM","M","R","T","AVR","R","E","?","M","R","BOSS","M","$","M","M","?","NM","M","E","T","R","M","M","M","?","R","BOSS","M","M","?","$","?","R","M","M","T","M","M","R","AVR","E","R","BOSS","M","$","M","M","M","E","R","M","T","R","NM","?","M","AVR","R","BOSS","M","?","?","?","?","NM","E","M","T","?","M","M","$","M","R","BOSS","M","?","$","$","?","R","E","?","T","M","R","?","?","?","R","BOSS","M","M","?","?","?","?","AVR","M","T","M","M","?","R","E","R","BOSS","M","$","?","?","M","E","R","NM","T","E","R","?","M","M","R","BOSS","R","$","E","BOSS"],"items_purchased_type":["Relic","Card","Relic","Card","Relic","Card","Card","Card","Relic","Relic","Relic","Relic","Relic","Relic","Relic","Relic","Relic","Relic","Relic","Relic","Relic","Relic","Relic"],"build_version":"2020-12-22","purchased_purges":11,"victory":true,"max_hp_per_floor":[70,70,70,70,70,70,70,70,70,70,70,70,70,70,70,70,75,75,75,75,75,75,75,75,75,75,75,75,75,75,75,75,75,75,75,75,75,75,75,75,75,75,75,75,75,75,75,75,75,75,75,75,75,75,75,75,75,75,75,75,75,75,75,75,75,75,75,75,75,85,85,85,85,85,85,85,85,85,85,85,85,85,85,85,85,85,85,85,85,85,85,85,85,85,85,85,85,85,85,85,85,85,85,85,85,85,85,85,85,85,85,85,85,85,85,85,85,85,85,85,85,85,85,85,85,85,85,85,85,85,85,85,85,85,85,85,85,85,85,81,81,81,81,81,81,81,81,81,81,81,81,81,81,81,81,81,81],"card_choices":[{"not_picked":["TheRailgun:Teleporter","TheRailgun:Circuit_Breaker"],"picked":"TheRailgun:Hypercharge","floor":1.0},{"not_picked":["TheRailgun:Recharge","TheRailgun:Electric_Fence"],"picked":"TheRailgun:Battery_Pack","floor":5.0},{"not_picked":["TheRailgun:Circuit_Breaker","TheRailgun:Charge","TheRailgun:Push"],"picked":"SKIP","floor":7.0},{"not_picked":["TheRailgun:Scatter_Railgun","TheRailgun:Static"],"picked":"TheRailgun:Magnetic_Movement","floor":8.0},{"not_picked":["TheRailgun:Mental_Out","TheRailgun:Static+1","TheRailgun:Electric_Fence"],"picked":"SKIP","floor":10.0},{"not_picked":["TheRailgun:Magnetic_Movement","TheRailgun:Electrical_Fire+1"],"picked":"TheRailgun:Iron_Dust_Shield","floor":13.0},{"not_picked":["TheRailgun:Teleporter","TheRailgun:Circuit_Breaker","TheRailgun:Magnetic_Movement"],"picked":"SKIP","floor":14.0},{"not_picked":["TheRailgun:Overload","TheRailgun:Circuitous"],"picked":"TheRailgun:Level_6","floor":16.0},{"not_picked":["TheRailgun:Crackle+1","TheRailgun:Lightning_Speed"],"picked":"TheRailgun:Heroinism","floor":18.0},{"not_picked":["TheRailgun:Recharge","TheRailgun:Oneesama+1"],"picked":"TheRailgun:Sister_Noise","floor":20.0},{"not_picked":["TheRailgun:Static+1","TheRailgun:Thunderbolt+1","TheRailgun:Gekota_Phone+1"],"picked":"SKIP","floor":21.0},{"not_picked":["TheRailgun:Stun_Shock+1","TheRailgun:Sister_Noise+1","TheRailgun:Biribiri+1"],"picked":"SKIP","floor":22.0},{"not_picked":["infinitespire:SealOfDarkness+","infinitespire:Collect"],"picked":"infinitespire:SevenWalls","floor":23.0},{"not_picked":["TheRailgun:Recharge","TheRailgun:Token_Collection","TheRailgun:Taser"],"picked":"SKIP","floor":23.0},{"not_picked":["TheRailgun:Zap+1","TheRailgun:Recharge"],"picked":"TheRailgun:Lightning_Speed","floor":24.0},{"not_picked":["TheRailgun:Stun_Shock+1","TheRailgun:Circuit_Breaker"],"picked":"TheRailgun:Iron_Dust_Field+1","floor":29.0},{"not_picked":["TheRailgun:Scatter_Railgun+1","TheRailgun:Hypercharge"],"picked":"TheRailgun:Level_6","floor":31.0},{"not_picked":["TheRailgun:Electric_Fence","TheRailgun:Zap+1"],"picked":"TheRailgun:Iron_Dust_Sword+1","floor":32.0},{"not_picked":["TheRailgun:Supercharge","TheRailgun:Overload"],"picked":"TheRailgun:Magnetic_Flight","floor":33.0},{"not_picked":["TheRailgun:Gekota_Phone+1","TheRailgun:Sister_Network"],"picked":"TheRailgun:Magnetic_Movement+1","floor":35.0},{"not_picked":["TheRailgun:Magnetic_Movement","TheRailgun:Sister_Network+1"],"picked":"TheRailgun:Crackle+1","floor":37.0},{"not_picked":["TheRailgun:Crack+1","TheRailgun:Spark+1","TheRailgun:Static+1"],"picked":"SKIP","floor":38.0},{"not_picked":["TheRailgun:Scatter_Railgun+1","TheRailgun:Recharge","TheRailgun:Teleporter+1"],"picked":"SKIP","floor":39.0},{"not_picked":["TheRailgun:Lightning_Speed","TheRailgun:Lightningbolt+1","TheRailgun:Magnetic_Flight"],"picked":"SKIP","floor":40.0},{"not_picked":["TheRailgun:Recharge+1","TheRailgun:Charge","TheRailgun:Thunderjolt+1"],"picked":"SKIP","floor":41.0},{"not_picked":["TheRailgun:Circuit_Breaker","TheRailgun:Iron_Dust_Sword+1","TheRailgun:Battery_Pack+1"],"picked":"SKIP","floor":42.0},{"not_picked":["TheRailgun:Electrical_Storm+1","TheRailgun:Iron_Dust_Field","TheRailgun:Taser"],"picked":"SKIP","floor":45.0},{"not_picked":["TheRailgun:Token_Collection+1","TheRailgun:Crack+1","TheRailgun:Teleporter+1"],"picked":"SKIP","floor":46.0},{"not_picked":["TheRailgun:Magnetic_Movement+1","TheRailgun:Scatter_Railgun+1","TheRailgun:Hypercharge+1"],"picked":"SKIP","floor":47.0},{"not_picked":["TheRailgun:Railgun+1","TheRailgun:Circuitous"],"picked":"TheRailgun:Level_6","floor":50.0},{"not_picked":["TheRailgun:Iron_Dust_Sword+1","TheRailgun:Electric_Fence","TheRailgun:Discharge"],"picked":"SKIP","floor":52},{"not_picked":["TheRailgun:Thunderbolt+1","TheRailgun:Push","TheRailgun:Crackle+1"],"picked":"SKIP","floor":53},{"not_picked":["TheRailgun:Spark+1","TheRailgun:Electrical_Storm+1","TheRailgun:Charge+1"],"picked":"SKIP","floor":58},{"not_picked":["TheRailgun:Taser","TheRailgun:Supercharge","TheRailgun:Discharge+1"],"picked":"SKIP","floor":59},{"not_picked":["TheRailgun:Zip+1","TheRailgun:Electrical_Storm+1","TheRailgun:Aerial_Shot+1"],"picked":"SKIP","floor":61},{"not_picked":["TheRailgun:Heroinism","TheRailgun:Iron_Dust_Vial+1","TheRailgun:Crack+1"],"picked":"SKIP","floor":62},{"not_picked":["TheRailgun:Zap+1","TheRailgun:Discharge+1","TheRailgun:Hypercharge+1"],"picked":"SKIP","floor":65},{"not_picked":["infinitespire:Collect","infinitespire:Oblivion"],"picked":"infinitespire:UltimateForm","floor":68},{"not_picked":["TheRailgun:Taser+1","TheRailgun:Circuit_Breaker","TheRailgun:Gekota_Phone+1"],"picked":"SKIP","floor":69},{"not_picked":["TheRailgun:Thundershock+1","TheRailgun:Pull+1","TheRailgun:Electrical_Fire+1"],"picked":"SKIP","floor":71},{"not_picked":["TheRailgun:Coin_Flip+1","TheRailgun:Electric_Fence+1","TheRailgun:Teleporter+1"],"picked":"SKIP","floor":72},{"not_picked":["TheRailgun:Biribiri+1","TheRailgun:Iron_Dust_Sword+1","TheRailgun:Hypercharge+1"],"picked":"SKIP","floor":73},{"not_picked":["TheRailgun:Aerial_Shot+1","TheRailgun:Stun_Shock+1","TheRailgun:Spark+1"],"picked":"SKIP","floor":74},{"not_picked":["TheRailgun:Token_Collection+1","TheRailgun:Thundervolt+1","TheRailgun:Lightning_Speed"],"picked":"SKIP","floor":76},{"not_picked":["TheRailgun:Gekota_Phone+1","TheRailgun:Zap+1"],"picked":"TheRailgun:Iron_Dust_Field+1","floor":79},{"not_picked":["TheRailgun:Pull+1","TheRailgun:Iron_Dust_Sword+1","TheRailgun:Thunderjolt+1"],"picked":"SKIP","floor":81},{"not_picked":["TheRailgun:Thunderbolt+1","TheRailgun:Battery_Pack+1","TheRailgun:Spark+1"],"picked":"SKIP","floor":86},{"not_picked":["TheRailgun:Gekota_Phone+1","TheRailgun:Coin_Flip+1","TheRailgun:Negative_Field+1"],"picked":"SKIP","floor":91},{"not_picked":["TheRailgun:Aerial_Shot+1","TheRailgun:Battery_Pack+1","TheRailgun:Gekotamania+1"],"picked":"SKIP","floor":92},{"not_picked":["TheRailgun:Sister_Network+1","TheRailgun:Hypercharge+1","TheRailgun:Coin_Flip+1"],"picked":"SKIP","floor":93},{"not_picked":["TheRailgun:Iron_Dust_Shield+1","TheRailgun:Taser","TheRailgun:Supercharge"],"picked":"SKIP","floor":96},{"not_picked":["TheRailgun:Heroinism","TheRailgun:Sister_Noise+1","TheRailgun:Iron_Dust_Vial+1"],"picked":"SKIP","floor":97},{"not_picked":["TheRailgun:Crackle+1","TheRailgun:Charge+1","TheRailgun:Coin_Flip+1"],"picked":"SKIP","floor":99},{"not_picked":["TheRailgun:Coin_Flip+1","TheRailgun:Thunderbolt+1","TheRailgun:Heroinism"],"picked":"SKIP","floor":103},{"not_picked":["TheRailgun:Battery_Pack","TheRailgun:Sister_Network","TheRailgun:Heroinism"],"picked":"SKIP","floor":109},{"not_picked":["TheRailgun:Positive_Field","TheRailgun:Static","TheRailgun:Thunderjolt"],"picked":"SKIP","floor":112},{"not_picked":["TheRailgun:Spark","TheRailgun:Circuit_Breaker","TheRailgun:Lightningbolt"],"picked":"SKIP","floor":120},{"not_picked":["TheRailgun:Iron_Dust_Sword+1","TheRailgun:Gekota_Phone","TheRailgun:Heroinism"],"picked":"SKIP","floor":121},{"not_picked":["TheRailgun:Hypercharge","TheRailgun:Iron_Dust_Field","TheRailgun:Pull"],"picked":"SKIP","floor":127},{"not_picked":["TheRailgun:Pull","TheRailgun:Push","TheRailgun:Rewiring"],"picked":"SKIP","floor":129},{"not_picked":["TheRailgun:Thunderbolt","TheRailgun:Crack+1","TheRailgun:Coin_Flip"],"picked":"SKIP","floor":130},{"not_picked":["TheRailgun:Aerial_Shot","TheRailgun:Recharge","TheRailgun:Static+1"],"picked":"SKIP","floor":133},{"not_picked":["TheRailgun:Positive_Field+1","TheRailgun:Electrical_Fire","TheRailgun:Aerial_Shot+1"],"picked":"SKIP","floor":137},{"not_picked":["TheRailgun:Sister_Noise+1","TheRailgun:Token_Collection+1","TheRailgun:Iron_Dust_Shield"],"picked":"SKIP","floor":141},{"not_picked":["TheRailgun:Judgement_Officer","TheRailgun:Negative_Field+1","TheRailgun:Coin_Flip"],"picked":"SKIP","floor":142},{"not_picked":["TheRailgun:Iron_Dust_Sword","TheRailgun:Electric_Fence+1","TheRailgun:Iron_Dust_Field+1"],"picked":"SKIP","floor":144},{"not_picked":["TheRailgun:Iron_Dust_Shield","TheRailgun:Sister_Noise","TheRailgun:Circuit_Breaker+1"],"picked":"SKIP","floor":146},{"not_picked":["TheRailgun:Gekotamania+1","TheRailgun:Coin_Flip+1","TheRailgun:Iron_Dust_Shield+1"],"picked":"SKIP","floor":149},{"not_picked":["TheRailgun:Oneesama+1","TheRailgun:Sister_Network+1","TheRailgun:Thunderjolt"],"picked":"SKIP","floor":150},{"not_picked":["TheRailgun:Crackle","TheRailgun:Mental_Out","TheRailgun:Iron_Dust_Shield+1"],"picked":"SKIP","floor":156}],"player_experience":36262,"relics_obtained":[{"floor":3.0,"key":"aspiration:ChemicalBlood"},{"floor":9.0,"key":"Molten Egg 2"},{"floor":10.0,"key":"infinitespire:Bottled Soul"},{"floor":23.0,"key":"MawBank"},{"floor":26.0,"key":"Dream Catcher"},{"floor":29.0,"key":"Anchor"},{"floor":40.0,"key":"Blood Vial"},{"floor":42.0,"key":"Vajra"},{"floor":43.0,"key":"Tiny Chest"},{"floor":56,"key":"Odd Mushroom"},{"floor":60,"key":"Happy Flower"},{"floor":65,"key":"StoneCalendar"},{"floor":74,"key":"HornCleat"},{"floor":77,"key":"InkBottle"},{"floor":80,"key":"Matryoshka"},{"floor":87,"key":"WingedGreaves"},{"floor":90,"key":"Bag of Preparation"},{"floor":90,"key":"Ancient Tea Set"},{"floor":91,"key":"Potion Belt"},{"floor":104,"key":"Odd Mushroom"},{"floor":110,"key":"PreservedInsect"},{"floor":122,"key":"Orichalcum"},{"floor":131,"key":"Torii"},{"floor":142,"key":"Regal Pillow"},{"floor":146,"key":"aspiration:HummingbirdHeart"}],"event_choices":[{"damage_healed":0.0,"max_hp_gain":0.0,"max_hp_loss":0.0,"gold_gain":0.0,"event_name":"Big Fish","player_choice":"Box","floor":2.0,"gold_loss":0.0,"damage_taken":0.0,"relics_obtained":["Ancient Tea Set"],"cards_obtained":["Regret"]},{"damage_healed":0.0,"max_hp_gain":0.0,"max_hp_loss":0.0,"gold_gain":0.0,"event_name":"Accursed Blacksmith","player_choice":"Forge","floor":30.0,"gold_loss":0.0,"damage_taken":0.0,"cards_upgraded":["TheRailgun:Heroinism"]},{"cards_removed":["Loop"],"damage_healed":0,"gold_gain":0,"player_choice":"Card Removal","damage_taken":0,"max_hp_gain":0,"max_hp_loss":0,"event_name":"The Cleric","floor":54,"gold_loss":50},{"damage_healed":0,"gold_gain":0,"player_choice":"Fought Mushrooms","damage_taken":0,"max_hp_gain":0,"max_hp_loss":0,"event_name":"Mushrooms","floor":56,"gold_loss":0},{"damage_healed":0,"gold_gain":0,"player_choice":"Fight","damage_taken":0,"max_hp_gain":0,"max_hp_loss":0,"event_name":"MindBloom","floor":87,"gold_loss":0},{"damage_healed":0,"gold_gain":0,"player_choice":"Memory 1","damage_taken":0,"max_hp_gain":0,"max_hp_loss":0,"event_name":"SensoryStone","floor":88,"gold_loss":0},{"damage_healed":0,"gold_gain":0,"player_choice":"Ignored","damage_taken":0,"max_hp_gain":0,"max_hp_loss":0,"event_name":"Transmorgrifier","floor":89,"gold_loss":0},{"damage_healed":0,"gold_gain":0,"player_choice":"Fought Mushrooms","damage_taken":0,"max_hp_gain":0,"max_hp_loss":0,"event_name":"Mushrooms","floor":104,"gold_loss":0},{"damage_healed":0,"gold_gain":0,"player_choice":"Ignored","damage_taken":0,"max_hp_gain":0,"max_hp_loss":0,"event_name":"Shining Light","floor":107,"gold_loss":0},{"damage_healed":0,"gold_gain":0,"player_choice":"Ignored","damage_taken":0,"max_hp_gain":0,"max_hp_loss":0,"event_name":"Liars Game","floor":115,"gold_loss":0},{"damage_healed":0,"gold_gain":0,"player_choice":"Trade","damage_taken":0,"relics_obtained":["NlothsMask"],"max_hp_gain":0,"max_hp_loss":0,"event_name":"FaceTrader","floor":123,"gold_loss":0},{"cards_removed":["TheRailgun:Defend"],"damage_healed":0,"gold_gain":0,"player_choice":"Purged","damage_taken":0,"max_hp_gain":0,"max_hp_loss":0,"event_name":"Purifier","floor":124,"gold_loss":0},{"damage_healed":0,"gold_gain":0,"player_choice":"Memory 1","damage_taken":0,"max_hp_gain":0,"max_hp_loss":0,"event_name":"SensoryStone","floor":139,"gold_loss":0},{"damage_healed":0,"gold_gain":0,"player_choice":"Max HP","damage_taken":0,"max_hp_gain":0,"max_hp_loss":4,"event_name":"Winding Halls","floor":140,"gold_loss":0},{"damage_healed":0,"gold_gain":0,"player_choice":"Ignored","damage_taken":0,"max_hp_gain":0,"max_hp_loss":0,"event_name":"Accursed Blacksmith","floor":148,"gold_loss":0}],"is_beta":false,"boss_relics":[{"not_picked":["Fusion Hammer","Empty Cage"],"picked":"Tiny House"},{"not_picked":["Snecko Eye","Black Star"],"picked":"Runic Pyramid"},{"not_picked":["aspiration:DefectSkillbook","aspiration:SilentSkillbook","aspiration:RunicSpoon"]},{"not_picked":["SlaversCollar","Velvet Choker"],"picked":"energizedSpire:NeverEndingSparkler"},{"not_picked":["Astrolabe","energizedSpire:RedRose"],"picked":"Empty Cage"},{"not_picked":["aspiration:FutureDiary","aspiration:SecretTechniqueScroll"],"picked":"Fusion Hammer"},{"not_picked":["Runic Dome","energizedSpire:StickyHand"],"picked":"energizedSpire:OgreHead"},{"not_picked":["aspiration:SecretTechniqueScroll","aspiration:FutureDiary","energizedSpire:DeadBattery"]},{"not_picked":["Philosopher\u0027s Stone","aspiration:RunicSpoon","aspiration:WatcherSkillbook"]}],"items_purged_floors":[4,55,64,70,70,82,98,98,105,105,106],"is_endless":true,"potions_floor_spawned":[1,5,8,13,14,21,23,24,33,38,39,40,45,46,47,53,61,62,69,73,76,87,93,96,97,109,112,118,120,121,130,133,142,144,146,149,157],"ascension_level":0}}