{"host":"30jsp143e4v19aze","time":1613705857,"event":{"mods":["BaseMod","Colored Map","Colored Powertips","Curses Come First","DeckTracker","Highlight Path","Minty Spire (QoL Compilation)","Quick Restart","Relic Stats","StSLib","everything is the same but u backflip on backflip","slay the spire mod where everything is the same but ironclad has a cowboy hat"],"gold_per_floor":[117,192,172,8,24,55,55,68,139,139,139,139,166,178,178,257,257,272,299,148,158,79,104,104,104,183,20,51,51,51,51,51,51,51],"floor_reached":33,"language":"ENG","playtime":687,"items_purged":["Strike_R"],"score":624,"play_id":"02b0e981-9632-4d14-add3-5d24ff785512","local_time":"20210219043737","is_ascension_mode":true,"campfire_choices":[{"data":"Fiend Fire","floor":7,"key":"SMITH"},{"data":"True Grit","floor":11,"key":"SMITH"},{"data":"Inflame","floor":15,"key":"SMITH"},{"data":"Immolate","floor":25,"key":"SMITH"},{"data":"Evolve","floor":30,"key":"SMITH"},{"data":"Heavy Blade","floor":32,"key":"SMITH"}],"circlet_count":0,"master_deck":["AscendersBane","Strike_R","Strike_R","Strike_R","Defend_R","Defend_R","Defend_R","Defend_R","Bash","True Grit+1","Fiend Fire+1","Inflame+1","Wild Strike","Pummel","Impervious","Heavy Blade+1","Feed","Evolve+1","Shockwave+1","Feel No Pain","Immolate+1","Writhe"],"relics":["Burning Blood","NeowsBlessing","Bag of Marbles","Self Forming Clay","CultistMask","StrikeDummy","Coffee Dripper","Regal Pillow","Strawberry","Frozen Egg 2","Mummified Hand","Pen Nib","FossilizedHelix"],"acts_visited":["Exordium","TheCity"],"potions_floor_usage":[13,28,28],"damage_taken":[{"damage":0,"enemies":"2 Louse","floor":1,"turns":1},{"damage":0,"enemies":"Jaw Worm","floor":5,"turns":1},{"damage":0,"enemies":"3 Sentries","floor":6,"turns":1},{"damage":0,"enemies":"Cultist","floor":8,"turns":2},{"damage":20,"enemies":"Lagavulin","floor":13,"turns":7},{"damage":8,"enemies":"Large Slime","floor":14,"turns":4},{"damage":27,"enemies":"Slime Boss","floor":16,"turns":9},{"damage":13,"enemies":"3 Byrds","floor":18,"turns":5},{"damage":0,"enemies":"Chosen","floor":21,"turns":2},{"damage":43,"enemies":"Book of Stabbing","floor":23,"turns":5},{"damage":16,"enemies":"Slavers","floor":28,"turns":3},{"damage":27,"enemies":"Automaton","floor":33,"turns":4}],"seed_played":"8669457739561939911","potions_obtained":[{"floor":3,"key":"SpeedPotion"},{"floor":6,"key":"BloodPotion"},{"floor":13,"key":"EssenceOfSteel"},{"floor":18,"key":"AttackPotion"},{"floor":28,"key":"Explosive Potion"}],"is_trial":false,"path_per_floor":["M","?","?","$","M","E","R","M","T","?","R","?","E","M","R","B",null,"M","T","$","M","$","E","?","R","T","$","E","$","R","$","R","B"],"character_chosen":"IRONCLAD","items_purchased":["Fiend Fire","Inflame","Evolve","Feel No Pain","Pen Nib"],"campfire_rested":0,"item_purchase_floors":[4,4,20,22,27],"current_hp_per_floor":[74,63,63,63,69,75,75,75,75,68,68,68,69,67,67,46,68,61,61,61,67,67,37,37,37,37,37,27,27,27,27,27,0,0],"gold":51,"neow_bonus":"THREE_ENEMY_KILL","is_daily":false,"chose_seed":false,"campfire_upgraded":6,"win_rate":0.0,"timestamp":1613705857,"path_taken":["M","?","?","$","?","E","R","M","T","?","R","?","E","M","R","BOSS","M","?","$","M","?","E","?","R","T","$","E","$","R","?","R","BOSS"],"items_purchased_type":["Card","Card","Card","Card","Relic"],"build_version":"2020-12-22","purchased_purges":1,"victory":false,"max_hp_per_floor":[75,75,75,75,75,75,75,75,75,75,75,75,75,75,75,75,75,75,75,75,75,75,82,82,82,82,82,82,82,82,82,82,82,82],"relic_stats":{"Regal Pillow":0,"counters":[12,44],"Self Forming Clay":[75],"Mummified Hand":[4],"Pen Nib":[1],"obtain_stats":[{"Regal Pillow":19,"NeowsBlessing":0,"Self Forming Clay":9,"Pen Nib":27,"Frozen Egg 2":24,"Burning Blood":0,"Mummified Hand":26,"Strawberry":23,"CultistMask":12,"Bag of Marbles":6,"Coffee Dripper":17,"StrikeDummy":13,"FossilizedHelix":28},{"Regal Pillow":8,"NeowsBlessing":0,"Self Forming Clay":4,"Pen Nib":10,"Frozen Egg 2":10,"Burning Blood":0,"Mummified Hand":10,"Strawberry":10,"CultistMask":4,"Bag of Marbles":3,"Coffee Dripper":7,"StrikeDummy":5,"FossilizedHelix":11},{"Regal Pillow":30,"NeowsBlessing":0,"Self Forming Clay":5,"Pen Nib":37,"Frozen Egg 2":37,"Burning Blood":0,"Mummified Hand":37,"Strawberry":37,"CultistMask":5,"Bag of Marbles":3,"Coffee Dripper":25,"StrikeDummy":12,"FossilizedHelix":40}],"Burning Blood":60},"card_choices":[{"not_picked":["Headbutt","Iron Wave"],"picked":"True Grit","floor":1},{"not_picked":["Warcry","Sever Soul"],"picked":"Wild Strike","floor":5},{"not_picked":["Shrug It Off","Cleave"],"picked":"Pummel","floor":6},{"not_picked":["Anger","Pommel Strike"],"picked":"Impervious","floor":8},{"not_picked":["Fire Breathing","Clash"],"picked":"Heavy Blade","floor":13},{"not_picked":["Rage","Blood for Blood","Clash"],"picked":"SKIP","floor":14},{"not_picked":["Fiend Fire","Brutality"],"picked":"Feed","floor":16},{"not_picked":["Armaments","Searing Blow+1","Thunderclap"],"picked":"SKIP","floor":18},{"not_picked":["Carnage+1","Power Through"],"picked":"Shockwave+1","floor":21},{"not_picked":["Clothesline","Headbutt"],"picked":"Immolate","floor":23},{"not_picked":["Heavy Blade","Clothesline","Headbutt"],"picked":"SKIP","floor":28}],"player_experience":3286650,"relics_obtained":[{"floor":6,"key":"Bag of Marbles"},{"floor":9,"key":"Self Forming Clay"},{"floor":13,"key":"StrikeDummy"},{"floor":19,"key":"Regal Pillow"},{"floor":23,"key":"Strawberry"},{"floor":26,"key":"Mummified Hand"},{"floor":28,"key":"FossilizedHelix"}],"event_choices":[{"damage_healed":0,"gold_gain":75,"player_choice":"Gather Gold","damage_taken":11,"max_hp_gain":0,"max_hp_loss":0,"event_name":"World of Goop","floor":2,"gold_loss":0},{"damage_healed":0,"gold_gain":0,"player_choice":"Bought 1 Potion","damage_taken":0,"max_hp_gain":0,"max_hp_loss":0,"event_name":"The Woman in Blue","floor":3,"gold_loss":0},{"cards_removed":["Strike_R"],"damage_healed":0,"gold_gain":0,"player_choice":"Card Removal","damage_taken":7,"max_hp_gain":0,"max_hp_loss":0,"event_name":"Golden Wing","floor":10,"gold_loss":0},{"damage_healed":0,"gold_gain":0,"player_choice":"Trade","damage_taken":0,"relics_obtained":["CultistMask"],"max_hp_gain":0,"max_hp_loss":0,"event_name":"FaceTrader","floor":12,"gold_loss":0},{"damage_healed":0,"gold_gain":0,"player_choice":"Opened","damage_taken":0,"relics_obtained":["Frozen Egg 2"],"max_hp_gain":0,"max_hp_loss":0,"event_name":"The Mausoleum","floor":24,"gold_loss":0,"cards_obtained":["Writhe"]}],"is_beta":false,"boss_relics":[{"not_picked":["Black Blood","Fusion Hammer"],"picked":"Coffee Dripper"}],"items_purged_floors":[20],"is_endless":false,"potions_floor_spawned":[6,13,14,18,28],"killed_by":"Automaton","ascension_level":20}}