{"host":"ty2cix8xj6r3ad26","time":1613759518,"event":{"mods":["AchievementEnabler","BaseMod","BetterRewards","Minty Spire (QoL Compilation)","Quick Restart","StSLib","SuperFastMode"],"gold_per_floor":[116,116,116,116,139,139,161,111,111,111,146,84,116,90,90,219,219,251,265,274,297,321,321,361,361,406,406,440,458,99,124,124,261,270,300,318,12,21,51,51,85,45,99,99,99,124,133,163,163,163],"floor_reached":51,"language":"ENG","playtime":2299,"items_purged":["Strike_B","Strike_B","Strike_B"],"score":1158,"play_id":"8add5023-3d89-4d15-b248-90d929816315","local_time":"20210219203158","is_ascension_mode":false,"campfire_choices":[{"data":"Loop","floor":6,"key":"SMITH"},{"data":"Defragment","floor":15,"key":"SMITH"},{"data":"Biased Cognition","floor":23,"key":"SMITH"},{"data":"Biased Cognition","floor":25,"key":"SMITH"},{"data":"Defragment","floor":32,"key":"SMITH"},{"floor":40,"key":"DIG"},{"data":"Capacitor","floor":45,"key":"SMITH"},{"data":"Defragment","floor":49,"key":"SMITH"}],"circlet_count":0,"master_deck":["Defend_B+1","Defend_B+1","Zap","Seek","Loop+1","Capacitor+1","Coolheaded","Ball Lightning","Master of Strategy","Glacier","Barrage","Biased Cognition+1","Defragment+1","Genetic Algorithm","Defragment+1","Biased Cognition+1","Chill+1","Defragment+1","Blizzard","BootSequence+1","Compile Driver+1","Double Energy","Fusion","Storm","Biased Cognition+1","Core Surge","CurseOfTheBell","Doom and Gloom","Madness+1","Madness+1","Recycle+1","Rainbow+1","Coolheaded+1","Amplify+1","Defragment+1","Compile Driver+1"],"relics":["Cracked Core","Prayer Wheel","Lizard Tail","Question Card","War Paint","Shovel","Matryoshka","Golden Idol","CeramicFish","Symbiotic Virus","Boot","Eternal Feather","Mummified Hand","Regal Pillow","Nuclear Battery","Girya","Toy Ornithopter","StoneCalendar","DataDisk","DollysMirror","Calling Bell","Toxic Egg 2","Pen Nib","Ginger","FossilizedHelix","Ornamental Fan","Potion Belt"],"acts_visited":["Exordium","TheCity","TheBeyond"],"potions_floor_usage":[11,16,21,50],"damage_taken":[{"damage":0,"enemies":"2 Louse","floor":1,"turns":5},{"damage":0,"enemies":"Jaw Worm","floor":5,"turns":2},{"damage":2,"enemies":"Small Slimes","floor":7,"turns":4},{"damage":0,"enemies":"Gremlin Nob","floor":11,"turns":3},{"damage":0,"enemies":"Red Slaver","floor":13,"turns":2},{"damage":0,"enemies":"The Guardian","floor":16,"turns":5},{"damage":0,"enemies":"Spheric Guardian","floor":18,"turns":2},{"damage":0,"enemies":"3 Byrds","floor":19,"turns":4},{"damage":0,"enemies":"Centurion and Healer","floor":21,"turns":8},{"damage":0,"enemies":"3 Cultists","floor":22,"turns":4},{"damage":0,"enemies":"Slavers","floor":24,"turns":5},{"damage":0,"enemies":"Book of Stabbing","floor":28,"turns":6},{"damage":0,"enemies":"Snake Plant","floor":31,"turns":3},{"damage":15,"enemies":"Champ","floor":33,"turns":6},{"damage":0,"enemies":"3 Darklings","floor":35,"turns":3},{"damage":0,"enemies":"3 Shapes","floor":39,"turns":4},{"damage":0,"enemies":"Transient","floor":41,"turns":5},{"damage":9,"enemies":"Writhing Mass","floor":46,"turns":5},{"damage":0,"enemies":"Jaw Worm Horde","floor":48,"turns":5},{"damage":9,"enemies":"Time Eater","floor":50,"turns":7}],"seed_played":"5555822220237509430","potions_obtained":[{"floor":1,"key":"Swift Potion"},{"floor":13,"key":"Ancient Potion"},{"floor":16,"key":"SteroidPotion"},{"floor":19,"key":"Energy Potion"},{"floor":21,"key":"Dexterity Potion"},{"floor":35,"key":"FocusPotion"},{"floor":42,"key":"EssenceOfDarkness"},{"floor":42,"key":"Energy Potion"},{"floor":46,"key":"Explosive Potion"}],"is_trial":false,"path_per_floor":["M","?","T","?","M","R","M","?","T","T","E","$","M","$","R","B",null,"M","M","?","M","M","R","E","R","T","?","E","?","$","M","R","B",null,"M","?","$","?","M","R","M","?","T","$","R","M","?","M","R","B",null],"character_chosen":"DEFECT","items_purchased":["Prayer Wheel","Seek","Loop","Question Card","Capacitor","Coolheaded","Ball Lightning","War Paint","Shovel","Matryoshka","Master of Strategy","EssenceOfSteel","Defragment","Defragment","DataDisk","Storm","DollysMirror","FossilizedHelix"],"campfire_rested":0,"item_purchase_floors":[0,0,0,0,0,0,0,0,0,0,0,0,12,14,30,30,30,37],"current_hp_per_floor":[28,28,28,28,28,28,26,26,26,26,26,26,26,26,35,35,69,69,69,69,69,69,69,69,69,69,57,57,57,57,57,72,57,74,74,65,65,65,65,74,74,74,74,74,74,65,65,65,74,65],"gold":163,"neow_bonus":"","is_daily":false,"chose_seed":false,"campfire_upgraded":7,"win_rate":0.0,"timestamp":1613759518,"path_taken":["M","?","?","?","?","R","M","?","T","?","E","?","M","$","R","BOSS","M","M","?","?","?","R","E","R","T","?","E","?","$","M","R","BOSS","M","?","$","?","?","R","M","?","T","?","R","M","?","?","R","BOSS"],"items_purchased_type":["Relic","Card","Card","Relic","Card","Card","Card","Relic","Relic","Relic","Card","Potion","Card","Card","Relic","Card","Relic","Relic"],"build_version":"2020-12-22","purchased_purges":3,"victory":true,"max_hp_per_floor":[75,69,69,69,69,69,69,69,69,69,69,69,69,69,69,69,69,69,69,69,69,69,69,69,69,69,74,74,74,74,74,74,74,74,74,74,74,74,74,74,74,74,74,74,74,74,74,74,74,74],"card_choices":[{"not_picked":["Barrage","Melter","Coolheaded"],"picked":"Glacier","floor":1},{"not_picked":["Rip and Tear","Beam Cell","Streamline","Turbo"],"picked":"SKIP","floor":1},{"not_picked":["Scrape","Beam Cell","Gash"],"picked":"Barrage","floor":5},{"not_picked":["Loop","Gash","Auto Shields","Double Energy"],"picked":"SKIP","floor":5},{"not_picked":["Barrage","Coolheaded","Beam Cell"],"picked":"Biased Cognition","floor":7},{"not_picked":["Beam Cell","Double Energy","Reprogram","Loop"],"picked":"SKIP","floor":7},{"not_picked":["Beam Cell","Double Energy","Reprogram","Loop"],"picked":"SKIP","floor":7},{"not_picked":["White Noise","Redo","Leap","Go for the Eyes"],"picked":"SKIP","floor":11},{"not_picked":["Sunder","Gash","Go for the Eyes"],"picked":"Genetic Algorithm","floor":13},{"not_picked":["Rebound","Barrage","Double Energy","Cold Snap"],"picked":"SKIP","floor":13},{"not_picked":["Creative AI","Buffer","Electrodynamics"],"picked":"Biased Cognition","floor":16},{"not_picked":["Streamline+1","Chaos","Sweeping Beam+1"],"picked":"Chill+1","floor":18},{"not_picked":["Stack+1","Skim","Barrage+1","Rebound"],"picked":"SKIP","floor":18},{"not_picked":["Barrage+1","Glacier+1","Rebound","Loop"],"picked":"SKIP","floor":19},{"not_picked":["Reinforced Body","Conserve Battery","Gash","Beam Cell"],"picked":"SKIP","floor":19},{"not_picked":["Go for the Eyes","Redo","Cold Snap+1"],"picked":"Blizzard","floor":21},{"not_picked":["Rebound+1","Turbo","Ball Lightning","Hologram"],"picked":"SKIP","floor":21},{"not_picked":["Skim","Reinforced Body","Rainbow"],"picked":"BootSequence+1","floor":22},{"not_picked":["Auto Shields+1","Aggregate","Rebound+1","Compile Driver+1"],"picked":"SKIP","floor":22},{"not_picked":["Turbo","Sweeping Beam","Beam Cell+1"],"picked":"Compile Driver+1","floor":24},{"not_picked":["Conserve Battery+1","Meteor Strike","Recycle","Reinforced Body"],"picked":"SKIP","floor":28},{"not_picked":["Fusion+1","Ball Lightning+1","Cold Snap","Conserve Battery"],"picked":"SKIP","floor":31},{"not_picked":["BootSequence","Sunder","Force Field","Rip and Tear"],"picked":"SKIP","floor":31},{"not_picked":["Biased Cognition","Meteor Strike","All For One"],"picked":"Core Surge","floor":33},{"not_picked":["Sweeping Beam+1","Conserve Battery+1","Go for the Eyes"],"picked":"Doom and Gloom","floor":35},{"not_picked":["Lockon","Storm","Turbo+1","Chaos+1"],"picked":"SKIP","floor":35},{"not_picked":["Ball Lightning","Compile Driver","Cold Snap"],"picked":"Rainbow+1","floor":39},{"not_picked":["Melter","Turbo+1","Conserve Battery+1","Aggregate+1"],"picked":"SKIP","floor":39},{"not_picked":["Melter","Turbo+1","Conserve Battery+1","Aggregate+1"],"picked":"SKIP","floor":39},{"not_picked":["Hyperbeam","Double Energy+1","Sweeping Beam"],"picked":"Coolheaded+1","floor":41},{"not_picked":["Compile Driver","Aggregate+1","Conserve Battery+1","Leap+1"],"picked":"SKIP","floor":41},{"not_picked":["Cold Snap+1","Compile Driver","Go for the Eyes"],"picked":"Amplify+1","floor":46},{"not_picked":["FTL","Rebound","Hologram+1","Sweeping Beam"],"picked":"SKIP","floor":46},{"not_picked":["Self Repair+1","Blizzard+1","Barrage+1"],"picked":"Compile Driver+1","floor":48},{"not_picked":["BootSequence+1","FTL","Redo+1","Hologram+1"],"picked":"SKIP","floor":48},{"not_picked":["BootSequence+1","FTL","Redo+1","Hologram+1"],"picked":"SKIP","floor":48}],"player_experience":620701,"relics_obtained":[{"floor":3,"key":"CeramicFish"},{"floor":3,"key":"Symbiotic Virus"},{"floor":9,"key":"Boot"},{"floor":9,"key":"Eternal Feather"},{"floor":10,"key":"Mummified Hand"},{"floor":11,"key":"Regal Pillow"},{"floor":24,"key":"Girya"},{"floor":26,"key":"Toy Ornithopter"},{"floor":28,"key":"StoneCalendar"},{"floor":34,"key":"Toxic Egg 2"},{"floor":34,"key":"Pen Nib"},{"floor":34,"key":"Ginger"},{"floor":40,"key":"Ornamental Fan"},{"floor":43,"key":"Potion Belt"}],"event_choices":[{"damage_healed":0,"gold_gain":0,"player_choice":"Lose Max HP","damage_taken":0,"relics_obtained":["Golden Idol"],"max_hp_gain":0,"max_hp_loss":6,"event_name":"Golden Idol","floor":2,"gold_loss":0},{"damage_healed":0,"gold_gain":0,"player_choice":"Ignored","damage_taken":0,"max_hp_gain":0,"max_hp_loss":0,"event_name":"NoteForYourself","floor":4,"gold_loss":0},{"cards_removed":["Defend_B"],"damage_healed":0,"gold_gain":0,"player_choice":"Card Removal","damage_taken":0,"max_hp_gain":0,"max_hp_loss":0,"event_name":"The Cleric","floor":8,"gold_loss":50},{"damage_healed":0,"gold_gain":0,"player_choice":"Copied","damage_taken":0,"max_hp_gain":0,"max_hp_loss":0,"event_name":"Duplicator","floor":20,"gold_loss":0,"cards_obtained":["Defragment"]},{"damage_healed":0,"gold_gain":0,"player_choice":"Shed Blood","damage_taken":17,"max_hp_gain":5,"max_hp_loss":0,"event_name":"Forgotten Altar","floor":27,"gold_loss":0},{"damage_healed":0,"gold_gain":0,"cards_transformed":["Strike_B","Defend_B"],"player_choice":"Became Test Subject","damage_taken":0,"max_hp_gain":0,"max_hp_loss":0,"event_name":"Drug Dealer","floor":29,"gold_loss":0,"cards_obtained":["Double Energy","Fusion"]},{"damage_healed":0,"gold_gain":0,"player_choice":"Embrace Madness","damage_taken":9,"max_hp_gain":0,"max_hp_loss":0,"event_name":"Winding Halls","floor":36,"gold_loss":0,"cards_obtained":["Madness","Madness"]},{"damage_healed":0,"gold_gain":0,"player_choice":"1 cards matched","damage_taken":0,"max_hp_gain":0,"max_hp_loss":0,"event_name":"Match and Keep!","floor":38,"gold_loss":0,"cards_obtained":["Recycle"]},{"damage_healed":0,"gold_gain":0,"player_choice":"Bought 3 Potions","damage_taken":0,"max_hp_gain":0,"max_hp_loss":0,"event_name":"The Woman in Blue","floor":42,"gold_loss":0},{"damage_healed":0,"gold_gain":0,"cards_transformed":["Dualcast"],"player_choice":"Transformed","damage_taken":0,"max_hp_gain":0,"max_hp_loss":0,"event_name":"Transmorgrifier","floor":47,"gold_loss":0,"cards_obtained":["Defragment"]}],"is_beta":false,"boss_relics":[{"not_picked":["Snecko Eye","Pandora\u0027s Box"],"picked":"Nuclear Battery"},{"not_picked":["Astrolabe","Empty Cage"],"picked":"Calling Bell"}],"items_purged_floors":[0,0,0],"is_endless":false,"potions_floor_spawned":[1,13,16,19,21,33,35,46],"ascension_level":0}}