{"host":"o1wkfo8ppvrprpet","time":1613731306,"event":{"mods":["Aspiration","Astrologer","BaseMod","CapriCore","Colored Powertips","Koishi","Minty Spire (QoL Compilation)","MostiFishMod","Reimu£¨²©ÀöÁéÃÎ£©","Replay The Spire","RumiaBox-Â¶Ã×æ«µÄÉñÃØºÐ×Ó","Spicy Shops","StSLib","The Administrix","The Gatherer","The Immortal","Waifu the Spire","Yakumo Yukari mod"],"gold_per_floor":[118,118,128,219,44,70,70,99,99,99,99,125,142,142,142,238,238,256,256,269,269,284,284,295,318,345,372,87,100,113,123,123,198,198,208,208,227,247,247,275,275,300,346,371,397,412,446,279,279,279],"floor_reached":51,"language":"ZHS","playtime":1554,"items_purged":["Strike_R","Strike_R","Strike_R"],"score":2756,"play_id":"76a40cee-4cea-4f3b-8a1d-5ddc4b4a48b7","local_time":"20210219184146","is_ascension_mode":true,"campfire_choices":[{"data":"Flex","floor":7,"key":"SMITH"},{"data":"Massacre","floor":10,"key":"SMITH"},{"floor":15,"key":"REST"},{"data":"MostiFishMod:FlyOverUtopia","floor":23,"key":"SMITH"},{"floor":32,"key":"DIG"},{"data":"MostiFishMod:DarkDeal","floor":41,"key":"SMITH"},{"floor":49,"key":"RECALL"}],"circlet_count":0,"master_deck":["AscendersBane","Strike_R+1","Strike_R","Defend_R","Defend_R","Defend_R","Bash","Warcry+1","Offering+1","Massacre+1","Battle Trance","Heavy Blade","Flex+1","Pommel Strike","MostiFishMod:FlyOverUtopia+1","MostiFishMod:Neptune","MostiFishMod:TheEndOfMoonlight","MostiFishMod:SparklingWater","MostiFishMod:FantasySummer","MostiFishMod:NightSea","MostiFishMod:#F4004","ReplayTheSpireMod:Limb From Limb+1","ReplayTheSpireMod:Muscle Training","MostiFishMod:CullingBlade","MostiFishMod:DarkDeal+1","Bloodletting+1"],"relics":["Burning Blood","DaveBox","NeowsBlessing","CombinedTypeHook","SynthV:TestCard","ZombieArmy","Calipers","Tiny Chest","aspiration:FrozenJewel","BionicSphere","Replay:Grab Bag","Ooze Armor","SlaversCollar","MoonlightInvasionPlan","Singing Bowl","Nloth\u0027s Gift","Anchor","Replay:Rubber Ducky","Juzu Bracelet","Chemical X","aspiration:FutureDiary","ReplayTheSpireMod:TigerMarble","Pet Ghost","aspiration:Lifesprig","Champion Belt","Boot","Letter Opener","ChiLing","Chi","Ling"],"acts_visited":["Exordium","TheCity","TheBeyond"],"potions_floor_usage":[16,33,50],"damage_taken":[{"damage":0,"enemies":"Jaw Worm","floor":1,"turns":1},{"damage":0,"enemies":"2 Louse","floor":3,"turns":1},{"damage":0,"enemies":"3 Sentries","floor":6,"turns":1},{"damage":14,"enemies":"Gremlin Nob","floor":8,"turns":3},{"damage":6,"enemies":"Lagavulin","floor":12,"turns":2},{"damage":0,"enemies":"Small Slimes","floor":13,"turns":2},{"damage":13,"enemies":"The Guardian","floor":16,"turns":4},{"damage":4,"enemies":"Chosen","floor":18,"turns":2},{"damage":0,"enemies":"Shell Parasite","floor":20,"turns":1},{"damage":4,"enemies":"Cultist and Chosen","floor":22,"turns":2},{"damage":10,"enemies":"Snake Plant","floor":24,"turns":2},{"damage":4,"enemies":"Gremlin Leader","floor":27,"turns":2},{"damage":4,"enemies":"Shelled Parasite and Fungi","floor":29,"turns":2},{"damage":4,"enemies":"Centurion and Healer","floor":30,"turns":1},{"damage":10,"enemies":"Chosen and Byrds","floor":31,"turns":2},{"damage":10,"enemies":"Pondfish","floor":33,"turns":2},{"damage":4,"enemies":"3 Shapes","floor":35,"turns":2},{"damage":4,"enemies":"Orb Walker","floor":37,"turns":2},{"damage":10,"enemies":"Jaw Worm Horde","floor":38,"turns":2},{"damage":4,"enemies":"Nemesis","floor":40,"turns":1},{"damage":4,"enemies":"R_Hoarder","floor":42,"turns":2},{"damage":5,"enemies":"Mind Bloom Boss Battle","floor":44,"turns":2},{"damage":13,"enemies":"Transient","floor":46,"turns":4},{"damage":4,"enemies":"Giant Head","floor":47,"turns":3},{"damage":16,"enemies":"Time Eater","floor":50,"turns":2}],"seed_played":"-1707968228866236460","potions_obtained":[{"floor":6,"key":"MagicPotion:ReiMu"},{"floor":8,"key":"Languid Potion"},{"floor":16,"key":"Dexterity Potion"},{"floor":30,"key":"SteroidPotion"},{"floor":33,"key":"Venom Potion"},{"floor":38,"key":"PanachePotion"}],"is_trial":false,"path_per_floor":["M","?","M","?","$","E","R","E","T","R","?","E","M","?","R","B",null,"M","T","M","?","M","R","M","T","T","E","$","M","M","M","R","B",null,"M","?","M","M","?","E","R","E","T","?","T","M","E","$","R","B",null],"character_chosen":"IRONCLAD","items_purchased":["Chemical X","ChiLing"],"campfire_rested":1,"item_purchase_floors":[28,48],"current_hp_per_floor":[74,74,75,45,45,51,51,43,43,43,20,20,26,26,46,39,61,63,63,68,68,68,68,64,64,64,66,66,70,72,70,70,66,72,76,76,78,74,74,78,78,82,82,84,84,79,83,83,83,73],"gold":279,"neow_bonus":"THREE_ENEMY_KILL","is_daily":false,"chose_seed":false,"campfire_upgraded":4,"win_rate":0.0,"timestamp":1613731306,"path_taken":["M","?","M","?","?","E","R","E","T","R","?","E","?","?","R","BOSS","M","?","M","?","?","R","?","?","T","E","$","M","M","M","R","BOSS","M","?","M","M","?","E","R","E","T","?","?","M","E","$","R","BOSS"],"items_purchased_type":["Relic","Relic"],"build_version":"2020-12-22","purchased_purges":3,"victory":true,"max_hp_per_floor":[75,75,75,75,75,75,75,75,75,75,75,75,75,68,68,68,68,68,68,68,68,68,68,68,68,68,68,68,70,72,74,74,74,74,76,76,78,78,78,80,80,82,82,84,84,86,88,88,88,88],"card_choices":[{"not_picked":["Run Through","Blood for Blood"],"picked":"Warcry","floor":1},{"not_picked":["Rupture","Fire Breathing","Blood for Blood","Life Link"],"picked":"Massacre","floor":3},{"not_picked":["Run Through","Shrug It Off","True Grit","ReplayTheSpireMod:Strike From Hell"],"picked":"Battle Trance","floor":4},{"not_picked":["Iron Wave","Clothesline","Wild Strike","Havoc"],"picked":"Heavy Blade","floor":4},{"not_picked":["ReplayTheSpireMod:Limb From Limb","Clash","True Grit","Iron Wave"],"picked":"Flex","floor":6},{"not_picked":["Dual Wield","MostiFishMod:ChineseTea","Bloodletting","Infernal Blade","Anger"],"picked":"SKIP","floor":8},{"not_picked":["Body Slam","Disarm","ReplayReversal","Iron Wave","Life Link"],"picked":"SKIP","floor":12},{"not_picked":["Life Link","Evolve","Clash","Anger"],"picked":"Pommel Strike","floor":13},{"not_picked":["MostiFishMod:OrdinaryWorld","MostiFishMod:WingOfPhoenix","Feed","Impervious"],"picked":"MostiFishMod:FlyOverUtopia","floor":16},{"not_picked":["Replay:Undeath\u0027s Touch","Thunderclap","Massacre","Wild Strike"],"picked":"MostiFishMod:#F4004","floor":18},{"not_picked":["Thunderclap","Blood for Blood","Havoc","Defy Death+1"],"picked":"ReplayTheSpireMod:Limb From Limb+1","floor":20},{"not_picked":["Heavy Blade","Clash+1","MostiFishMod:RainCloud","Body Slam"],"picked":"ReplayTheSpireMod:Muscle Training","floor":22},{"not_picked":["ReplayTheSpireMod:Corrosion Curse","Life Link","Shockwave","ReplayTheSpireMod:Strike From Hell"],"picked":"MostiFishMod:CullingBlade","floor":24},{"not_picked":["Rupture+1","Rampage","Feel No Pain","ReplayTheSpireMod:Limb From Limb"],"picked":"ReplayTheSpireMod:LeadingStrike+1","floor":27},{"not_picked":["ReplayTheSpireMod:Muscle Training","Body Slam+1","Intimidate","Replay:Undeath\u0027s Touch","Battle Trance"],"picked":"Singing Bowl","floor":29},{"not_picked":["Sword Boomerang","Armaments","Hemokinesis","Infernal Blade","Barricade"],"picked":"Singing Bowl","floor":30},{"not_picked":["ReplayTheSpireMod:LeadingStrike","Headbutt","Wild Strike","Warcry","Perfected Strike"],"picked":"Singing Bowl","floor":31},{"not_picked":["Offering","MostiFishMod:OrdinaryWorld","MostiFishMod:404NotFound","Brutality"],"picked":"MostiFishMod:DarkDeal","floor":33},{"not_picked":["ReplayTheSpireMod:Limb From Limb+1","Heavy Blade","Perfected Strike","Rage","True Grit"],"picked":"Singing Bowl","floor":35},{"not_picked":["Heavy Blade","True Grit","ReplayTheSpireMod:Strike From Hell","Sword Boomerang","Ghostly Armor"],"picked":"Singing Bowl","floor":37},{"not_picked":["Disarm","Armaments","Cleave+1","Body Slam"],"picked":"Bloodletting+1","floor":38},{"not_picked":["Inflame","MostiFishMod:Chiaki","Combust+1","MostiFishMod:Mania","MostiFishMod:WingOfPhoenix"],"picked":"Singing Bowl","floor":40},{"not_picked":["Clash+1","ReplayTheSpireMod:Strike From Hell","Combust","Brutality","Shockwave"],"picked":"Singing Bowl","floor":42},{"not_picked":["ReplayTheSpireMod:Stacked","Rupture","Iron Wave+1","Metallicize","MostiFishMod:#F4004"],"picked":"Singing Bowl","floor":44},{"not_picked":["ReplayTheSpireMod:Strike From Hell","Iron Wave","Headbutt","Replay:Undeath\u0027s Touch+1","Demonic Infusion"],"picked":"Singing Bowl","floor":46},{"not_picked":["ReplayReversal+1","Bloodletting","Bludgeon","Battle Trance","ReplayTheSpireMod:Limb From Limb"],"picked":"Singing Bowl","floor":47}],"player_experience":642073,"relics_obtained":[{"floor":1,"key":"SynthV:TestCard"},{"floor":4,"key":"ZombieArmy"},{"floor":6,"key":"Calipers"},{"floor":8,"key":"Tiny Chest"},{"floor":9,"key":"aspiration:FrozenJewel"},{"floor":12,"key":"BionicSphere"},{"floor":19,"key":"Singing Bowl"},{"floor":25,"key":"Anchor"},{"floor":26,"key":"Replay:Rubber Ducky"},{"floor":27,"key":"Juzu Bracelet"},{"floor":40,"key":"ReplayTheSpireMod:TigerMarble"},{"floor":42,"key":"Pet Ghost"},{"floor":43,"key":"aspiration:Lifesprig"},{"floor":44,"key":"Champion Belt"},{"floor":45,"key":"Boot"},{"floor":47,"key":"Letter Opener"}],"event_choices":[{"damage_healed":0,"gold_gain":0,"player_choice":"Entered Light","damage_taken":23,"max_hp_gain":0,"max_hp_loss":0,"event_name":"Shining Light","floor":11,"gold_loss":0,"cards_upgraded":["Strike_R","Warcry"]},{"damage_healed":0,"gold_gain":0,"player_choice":"Lose Max HP","damage_taken":0,"relics_obtained":["Golden Idol"],"max_hp_gain":0,"max_hp_loss":7,"event_name":"Golden Idol","floor":14,"gold_loss":0},{"damage_healed":0,"gold_gain":0,"player_choice":"Traded Relic","damage_taken":0,"relics_obtained":["Nloth\u0027s Gift"],"max_hp_gain":0,"max_hp_loss":0,"event_name":"N\u0027loth","floor":21,"relics_lost":["Golden Idol"],"gold_loss":0},{"cards_removed":["ReplayTheSpireMod:LeadingStrike"],"damage_healed":0,"gold_gain":0,"player_choice":"Removed Attack","damage_taken":0,"max_hp_gain":0,"max_hp_loss":0,"event_name":"Falling","floor":39,"gold_loss":0},{"damage_healed":0,"gold_gain":0,"player_choice":"Fight","damage_taken":0,"max_hp_gain":0,"max_hp_loss":0,"event_name":"MindBloom","floor":44,"gold_loss":0}],"is_beta":false,"boss_relics":[{"not_picked":["aspiration:PoetsPen_weak","PatriotShield"],"picked":"Replay:Grab Bag"},{"not_picked":["Busted Crown","Cursed Key"],"picked":"Ooze Armor"},{"not_picked":["Coffee Dripper","Sozu"],"picked":"SlaversCollar"},{"not_picked":["Tiny House","FeatherPendant"],"picked":"MoonlightInvasionPlan"},{"not_picked":["Replay:Bronze Core","Honey Jar"],"picked":"aspiration:FutureDiary"}],"items_purged_floors":[5,5,28],"is_endless":false,"potions_floor_spawned":[6,8,16,18,20,30,31,33,38,40,42,44],"ascension_level":19}}