{"host":"7wwmf5ihvdzput8s","time":1613750665,"event":{"mods":["BaseMod","Minty Spire (QoL Compilation)","Quick Restart","Replay The Spire","StSLib","UnlockEverythingMod"],"gold_per_floor":[116,116,116,116,128,154,186,216,216,250,144,170,181,181,181,252,252,268,300,300,82,94,123,156,156,182,209,209,237,275,313,401,536,536,558,577,79,79,79,114,152,18,90,125,173,220,232,279,291,305,321],"floor_reached":52,"language":"ZHS","playtime":1158,"items_purged":["Indignation","LessonLearned+1"],"score":3723,"play_id":"f81eaa7d-ce19-4f34-a543-db9855c54098","local_time":"20210220000425","daily_mods":["SealedDeck","Vintage","Green Cards","Purple Cards","Heirloom","Time Dilation","Flight","DeadlyEvents","Elite Swarm","Lethality","Night Terrors"],"is_ascension_mode":true,"campfire_choices":[{"data":"Flex","floor":15.0,"key":"SMITH"},{"data":"Limit Break","floor":25.0,"key":"SMITH"},{"data":"Crescendo","floor":28.0,"key":"SMITH"},{"data":"Clash","floor":47.0,"key":"SMITH"}],"circlet_count":0,"master_deck":["AscendersBane","Rupture+1","ReplayTheSpireMod:Muscle Training+1","Quick Slash+1","Crescendo+1","Pommel Strike","Slice","FlurryOfBlows+1","Clash+1","Flex+1","Limit Break+1","Scrawl+1","Consecrate+1","Offering+1","Flex+1","Dagger Throw+1","Pummel+1","Limit Break+1","Limit Break+1"],"relics":["Unceasing Top","Prayer Wheel","Ornamental Fan","Onion Ring","Ring of Fury","Matryoshka","The Courier","Replay:Baseball","ReplayTheSpireMod:Ninjato","Replay:Wax Seal","Toxic Egg 2","Blood Vial","Peace Pipe","Art of War","Happy Flower","Red Mask","MutagenicStrength","Eternal Feather","Bag of Preparation","Divine Protection","Iron Hammer","Golden Egg","Whetstone","TungstenRod","Replay:Bandana","Bag of Marbles","Nunchaku","Ooze Armor","Replay:Bottled Flurry","Regal Pillow","Pen Nib","Guide Book","Toy Ornithopter","Blue Doll","Pondfish Scales","Vajra","Replay:Bottled Eggs","MawBank","Pocketwatch","Ginger","Mango"],"acts_visited":["Exordium","TheCity","TheBeyond"],"potions_floor_usage":[50,51],"damage_taken":[{"damage":0.0,"enemies":"Jaw Worm","floor":1.0,"turns":1.0},{"damage":0.0,"enemies":"2 Louse","floor":5.0,"turns":1.0},{"damage":0.0,"enemies":"Lagavulin","floor":6.0,"turns":1.0},{"damage":0.0,"enemies":"Replay:BlueRogue","floor":7.0,"turns":1.0},{"damage":1.0,"enemies":"Lagavulin","floor":8.0,"turns":2.0},{"damage":0.0,"enemies":"Gremlin Nob","floor":10.0,"turns":1.0},{"damage":1.0,"enemies":"Lagavulin","floor":12.0,"turns":1.0},{"damage":0.0,"enemies":"Cultist","floor":13.0,"turns":1.0},{"damage":2.0,"enemies":"Fading Forest","floor":16.0,"turns":1.0},{"damage":1.0,"enemies":"Spheric Guardian","floor":18.0,"turns":1.0},{"damage":0.0,"enemies":"Masked Bandits","floor":19.0,"turns":1.0},{"damage":0.0,"enemies":"Shell Parasite","floor":22.0,"turns":1.0},{"damage":0.0,"enemies":"Book of Stabbing","floor":23.0,"turns":1.0},{"damage":0.0,"enemies":"Gremlin Leader","floor":24.0,"turns":1.0},{"damage":0.0,"enemies":"Slavers","floor":27.0,"turns":1.0},{"damage":0.0,"enemies":"Gremlin Leader","floor":29.0,"turns":1.0},{"damage":0.0,"enemies":"Book of Stabbing","floor":30.0,"turns":1.0},{"damage":0.0,"enemies":"Gremlin Leader","floor":31.0,"turns":1.0},{"damage":0.0,"enemies":"Pondfish","floor":33.0,"turns":3.0},{"damage":5.0,"enemies":"3 Shapes","floor":35.0,"turns":1.0},{"damage":0.0,"enemies":"Orb Walker","floor":36.0,"turns":1.0},{"damage":0.0,"enemies":"Nemesis","floor":40.0,"turns":1.0},{"damage":0.0,"enemies":"Reptomancer","floor":41.0,"turns":1.0},{"damage":0.0,"enemies":"R_Hoarder","floor":44.0,"turns":1.0},{"damage":0.0,"enemies":"Giant Head","floor":45.0,"turns":1.0},{"damage":0.0,"enemies":"R_Hoarder","floor":46.0,"turns":1.0},{"damage":0.0,"enemies":"Giant Head","floor":48.0,"turns":1.0},{"damage":0,"enemies":"Replay:Hell Engine","floor":50,"turns":1},{"damage":0,"enemies":"Donu and Deca","floor":51,"turns":1}],"seed_played":"-3885932571624796441","potions_obtained":[{"floor":1.0,"key":"EntropicBrew"},{"floor":4.0,"key":"Cursed Concoction"},{"floor":4.0,"key":"LifebloodPotion"},{"floor":7.0,"key":"Milkshake"},{"floor":13.0,"key":"SpeedPotion"},{"floor":16.0,"key":"EssenceOfSteel"},{"floor":23.0,"key":"AttackPotion"},{"floor":27.0,"key":"SteroidPotion"},{"floor":36.0,"key":"CultistPotion"},{"floor":40.0,"key":"BlessingOfTheForge"},{"floor":45.0,"key":"SkillPotion"}],"is_trial":true,"path_per_floor":["M","?","?","?","M","E","E","E","T","E","$","E","M","$","R","B",null,"M","?","?","$","M","E","E","R","T","E","R","E","E","E","R","B",null,"M","M","$","?","T","E","E","$","T","E","E","E","R","E","R","B","B",null],"character_chosen":"IRONCLAD","items_purchased":["Consecrate","Eternal Feather","Pen Nib","Guide Book","Flex+1","Dagger Throw","Pummel","Vajra"],"campfire_rested":0,"item_purchase_floors":[11,21,37,37,37,37,37,42],"current_hp_per_floor":[68,63,63,63,63,63,63,62,62,62,62,63,65,65,65,65,73,74,75,75,75,75,75,75,75,75,75,75,75,75,75,75,75,75,70,72,72,71,71,71,71,71,71,71,71,71,71,85,85,85,85],"gold":333,"neow_bonus":"","is_daily":false,"chose_seed":false,"campfire_upgraded":4,"win_rate":0.0,"timestamp":1613750665,"path_taken":["M","?","?","?","?","E","E","E","T","E","$","E","?","$","R","BOSS","M","?","?","?","?","E","E","R","T","E","R","E","?","E","R","BOSS","M","M","$","?","?","E","E","$","T","E","E","?","R","E","R","BOSS","BOSS"],"items_purchased_type":["Card","Relic","Relic","Relic","Card","Card","Card","Relic"],"build_version":"2020-12-22","purchased_purges":2,"victory":true,"max_hp_per_floor":[75,75,75,75,75,75,75,75,75,75,75,75,75,75,75,75,75,75,75,75,75,75,75,75,75,75,75,75,75,75,75,75,75,75,75,75,75,71,71,71,71,71,71,71,71,71,71,85,85,85,85],"card_choices":[{"not_picked":["DevaForm","Devotion","Envenom"],"picked":"SKIP","floor":6.0},{"not_picked":["ReplayTheSpireMod:From All Sides","Malaise"],"picked":"Limit Break","floor":7.0},{"not_picked":["Burst","Devotion","Night Terror"],"picked":"SKIP","floor":8.0},{"not_picked":["DeusExMachina+1","Doppelganger+1"],"picked":"Scrawl+1","floor":10.0},{"not_picked":["Corpse Explosion+1","Replay:LoomingThreat","Vault+1"],"picked":"SKIP","floor":12.0},{"not_picked":["Poison Darts+1","Wish+1","ConjureBlade+1"],"picked":"SKIP","floor":23.0},{"not_picked":["Envenom","Offering+1"],"picked":"LessonLearned","floor":24.0},{"not_picked":["DeusExMachina+1","Double Tap+1"],"picked":"Offering+1","floor":27.0},{"not_picked":["Judgement+1","Envenom","Unload"],"picked":"SKIP","floor":29.0},{"not_picked":["Unload","Phantasmal Killer+1","Hemogenesis"],"picked":"SKIP","floor":30.0},{"not_picked":["Unload","Phantasmal Killer+1","Hemogenesis"],"picked":"SKIP","floor":30.0},{"not_picked":["Tools of the Trade","A Thousand Cuts","Burst+1"],"picked":"SKIP","floor":31.0},{"not_picked":["DevaForm","Replay:Many Hands+1","Unload"],"picked":"SKIP","floor":40.0},{"not_picked":["Corruption","Glass Knife","Bullet Time+1"],"picked":"SKIP","floor":41.0},{"not_picked":["SpiritShield+1","Alpha+1"],"picked":"Limit Break+1","floor":44.0},{"not_picked":["Tools of the Trade","Venomology+1","Replay:AllIn+1"],"picked":"SKIP","floor":45.0},{"not_picked":["Scrawl+1","Fiend Fire"],"picked":"Limit Break+1","floor":46.0},{"not_picked":["Die Die Die","Venomology+1","Corruption"],"picked":"SKIP","floor":48.0}],"player_experience":72749,"relics_obtained":[{"floor":1.0,"key":"Ornamental Fan"},{"floor":3.0,"key":"Ring of Fury"},{"floor":5.0,"key":"Matryoshka"},{"floor":6.0,"key":"The Courier"},{"floor":7.0,"key":"Replay:Baseball"},{"floor":8.0,"key":"ReplayTheSpireMod:Ninjato"},{"floor":9.0,"key":"Replay:Wax Seal"},{"floor":9.0,"key":"Toxic Egg 2"},{"floor":10.0,"key":"Blood Vial"},{"floor":12.0,"key":"Peace Pipe"},{"floor":13.0,"key":"Art of War"},{"floor":18.0,"key":"Happy Flower"},{"floor":19.0,"key":"Red Mask"},{"floor":22.0,"key":"Bag of Preparation"},{"floor":23.0,"key":"Divine Protection"},{"floor":24.0,"key":"Iron Hammer"},{"floor":26.0,"key":"Golden Egg"},{"floor":26.0,"key":"Whetstone"},{"floor":27.0,"key":"TungstenRod"},{"floor":29.0,"key":"Replay:Bandana"},{"floor":30.0,"key":"Bag of Marbles"},{"floor":31.0,"key":"Nunchaku"},{"floor":35.0,"key":"Replay:Bottled Flurry"},{"floor":36.0,"key":"Regal Pillow"},{"floor":39.0,"key":"Toy Ornithopter"},{"floor":40.0,"key":"Blue Doll"},{"floor":41.0,"key":"Pondfish Scales"},{"floor":43.0,"key":"Replay:Bottled Eggs"},{"floor":44.0,"key":"MawBank"},{"floor":45.0,"key":"Pocketwatch"},{"floor":46.0,"key":"Ginger"},{"floor":48.0,"key":"Mango"}],"event_choices":[{"damage_healed":0.0,"max_hp_gain":0.0,"max_hp_loss":0.0,"gold_gain":0.0,"event_name":"Scrap Ooze","player_choice":"Success","floor":2.0,"gold_loss":0.0,"damage_taken":5.0,"relics_obtained":["Onion Ring"]},{"damage_healed":0.0,"max_hp_gain":0.0,"max_hp_loss":0.0,"gold_gain":0.0,"event_name":"Lab","player_choice":"Got Potions","floor":4.0,"gold_loss":0.0,"damage_taken":0.0},{"damage_healed":0.0,"max_hp_gain":0.0,"max_hp_loss":0.0,"gold_gain":0.0,"event_name":"Masked Bandits","player_choice":"Fought Bandits","floor":19.0,"gold_loss":0.0,"damage_taken":0.0},{"damage_healed":0.0,"max_hp_gain":0.0,"max_hp_loss":0.0,"gold_gain":0.0,"event_name":"Drug Dealer","player_choice":"Inject Mutagens","floor":20.0,"gold_loss":0.0,"damage_taken":0.0,"relics_obtained":["MutagenicStrength"]},{"damage_healed":0.0,"max_hp_gain":0.0,"max_hp_loss":4.0,"gold_gain":0.0,"event_name":"Winding Halls","player_choice":"Max HP","floor":38.0,"gold_loss":0.0,"damage_taken":0.0}],"is_beta":false,"boss_relics":[{"not_picked":["Kintsugi","Busted Crown","Fusion Hammer"]},{"not_picked":["Black Star","SacredBark"],"picked":"Ooze Armor"}],"items_purged_floors":[11,37],"is_endless":false,"potions_floor_spawned":[1,7,8,13,16,23,24,27,31,36,40,41,45],"ascension_level":20}}