{"host":"udzsrhbqdxqtlypj","time":1613764043,"event":{"mods":["BaseMod","Minty Spire (QoL Compilation)","Relic Stats"],"gold_per_floor":[114,114,130,149,149,149,182,182,206,120,154,167,195,215,215,293,293,309,20,20,38,38,38],"floor_reached":22,"language":"ENG","playtime":1373,"items_purged":["Strike_R","Strike_R"],"score":357,"play_id":"86025ca1-81b8-4af4-8d76-0f5ff3897059","local_time":"20210219134723","is_ascension_mode":true,"campfire_choices":[{"data":"Rampage","floor":6.0,"key":"SMITH"},{"data":"Offering","floor":8.0,"key":"SMITH"},{"floor":15,"key":"REST"}],"circlet_count":0,"master_deck":["AscendersBane","Strike_R","Strike_R","Strike_R","Defend_R","Defend_R","Defend_R","Defend_R","Bash","Offering+1","Pummel","Pommel Strike","Rampage+1","Shrug It Off","Dark Embrace","True Grit","Feel No Pain","Pommel Strike+1","Exhume","Writhe","Whirlwind+1"],"relics":["Burning Blood","Smiling Mask","Molten Egg 2","Potion Belt","Art of War","Regal Pillow","SlaversCollar","HornCleat","Ancient Tea Set"],"acts_visited":["Exordium","TheCity"],"potions_floor_usage":[11,16,18],"damage_taken":[{"damage":6.0,"enemies":"Cultist","floor":1.0,"turns":4.0},{"damage":10.0,"enemies":"Jaw Worm","floor":3.0,"turns":3.0},{"damage":0.0,"enemies":"2 Louse","floor":4.0,"turns":3.0},{"damage":22.0,"enemies":"Gremlin Nob","floor":7.0,"turns":3.0},{"damage":26,"enemies":"Lagavulin","floor":11,"turns":6},{"damage":0,"enemies":"Exordium Wildlife","floor":12,"turns":2},{"damage":13,"enemies":"3 Sentries","floor":13,"turns":9},{"damage":8,"enemies":"3 Louse","floor":14,"turns":6},{"damage":40,"enemies":"The Guardian","floor":16,"turns":13},{"damage":31,"enemies":"Shell Parasite","floor":18,"turns":7},{"damage":16,"enemies":"Chosen","floor":21,"turns":6},{"damage":28,"enemies":"Sentry and Sphere","floor":22,"turns":4}],"seed_played":"-399580367364968656","potions_obtained":[{"floor":1.0,"key":"SpeedPotion"},{"floor":4.0,"key":"Ancient Potion"},{"floor":12,"key":"Weak Potion"},{"floor":13,"key":"Weak Potion"}],"is_trial":false,"path_per_floor":["M","T","M","M","?","R","E","R","T","$","E","M","E","M","R","B",null,"M","$","?","M","M"],"character_chosen":"IRONCLAD","items_purchased":["Dark Embrace","HornCleat"],"campfire_rested":1,"item_purchase_floors":[10,19],"current_hp_per_floor":[50,50,46,52,52,52,36,36,36,36,16,22,15,13,50,16,60,35,35,35,25,0,0],"gold":38,"neow_bonus":"THREE_RARE_CARDS","is_daily":false,"chose_seed":false,"campfire_upgraded":2,"win_rate":0.0,"timestamp":1613764043,"path_taken":["M","?","M","M","?","R","E","R","T","$","E","M","E","M","R","BOSS","M","$","?","M","M"],"items_purchased_type":["Card","Relic"],"build_version":"2020-12-22","purchased_purges":2,"victory":false,"max_hp_per_floor":[75,75,75,75,75,75,75,75,75,75,75,75,75,75,75,75,75,75,75,75,75,75,75],"relic_stats":{"Regal Pillow":15,"counters":[12,66],"Art of War":[10],"Smiling Mask":75,"obtain_stats":[{"Potion Belt":9,"SlaversCollar":17,"Regal Pillow":13,"HornCleat":19,"Molten Egg 2":7,"Art of War":11,"Smiling Mask":2,"Ancient Tea Set":20,"Burning Blood":0},{"Potion Belt":4,"SlaversCollar":9,"Regal Pillow":7,"HornCleat":10,"Molten Egg 2":4,"Art of War":5,"Smiling Mask":1,"Ancient Tea Set":10,"Burning Blood":0},{"Potion Belt":13,"SlaversCollar":49,"Regal Pillow":30,"HornCleat":56,"Molten Egg 2":13,"Art of War":19,"Smiling Mask":4,"Ancient Tea Set":56,"Burning Blood":0}],"Burning Blood":66},"card_choices":[{"not_picked":["Demon Form","Exhume"],"picked":"Offering","floor":0.0},{"not_picked":["Havoc","Power Through"],"picked":"Pummel","floor":1.0},{"not_picked":["Flex","Dropkick"],"picked":"Pommel Strike","floor":3.0},{"not_picked":["Havoc","Evolve"],"picked":"Rampage","floor":4.0},{"not_picked":["Rampage+1","Hemokinesis+1"],"picked":"Shrug It Off","floor":7.0},{"not_picked":["Perfected Strike+1","Entrench","Warcry"],"picked":"SKIP","floor":11},{"not_picked":["Cleave+1","Armaments"],"picked":"True Grit","floor":12},{"not_picked":["Wild Strike+1","Second Wind"],"picked":"Feel No Pain","floor":13},{"not_picked":["Seeing Red","Cleave+1"],"picked":"Pommel Strike+1","floor":14},{"not_picked":["Berserk","Limit Break"],"picked":"Exhume","floor":16},{"not_picked":["Twin Strike+1","Anger+1","Pommel Strike+1"],"picked":"SKIP","floor":18},{"not_picked":["Heavy Blade+1","Sever Soul+1"],"picked":"Whirlwind+1","floor":21}],"player_experience":2913492,"relics_obtained":[{"floor":2.0,"key":"Smiling Mask"},{"floor":7.0,"key":"Molten Egg 2"},{"floor":9.0,"key":"Potion Belt"},{"floor":11,"key":"Art of War"},{"floor":13,"key":"Regal Pillow"}],"event_choices":[{"damage_healed":0.0,"max_hp_gain":0.0,"max_hp_loss":0.0,"gold_gain":0.0,"event_name":"Liars Game","player_choice":"Ignored","floor":5.0,"gold_loss":0.0,"damage_taken":0.0},{"damage_healed":0,"gold_gain":0,"player_choice":"Opened","damage_taken":0,"relics_obtained":["Ancient Tea Set"],"max_hp_gain":0,"max_hp_loss":0,"event_name":"The Mausoleum","floor":20,"gold_loss":0,"cards_obtained":["Writhe"]}],"is_beta":false,"boss_relics":[{"not_picked":["Astrolabe","Coffee Dripper"],"picked":"SlaversCollar"}],"items_purged_floors":[10,19],"is_endless":false,"potions_floor_spawned":[1,4,12,13],"killed_by":"Sentry and Sphere","ascension_level":15}}