{"host":"pj7egx7jkoz18hom","time":1613698351,"event":{"mods":["AchievementEnabler","BaseMod","Keyboard Shortcuts","Minty Spire (QoL Compilation)","SuperFastMode"],"gold_per_floor":[10,27,45,45,55,55,71,98,121,133,133,133,12,12,12,12,12],"floor_reached":16,"language":"KOR","playtime":650,"items_purged":["Whirlwind"],"score":115,"play_id":"95e3cb27-ea5c-48fc-b896-6ca40ff40a84","local_time":"20210219103231","is_ascension_mode":true,"campfire_choices":[{"data":"Barricade","floor":6,"key":"SMITH"},{"floor":11,"key":"REST"},{"data":"Armaments","floor":15,"key":"SMITH"}],"circlet_count":0,"master_deck":["Strike_R","Strike_R","Strike_R","Defend_R","Defend_R","Defend_R","Defend_R","Bash","Dropkick","Headbutt","Headbutt","Barricade+1","Body Slam","True Grit","Armaments+1"],"relics":["Burning Blood","Odd Mushroom","Toy Ornithopter","MealTicket","Golden Idol"],"acts_visited":["Exordium"],"potions_floor_usage":[8,16],"damage_taken":[{"damage":2,"enemies":"Jaw Worm","floor":1,"turns":3},{"damage":0,"enemies":"Small Slimes","floor":2,"turns":3},{"damage":1,"enemies":"Cultist","floor":3,"turns":3},{"damage":26,"enemies":"Large Slime","floor":5,"turns":5},{"damage":42,"enemies":"Gremlin Gang","floor":7,"turns":5},{"damage":6,"enemies":"The Mushroom Lair","floor":8,"turns":2},{"damage":9,"enemies":"Blue Slaver","floor":10,"turns":7},{"damage":48,"enemies":"Slime Boss","floor":16,"turns":6}],"seed_played":"-7542252352311432816","potions_obtained":[{"floor":7,"key":"Explosive Potion"},{"floor":8,"key":"Fire Potion"},{"floor":10,"key":"ElixirPotion"}],"is_trial":false,"path_per_floor":["M","M","M","$","M","R","M","?","T","M","R","?","$","?","R","B"],"character_chosen":"IRONCLAD","items_purchased":["Armaments"],"campfire_rested":1,"item_purchase_floors":[13],"current_hp_per_floor":[80,80,80,80,60,60,24,24,24,21,45,27,42,42,42,0,0],"gold":12,"neow_bonus":"TRANSFORM_TWO_CARDS","is_daily":false,"chose_seed":false,"campfire_upgraded":2,"win_rate":0.0,"timestamp":1613698351,"path_taken":["M","M","M","$","M","R","M","?","T","M","R","?","$","?","R","BOSS"],"items_purchased_type":["Card"],"build_version":"2020-12-22","purchased_purges":1,"victory":false,"max_hp_per_floor":[80,80,80,80,80,80,80,80,80,80,80,80,80,74,74,74,74],"card_choices":[{"not_picked":["Flex","Perfected Strike"],"picked":"Headbutt","floor":1},{"not_picked":["Anger","Heavy Blade","Havoc"],"picked":"SKIP","floor":2},{"not_picked":["Havoc","Entrench"],"picked":"Headbutt","floor":3},{"not_picked":["True Grit","Wild Strike"],"picked":"Barricade","floor":5},{"not_picked":["Heavy Blade","Hemokinesis"],"picked":"Body Slam","floor":7},{"not_picked":["Shockwave","Twin Strike"],"picked":"True Grit","floor":8},{"not_picked":["Rupture","Clash","Havoc"],"picked":"SKIP","floor":10}],"player_experience":158043,"relics_obtained":[{"floor":8,"key":"Odd Mushroom"},{"floor":9,"key":"Toy Ornithopter"}],"event_choices":[{"damage_healed":0,"gold_gain":0,"player_choice":"Fought Mushrooms","damage_taken":0,"max_hp_gain":0,"max_hp_loss":0,"event_name":"Mushrooms","floor":8,"gold_loss":0},{"damage_healed":0,"gold_gain":0,"player_choice":"Success","damage_taken":18,"relics_obtained":["MealTicket"],"max_hp_gain":0,"max_hp_loss":0,"event_name":"Scrap Ooze","floor":12,"gold_loss":0},{"damage_healed":0,"gold_gain":0,"player_choice":"Lose Max HP","damage_taken":0,"relics_obtained":["Golden Idol"],"max_hp_gain":0,"max_hp_loss":6,"event_name":"Golden Idol","floor":14,"gold_loss":0}],"is_beta":false,"boss_relics":[],"items_purged_floors":[13],"is_endless":false,"potions_floor_spawned":[7,8,10],"killed_by":"Slime Boss","ascension_level":5}}