{"host":"pdq28s6637cpsst2","time":1613755573,"event":{"mods":["BaseMod","Colored Map","Colored Powertips","Highlight Path","Minty Spire (QoL Compilation)","Permanent Neow","Quick Restart","StSLib"],"gold_per_floor":[113,129,147,147,160,160,195,145,227,227,227,227],"floor_reached":11,"language":"ENG","playtime":707,"items_purged":[],"score":102,"play_id":"c14f8a7f-51e8-450f-bf02-e6dacde5d90a","local_time":"20210219122613","is_ascension_mode":true,"campfire_choices":[{"floor":6.0,"key":"REST"},{"floor":10,"key":"REST"}],"circlet_count":0,"master_deck":["Strike_G","Strike_G","Strike_G","Strike_G","Defend_G","Defend_G","Defend_G","Defend_G","Defend_G","Survivor","Neutralize","Wraith Form v2","Flying Knee","Blade Dance","PiercingWail"],"relics":["Ring of the Snake","Turnip"],"acts_visited":["Exordium"],"potions_floor_usage":[7,7],"damage_taken":[{"damage":4.0,"enemies":"2 Louse","floor":1.0,"turns":3.0},{"damage":1.0,"enemies":"Jaw Worm","floor":2.0,"turns":4.0},{"damage":4.0,"enemies":"Small Slimes","floor":3.0,"turns":3.0},{"damage":0.0,"enemies":"Exordium Wildlife","floor":5.0,"turns":3.0},{"damage":29,"enemies":"Lagavulin","floor":7,"turns":9},{"damage":38,"enemies":"3 Sentries","floor":11,"turns":10}],"seed_played":"-1905134030144162754","potions_obtained":[{"floor":3.0,"key":"SpeedPotion"},{"floor":5.0,"key":"Explosive Potion"}],"is_trial":false,"path_per_floor":["M","M","M","?","M","R","E","?","T","R","E"],"character_chosen":"THE_SILENT","items_purchased":[],"campfire_rested":2,"item_purchase_floors":[],"current_hp_per_floor":[41,40,36,36,36,57,28,28,28,49,11,11],"gold":227,"neow_bonus":"THREE_RARE_CARDS","is_daily":false,"chose_seed":false,"campfire_upgraded":0,"win_rate":0.0,"timestamp":1613755573,"path_taken":["M","M","M","?","M","R","E","?","T","R","E"],"items_purchased_type":[],"build_version":"2020-12-22","purchased_purges":0,"victory":false,"max_hp_per_floor":[70,70,70,70,70,70,70,70,70,70,70,70],"card_choices":[{"not_picked":["Tools of the Trade","Grand Finale"],"picked":"Wraith Form v2","floor":0.0},{"not_picked":["Deflect","Tactician"],"picked":"Flying Knee","floor":1.0},{"not_picked":["Cloak And Dagger","Outmaneuver"],"picked":"Blade Dance","floor":2.0},{"not_picked":["Prepared","Poisoned Stab","Finisher"],"picked":"SKIP","floor":3.0},{"not_picked":["Flechettes","Poisoned Stab","Concentrate"],"picked":"SKIP","floor":5.0},{"not_picked":["Doppelganger","Underhanded Strike"],"picked":"PiercingWail","floor":7}],"player_experience":266219,"relics_obtained":[{"floor":7,"key":"Turnip"}],"event_choices":[{"damage_healed":0.0,"max_hp_gain":0.0,"max_hp_loss":0.0,"gold_gain":0.0,"event_name":"Liars Game","player_choice":"Ignored","floor":4.0,"gold_loss":0.0,"damage_taken":0.0},{"cards_removed":["Strike_G"],"damage_healed":0,"gold_gain":0,"player_choice":"Card Removal","damage_taken":0,"max_hp_gain":0,"max_hp_loss":0,"event_name":"The Cleric","floor":8,"gold_loss":50}],"is_beta":false,"boss_relics":[],"items_purged_floors":[],"is_endless":false,"potions_floor_spawned":[3,5],"killed_by":"3 Sentries","ascension_level":8}}