{"host":"Luke","time":1613755227,"event":{"mods":["BaseMod","Downfall","Hermit","Minty Spire (QoL Compilation)","StSLib","The Exalted"],"gold_per_floor":[16,36,36,36,50,82,82,104,104,279,298,298,337,357,357,467,467,488,488,448,202,222,222,263,298,370,57,77,77,77,112,112,294,294,319,358,363,363],"floor_reached":37,"language":"ENG","playtime":2722,"items_purged":["hermit:Strike_Hermit"],"score":444,"play_id":"c099cc88-0aac-4f18-b895-4288ba03ecb3","local_time":"20210219172026","is_ascension_mode":false,"campfire_choices":[{"floor":12,"key":"REST"},{"data":"hermit:GoldenBullet","floor":15,"key":"SMITH"},{"floor":23,"key":"REST"},{"floor":29,"key":"REST"},{"floor":32,"key":"REST"}],"circlet_count":0,"master_deck":["hermit:Strike_Hermit","hermit:Strike_Hermit","hermit:Strike_Hermit","hermit:Defend_Hermit","hermit:Defend_Hermit","hermit:Defend_Hermit","hermit:Defend_Hermit","hermit:Snapshot","hermit:Covet","hermit:NoHoldsBarred","hermit:Scavenge","hermit:Glare","Doubt","hermit:GoldenBullet+1","hermit:Determination","hermit:DeadOrAlive","hermit:BlackWind","CurseOfTheBell","hermit:Midnight+1","RitualDagger+1","hermit:Vantage+1","hermit:Manifest+1","hermit:Desperado+1","hermit:EyeOfTheStorm+1"],"relics":["hermit:ClaspedLocket","Bromod:ArcaneAegis","Matryoshka","Orichalcum","Bromod:ArcaneVictory","Bromod:ArcaneAwakening","Calling Bell","Boot","Toxic Egg 2","Du-Vu Doll","Strange Spoon","Bottled Lightning","Singing Bowl","Letter Opener","Peace Pipe"],"acts_visited":["Exordium","TheCity","TheBeyond"],"potions_floor_usage":[6,13,14,22,24,31,31,33,36,37],"damage_taken":[{"damage":0,"enemies":"Cultist","floor":1,"turns":3},{"damage":0,"enemies":"Small Slimes","floor":2,"turns":1},{"damage":0,"enemies":"2 Louse","floor":5,"turns":2},{"damage":44,"enemies":"Lagavulin","floor":6,"turns":6},{"damage":2,"enemies":"Blue Slaver","floor":8,"turns":4},{"damage":1,"enemies":"2 Fungi Beasts","floor":11,"turns":3},{"damage":3,"enemies":"3 Sentries","floor":13,"turns":4},{"damage":1,"enemies":"Red Slaver","floor":14,"turns":2},{"damage":37,"enemies":"Hexaghost","floor":16,"turns":9},{"damage":12,"enemies":"Chosen","floor":18,"turns":8},{"damage":21,"enemies":"Spheric Guardian","floor":22,"turns":4},{"damage":46,"enemies":"Gremlin Leader","floor":24,"turns":8},{"damage":0,"enemies":"Snecko","floor":25,"turns":3},{"damage":11,"enemies":"Cultist and Chosen","floor":28,"turns":5},{"damage":11,"enemies":"Book of Stabbing","floor":31,"turns":4},{"damage":55,"enemies":"Collector","floor":33,"turns":9},{"damage":32,"enemies":"3 Darklings","floor":35,"turns":5},{"damage":1,"enemies":"Orb Walker","floor":36,"turns":3},{"damage":74,"enemies":"2 Orb Walkers","floor":37,"turns":4}],"seed_played":"-5553578329222606845","potions_obtained":[{"floor":1,"key":"champ:CounterPotion"},{"floor":5,"key":"Ancient Potion"},{"floor":8,"key":"Block Potion"},{"floor":13,"key":"EssenceOfSteel"},{"floor":18,"key":"AttackPotion"},{"floor":28,"key":"SkillPotion"},{"floor":30,"key":"champ:CounterPotion"},{"floor":30,"key":"hexamod:SoulburnPotion"},{"floor":35,"key":"hermit:Tonic"},{"floor":36,"key":"BlessingOfTheForge"}],"is_trial":false,"path_per_floor":["M","M","$","?","M","E","$","M","T","?","M","R","E","M","R","B",null,"M","?","?","$","M","R","E","M","T","$","M","R","?","E","R","B",null,"M","M","?"],"character_chosen":"HERMIT","items_purchased":["Strange Spoon","hermit:Vantage+1","hermit:EyeOfTheStorm+1","Letter Opener"],"campfire_rested":4,"item_purchase_floors":[21,21,27,27],"current_hp_per_floor":[89,89,89,89,89,45,45,43,43,43,44,70,70,70,70,34,89,78,72,72,72,52,78,38,39,39,39,32,59,59,51,78,30,95,70,72,0,0],"gold":363,"neow_bonus":"TWENTY_PERCENT_HP_BONUS","is_daily":false,"chose_seed":false,"campfire_upgraded":1,"win_rate":0.0,"timestamp":1613755226,"path_taken":["M","?","$","?","?","E","$","M","T","?","M","R","E","M","R","BOSS","M","?","?","$","?","R","E","?","T","$","M","R","?","E","R","BOSS","M","?","?"],"items_purchased_type":["Relic","Card","Card","Relic"],"build_version":"2020-12-18","purchased_purges":1,"victory":false,"max_hp_per_floor":[89,89,89,89,89,89,89,89,89,89,89,89,89,89,89,89,89,89,89,89,89,89,89,89,89,89,89,91,91,91,93,93,95,95,97,99,99,99],"card_choices":[{"not_picked":["hermit:Brawl","hermit:Feint"],"picked":"hermit:NoHoldsBarred","floor":1},{"not_picked":["hermit:Headshot","hermit:TrackingShot"],"picked":"hermit:ShadowCloak","floor":2},{"not_picked":["hermit:Headshot","hermit:Combo","hermit:ItchyTrigger"],"picked":"SKIP","floor":5},{"not_picked":["hermit:Coalescence","hermit:EyeOfTheStorm"],"picked":"hermit:Scavenge","floor":6},{"not_picked":["hermit:LowProfile","hermit:ItchyTrigger"],"picked":"hermit:Glare","floor":8},{"not_picked":["hermit:Ricochet","hermit:BodyArmor"],"picked":"hermit:GoldenBullet","floor":11},{"not_picked":["hermit:Manifest","hermit:CalledShot"],"picked":"hermit:Determination","floor":13},{"not_picked":["hermit:Vantage","hermit:Misfire"],"picked":"hermit:DeadOrAlive","floor":14},{"not_picked":["hermit:Purgatory","hermit:HighNoon"],"picked":"hermit:BlackWind","floor":16},{"not_picked":["hermit:Misfire","hermit:LoneWolf+1"],"picked":"hermit:Midnight+1","floor":18},{"not_picked":["hermit:Glare+1","hermit:TrackingShot","hermit:Misfire"],"picked":"SKIP","floor":22},{"not_picked":["hermit:Enervate","hermit:FullyLoaded+1"],"picked":"hermit:Manifest+1","floor":24},{"not_picked":["hermit:Ricochet","hermit:Feint+1"],"picked":"hermit:Desperado+1","floor":25},{"not_picked":["hermit:ItchyTrigger+1","hermit:Coalescence+1","hermit:Roulette+1"],"picked":"Singing Bowl","floor":28},{"not_picked":["hermit:Glare+1","hermit:Misfire","hermit:Manifest+1"],"picked":"Singing Bowl","floor":31},{"not_picked":["hermit:EternalForm","hermit:BlackWind","hermit:HighNoon"],"picked":"Singing Bowl","floor":33},{"not_picked":["hermit:BodyArmor+1","hermit:LowProfile+1","hermit:Desperado+1"],"picked":"Singing Bowl","floor":35},{"not_picked":["hermit:HighCaliber+1","hermit:Desperado","hermit:CalledShot"],"picked":"Singing Bowl","floor":36}],"player_experience":758117,"relics_obtained":[{"floor":6,"key":"Matryoshka"},{"floor":9,"key":"Orichalcum"},{"floor":9,"key":"Bromod:ArcaneVictory"},{"floor":13,"key":"Bromod:ArcaneAwakening"},{"floor":17,"key":"Boot"},{"floor":17,"key":"Toxic Egg 2"},{"floor":17,"key":"Du-Vu Doll"},{"floor":24,"key":"Bottled Lightning"},{"floor":26,"key":"Singing Bowl"},{"floor":31,"key":"Peace Pipe"}],"event_choices":[{"cards_removed":["hermit:ShadowCloak"],"damage_healed":0,"gold_gain":0,"player_choice":"Gave Card","damage_taken":0,"relics_obtained":["Bromod:ArcaneAegis"],"max_hp_gain":0,"max_hp_loss":0,"event_name":"WeMeetAgain","floor":4,"gold_loss":0},{"damage_healed":0,"gold_gain":175,"player_choice":"AGREE","damage_taken":0,"max_hp_gain":0,"max_hp_loss":0,"event_name":"Liars Game","floor":10,"gold_loss":0,"cards_obtained":["Doubt"]},{"damage_healed":0,"gold_gain":0,"player_choice":"Joined the Cult","damage_taken":6,"max_hp_gain":0,"max_hp_loss":0,"event_name":"Nest","floor":19,"gold_loss":0,"cards_obtained":["RitualDagger"]},{"damage_healed":0,"gold_gain":0,"player_choice":"Upgrade","damage_taken":0,"max_hp_gain":0,"max_hp_loss":0,"event_name":"Designer","floor":20,"gold_loss":40,"cards_upgraded":["RitualDagger"]},{"damage_healed":0,"gold_gain":0,"player_choice":"Got Potions","damage_taken":0,"max_hp_gain":0,"max_hp_loss":0,"event_name":"Lab","floor":30,"gold_loss":0},{"damage_healed":0,"gold_gain":0,"player_choice":"Fight","damage_taken":0,"max_hp_gain":0,"max_hp_loss":0,"event_name":"Mysterious Sphere","floor":37,"gold_loss":0}],"is_beta":true,"boss_relics":[{"not_picked":["hermit:DentedPlate","Bromod:ArcaneGrace"],"picked":"Calling Bell"},{"not_picked":["bronze:MakeshiftBattery","Busted Crown"],"picked":"hermit:ClaspedLocket"}],"items_purged_floors":[21],"is_endless":false,"potions_floor_spawned":[1,5,8,13,18,28,35,36],"killed_by":"2 Orb Walkers","ascension_level":0}}