{"host":"bg0cyinkrjnqf173","time":1613709088,"event":{"mods":["2.2 Compatiblity","Aspiration","BaseMod","Beaked The Cultist","Better Third Choice","BetterRewards","Colored Map","Conspire","Curses Come First","Defuse TimeMaze Blight","Displayed Cursed Tome","Googly Eyes","Halation","Hubris","Infinite Spire","Jedi Mod","Minty Spire (QoL Compilation)","Permanent Neow","Quick Restart","Rare Cards Sparkle","Relic Sorter","Reliquary","Replay The Spire","Shop Mod","Spicy Shops","Spikes Relics","StSLib","The Bladedancer","The Construct","The Valiant","Uncapped"],"gold_per_floor":[115,115,115,127,289,289,289,289,289,289,289,140,140,140,140,140,140,140,140,140,140,140,140,140,46,46,46,46,46,46,46,46,50,50,62,78,89,89,101,135,135,135,135,185,198,51,51,51,51,148,148,151,159,169,180,180,194,192,267,267,267,292,292,140,154,154,248,248,260,260,267,112,112,139,139,139,212,212,215,226,234,240,240,321,321,331,431,431,439,417,417,446,443,524,532,555,543,548,553,553,610,610,624,642,655,667,679,699,699,727,750,750,750,756,756,756,756,849,849,852,868,877,882,897,897,922,925,950,937,937,957,968,968,968,1056,1056,1068,1068,1075,1000,1010,1029,1029,1031,1058,903,930,830,843,860,860,947,947,947,756,778,763,763],"floor_reached":157,"language":"ENG","playtime":4541,"items_purged":["hubris:Lust","hubris:Compulsion"],"score":3840,"play_id":"744212be-48af-4105-8763-c67d0c1cbfa6","local_time":"20210218233128","is_ascension_mode":true,"campfire_choices":[{"data":"Heavy Blade","floor":7.0,"key":"SMITH"},{"data":"Limit Break","floor":10.0,"key":"SMITH"},{"data":"Pot Of Greed","floor":15.0,"key":"SMITH"},{"data":"Limit Break","floor":24.0,"key":"SMITH"},{"data":"Flex","floor":32.0,"key":"SMITH"},{"data":"Heavy Blade","floor":41.0,"key":"SMITH"},{"data":"Invigoration","floor":47.0,"key":"SMITH"},{"data":"Hemogenesis","floor":49.0,"key":"SMITH"},{"data":"Reaper","floor":61.0,"key":"SMITH"},{"data":"Sword Boomerang","floor":63.0,"key":"SMITH"},{"data":"Pot Of Greed","floor":66.0,"key":"SMITH"},{"data":"infinitespire:Punishment","floor":76.0,"key":"SMITH"},{"data":"Dual Wield","floor":78.0,"key":"SMITH"},{"data":"Heavy Blade","floor":83.0,"key":"SMITH"},{"data":"ReplayTheSpireMod:Stacked","floor":88.0,"key":"SMITH"},{"data":"Shrug It Off","floor":91.0,"key":"SMITH"},{"data":"Massacre","floor":100.0,"key":"SMITH"},{"data":"jedi:strikingstrike","floor":109,"key":"SMITH"},{"data":"Shrug It Off","floor":112,"key":"SMITH"},{"data":"Sword Boomerang","floor":115,"key":"SMITH"},{"data":"Magnetism","floor":117,"key":"SMITH"},{"data":"jedi:harder","floor":125,"key":"SMITH"},{"data":"Spot Weakness","floor":143,"key":"SMITH"},{"data":"Shrug It Off","floor":154,"key":"SMITH"}],"circlet_count":0,"master_deck":["WreathOfFlame+1","Bash+1","Limit Break+1","Spot Weakness+1","Twin Strike","Heavy Blade+1","Pot Of Greed+1","Sword Boomerang+1","Reaper+1","Carnage","Pommel Strike","Battle Trance","Limit Break+1","Flex+1","Dual Wield+1","Pot Of Greed+1","Heavy Blade+1","Hemogenesis+1","Invigoration+1","BarbarianYell+1","ReplayTheSpireMod:Stacked+1","Sword Boomerang+1","infinitespire:Punishment+1","Limit Break+1","Cleave+1","Heavy Blade+1","Shrug It Off+1","Pot Of Greed+1","ReplayTheSpireMod:Muscle Training+1","Massacre+1","Shrug It Off+1","jedi:strikingstrike+1","jedi:harder+1","Spot Weakness+1","Pummel","Shrug It Off+1","Overencumbered","Pot Of Greed+1","Iron Wave"],"relics":["Burning Blood","halation:RedSoulGem","hubris:Icosahedron","jedi:ominousloannote","Iron Hammer","PreservedInsect","halation:PromiseList","Grinning Jar","conspire:DeflatedDodgeball","ClockworkSouvenir","construct:ClawGrip","infinitespire:PuzzleCube","RollingBoulder","jedi:crownofsimplicity","Spirit Poop","halation:PinkAlligatorPlush","jedi:cryingmask","hubris:BottledRain","Champion Belt","MerchantsRug","aspiration:PoetsPen_weak","hubris:EvacipatedBox","MiniBlackHole","Replay:WaspNest","jedi:arcanewood","reliquary:FingerTrap","reliquary:RustamsPendant","aspiration:Nostalgia","Ring of the Snake","aspiration:Lifesprig","hubris:Metronome","Sozu","Lantern","jedi:Pinwheel","Oddly Smooth Stone","Cursed Key","infinitespire:FocusingShard","conspire:BottledYoYo","halation:KoshaPiece","Replay:Wax Seal","Pandora\u0027s Box","aspiration:ArtOfWarUpgrade","halation:AfternoonTea","Paper Frog","hubris:Backtick","hubris:OldNail","halation:BlackBeret","reliquary:SharkskinSheath","Tiny Chest","hubris:TinFlute","Philosopher\u0027s Stone","Brimstone","ReplayTheSpireMod:Spearhead"],"acts_visited":["Exordium","TheCity","TheBeyond","Exordium","TheCity","TheBeyond","TheCity","TheBeyond","TheEnding"],"potions_floor_usage":[],"damage_taken":[{"damage":8.0,"enemies":"Jaw Worm","floor":1.0,"turns":4.0},{"damage":7.0,"enemies":"Small Slimes","floor":4.0,"turns":3.0},{"damage":21.0,"enemies":"Lagavulin","floor":6.0,"turns":5.0},{"damage":9.0,"enemies":"Replay:BlueRogue","floor":8.0,"turns":4.0},{"damage":16.0,"enemies":"Gremlin Nob","floor":13.0,"turns":3.0},{"damage":5.0,"enemies":"2 Louse","floor":14.0,"turns":2.0},{"damage":38.0,"enemies":"The Guardian","floor":16.0,"turns":8.0},{"damage":16.0,"enemies":"3 Byrds","floor":18.0,"turns":5.0},{"damage":0.0,"enemies":"Chosen","floor":19.0,"turns":4.0},{"damage":0.0,"enemies":"Snecko","floor":20.0,"turns":3.0},{"damage":8.0,"enemies":"Centurion and Healer","floor":21.0,"turns":4.0},{"damage":14.0,"enemies":"Snake Plant","floor":22.0,"turns":2.0},{"damage":15.0,"enemies":"Nightmare","floor":23.0,"turns":3.0},{"damage":0.0,"enemies":"Snecko","floor":27.0,"turns":3.0},{"damage":0.0,"enemies":"Gremlin Leader","floor":28.0,"turns":3.0},{"damage":16.0,"enemies":"Shelled Parasite and Fungi","floor":31.0,"turns":3.0},{"damage":6.0,"enemies":"Automaton","floor":33.0,"turns":4.0},{"damage":4.0,"enemies":"Orb Walker","floor":35.0,"turns":2.0},{"damage":14.0,"enemies":"3 Darklings","floor":36.0,"turns":3.0},{"damage":14.0,"enemies":"Writhing Mass","floor":37.0,"turns":2.0},{"damage":29.0,"enemies":"Jaw Worm Horde","floor":39.0,"turns":4.0},{"damage":6.0,"enemies":"Nemesis","floor":40.0,"turns":3.0},{"damage":27.0,"enemies":"Mind Bloom Boss Battle","floor":44.0,"turns":4.0},{"damage":25.0,"enemies":"3 Darklings","floor":45.0,"turns":5.0},{"damage":80.0,"enemies":"Awakened One","floor":50.0,"turns":9.0},{"damage":4.0,"enemies":"Jaw Worm","floor":52.0,"turns":2.0},{"damage":4.0,"enemies":"Cultist","floor":53.0,"turns":2.0},{"damage":4.0,"enemies":"Small Slimes","floor":54.0,"turns":2.0},{"damage":12.0,"enemies":"Looter","floor":55.0,"turns":2.0},{"damage":17.0,"enemies":"Lagavulin","floor":57.0,"turns":3.0},{"damage":6.0,"enemies":"Large Slime","floor":58.0,"turns":3.0},{"damage":16.0,"enemies":"3 Sentries","floor":62.0,"turns":3.0},{"damage":0.0,"enemies":"Exordium Thugs","floor":65.0,"turns":2.0},{"damage":0.0,"enemies":"Slime Boss","floor":67.0,"turns":2.0},{"damage":0.0,"enemies":"3 Byrds","floor":69.0,"turns":2.0},{"damage":0.0,"enemies":"Chosen","floor":71.0,"turns":1.0},{"damage":0.0,"enemies":"Book of Stabbing","floor":74.0,"turns":2.0},{"damage":0.0,"enemies":"Centurion and Healer","floor":79.0,"turns":2.0},{"damage":0.0,"enemies":"Snake Plant","floor":80.0,"turns":1.0},{"damage":0.0,"enemies":"Chosen and Byrds","floor":81.0,"turns":1.0},{"damage":0.0,"enemies":"Shelled Parasite and Fungi","floor":82.0,"turns":2.0},{"damage":44.0,"enemies":"Automaton","floor":84.0,"turns":3.0},{"damage":0.0,"enemies":"3 Darklings","floor":86.0,"turns":2.0},{"damage":0.0,"enemies":"3 Shapes","floor":89.0,"turns":2.0},{"damage":56.0,"enemies":"Transient","floor":90.0,"turns":4.0},{"damage":0.0,"enemies":"Reptomancer","floor":92.0,"turns":1.0},{"damage":0.0,"enemies":"4 Shapes","floor":93.0,"turns":2.0},{"damage":0.0,"enemies":"Sphere and 2 Shapes","floor":95.0,"turns":1.0},{"damage":0.0,"enemies":"Nemesis","floor":96.0,"turns":2.0},{"damage":0.0,"enemies":"Writhing Mass","floor":98.0,"turns":1.0},{"damage":0.0,"enemies":"Spire Growth","floor":99.0,"turns":2.0},{"damage":44.0,"enemies":"Donu and Deca","floor":101.0,"turns":5.0},{"damage":0,"enemies":"Small Slimes","floor":103,"turns":1},{"damage":0,"enemies":"Cultist","floor":104,"turns":1},{"damage":0,"enemies":"Jaw Worm","floor":105,"turns":1},{"damage":0,"enemies":"2 Fungi Beasts","floor":106,"turns":1},{"damage":0,"enemies":"Looter","floor":107,"turns":1},{"damage":0,"enemies":"3 Sentries","floor":108,"turns":1},{"damage":0,"enemies":"Lagavulin","floor":110,"turns":1},{"damage":0,"enemies":"Blue Slaver","floor":114,"turns":1},{"damage":0,"enemies":"Slime Boss","floor":118,"turns":1},{"damage":0,"enemies":"3 Byrds","floor":120,"turns":1},{"damage":0,"enemies":"Shell Parasite","floor":121,"turns":1},{"damage":0,"enemies":"Snake Plant","floor":122,"turns":1},{"damage":0,"enemies":"Shelled Parasite and Fungi","floor":123,"turns":1},{"damage":0,"enemies":"Chosen and Byrds","floor":124,"turns":1},{"damage":0,"enemies":"conspire:Head Lice","floor":126,"turns":1},{"damage":0,"enemies":"Snake Plant","floor":127,"turns":1},{"damage":0,"enemies":"conspire:HollyBat","floor":129,"turns":7},{"damage":0,"enemies":"Book of Stabbing","floor":131,"turns":1},{"damage":0,"enemies":"Chosen and Byrds","floor":132,"turns":1},{"damage":32,"enemies":"Champ","floor":135,"turns":2},{"damage":0,"enemies":"Orb Walker","floor":137,"turns":1},{"damage":13,"enemies":"3 Darklings","floor":139,"turns":2},{"damage":0,"enemies":"Spire Growth","floor":141,"turns":2},{"damage":0,"enemies":"R_Hoarder","floor":142,"turns":2},{"damage":0,"enemies":"Transient","floor":144,"turns":3},{"damage":0,"enemies":"Reptomancer","floor":147,"turns":2},{"damage":0,"enemies":"4 Shapes","floor":149,"turns":1},{"damage":0,"enemies":"beaked:SuperParasite","floor":150,"turns":1},{"damage":124,"enemies":"infinitespire:LordOfFortification","floor":152,"turns":2},{"damage":0,"enemies":"Shield and Spear","floor":156,"turns":1},{"damage":80,"enemies":"The Heart","floor":157,"turns":2}],"seed_played":"-2444389044851250881","potions_obtained":[{"floor":1.0,"key":"jedi:holywater"},{"floor":6.0,"key":"jedi:StrikingPotion"},{"floor":8.0,"key":"BloodPotion"},{"floor":16.0,"key":"SteroidPotion"},{"floor":23.0,"key":"jedi:hoardpotion"},{"floor":31.0,"key":"SpeedPotion"},{"floor":33.0,"key":"HeartOfIron"}],"is_trial":false,"path_per_floor":["M","?","?","M","$","E","R","E","T","R","T","$","E","M","R","B",null,"M","M","M","M","M","NM","R","$","T","M","E","?","?","M","R","B",null,"M","M","M","?","M","E","R","$","T","?","M","$","R","?","R_BF","B",null,"M","M","M","M","$","E","M","?","T","R","E","R","$","M","R","B",null,"M","?","M","$","?","E","$","R","T","R","M","M","M","M","R","B",null,"M","?","R","M","M","R","E","M","T","M","E","$","M","M","R","B",null,"M","M","M","M","M","E","R","E","T","R","?","M","R","AVR","R","B",null,"M","M","M","M","M","R","E","M","T","M","R","E","M","?","R","B",null,"M","?","M","$","M","E","R","M","T","$","E","NS","M","E","R_BF","B",null,"R","$","E","B"],"character_chosen":"IRONCLAD","items_purchased":["jedi:ominousloannote","Iron Hammer","PreservedInsect","ClockworkSouvenir","Flex","MerchantsRug","ReplayTheSpireMod:Stacked","reliquary:BrokenClock","hubris:EvacipatedBox","reliquary:FingerTrap","aspiration:Nostalgia","Shrug It Off","Tiny Chest","Iron Wave","Brimstone"],"campfire_rested":0,"item_purchase_floors":[5,5,5,12,25,46,46,56,56,64,72,97,146,155,155],"current_hp_per_floor":[78,78,78,77,77,62,62,59,59,59,59,59,65,66,66,34,80,70,76,80,78,70,61,61,61,61,67,73,73,73,63,63,63,80,80,80,72,72,61,72,72,72,72,68,57,57,57,57,57,18,80,80,80,80,80,51,54,71,60,60,60,58,58,58,64,64,80,80,80,80,80,80,80,80,80,80,80,80,80,80,80,80,80,80,80,80,80,80,80,30,30,36,42,42,48,54,54,60,66,66,44,80,80,80,80,80,80,80,80,80,80,80,80,80,80,80,80,80,80,80,80,80,80,80,80,80,80,80,80,80,80,80,80,80,80,80,80,80,73,73,79,80,80,80,80,80,80,80,80,80,80,80,80,80,80,80,0,0],"gold":763,"neow_bonus":"ONE_RANDOM_RARE_CARD","is_daily":false,"chose_seed":false,"campfire_upgraded":24,"win_rate":0.0,"timestamp":1613709088,"path_taken":["M","?","?","M","$","E","R","E","T","R","?","$","E","?","R","BOSS","M","M","M","M","M","NM","R","$","T","M","E","?","?","M","R","BOSS","M","M","?","?","?","E","R","$","T","?","M","$","R","?","R_BF","BOSS","M","M","M","M","?","E","?","?","T","R","E","R","$","M","R","BOSS","M","?","?","$","?","E","$","R","T","R","M","M","M","M","R","BOSS","M","?","?","M","M","R","E","M","T","M","E","$","M","M","R","BOSS","M","M","M","M","M","E","R","E","T","R","?","M","R","AVR","R","BOSS","M","M","M","M","?","R","E","M","T","M","R","E","M","?","R","BOSS","M","?","M","$","M","E","R","M","T","?","E","NS","M","E","R_BF","BOSS","R","$","E","BOSS"],"items_purchased_type":["Relic","Relic","Relic","Relic","Card","Relic","Card","Relic","Relic","Relic","Relic","Card","Relic","Card","Relic"],"build_version":"2020-12-22","purchased_purges":2,"victory":false,"max_hp_per_floor":[80,80,80,80,80,80,80,80,80,80,80,80,80,80,80,80,80,80,80,80,80,80,80,80,80,80,80,80,80,80,80,80,80,80,80,80,80,80,80,80,80,80,80,80,80,80,80,80,80,80,80,80,80,80,80,80,80,80,80,80,80,80,80,80,80,80,80,80,80,80,80,80,80,80,80,80,80,80,80,80,80,80,80,80,80,80,80,80,80,80,80,80,80,80,80,80,80,80,80,80,80,80,80,80,80,80,80,80,80,80,80,80,80,80,80,80,80,80,80,80,80,80,80,80,80,80,80,80,80,80,80,80,80,80,80,80,80,80,80,80,80,80,80,80,80,80,80,80,80,80,80,80,80,80,80,80,80,80],"card_choices":[{"not_picked":["Warcry","Feel No Pain"],"picked":"Spot Weakness","floor":1.0},{"not_picked":["Clothesline","jedi:hate"],"picked":"Twin Strike","floor":4.0},{"not_picked":["Clothesline","Immolate"],"picked":"Heavy Blade","floor":6.0},{"not_picked":["Dark Embrace","Intimidate","Evolve"],"picked":"SKIP","floor":8.0},{"not_picked":["Thunderclap","Hemokinesis","Armaments"],"picked":"SKIP","floor":13.0},{"not_picked":["Anger","Uppercut"],"picked":"Sword Boomerang","floor":14.0},{"not_picked":["Replay:Many Hands","Brutality"],"picked":"Reaper","floor":16.0},{"not_picked":["conspire:Charge","True Grit"],"picked":"Carnage","floor":18.0},{"not_picked":["Havoc+1","Rampage"],"picked":"Pommel Strike","floor":19.0},{"not_picked":["ReplayTheSpireMod:Strike From Hell","Sword Boomerang"],"picked":"Battle Trance","floor":20.0},{"not_picked":["True Grit","Berserk","Sword Boomerang+1"],"picked":"SKIP","floor":21.0},{"not_picked":["Rampage","BarbarianYell","Carnage"],"picked":"SKIP","floor":22.0},{"not_picked":["Perfected Strike","infinitespire:OneForAll"],"picked":"Limit Break","floor":23.0},{"not_picked":["Perfected Strike+1","Sword Boomerang"],"picked":"Dual Wield","floor":27.0},{"not_picked":["Uppercut","Sentinel+1","Headbutt"],"picked":"SKIP","floor":28.0},{"not_picked":["Clash+1","Life Link"],"picked":"Heavy Blade","floor":31.0},{"not_picked":["jedi:unlimitedpower","Offering"],"picked":"Hemogenesis","floor":33.0},{"not_picked":["hubris:ReadiedAction","Run Through"],"picked":"Invigoration","floor":35.0},{"not_picked":["Burning Pact","Anger"],"picked":"BarbarianYell","floor":36.0},{"not_picked":["Flex+1","Replay:Undeath\u0027s Touch","hubris:CleavingFinish"],"picked":"SKIP","floor":37.0},{"not_picked":["Anger+1","Rampage","Reckless Charge"],"picked":"SKIP","floor":39.0},{"not_picked":["True Grit","Sword Boomerang","Twin Strike+1"],"picked":"SKIP","floor":40.0},{"not_picked":["Thunderclap","Twin Strike+1","Perfected Strike"],"picked":"SKIP","floor":45.0},{"not_picked":["Perfected Strike","Battle Trance","Rampage"],"picked":"SKIP","floor":52.0},{"not_picked":["Iron Wave","Second Wind","Invigoration"],"picked":"SKIP","floor":53.0},{"not_picked":["Blood for Blood","Disarm"],"picked":"Sword Boomerang","floor":54.0},{"not_picked":["Clash","Pommel Strike","Combust"],"picked":"SKIP","floor":55.0},{"not_picked":["ReplayReversal","Armaments","Fire Breathing"],"picked":"SKIP","floor":57.0},{"not_picked":["ReplayTheSpireMod:Stacked","True Grit","Infernal Blade"],"picked":"SKIP","floor":58.0},{"not_picked":["Run Through","True Grit","jedi:bloodyhammer"],"picked":"SKIP","floor":62.0},{"not_picked":["Shockwave","Perfected Strike","Wild Strike"],"picked":"SKIP","floor":65.0},{"not_picked":["hubris:InfiniteBlow","infinitespire:Menacing"],"picked":"infinitespire:Punishment","floor":68.0},{"not_picked":["Reckless Charge","Run Through","Life Link"],"picked":"SKIP","floor":69.0},{"not_picked":["Defy Death+1","ReplayReversal","Sever Soul"],"picked":"SKIP","floor":71.0},{"not_picked":["jedi:controlledanger","Twin Strike"],"picked":"Cleave+1","floor":74.0},{"not_picked":["Sword Boomerang","Cleave","Headbutt"],"picked":"SKIP","floor":79.0},{"not_picked":["True Grit","Twin Strike"],"picked":"Heavy Blade","floor":80.0},{"not_picked":["Absolvement","ReplayTheSpireMod:Strike From Hell","Havoc"],"picked":"SKIP","floor":81.0},{"not_picked":["Fire Breathing","Barricade","Disarm"],"picked":"SKIP","floor":82.0},{"not_picked":["Cleave","Seeing Red+1","Clash"],"picked":"SKIP","floor":86.0},{"not_picked":["Rampage","Carnage","Headbutt"],"picked":"SKIP","floor":89.0},{"not_picked":["Brutality","Thunderclap+1"],"picked":"Shrug It Off","floor":90.0},{"not_picked":["ReplayTheSpireMod:Limb From Limb","Replay:Undeath\u0027s Touch+1"],"picked":"ReplayTheSpireMod:Muscle Training+1","floor":92.0},{"not_picked":["True Grit","Clothesline+1","ReplayTheSpireMod:Strike From Hell+1"],"picked":"SKIP","floor":93.0},{"not_picked":["Rampage+1","Headbutt+1","Iron Wave"],"picked":"SKIP","floor":95.0},{"not_picked":["ReplayTheSpireMod:Stacked+1","Fire Breathing"],"picked":"Massacre","floor":96.0},{"not_picked":["Replay:Undeath\u0027s Touch","Iron Wave","Fire Breathing+1"],"picked":"SKIP","floor":98.0},{"not_picked":["Flex+1","Exhume","Warcry+1"],"picked":"SKIP","floor":99.0},{"not_picked":["Disarm","Run Through","Intimidate"],"picked":"SKIP","floor":103},{"not_picked":["True Grit","Perfected Strike","Battle Trance"],"picked":"SKIP","floor":104},{"not_picked":["Disarm","Iron Wave","jedi:hate"],"picked":"SKIP","floor":105},{"not_picked":["Shrug It Off","Body Slam"],"picked":"jedi:strikingstrike","floor":106},{"not_picked":["Evolve","Massacre","Intimidate"],"picked":"SKIP","floor":107},{"not_picked":["infinitespire:OneForAll","Havoc","Dropkick"],"picked":"SKIP","floor":108},{"not_picked":["Entrench","Clash","Iron Wave"],"picked":"SKIP","floor":110},{"not_picked":["ReplayTheSpireMod:Strike From Hell","Carnage","Replay:Many Hands"],"picked":"SKIP","floor":114},{"not_picked":["Berserk","Feed"],"picked":"jedi:harder","floor":118},{"not_picked":["True Grit","jedi:fear+1","Wild Strike+1"],"picked":"SKIP","floor":120},{"not_picked":["Clothesline","Run Through","True Grit"],"picked":"SKIP","floor":121},{"not_picked":["ReplayTheSpireMod:Muscle Training","Feel No Pain","Armaments"],"picked":"SKIP","floor":122},{"not_picked":["Clash","Headbutt","Iron Wave"],"picked":"SKIP","floor":123},{"not_picked":["hubris:ReadiedAction+1","Havoc+1"],"picked":"Spot Weakness","floor":124},{"not_picked":["Flame Barrier","ReplayTheSpireMod:Muscle Training"],"picked":"Pummel","floor":126},{"not_picked":["Sever Soul","Second Wind","Run Through"],"picked":"SKIP","floor":127},{"not_picked":["Warcry","Sword Boomerang","Headbutt"],"picked":"SKIP","floor":129},{"not_picked":["jedi:strikingstrike","Clothesline","Reckless Charge"],"picked":"SKIP","floor":131},{"not_picked":["Abandon+1","Iron Wave","Defy Death+1"],"picked":"SKIP","floor":132},{"not_picked":["Body Slam","True Grit","Havoc+1"],"picked":"SKIP","floor":137},{"not_picked":["Havoc","hubris:ReadiedAction+1","hubris:CleavingFinish"],"picked":"SKIP","floor":139},{"not_picked":["Dark Embrace","Shrug It Off","Sword Boomerang+1"],"picked":"SKIP","floor":141},{"not_picked":["Dark Embrace","Sword Boomerang+1"],"picked":"Shrug It Off","floor":141},{"not_picked":["Dual Wield","Headbutt+1"],"picked":"conspire:Charge+1","floor":142},{"not_picked":["Body Slam+1","Clothesline","Perfected Strike+1"],"picked":"SKIP","floor":144},{"not_picked":["Berserk","BarbarianYell+1","Pummel"],"picked":"SKIP","floor":147},{"not_picked":["hubris:ReadiedAction+1","Absolvement","Dual Wield"],"picked":"SKIP","floor":149},{"not_picked":["Wild Strike","Clothesline","True Grit+1"],"picked":"SKIP","floor":150},{"not_picked":["Feel No Pain","Feed","Rupture"],"picked":"SKIP","floor":156}],"player_experience":902397,"relics_obtained":[{"floor":6.0,"key":"halation:PromiseList"},{"floor":8.0,"key":"Grinning Jar"},{"floor":9.0,"key":"conspire:DeflatedDodgeball"},{"floor":11.0,"key":"reliquary:Buckler"},{"floor":13.0,"key":"reliquary:PrincelyHelmet"},{"floor":23.0,"key":"infinitespire:PuzzleCube"},{"floor":26.0,"key":"RollingBoulder"},{"floor":28.0,"key":"jedi:crownofsimplicity"},{"floor":40.0,"key":"jedi:cryingmask"},{"floor":43.0,"key":"hubris:BottledRain"},{"floor":44.0,"key":"Champion Belt"},{"floor":57.0,"key":"MiniBlackHole"},{"floor":60.0,"key":"Replay:WaspNest"},{"floor":62.0,"key":"jedi:arcanewood"},{"floor":74.0,"key":"aspiration:Lifesprig"},{"floor":77.0,"key":"hubris:Metronome"},{"floor":92.0,"key":"Lantern"},{"floor":94.0,"key":"jedi:Pinwheel"},{"floor":96.0,"key":"Oddly Smooth Stone"},{"floor":108,"key":"infinitespire:FocusingShard"},{"floor":110,"key":"conspire:BottledYoYo"},{"floor":111,"key":"halation:KoshaPiece"},{"floor":126,"key":"Art of War"},{"floor":128,"key":"halation:AfternoonTea"},{"floor":131,"key":"Paper Frog"},{"floor":142,"key":"halation:BlackBeret"},{"floor":145,"key":"reliquary:SharkskinSheath"},{"floor":150,"key":"hubris:TinFlute"},{"floor":156,"key":"ReplayTheSpireMod:Spearhead"}],"event_choices":[{"damage_healed":0.0,"max_hp_gain":0.0,"max_hp_loss":0.0,"gold_gain":0.0,"event_name":"conspire:Investor","player_choice":"Leave","floor":2.0,"gold_loss":0.0,"damage_taken":0.0},{"damage_healed":0.0,"max_hp_gain":0.0,"max_hp_loss":9.0,"gold_gain":0.0,"event_name":"betterThird:BetterWriting","player_choice":"Simplicity","floor":29.0,"gold_loss":0.0,"damage_taken":0.0},{"cards_removed":["Injury"],"damage_healed":0.0,"max_hp_gain":0.0,"max_hp_loss":0.0,"gold_gain":0.0,"event_name":"Bonfire Elementals","player_choice":"Offered Curse","floor":30.0,"gold_loss":0.0,"damage_taken":0.0,"relics_obtained":["Spirit Poop"]},{"damage_healed":0.0,"max_hp_gain":0.0,"max_hp_loss":0.0,"gold_gain":0.0,"cards_transformed":["Pot Of Greed"],"event_name":"Transmorgrifier","player_choice":"Transformed","floor":38.0,"gold_loss":0.0,"damage_taken":0.0,"cards_obtained":["Magnetism"]},{"damage_healed":0.0,"max_hp_gain":0.0,"max_hp_loss":0.0,"gold_gain":0.0,"event_name":"MindBloom","player_choice":"Fight","floor":44.0,"gold_loss":0.0,"damage_taken":0.0},{"damage_healed":0.0,"max_hp_gain":0.0,"max_hp_loss":0.0,"gold_gain":0.0,"event_name":"Accursed Blacksmith","player_choice":"Forge","floor":48.0,"gold_loss":0.0,"damage_taken":0.0,"cards_upgraded":["BarbarianYell"]},{"damage_healed":0.0,"max_hp_gain":0.0,"max_hp_loss":0.0,"gold_gain":75.0,"event_name":"betterThird:BetterGoop","player_choice":"Gold","floor":59.0,"gold_loss":0.0,"damage_taken":11.0},{"damage_healed":0.0,"max_hp_gain":0.0,"max_hp_loss":0.0,"gold_gain":0.0,"event_name":"Duplicator","player_choice":"Copied","floor":70.0,"gold_loss":0.0,"damage_taken":0.0,"cards_obtained":["Limit Break"]},{"damage_healed":0.0,"max_hp_gain":0.0,"max_hp_loss":0.0,"gold_gain":100.0,"event_name":"Golden Shrine","player_choice":"Pray","floor":87.0,"gold_loss":0.0,"damage_taken":0.0},{"damage_healed":0,"gold_gain":0,"player_choice":"Forge","damage_taken":0,"max_hp_gain":0,"max_hp_loss":0,"event_name":"Accursed Blacksmith","floor":113,"gold_loss":0,"cards_upgraded":["Pot Of Greed"]}],"is_beta":false,"boss_relics":[{"not_picked":["halation:Yufonium","aspiration:RunicSpoon"],"picked":"construct:ClawGrip"},{"not_picked":["conspire:RunicOctahedron","Electric Blood"],"picked":"halation:PinkAlligatorPlush"},{"not_picked":["conspire:SpecialSausage","SacredBark"],"picked":"aspiration:PoetsPen_weak"},{"not_picked":["halation:LoveArrow","reliquary:Craggleroot","CosmicIsotope"],"picked":"reliquary:RustamsPendant"},{"not_picked":["reliquary:KinkedSpring","Honey Jar","halation:ForbiddenBikini"],"picked":"Sozu"},{"not_picked":["Runic Dome","aspiration:FutureDiary","Astrolabe"],"picked":"Cursed Key"},{"not_picked":["reliquary:Craggleroot","reliquary:Ember","reliquary:KinkedSpring"],"picked":"Pandora\u0027s Box"},{"not_picked":["halation:Yufonium","reliquary:RedPaperclip","Coffee Dripper"],"picked":"hubris:Backtick"},{"not_picked":["hubris:BlackHole","Runic Pyramid","Runic Dome"],"picked":"Philosopher\u0027s Stone"}],"items_purged_floors":[116,140],"is_endless":true,"potions_floor_spawned":[1,6,8,16,20,22,23,31,33,36,39,44,45,52,55,62,67,71,80,81,82,89,92,95,99,101,104,105,106,108,121,124,129,131,135,139,142,150,152],"killed_by":"The Heart","ascension_level":1}}