{"host":"5td1gsj4mnrioltg","time":1613720778,"event":{"mods":["2.2 Compatiblity","AchievementEnabler","Act Like it!","Aspiration","BaseMod","Beaked The Cultist","Better Altar","Better Match","Better Note","Better Sensory Stone","Better Silent Start","Better Skull","Better Third Choice","Better Vampires","BetterRewards","Bossed Relics","Colored Map","Colored Powertips","Displayed Cursed Tome","Downfall","Emptier Cage","Evolution","Friendly Minions","GifTheSpireLib","Highlight Path","Ironclad Rager","Jedi Mod","JesterMod","Mad Scientist","Menagerie","Minty Spire (QoL Compilation)","Permanent Neow","Quick Restart","Reliquary","Replay The Spire","Reworked Bosses","Shade Mod","Shapeshifter Mod","Spicy Shops","StSLib","The Blue Laboratory","The Dragon Tamer","The Dragonkin","The Druid","The Elementalist","The Marked","The Necromancer","The Runesmith","Thieving Mod","Transform Curses","Wandering Minibosses"],"gold_per_floor":[117,132,9,84,101,101,130,130,130,130,147,26,40,50,50,149,149,169,169,169,94,112,112,124,23,23,57,67,67,96,106,106,203,203,213,213,225,125,143,143,169,169,192,192,192],"floor_reached":44,"language":"ENG","playtime":2433,"items_purged":["StSShapeShifter:Lynx_Form","StSShapeShifter:Tortoise_Form","StSShapeShifter:ShapeShifter_Strike","StSShapeShifter:ShapeShifter_Strike","StSShapeShifter:ShapeShifter_Strike","StSShapeShifter:ShapeShifter_Strike"],"score":578,"play_id":"277efa1e-5e9c-43c7-b0a0-79717da968bf","local_time":"20210218234618","is_ascension_mode":true,"campfire_choices":[{"data":"StSShapeShifter:WaspSwarmForm","floor":6,"key":"SMITH"},{"data":"StSShapeShifter:BaskInBloom","floor":8,"key":"SMITH"},{"floor":10,"key":"REST"},{"data":"StSShapeShifter:Evolution","floor":15,"key":"SMITH"},{"data":"StSShapeShifter:Summer","floor":23,"key":"SMITH"},{"floor":29,"key":"REST"},{"floor":32,"key":"REST"},{"data":"StSShapeShifter:Ensconce","floor":40,"key":"SMITH"},{"data":"StSShapeShifter:PoisonIvy","floor":42,"key":"SMITH"}],"circlet_count":0,"master_deck":["elementalist:Air_Emblem","elementalist:Air_Emblem","elementalist:Air_Emblem","StSShapeShifter:ShapeShifter_Strike","StSShapeShifter:ShapeShifter_Defend","StSShapeShifter:ShapeShifter_Defend","StSShapeShifter:ShapeShifter_Defend","StSShapeShifter:ShapeShifter_Defend","StSShapeShifter:BaskInBloom+1","StSShapeShifter:WaspSwarmForm+1","StSShapeShifter:Evolution+1","StSShapeShifter:VineHandcuffs","StSShapeShifter:Summer+1","StSShapeShifter:PoisonIvy+1","StSShapeShifter:Ensconce+1","StSShapeShifter:BarkSkin","StSShapeShifter:BarkSkin","StSShapeShifter:GoldenBerries","StSShapeShifter:ReplenishingNectar","StSShapeShifter:Summer","StSShapeShifter:Flourish+1"],"relics":["StSShapeShifter:AnimalHeart","StSShapeShifter:TheShapeShiftersMagnolia","EVO:Axolotl","NeowsBlessing","Membership Card","Runesmith:AutoHammer","Divine Protection","Replay:Wax Seal","Velvet Choker","elementalistmod:GreenCirclet","Blue Candle","BargainBundle","CaptainsWheel","jedi:Pinwheel","reliquary:TuningFork","Toy Ornithopter","Cursed Key","Omamori","Nunchaku","jedi:fakemustache","Bag of Marbles"],"acts_visited":["Exordium","TheCity","TheBeyond"],"potions_floor_usage":[7,13,18,22,22,24,27,33,37,38,41],"damage_taken":[{"damage":0,"enemies":"Cultist","floor":1,"turns":1},{"damage":0,"enemies":"Jaw Worm","floor":2,"turns":1},{"damage":0,"enemies":"Small Slimes","floor":5,"turns":1},{"damage":27,"enemies":"Gremlin Nob","floor":7,"turns":5},{"damage":0,"enemies":"Blue Slaver","floor":11,"turns":5},{"damage":3,"enemies":"Lots of Slimes","floor":13,"turns":3},{"damage":13,"enemies":"Red Slaver","floor":14,"turns":5},{"damage":23,"enemies":"Hexaghost","floor":16,"turns":14},{"damage":3,"enemies":"Spheric Guardian","floor":18,"turns":7},{"damage":0,"enemies":"2 Thieves","floor":22,"turns":4},{"damage":2,"enemies":"Cultist and Chosen","floor":24,"turns":5},{"damage":52,"enemies":"Gremlin Leader","floor":27,"turns":8},{"damage":8,"enemies":"Shelled Parasite and Fungi","floor":28,"turns":8},{"damage":8,"enemies":"Replay:Snechameleon","floor":30,"turns":7},{"damage":0,"enemies":"Snecko","floor":31,"turns":8},{"damage":25,"enemies":"bossMod:newCollector","floor":33,"turns":10},{"damage":2,"enemies":"3 Shapes","floor":35,"turns":7},{"damage":31,"enemies":"Orb Walker","floor":37,"turns":6},{"damage":23,"enemies":"Writhing Mass","floor":39,"turns":8},{"damage":0,"enemies":"R_Hoarder","floor":41,"turns":10},{"damage":106,"enemies":"Transient","floor":44,"turns":4}],"seed_played":"6038639327645915847","potions_obtained":[{"floor":1,"key":"blueLaboratory:LouseDecoction"},{"floor":5,"key":"blueLaboratory:FrostheartPotion"},{"floor":11,"key":"blueLaboratory:FrostheartPotion"},{"floor":14,"key":"AttackPotion"},{"floor":16,"key":"Explosive Potion"},{"floor":18,"key":"blueLaboratory:RecallPotion"},{"floor":22,"key":"blueLaboratory:HeartbeatPotion"},{"floor":28,"key":"blueLaboratory:HorrorPotion"},{"floor":33,"key":"Fire Potion"},{"floor":41,"key":"Milkshake"}],"is_trial":false,"path_per_floor":["M","M","$","?","M","R","E","R","T","R","M","$","M","M","R","B",null,"M","?","?","$","M","R","M","$","T","E","M","R","E","M","R","B",null,"M","?","M","$","M","R","E","R","T","M"],"character_chosen":"SHAPESHIFTER","items_purchased":["StSShapeShifter:WaspSwarmForm","StSShapeShifter:Evolution","Replay:Wax Seal","BargainBundle","StSShapeShifter:Ensconce","CaptainsWheel","ThievingMod:ThievingPotion"],"campfire_rested":3,"item_purchase_floors":[3,12,12,25,25,25,25],"current_hp_per_floor":[78,78,78,71,71,71,44,44,44,67,67,67,64,51,51,28,78,75,75,70,70,70,70,68,68,68,16,8,31,23,23,46,33,78,76,76,49,78,63,63,78,78,78,0,0],"gold":192,"neow_bonus":"THREE_ENEMY_KILL","is_daily":false,"chose_seed":false,"campfire_upgraded":6,"win_rate":0.0,"timestamp":1613720778,"path_taken":["M","?","$","?","?","R","E","R","T","R","M","$","M","M","R","BOSS","M","?","?","$","?","R","M","$","T","E","M","R","E","?","R","BOSS","M","?","M","$","?","R","E","R","T","M"],"items_purchased_type":["Card","Card","Relic","Relic","Card","Relic","Potion"],"build_version":"2020-12-22","purchased_purges":6,"victory":false,"max_hp_per_floor":[78,78,78,78,78,78,78,78,78,78,78,78,78,78,78,78,78,78,78,78,78,78,78,78,78,78,78,78,78,78,78,78,78,78,78,78,78,78,78,78,78,78,78,78,78],"card_choices":[{"not_picked":["StSShapeShifter:SpiritOfTheEarth","StSShapeShifter:ForestFire"],"picked":"StSShapeShifter:BaskInBloom","floor":1},{"not_picked":["StSShapeShifter:PorcupineForm","StSShapeShifter:SpiritOfTheEarth","StSShapeShifter:Rest"],"picked":"SKIP","floor":2},{"not_picked":["StSShapeShifter:DeerForm","StSShapeShifter:ShiftingStrike","StSShapeShifter:PorcupineForm"],"picked":"SKIP","floor":5},{"not_picked":["StSShapeShifter:SunflowerShuriken","StSShapeShifter:Sapling","StSShapeShifter:FesteringBite"],"picked":"SKIP","floor":7},{"not_picked":["StSShapeShifter:Bonk","StSShapeShifter:OakBlade","StSShapeShifter:BloomingSlash"],"picked":"SKIP","floor":11},{"not_picked":["StSShapeShifter:Guard","StSShapeShifter:HippoForm","StSShapeShifter:BladeOfGrass"],"picked":"SKIP","floor":13},{"not_picked":["StSShapeShifter:DeerForm","StSShapeShifter:Summon_Mountains"],"picked":"StSShapeShifter:VineHandcuffs","floor":14},{"not_picked":["StSShapeShifter:SkullBash","StSShapeShifter:DragonForm"],"picked":"StSShapeShifter:Summer","floor":16},{"not_picked":["StSShapeShifter:Roar","StSShapeShifter:SquirrelForm","StSShapeShifter:SpiritOfTheEarth"],"picked":"SKIP","floor":18},{"not_picked":["StSShapeShifter:TopazSkin","StSShapeShifter:DeerForm"],"picked":"StSShapeShifter:PoisonIvy","floor":22},{"not_picked":["StSShapeShifter:OpportuneSwoop","StSShapeShifter:PoisonIvy","StSShapeShifter:Consume"],"picked":"SKIP","floor":24},{"not_picked":["StSShapeShifter:Efflorescence","StSShapeShifter:SpiritOfTheEarth+1"],"picked":"StSShapeShifter:BarkSkin","floor":27},{"not_picked":["StSShapeShifter:DiverseSpirit","StSShapeShifter:AdaptiveStrikes","StSShapeShifter:CursedApple"],"picked":"SKIP","floor":28},{"not_picked":["StSShapeShifter:SunflowerShuriken","StSShapeShifter:IntimidatingAura+1"],"picked":"StSShapeShifter:BarkSkin","floor":30},{"not_picked":["StSShapeShifter:BurstingSpore","StSShapeShifter:PantherForm"],"picked":"StSShapeShifter:GoldenBerries","floor":31},{"not_picked":["StSShapeShifter:SkullBash","StSShapeShifter:PowerShifter"],"picked":"StSShapeShifter:Summer","floor":33},{"not_picked":["StSShapeShifter:Hunt+1","StSShapeShifter:OwlForm+1","StSShapeShifter:PoisonIvy+1"],"picked":"SKIP","floor":35},{"not_picked":["StSShapeShifter:MonkeyForm+1","StSShapeShifter:FesteringBite+1","StSShapeShifter:PoisonIvy+1"],"picked":"SKIP","floor":37},{"not_picked":["StSShapeShifter:ThrashAbout","StSShapeShifter:Synchronicity+1","StSShapeShifter:ShiftingStrike+1"],"picked":"SKIP","floor":39},{"not_picked":["StSShapeShifter:FruitBasket+1","StSShapeShifter:FlowerShield+1"],"picked":"StSShapeShifter:Flourish+1","floor":41}],"player_experience":1378366,"relics_obtained":[{"floor":7,"key":"Runesmith:AutoHammer"},{"floor":9,"key":"Divine Protection"},{"floor":26,"key":"jedi:Pinwheel"},{"floor":27,"key":"reliquary:TuningFork"},{"floor":30,"key":"Toy Ornithopter"},{"floor":41,"key":"Bag of Marbles"}],"event_choices":[{"damage_healed":0,"gold_gain":75,"player_choice":"Touch","damage_taken":7,"max_hp_gain":0,"max_hp_loss":0,"event_name":"FaceTrader","floor":4,"gold_loss":0},{"cards_removed":["StSShapeShifter:ShapeShifter_Defend"],"damage_healed":0,"gold_gain":0,"player_choice":"Offered Basic","damage_taken":0,"max_hp_gain":0,"max_hp_loss":0,"event_name":"Bonfire Elementals","floor":36,"gold_loss":0}],"is_beta":false,"boss_relics":[{"not_picked":["aspiration:MobileForge","bronze:MakeshiftBattery"],"picked":"Velvet Choker"},{"not_picked":["Replay:Wanted Poster","Replay:Bronze Core"],"picked":"Cursed Key"}],"items_purged_floors":[3,3,12,21,25,38],"is_endless":false,"potions_floor_spawned":[1,5,11,14,16,18,22,28,31,33,35,41],"killed_by":"Transient","ascension_level":3}}