{"host":"vrsxkkch9ccrec7k","time":1613717493,"event":{"mods":["Act Like it!","BaseMod","Bestiary","Better Altar","Better Match","Better Note","Better Sensory Stone","Better Skull","Better Third Choice","Better Vampires","Downfall","Minty Spire (QoL Compilation)","Permanent Neow","Relic Stats","Spicy Shops","StSLib"],"gold_per_floor":[99,118,118,133,133,148,228,241,260,273,273,308,323,323,339,339,339,339],"floor_reached":16,"language":"ENG","playtime":961,"items_purged":[],"score":191,"play_id":"31c6a9f5-df85-4e53-9fb3-d82ab524b3bb","local_time":"20210219015133","is_ascension_mode":true,"campfire_choices":[{"data":"champ:Execute","floor":1,"key":"SMITH"},{"data":"champ:Taunt","floor":11,"key":"SMITH"}],"circlet_count":0,"master_deck":["AscendersBane","champ:Strike","champ:Strike","champ:Strike","champ:Defend","champ:Defend","champ:Defend","champ:Defend","champ:Execute+1","champ:Taunt+1","champ:FlashCut","champ:PreciseThrust","champ:Haymaker","champ:FanOfKnives","champ:AdrenalArmor","champ:StrikeOfGenius","champ:ArenaPreparation","champ:GladiatorStyle"],"relics":["champ:ChampionCrown","Anchor","Meat on the Bone"],"acts_visited":["Exordium"],"potions_floor_usage":[9,12,16],"damage_taken":[{"damage":0,"enemies":"2 Louse","floor":2,"turns":3},{"damage":12,"enemies":"Cultist","floor":4,"turns":4},{"damage":10,"enemies":"Small Slimes","floor":6,"turns":2},{"damage":0,"enemies":"3 Louse","floor":8,"turns":3},{"damage":10,"enemies":"Exordium Thugs","floor":9,"turns":3},{"damage":11,"enemies":"Large Slime","floor":10,"turns":6},{"damage":50,"enemies":"3 Sentries","floor":12,"turns":7},{"damage":18,"enemies":"Lots of Slimes","floor":13,"turns":4},{"damage":2,"enemies":"3 Louse","floor":15,"turns":3},{"damage":49,"enemies":"IC_STATUS_ARCHETYPE","floor":16,"turns":8}],"seed_played":"-8961960883203301757","potions_obtained":[{"floor":4,"key":"Slimebound:ThreeZeroPotion"},{"floor":6,"key":"PowerPotion"},{"floor":14,"key":"Energy Potion"},{"floor":14,"key":"hexamod:SoulburnPotion"}],"is_trial":false,"path_per_floor":["R","M","?","M","?","M","T","M","M","M","R","E","M","?","M","B"],"character_chosen":"THE_CHAMP","items_purchased":[],"campfire_rested":0,"item_purchase_floors":[],"current_hp_per_floor":[73,73,78,76,76,76,76,76,76,65,65,45,39,39,49,0,0,0],"gold":339,"neow_bonus":"RANDOM_COMMON_RELIC","is_daily":false,"chose_seed":false,"campfire_upgraded":2,"win_rate":0.0,"timestamp":1613717493,"path_taken":["R","M","?","M","?","?","T","M","M","M","R","E","M","?","M","BOSS"],"items_purchased_type":[],"build_version":"2020-12-22","purchased_purges":0,"victory":false,"max_hp_per_floor":[81,81,86,86,86,86,86,86,86,86,86,86,86,86,86,86,86,86],"relic_stats":{"counters":[10,43],"obtain_stats":[{"Anchor":0,"champ:ChampionCrown":0,"Smiling Mask":12,"Meat on the Bone":7},{"Anchor":0,"champ:ChampionCrown":0,"Smiling Mask":7,"Meat on the Bone":3},{"Anchor":0,"champ:ChampionCrown":0,"Smiling Mask":28,"Meat on the Bone":9}],"Meat on the Bone":24},"card_choices":[{"not_picked":["champ:BerserkerStyle","champ:IronFortress"],"picked":"champ:FlashCut","floor":2},{"not_picked":["champ:BerserkersShout","champ:ShieldSigil"],"picked":"champ:PreciseThrust","floor":4},{"not_picked":["champ:BladeFlurry","champ:DefensiveShout"],"picked":"champ:Haymaker","floor":6},{"not_picked":["champ:PerfectedStrike","champ:Backstep","champ:FlashCut"],"picked":"SKIP","floor":8},{"not_picked":["champ:PerfectedStrike","champ:Circumvent"],"picked":"champ:FanOfKnives","floor":9},{"not_picked":["champ:PreciseThrust","champ:EnchantSword"],"picked":"champ:AdrenalArmor","floor":10},{"not_picked":["champ:CalledShot","champ:StanceDance"],"picked":"champ:StrikeOfGenius","floor":12},{"not_picked":["champ:FlashCut","champ:PreciseThrust"],"picked":"champ:ArenaPreparation","floor":13},{"not_picked":["champ:Backstep","champ:DefensiveShout"],"picked":"champ:GladiatorStyle","floor":15}],"player_experience":1964041,"relics_obtained":[{"floor":7,"key":"Meat on the Bone"},{"floor":12,"key":"Smiling Mask"}],"event_choices":[{"damage_healed":0,"gold_gain":0,"player_choice":"Donut","damage_taken":0,"max_hp_gain":5,"max_hp_loss":0,"event_name":"Big Fish","floor":3,"gold_loss":0},{"cards_removed":["champ:Strike"],"damage_healed":0,"gold_gain":0,"player_choice":"Offered Basic","damage_taken":0,"max_hp_gain":0,"max_hp_loss":0,"event_name":"Bonfire Elementals","floor":5,"gold_loss":0}],"is_beta":false,"boss_relics":[],"items_purged_floors":[],"is_endless":false,"potions_floor_spawned":[4,6,8],"killed_by":"IC_STATUS_ARCHETYPE","ascension_level":16}}