{"host":"sphpv8i47evyqkcv","time":1613748197,"event":{"mods":["AchievementEnabler","Act Like it!","Aspiration","BaseMod","Colored Powertips","Custom Start","Downfall","Minty Spire (QoL Compilation)","Quick Restart","Remove Card Discount Mod","Replay The Spire","Shop Mod","Spicy Shops","StSLib","Transform Curses"],"gold_per_floor":[119,119,119,131,144,179,179,199,199,210,210,226,238,252,252,350,350,362,373,373,387,404,436,436,451,451,461,461,476,56,90,90,188,188,203,303,313,512,526,526,526,526,551,561,614,633,648,659,320,335,335,335,335,335,16,42,42],"floor_reached":58,"language":"ZHS","playtime":1958,"items_purged":["Strike_R","Decay","Strike_R","Strike_R"],"score":1291,"play_id":"99687095-ee38-41e3-af77-80a9f3d3533b","local_time":"20210219112317","is_ascension_mode":false,"campfire_choices":[{"data":"Whirlwind","floor":7.0,"key":"SMITH"},{"data":"Dual Wield","floor":15.0,"key":"SMITH"},{"data":"Corruption","floor":28.0,"key":"SMITH"},{"data":"Exhume","floor":32.0,"key":"SMITH"},{"floor":40,"key":"RECALL"},{"floor":51,"key":"REST"},{"data":"Feel No Pain","floor":54,"key":"SMITH"}],"circlet_count":0,"master_deck":["Defend_R","Defend_R","Defend_R","Defend_R","Bash","Pommel Strike","Clash+1","Burning Pact","Whirlwind+1","Flex","Cleave","Clash+1","Dual Wield+1","Battle Trance","Flex","Corruption+1","Clash","Exhume+1","Seeing Red","Reaper","Dual Wield+1","Sentinel+1","Body Slam+1","Feel No Pain+1","Clash"],"relics":["Burning Blood","Vajra","Busted Crown","Meat on the Bone","Blue Candle","Shuriken","MerchantsRug","Replay:Baseball","aspiration:DefectSkillbook","Pen Nib","Mirror","Medical Kit","Happy Flower","Membership Card","Lizard Tail","Blue Doll"],"acts_visited":["Exordium","TheCity","TheBeyond","TheEnding"],"potions_floor_usage":[43,46,48,52,57],"damage_taken":[{"damage":3.0,"enemies":"Small Slimes","floor":1.0,"turns":3.0},{"damage":1.0,"enemies":"Jaw Worm","floor":4.0,"turns":2.0},{"damage":6.0,"enemies":"Cultist","floor":5.0,"turns":3.0},{"damage":25.0,"enemies":"3 Sentries","floor":6.0,"turns":8.0},{"damage":0.0,"enemies":"2 Fungi Beasts","floor":8.0,"turns":2.0},{"damage":5.0,"enemies":"Looter","floor":10.0,"turns":2.0},{"damage":0.0,"enemies":"Exordium Thugs","floor":12.0,"turns":2.0},{"damage":6.0,"enemies":"Exordium Wildlife","floor":13.0,"turns":3.0},{"damage":9.0,"enemies":"Blue Slaver","floor":14.0,"turns":4.0},{"damage":36.0,"enemies":"Hexaghost","floor":16.0,"turns":5.0},{"damage":1.0,"enemies":"3 Byrds","floor":18.0,"turns":3.0},{"damage":0.0,"enemies":"Spheric Guardian","floor":19.0,"turns":2.0},{"damage":11.0,"enemies":"Centurion and Healer","floor":21.0,"turns":4.0},{"damage":46.0,"enemies":"Shelled Parasite and Fungi","floor":22.0,"turns":4.0},{"damage":0.0,"enemies":"Gremlin Leader","floor":23.0,"turns":2.0},{"damage":7.0,"enemies":"Snake Plant","floor":25.0,"turns":3.0},{"damage":5.0,"enemies":"Chosen and Byrds","floor":27.0,"turns":3.0},{"damage":12.0,"enemies":"3 Cultists","floor":29.0,"turns":3.0},{"damage":25.0,"enemies":"Book of Stabbing","floor":31.0,"turns":3.0},{"damage":27.0,"enemies":"Collector","floor":33.0,"turns":5.0},{"damage":18.0,"enemies":"Orb Walker","floor":35.0,"turns":3.0},{"damage":33.0,"enemies":"3 Darklings","floor":37.0,"turns":4.0},{"damage":10,"enemies":"Sphere and 2 Shapes","floor":39,"turns":2},{"damage":14,"enemies":"Giant Head","floor":43,"turns":6},{"damage":46,"enemies":"Spire Growth","floor":44,"turns":4},{"damage":37,"enemies":"3 Darklings","floor":46,"turns":5},{"damage":8,"enemies":"Transient","floor":47,"turns":5},{"damage":42,"enemies":"Spire Growth","floor":48,"turns":4},{"damage":31,"enemies":"Sphere and 2 Shapes","floor":50,"turns":4},{"damage":65,"enemies":"Time Eater","floor":52,"turns":6},{"damage":51,"enemies":"Shield and Spear","floor":56,"turns":5},{"damage":124,"enemies":"The Heart","floor":57,"turns":8}],"seed_played":"-8671926289435231891","potions_obtained":[{"floor":5.0,"key":"SpeedPotion"},{"floor":6.0,"key":"champ:CounterPotion"},{"floor":10.0,"key":"Weak Potion"},{"floor":12.0,"key":"BlessingOfTheForge"},{"floor":16.0,"key":"Dexterity Potion"},{"floor":18.0,"key":"BloodPotion"},{"floor":23.0,"key":"Adrenaline Potion"},{"floor":27.0,"key":"LifebloodPotion"},{"floor":29.0,"key":"ColorlessPotion"},{"floor":35.0,"key":"BlessingOfTheForge"},{"floor":44,"key":"Toxic Potion"},{"floor":46,"key":"Energy Potion"},{"floor":47,"key":"AttackPotion"},{"floor":50,"key":"Death Potion"},{"floor":56,"key":"Ancient Potion"}],"is_trial":false,"path_per_floor":["M","?","?","M","M","E","R","M","T","M","?","M","M","M","R","B",null,"M","M","?","M","M","E","?","M","T","M","R","M","$","E","R","B",null,"M","?","M","?","M","R","PTL","PTL","E","M","T","M","M","M","$","M","R","B",null,"R","$","E","B",null],"character_chosen":"IRONCLAD","items_purchased":["Shuriken","MerchantsRug","Medical Kit","Happy Flower","Lantern","Dexterity Potion","Membership Card","Lizard Tail","FairyPotion"],"campfire_rested":1,"item_purchase_floors":[30,30,49,49,49,49,55,55,55],"current_hp_per_floor":[80,80,80,80,80,61,61,67,67,68,68,74,74,71,71,41,80,80,80,80,75,35,41,36,47,47,48,48,54,54,47,47,54,80,78,78,68,48,54,54,54,54,57,36,36,43,68,44,44,31,55,19,80,80,80,51,21],"gold":42,"neow_bonus":"DSIX","is_daily":false,"chose_seed":false,"campfire_upgraded":5,"win_rate":0.0,"timestamp":1613748197,"path_taken":["M","?","?","M","M","E","R","M","T","M","?","M","M","M","R","BOSS","M","M","?","M","M","E","?","M","T","M","R","M","$","E","R","BOSS","M","?","?","?","M","R","PTL","PTL","E","M","T","M","M","M","$","M","R","BOSS","R","$","E","BOSS"],"items_purchased_type":["Relic","Relic","Relic","Relic","Relic","Potion","Relic","Relic","Potion"],"build_version":"2020-12-22","purchased_purges":4,"victory":true,"max_hp_per_floor":[80,80,80,80,80,80,80,80,80,80,80,80,80,80,80,80,80,80,80,80,80,80,80,80,80,80,80,80,80,80,80,80,80,80,80,80,80,80,80,80,80,80,80,80,80,80,80,80,80,80,80,80,80,80,80,80,80],"card_choices":[{"not_picked":["Wild Strike","Combust"],"picked":"Pommel Strike","floor":1.0},{"not_picked":["Abandon","Disarm"],"picked":"Burning Pact","floor":4.0},{"not_picked":["Heavy Blade","Intimidate"],"picked":"Whirlwind","floor":5.0},{"not_picked":["Dark Embrace","ReplayReversal"],"picked":"Flex","floor":6.0},{"not_picked":["True Grit","Abandon"],"picked":"Cleave","floor":8.0},{"not_picked":["Run Through","Iron Wave"],"picked":"Clash","floor":10.0},{"not_picked":["Thunderclap","Cleave"],"picked":"Dual Wield","floor":12.0},{"not_picked":["Body Slam","Battle Trance","Impervious"],"picked":"SKIP","floor":13.0},{"not_picked":["Body Slam","Impervious"],"picked":"Battle Trance","floor":13.0},{"not_picked":["Perfected Strike","Thunderclap"],"picked":"Flex","floor":14.0},{"not_picked":["Immolate","Demon Form"],"picked":"Corruption","floor":16.0},{"not_picked":["Pommel Strike"],"picked":"SKIP","floor":18.0},{"not_picked":["Perfected Strike"],"picked":"SKIP","floor":19.0},{"not_picked":["Replay:Undeath\u0027s Touch"],"picked":"SKIP","floor":21.0},{"not_picked":["Heavy Blade+1"],"picked":"SKIP","floor":22.0},{"not_picked":["Flex"],"picked":"SKIP","floor":23.0},{"not_picked":[],"picked":"Clash","floor":25.0},{"not_picked":[],"picked":"Exhume","floor":27.0},{"not_picked":["Rupture"],"picked":"SKIP","floor":29.0},{"not_picked":[],"picked":"Seeing Red","floor":31.0},{"not_picked":[],"picked":"Reaper","floor":33.0},{"not_picked":["Pommel Strike","Abandon"],"picked":"SKIP","floor":35.0},{"not_picked":["Sentinel"],"picked":"Dual Wield+1","floor":37.0},{"not_picked":["True Grit+1"],"picked":"Sentinel+1","floor":38},{"not_picked":["Rupture+1"],"picked":"Body Slam+1","floor":39},{"not_picked":["Searing Blow+1"],"picked":"Feel No Pain","floor":43},{"not_picked":["Battle Trance+1","Wild Strike+1"],"picked":"SKIP","floor":44},{"not_picked":["Ghostly Armor"],"picked":"Clash","floor":46},{"not_picked":["Massacre+1","Pommel Strike"],"picked":"SKIP","floor":47},{"not_picked":["ReplayTheSpireMod:Muscle Training","Iron Wave+1"],"picked":"SKIP","floor":48},{"not_picked":["Perfected Strike","Metallicize"],"picked":"SKIP","floor":50},{"not_picked":["Sword Boomerang","Body Slam+1"],"picked":"SKIP","floor":56}],"player_experience":28397,"relics_obtained":[{"floor":6.0,"key":"Vajra"},{"floor":23.0,"key":"Meat on the Bone"},{"floor":31.0,"key":"Replay:Baseball"},{"floor":43,"key":"Pen Nib"},{"floor":45,"key":"Mirror"},{"floor":56,"key":"Blue Doll"}],"event_choices":[{"damage_healed":0.0,"max_hp_gain":0.0,"max_hp_loss":0.0,"gold_gain":0.0,"event_name":"Shining Light","player_choice":"Ignored","floor":3.0,"gold_loss":0.0,"damage_taken":0.0},{"damage_healed":0.0,"max_hp_gain":0.0,"max_hp_loss":0.0,"gold_gain":0.0,"event_name":"Living Wall","player_choice":"Grow","floor":11.0,"gold_loss":0.0,"damage_taken":0.0,"cards_upgraded":["Clash"]},{"cards_removed":["Strike_R"],"damage_healed":0.0,"max_hp_gain":0.0,"max_hp_loss":0.0,"gold_gain":0.0,"event_name":"Back to Basics","player_choice":"Elegance","floor":20.0,"gold_loss":0.0,"damage_taken":0.0},{"damage_healed":0.0,"max_hp_gain":0.0,"max_hp_loss":0.0,"gold_gain":100.0,"event_name":"Golden Shrine","player_choice":"Pray","floor":36.0,"gold_loss":0.0,"damage_taken":0.0}],"is_beta":false,"boss_relics":[{"not_picked":["Cursed Key","Tiny House"],"picked":"Busted Crown"},{"not_picked":["ChewingGum","ReplayTheSpireMod:DimensionalGlitch"],"picked":"aspiration:DefectSkillbook"}],"items_purged_floors":[30,49,55,55],"is_endless":false,"potions_floor_spawned":[5,6,10,12,13,16,18,23,27,29,35,44,46,47,50,56],"ascension_level":0}}