{"host":"5jdby9iqu3ct6557","time":1613718186,"event":{"mods":["BaseMod","DeckTracker","Highlight Path","Minty Spire (QoL Compilation)","Relic Stats","StSLib","ojb\u0027s Info Mod"],"gold_per_floor":[119,119,119,129,145,145,9,9,9,44,44,44,69,82,82,155,155,174,174,174,51,51,85,103,103,127,127,147,166,166,166],"floor_reached":30,"language":"ENG","playtime":7063,"items_purged":[],"score":512,"play_id":"2a969b3e-a325-42b1-b567-6a2ade73a29c","local_time":"20210219020306","is_ascension_mode":true,"campfire_choices":[{"data":"Dagger Spray","floor":6,"key":"SMITH"},{"data":"Noxious Fumes","floor":8,"key":"SMITH"},{"floor":12,"key":"REST"},{"data":"Leg Sweep","floor":15,"key":"SMITH"},{"data":"Catalyst","floor":27,"key":"SMITH"}],"circlet_count":0,"master_deck":["AscendersBane","Strike_G+1","Strike_G","Strike_G","Strike_G","Defend_G","Defend_G","Defend_G","Defend_G","Defend_G","Survivor","Neutralize","Wraith Form v2+1","Dagger Throw+1","Dagger Spray+1","Noxious Fumes+1","Leg Sweep+1","Calculated Gamble","Tools of the Trade","Flying Knee","Footwork","RitualDagger","Catalyst+1","Ghostly","Ghostly","Ghostly"],"relics":["Ring of the Serpent","StrikeDummy","Oddly Smooth Stone","Akabeko","MutagenicStrength","Art of War"],"acts_visited":["Exordium","TheCity"],"potions_floor_usage":[10,13,18,23,24],"damage_taken":[{"damage":1,"enemies":"2 Louse","floor":1,"turns":4},{"damage":3,"enemies":"Jaw Worm","floor":4,"turns":5},{"damage":0,"enemies":"Small Slimes","floor":5,"turns":2},{"damage":14,"enemies":"Gremlin Nob","floor":10,"turns":5},{"damage":6,"enemies":"3 Sentries","floor":13,"turns":9},{"damage":0,"enemies":"Exordium Wildlife","floor":14,"turns":3},{"damage":1,"enemies":"The Guardian","floor":16,"turns":11},{"damage":6,"enemies":"Shell Parasite","floor":18,"turns":10},{"damage":20,"enemies":"Slavers","floor":23,"turns":6},{"damage":0,"enemies":"3 Byrds","floor":24,"turns":4},{"damage":1,"enemies":"3 Cultists","floor":28,"turns":3},{"damage":5,"enemies":"Centurion and Healer","floor":29,"turns":9},{"damage":15,"enemies":"Book of Stabbing","floor":30,"turns":5}],"seed_played":"-3273588094789055630","potions_obtained":[{"floor":10,"key":"Weak Potion"},{"floor":16,"key":"Ancient Potion"},{"floor":23,"key":"Explosive Potion"},{"floor":24,"key":"CunningPotion"}],"is_trial":false,"path_per_floor":["M","?","?","M","M","R","$","R","T","E","?","R","E","M","R","B",null,"M","?","?","$","?","E","M","?","T","R","M","M","E"],"character_chosen":"THE_SILENT","items_purchased":["Noxious Fumes","Block Potion","CunningPotion","Footwork"],"campfire_rested":1,"item_purchase_floors":[7,7,21,21],"current_hp_per_floor":[58,40,33,30,30,30,30,30,30,16,16,34,28,28,28,27,52,46,46,46,46,40,20,20,20,20,20,19,14,0,0],"gold":166,"neow_bonus":"THREE_RARE_CARDS","is_daily":false,"chose_seed":false,"campfire_upgraded":4,"win_rate":0.0,"timestamp":1613718186,"path_taken":["M","?","?","M","M","R","?","R","T","E","?","R","E","M","R","BOSS","M","?","?","$","?","E","M","?","T","R","M","?","E"],"items_purchased_type":["Card","Potion","Potion","Card"],"build_version":"2020-12-22","purchased_purges":0,"victory":false,"max_hp_per_floor":[60,60,60,60,60,60,60,60,60,60,60,60,60,60,60,60,60,60,60,60,60,60,60,60,30,30,30,30,30,30,30],"relic_stats":{"counters":[13,76],"Art of War":[4],"obtain_stats":[{"MutagenicStrength":19,"Oddly Smooth Stone":10,"Art of War":23,"StrikeDummy":9,"Akabeko":13,"Ring of the Serpent":17,"Ring of the Snake":0},{"MutagenicStrength":8,"Oddly Smooth Stone":4,"Art of War":9,"StrikeDummy":3,"Akabeko":5,"Ring of the Serpent":7,"Ring of the Snake":0},{"MutagenicStrength":49,"Oddly Smooth Stone":16,"Art of War":55,"StrikeDummy":11,"Akabeko":25,"Ring of the Serpent":39,"Ring of the Snake":0}]},"card_choices":[{"not_picked":["Night Terror","Burst"],"picked":"Wraith Form v2","floor":0},{"not_picked":["Cloak And Dagger","PiercingWail","Dodge and Roll"],"picked":"SKIP","floor":1},{"not_picked":["Burst","Riddle With Holes"],"picked":"Dagger Throw","floor":4},{"not_picked":["Poisoned Stab","Distraction"],"picked":"Dagger Spray","floor":5},{"not_picked":["Quick Slash","Caltrops"],"picked":"Leg Sweep","floor":10},{"not_picked":["Acrobatics","Flying Knee"],"picked":"Calculated Gamble","floor":13},{"not_picked":["Grand Finale","Doppelganger"],"picked":"Tools of the Trade","floor":16},{"not_picked":["Acrobatics","Cloak And Dagger"],"picked":"Flying Knee","floor":18},{"not_picked":["Sucker Punch","Riddle With Holes"],"picked":"Catalyst","floor":23}],"player_experience":2809195,"relics_obtained":[{"floor":9,"key":"StrikeDummy"},{"floor":10,"key":"Oddly Smooth Stone"},{"floor":13,"key":"Akabeko"},{"floor":23,"key":"Art of War"}],"event_choices":[{"damage_healed":0,"gold_gain":0,"player_choice":"Entered Light","damage_taken":18,"max_hp_gain":0,"max_hp_loss":0,"event_name":"Shining Light","floor":2,"gold_loss":0,"cards_upgraded":["Wraith Form v2","Strike_G"]},{"cards_removed":["Strike_G"],"damage_healed":0,"gold_gain":0,"player_choice":"Card Removal","damage_taken":7,"max_hp_gain":0,"max_hp_loss":0,"event_name":"Golden Wing","floor":3,"gold_loss":0},{"damage_healed":0,"gold_gain":0,"player_choice":"Grow","damage_taken":0,"max_hp_gain":0,"max_hp_loss":0,"event_name":"Living Wall","floor":11,"gold_loss":0,"cards_upgraded":["Dagger Throw"]},{"damage_healed":0,"gold_gain":0,"player_choice":"Inject Mutagens","damage_taken":0,"relics_obtained":["MutagenicStrength"],"max_hp_gain":0,"max_hp_loss":0,"event_name":"Drug Dealer","floor":19,"gold_loss":0},{"damage_healed":0,"gold_gain":0,"player_choice":"Ignored","damage_taken":0,"max_hp_gain":0,"max_hp_loss":0,"event_name":"Cursed Tome","floor":20,"gold_loss":0},{"damage_healed":0,"gold_gain":0,"player_choice":"Joined the Cult","damage_taken":6,"max_hp_gain":0,"max_hp_loss":0,"event_name":"Nest","floor":22,"gold_loss":0,"cards_obtained":["RitualDagger"]},{"damage_healed":0,"gold_gain":0,"player_choice":"Became a Ghost","damage_taken":0,"max_hp_gain":0,"max_hp_loss":30,"event_name":"Ghosts","floor":25,"gold_loss":0,"cards_obtained":["Ghostly","Ghostly","Ghostly"]}],"is_beta":false,"boss_relics":[{"not_picked":["Astrolabe","Pandora\u0027s Box"],"picked":"Ring of the Serpent"}],"items_purged_floors":[],"is_endless":false,"potions_floor_spawned":[10,16,23,24],"killed_by":"Book of Stabbing","ascension_level":20}}