{"host":"7ue15d6wz1o7m0ar","time":1613773153,"event":{"mods":["BaseMod","Filter the Spire","Hermit","Minty Spire (QoL Compilation)","Replay The Spire","StSLib"],"gold_per_floor":[117,292,292,302,322,322,39,64,103,138,179,191,17,34,34,139,139,150,178,234,250,269,302,302,331,331,345,345,345],"floor_reached":28,"language":"ENG","playtime":3498,"items_purged":["Strike_G","CommonCold"],"score":319,"play_id":"d7a12ab7-22c0-4cf9-9e3b-157eeffa6bc5","local_time":"20210219161913","is_ascension_mode":true,"campfire_choices":[{"data":"Dodge and Roll","floor":6,"key":"SMITH"},{"floor":12,"key":"REST"},{"data":"Cloak And Dagger","floor":15,"key":"SMITH"},{"floor":24,"key":"REST"}],"circlet_count":0,"master_deck":["Survivor+1","Neutralize","Crippling Poison","Dodge and Roll+1","Slice","Distraction+1","PanicButton","Storm of Steel","ReplayTheSpireMod:Scrap Shanks","Cloak And Dagger","Accuracy","Cloak And Dagger+1","Storm of Steel","Venomology","Unload","Flechettes","Grand Finale","Envenom","A Thousand Cuts","Flying Knee","Reflex","Choke","Outmaneuver","ReplayTheSpireMod:Splinters","Accuracy+1","Concentrate","Pot Of Greed","Pot Of Greed","Pot Of Greed","Choke+1","Blade Dance"],"relics":["WristBlade","Membership Card","MawBank","War Paint","Odd Mushroom","ReplayTheSpireMod:Lightbulb","Mirror","Pandora\u0027s Box","ReplayTheSpireMod:CursedCoin","Oddly Smooth Stone","Kunai","Grinning Jar","Ornamental Fan","Quantum Egg"],"acts_visited":["Exordium","TheCity"],"potions_floor_usage":[8,8,18,22,23,23,25,27,28],"damage_taken":[{"damage":7,"enemies":"Small Slimes","floor":1,"turns":4},{"damage":2,"enemies":"Jaw Worm","floor":4,"turns":4},{"damage":2,"enemies":"Cultist","floor":5,"turns":4},{"damage":20,"enemies":"3 Sentries","floor":8,"turns":10},{"damage":1,"enemies":"The Mushroom Lair","floor":10,"turns":4},{"damage":19,"enemies":"Replay:BlueRogue","floor":11,"turns":3},{"damage":8,"enemies":"3 Louse","floor":14,"turns":3},{"damage":6,"enemies":"Hexaghost","floor":16,"turns":6},{"damage":10,"enemies":"Shell Parasite","floor":18,"turns":3},{"damage":22,"enemies":"2 Thieves","floor":21,"turns":4},{"damage":18,"enemies":"Snecko","floor":22,"turns":5},{"damage":14,"enemies":"Replay:Snechameleon","floor":23,"turns":3},{"damage":12,"enemies":"Book of Stabbing","floor":25,"turns":3},{"damage":8,"enemies":"Sentry and Sphere","floor":27,"turns":6},{"damage":17,"enemies":"Centurion and Healer","floor":28,"turns":2}],"seed_played":"8891860840996047512","potions_obtained":[{"floor":1,"key":"AttackPotion"},{"floor":5,"key":"Fire Potion"},{"floor":10,"key":"Venom Potion"},{"floor":16,"key":"Strength Potion"},{"floor":22,"key":"SkillPotion"},{"floor":23,"key":"CunningPotion"}],"is_trial":false,"path_per_floor":["M","?","?","M","M","R","$","E","T","?","E","R","$","M","R","B",null,"M","$","?","M","M","E","R","E","T","M","M"],"character_chosen":"THE_SILENT","items_purchased":["Distraction+1","Membership Card","PanicButton","Cloak And Dagger","Accuracy","Mirror","ReplayTheSpireMod:CursedCoin","Oddly Smooth Stone"],"campfire_rested":2,"item_purchase_floors":[7,7,7,13,13,13,19,19],"current_hp_per_floor":[63,63,63,61,59,59,59,39,39,38,19,40,40,32,32,26,70,60,60,60,38,20,6,27,15,15,7,0,0],"gold":345,"neow_bonus":"BOSS_RELIC","is_daily":false,"chose_seed":false,"campfire_upgraded":2,"win_rate":0.0,"timestamp":1613773153,"path_taken":["M","?","?","M","M","R","$","E","T","?","E","R","$","M","R","BOSS","M","$","?","?","M","E","R","E","T","M","M"],"items_purchased_type":["Card","Relic","Card","Card","Card","Relic","Relic","Relic"],"build_version":"2020-12-22","purchased_purges":2,"victory":false,"max_hp_per_floor":[70,70,70,70,70,70,70,70,70,70,70,70,70,70,70,70,70,70,70,70,70,70,70,70,70,70,70,70,70],"card_choices":[{"not_picked":["Well Laid Plans","Dagger Spray"],"picked":"Crippling Poison","floor":1},{"not_picked":["Bane","Reflex"],"picked":"Dodge and Roll","floor":4},{"not_picked":["Outmaneuver","Deadly Poison"],"picked":"Slice","floor":5},{"not_picked":["Hidden Blade","Heel Hook"],"picked":"Storm of Steel","floor":8},{"not_picked":["Blur","Poisoned Stab"],"picked":"ReplayTheSpireMod:Scrap Shanks","floor":10},{"not_picked":["Quick Slash","Bane","Predator"],"picked":"SKIP","floor":11},{"not_picked":["PiercingWail","Replay:Poison Smokescreen"],"picked":"Cloak And Dagger","floor":14},{"not_picked":["Doppelganger","Envenom"],"picked":"Storm of Steel","floor":16},{"not_picked":["Poisoned Stab","Skewer+1"],"picked":"Outmaneuver","floor":18},{"not_picked":["Deadly Poison","Flying Knee"],"picked":"Accuracy+1","floor":20},{"not_picked":["Backflip","Cloak And Dagger"],"picked":"Concentrate","floor":20},{"not_picked":["Outmaneuver","Dagger Spray+1","PiercingWail"],"picked":"SKIP","floor":21},{"not_picked":["Dodge and Roll","Flying Knee","PiercingWail"],"picked":"SKIP","floor":22},{"not_picked":["Distraction","Quick Slash","Dagger Spray"],"picked":"SKIP","floor":23},{"not_picked":["Finisher","Toxin Wave"],"picked":"Choke+1","floor":25},{"not_picked":["Hidden Blade","Prepared+1"],"picked":"Blade Dance","floor":27}],"player_experience":517231,"relics_obtained":[{"floor":8,"key":"MawBank"},{"floor":9,"key":"War Paint"},{"floor":10,"key":"Odd Mushroom"},{"floor":11,"key":"ReplayTheSpireMod:Lightbulb"},{"floor":20,"key":"Kunai"},{"floor":23,"key":"Grinning Jar"},{"floor":25,"key":"Ornamental Fan"},{"floor":26,"key":"Quantum Egg"}],"event_choices":[{"damage_healed":0,"gold_gain":175,"player_choice":"AGREE","damage_taken":0,"max_hp_gain":0,"max_hp_loss":0,"event_name":"Liars Game","floor":2,"gold_loss":0,"cards_obtained":["Doubt"]},{"cards_removed":["Doubt"],"damage_healed":0,"gold_gain":0,"player_choice":"Forget","damage_taken":0,"max_hp_gain":0,"max_hp_loss":0,"event_name":"Living Wall","floor":3,"gold_loss":0},{"damage_healed":0,"gold_gain":0,"player_choice":"Fought Mushrooms","damage_taken":0,"max_hp_gain":0,"max_hp_loss":0,"event_name":"Mushrooms","floor":10,"gold_loss":0}],"is_beta":false,"boss_relics":[{"not_picked":["Astrolabe","ReplayTheSpireMod:DimensionalGlitch"],"picked":"Pandora\u0027s Box"}],"items_purged_floors":[7,19],"is_endless":false,"potions_floor_spawned":[1,5,10,16,22,23],"killed_by":"Centurion and Healer","ascension_level":4}}