{"host":"9tei3k72ipos80hh","time":1613719827,"event":{"mods":["BaseMod","Colored Map","Conspire","Downfall","Googly Eyes","Halation","Hubris","Minty Spire (QoL Compilation)","Relic Sorter","Replay The Spire","Shop Mod","StSLib"],"gold_per_floor":[112,112,187,38,55,70,52,52,131,131,147,174,186,9,9,114,114,126,45,58,58,1,1,28,128,128,145,145,194,194,232,232,343,343,363,163,18,64,160,255,255,325,325,421,433,514,526,599,611,674],"floor_reached":51,"language":"ENG","playtime":3173,"items_purged":[],"score":972,"play_id":"1d25bb2e-f028-491f-ad78-72a9024dcb2f","local_time":"20210219023027","is_ascension_mode":false,"campfire_choices":[{"data":"Reprogram","floor":8,"key":"SMITH"},{"floor":15,"key":"REST"},{"floor":23,"key":"REST"},{"floor":28,"key":"REST"},{"data":"Hologram","floor":32,"key":"SMITH"},{"data":"Seek","floor":41,"key":"SMITH"},{"data":"Gash","floor":45,"key":"SMITH"},{"data":"Genetic Algorithm","floor":47,"key":"SMITH"},{"data":"conspire:SpireCoStock","floor":49,"key":"SMITH"}],"circlet_count":0,"master_deck":["conspire:GhostlyStrike","conspire:GhostlyStrike","conspire:GhostlyStrike","conspire:GhostlyDefend","conspire:GhostlyDefend","conspire:GhostlyDefend","conspire:GhostlyDefend","Zap","Dualcast","Hologram+1","ReplayTheSpireMod:Reroute Power","Genetic Algorithm+1","Leap","Reprogram+1","Conserve Battery","Sweeping Beam+1","Conserve Battery","Gash+1","Reprogram+1","Beam Cell+1","Melter+1","Go for the Eyes+1","Seek+1","Sweeping Beam+1","Echo Form","Steam+1","conspire:SpireCoStock","conspire:SpireCoStock","conspire:SpireCoStock","conspire:SpireCoStock+1","Rebound","FTL","Gash+1"],"relics":["Cracked Core","hubris:Stopwatch","halation:PinkSoulGem","Replay:Ringing Soul","Mirror","DollysMirror","halation:LostSnail","Replay:Bandana","Vajra","Snack Pack","hubris:BottledHeart","Coffee Dripper","Whetstone","Strawberry","MawBank","Onion Ring"],"acts_visited":["Exordium","TheCity","TheBeyond"],"potions_floor_usage":[16,24,33,40,50,50,50],"damage_taken":[{"damage":1,"enemies":"Cultist","floor":1,"turns":3},{"damage":11,"enemies":"2 Louse","floor":5,"turns":2},{"damage":2,"enemies":"Small Slimes","floor":6,"turns":5},{"damage":17,"enemies":"Exordium Thugs","floor":7,"turns":6},{"damage":8,"enemies":"3 Louse","floor":11,"turns":5},{"damage":9,"enemies":"Lagavulin","floor":12,"turns":8},{"damage":5,"enemies":"Blue Slaver","floor":13,"turns":6},{"damage":29,"enemies":"Slime Boss","floor":16,"turns":11},{"damage":29,"enemies":"Chosen","floor":18,"turns":9},{"damage":24,"enemies":"Spheric Guardian","floor":20,"turns":10},{"damage":12,"enemies":"Book of Stabbing","floor":24,"turns":7},{"damage":19,"enemies":"Snake Plant","floor":27,"turns":6},{"damage":2,"enemies":"conspire:Head Lice","floor":29,"turns":10},{"damage":0,"enemies":"Chosen and Byrds","floor":31,"turns":6},{"damage":0,"enemies":"hubris:MusketHawk","floor":33,"turns":3},{"damage":0,"enemies":"3 Darklings","floor":35,"turns":5},{"damage":0,"enemies":"Orb Walker","floor":38,"turns":6},{"damage":0,"enemies":"Transient","floor":39,"turns":6},{"damage":0,"enemies":"Nemesis","floor":40,"turns":9},{"damage":0,"enemies":"Maw","floor":42,"turns":8},{"damage":0,"enemies":"Reptomancer","floor":44,"turns":8},{"damage":0,"enemies":"Sphere and 2 Shapes","floor":46,"turns":5},{"damage":0,"enemies":"Writhing Mass","floor":48,"turns":6},{"damage":0,"enemies":"Time Eater","floor":50,"turns":12}],"seed_played":"-8243951876009547906","potions_obtained":[{"floor":5,"key":"PotionOfCapacity"},{"floor":12,"key":"Languid Potion"},{"floor":16,"key":"Death Potion"},{"floor":18,"key":"Fire Potion"},{"floor":39,"key":"Weak Potion"},{"floor":40,"key":"Toxic Potion"},{"floor":42,"key":"AttackPotion"},{"floor":46,"key":"Block Potion"}],"is_trial":false,"path_per_floor":["M","?","?","$","M","M","M","R","T","?","M","E","M","$","R","B",null,"M","$","M","?","$","R","E","?","T","M","R","E","?","M","R","B",null,"M","?","$","M","M","E","R","M","T","E","R","M","R","M","R","B",null],"character_chosen":"DEFECT","items_purchased":["ReplayTheSpireMod:Reroute Power","Genetic Algorithm","Gash","DollysMirror","halation:LostSnail","Melter+1","Whetstone"],"campfire_rested":3,"item_purchase_floors":[4,4,14,14,19,22,37],"current_hp_per_floor":[74,74,63,63,52,50,33,33,33,33,28,22,20,23,49,20,87,58,58,37,37,40,67,58,58,58,42,71,72,1,1,1,1,1,1,1,1,1,1,1,1,1,1,1,1,1,1,1,1,1],"gold":686,"neow_bonus":"RANDOM_EVENT","is_daily":false,"chose_seed":false,"campfire_upgraded":6,"win_rate":0.0,"timestamp":1613719827,"path_taken":["M","?","?","$","M","M","M","R","T","?","M","E","M","$","R","BOSS","M","$","M","?","$","R","E","?","T","?","R","E","?","M","R","BOSS","M","?","$","M","M","E","R","M","T","E","R","M","R","M","R","BOSS"],"items_purchased_type":["Card","Card","Card","Relic","Relic","Card","Relic"],"build_version":"2020-12-22","purchased_purges":0,"victory":true,"max_hp_per_floor":[75,75,75,75,75,75,75,75,75,75,78,81,84,87,87,87,87,87,87,90,90,93,93,96,96,96,99,99,102,1,1,1,1,1,1,1,1,1,1,1,1,1,1,1,1,1,1,1,1,1],"card_choices":[{"not_picked":["Barrage","Reprogram"],"picked":"Hologram","floor":1},{"not_picked":["Beam Cell","Creative AI"],"picked":"Leap","floor":5},{"not_picked":["Aggregate","ReplayGash"],"picked":"Reprogram","floor":6},{"not_picked":["Fusion","BasicCrystalCard","BootSequence"],"picked":"SKIP","floor":7},{"not_picked":["Gash","ReplayGash"],"picked":"Conserve Battery","floor":11},{"not_picked":["Streamline","BasicCrystalCard"],"picked":"Sweeping Beam","floor":12},{"not_picked":["Panic Button","Compile Driver"],"picked":"Conserve Battery","floor":13},{"not_picked":["Doom and Gloom+1","Compile Driver","Storm"],"picked":"SKIP","floor":18},{"not_picked":["Compile Driver","Conserve Battery"],"picked":"Beam Cell+1","floor":20},{"not_picked":["Barrage+1","Aggregate"],"picked":"Go for the Eyes+1","floor":24},{"not_picked":["Melter","Compile Driver"],"picked":"Seek","floor":27},{"not_picked":["FTL","Streamline"],"picked":"Sweeping Beam","floor":29},{"not_picked":["Leap","Chaos","Streamline"],"picked":"SKIP","floor":31},{"not_picked":["ReplayTheSpireMod:Fabricate Wheel","Buffer"],"picked":"Echo Form","floor":33},{"not_picked":["Panic Button","Defragment+1"],"picked":"Steam+1","floor":35},{"not_picked":["Barrage","Cold Snap+1"],"picked":"Rebound","floor":38},{"not_picked":["conspire:Rain+1","Panic Button","Go for the Eyes"],"picked":"SKIP","floor":39},{"not_picked":["Sunder+1","Auto Shields+1"],"picked":"FTL","floor":40},{"not_picked":["Sweeping Beam","Recycle+1","Conserve Battery"],"picked":"SKIP","floor":42},{"not_picked":["ReplayTheSpireMod:Repulse","Rebound","ReplayTheSpireMod:Calculation Training+1"],"picked":"SKIP","floor":44},{"not_picked":["Conserve Battery","Stack+1","ReplayTheSpireMod:Dual Polarity+1"],"picked":"SKIP","floor":46},{"not_picked":["Leap+1","Time Bomb"],"picked":"Gash+1","floor":48}],"player_experience":445794,"relics_obtained":[{"floor":9,"key":"Replay:Ringing Soul"},{"floor":12,"key":"Mirror"},{"floor":24,"key":"Replay:Bandana"},{"floor":26,"key":"Vajra"},{"floor":29,"key":"Snack Pack"},{"floor":40,"key":"Strawberry"},{"floor":43,"key":"MawBank"},{"floor":44,"key":"Onion Ring"}],"event_choices":[{"damage_healed":0,"gold_gain":75,"player_choice":"Gather Gold","damage_taken":11,"max_hp_gain":0,"max_hp_loss":0,"event_name":"World of Goop","floor":3,"gold_loss":0},{"damage_healed":0,"gold_gain":0,"player_choice":"Agree","damage_taken":0,"max_hp_gain":0,"max_hp_loss":0,"event_name":"conspire:LoneGhost","floor":10,"gold_loss":0},{"damage_healed":0,"gold_gain":100,"player_choice":"Pray","damage_taken":0,"max_hp_gain":0,"max_hp_loss":0,"event_name":"Golden Shrine","floor":25,"gold_loss":0},{"damage_healed":0,"gold_gain":0,"player_choice":"Invest 4","damage_taken":0,"max_hp_gain":0,"max_hp_loss":0,"event_name":"conspire:Investor","floor":36,"gold_loss":0}],"is_beta":false,"boss_relics":[{"not_picked":["Busted Crown","halation:Prosthetics"],"picked":"hubris:Stopwatch"},{"not_picked":["conspire:SeveredTorchhead","SacredBark"],"picked":"Coffee Dripper"}],"items_purged_floors":[],"is_endless":false,"potions_floor_spawned":[5,12,16,18,20,39,40,42,46],"ascension_level":0}}