{"host":"sncdgiue1dtzeg79","time":1613746129,"event":{"mods":["BaseMod","Beaked The Cultist","ChefMod","Colored Powertips","Hubris","Jorbs\u0027s Wanderer Trilogy","Minty Spire (QoL Compilation)","Reliquary","StSLib","Swap Starting Deck Mod","The Bladedancer","The Cursed","The Hierophant","The Marked","The Necromancer","The Runesmith","The Wild Card","Weighted Paths"],"gold_per_floor":[111,111,123,48,59,134,134,162,162,162,162,186,209,223,223,223,223],"floor_reached":16,"language":"ENG","playtime":575,"items_purged":["Regret"],"score":98,"play_id":"bc0e13d0-4bc5-4ddc-bd8e-52eef6bbbfa9","local_time":"20210219154849","is_ascension_mode":false,"campfire_choices":[{"data":"TheCursedMod:CursedWand","floor":7,"key":"SMITH"},{"floor":10,"key":"REST"},{"floor":15,"key":"REST"}],"circlet_count":0,"master_deck":["TheCursedMod:Strike_TheCursed","TheCursedMod:Strike_TheCursed","TheCursedMod:Strike_TheCursed","TheCursedMod:Strike_TheCursed","TheCursedMod:Defend_TheCursed","TheCursedMod:Defend_TheCursed","TheCursedMod:Defend_TheCursed","TheCursedMod:Defend_TheCursed","TheCursedMod:CursedWand+1","TheCursedMod:CleanUpWorkshop+1","TheCursedMod:Dregs","TheCursedMod:WearCloak+1","TheCursedMod:FleshFromBone+1"],"relics":["reliquary:ThirdArm","reliquary:WeakTea","Ginger","reliquary:Buckler","reliquary:Knoch","Odd Mushroom"],"acts_visited":["Exordium"],"potions_floor_usage":[8,16],"damage_taken":[{"damage":1,"enemies":"Jaw Worm","floor":1,"turns":5},{"damage":1,"enemies":"2 Louse","floor":3,"turns":4},{"damage":2,"enemies":"Small Slimes","floor":5,"turns":4},{"damage":51,"enemies":"Gremlin Nob","floor":8,"turns":7},{"damage":26,"enemies":"The Mushroom Lair","floor":13,"turns":9},{"damage":0,"enemies":"Looter","floor":14,"turns":4},{"damage":39,"enemies":"Slime Boss","floor":16,"turns":7}],"seed_played":"1377401903073302680","potions_obtained":[{"floor":5,"key":"SpeedPotion"},{"floor":13,"key":"Energy Potion"},{"floor":14,"key":"EssenceOfSteel"}],"is_trial":false,"path_per_floor":["M","?","M","$","M","?","R","E","T","R","?","T","?","M","R","B"],"character_chosen":"THE_CURSED","items_purchased":[],"campfire_rested":2,"item_purchase_floors":[],"current_hp_per_floor":[74,74,73,73,71,60,60,9,9,31,31,31,5,5,27,0,0],"gold":223,"neow_bonus":"BOSS_RELIC","is_daily":false,"chose_seed":false,"campfire_upgraded":1,"win_rate":0.0,"timestamp":1613746129,"path_taken":["M","?","M","$","M","?","R","E","T","R","?","?","?","M","R","BOSS"],"items_purchased_type":[],"build_version":"2020-12-22","purchased_purges":1,"victory":false,"max_hp_per_floor":[75,75,75,75,75,75,75,75,75,75,75,75,75,75,75,75,75],"card_choices":[{"not_picked":["TheCursedMod:VitalStrike","TheCursedMod:CircleOfWindfury","TheCursedMod:CircleOfBlood"],"picked":"SKIP","floor":1},{"not_picked":["TheCursedMod:TacticalStrike","TheCursedMod:CircleOfFocus"],"picked":"TheCursedMod:WearCloak","floor":3},{"not_picked":["TheCursedMod:CircleOfFocus","TheCursedMod:CursedShiv"],"picked":"TheCursedMod:FleshFromBone","floor":5},{"not_picked":["TheCursedMod:WearCloak","TheCursedMod:BloodBarrier","TheCursedMod:SaltUponWound"],"picked":"SKIP","floor":8},{"not_picked":["TheCursedMod:TacticalStrike","TheCursedMod:CursedShiv","TheCursedMod:CircleOfCorruption"],"picked":"SKIP","floor":14}],"player_experience":531189,"relics_obtained":[{"floor":8,"key":"Ginger"},{"floor":9,"key":"reliquary:Buckler"},{"floor":12,"key":"reliquary:Knoch"},{"floor":13,"key":"Odd Mushroom"}],"event_choices":[{"damage_healed":0,"gold_gain":0,"player_choice":"Box","damage_taken":0,"relics_obtained":["reliquary:WeakTea"],"max_hp_gain":0,"max_hp_loss":0,"event_name":"Big Fish","floor":2,"gold_loss":0,"cards_obtained":["Regret"]},{"damage_healed":0,"gold_gain":75,"player_choice":"Gather Gold","damage_taken":11,"max_hp_gain":0,"max_hp_loss":0,"event_name":"World of Goop","floor":6,"gold_loss":0},{"damage_healed":0,"gold_gain":0,"player_choice":"Fought Mushrooms","damage_taken":0,"max_hp_gain":0,"max_hp_loss":0,"event_name":"Mushrooms","floor":13,"gold_loss":0}],"is_beta":false,"boss_relics":[],"items_purged_floors":[4],"is_endless":false,"potions_floor_spawned":[5,13,14],"killed_by":"Slime Boss","ascension_level":0}}