{"host":"qljq6nt1bltq73k9","time":1613740466,"event":{"mods":["BaseMod","Colored Map","Colored Powertips","Downfall","Minty Spire (QoL Compilation)","Quick Restart","Replay The Spire","StSLib","[IsaacMod]ÒÔÈö¼âËþ"],"gold_per_floor":[115,98124,97164,97176,97193,97193,97210,97210,97237,94580,94600,94616,94631,94650,94650,94749,94749,94761,94761,94778,94277,94287,94321,94321,94334,94334,94366,94385,94385,94385,93804,93804,93905,93905,93919,93919,93129,92474,91876,91905,91905,91905,91905,91924,92123,92173,92189,92203,92203,92203,92203,92203,91196,91222,91222,91222],"floor_reached":55,"language":"ZHS","playtime":1746,"items_purged":["Strike_B","Strike_B","Strike_B","Zap","downfall:Icky","Looming Evil","Defend_B","Dualcast","Coolheaded"],"score":754,"play_id":"e4bfb07b-737e-4d87-968e-fdb8bdb28490","local_time":"20210219211426","is_ascension_mode":false,"campfire_choices":[{"floor":6.0,"key":"RECALL"},{"floor":15.0,"key":"DIG"},{"data":"Buffer","floor":24.0,"key":"SMITH"},{"data":"Slimebound:CheckThePlaybook","floor":30.0,"key":"SMITH"},{"data":"Static Discharge","floor":32.0,"key":"SMITH"},{"data":"Storm","floor":49,"key":"SMITH"},{"data":"Discovery","floor":52,"key":"SMITH"}],"circlet_count":0,"master_deck":["Rip and Tear","Compile Driver","Storm+1","Mirror Shield","Capacitor","Sweeping Beam","Thunder Strike","Static Discharge+1","Cold Snap","Leap","Crystallizer","BasicCrystalCard","Mirror Shield","Hologram+1","Ball Lightning","Gash+1","Capacitor","Barrage+1","Buffer+1","Rainbow","Static Discharge+1","Glacier+1","Slimebound:CheckThePlaybook+1","Heatsinks","Mayhem","ReplayRNGCard","Doom and Gloom","Amplify","Discovery+1","CurseOfTheBell","Static Discharge","Crow Ritual","Impatience","Loop","Magnetism","Meteor Strike","Gash+1","Capacitor","FIFO Queue","Hello World","Heatsinks","Sadistic Nature","Madness","Amplify"],"relics":["Cracked Core","HushsDoor","Chaos","Du-Vu Doll","Pet Ghost","Sozu","Singing Bowl","Iron Hammer","Prayer Wheel","Coffee Dripper","WristBlade","Nunchaku","Mirror","Counterbalance","Eternal Feather","Membership Card","Lizard Tail","GuppysTail","GuppysPaw","StrikeDummy","WingedGreaves","Ice Cream","Happy Flower","Paper Frog","Replay:Drink Me","Red Skull","HornCleat","hexamod:Sixitude","Gremlin Horn","Ninja Scroll","ReplayTheSpireMod:Ring of Collecting","Guardian:PocketSentry","Juzu Bracelet","Calling Bell","Magic Flower","MyShadow","RottenBaby","Tingsha","Dream Catcher","Charon\u0027s Ashes","OrangePellets","Bottled Flame","MegaBlast","TheBean","Ring of Shattering","Pocketwatch","Divine Protection","Akabeko","Basket Of Snakes","SacredBark","Strange Spoon","Basket Of Snakes"],"acts_visited":["Exordium","TheCity","TheBeyond","TheEnding"],"potions_floor_usage":[],"damage_taken":[{"damage":6.0,"enemies":"Cultist","floor":1.0,"turns":3.0},{"damage":0.0,"enemies":"Small Slimes","floor":4.0,"turns":2.0},{"damage":0.0,"enemies":"Jaw Worm","floor":5.0,"turns":1.0},{"damage":0.0,"enemies":"Looter","floor":7.0,"turns":3.0},{"damage":0.0,"enemies":"Red Slaver","floor":11.0,"turns":1.0},{"damage":0.0,"enemies":"3 Louse","floor":12.0,"turns":2.0},{"damage":0.0,"enemies":"Lots of Slimes","floor":13.0,"turns":1.0},{"damage":2.0,"enemies":"Looter","floor":14.0,"turns":2.0},{"damage":0.0,"enemies":"Slime Boss","floor":16.0,"turns":3.0},{"damage":0.0,"enemies":"Chosen","floor":18.0,"turns":2.0},{"damage":0.0,"enemies":"2 Thieves","floor":20.0,"turns":3.0},{"damage":2.0,"enemies":"Sentry and Sphere","floor":22.0,"turns":4.0},{"damage":25.0,"enemies":"Slavers","floor":23.0,"turns":2.0},{"damage":0.0,"enemies":"Centurion and Healer","floor":25.0,"turns":5.0},{"damage":7.0,"enemies":"Gremlin Leader","floor":27.0,"turns":4.0},{"damage":0.0,"enemies":"Chosen and Byrds","floor":28.0,"turns":4.0},{"damage":0.0,"enemies":"Collector","floor":33.0,"turns":5.0},{"damage":0,"enemies":"3 Shapes","floor":35,"turns":1},{"damage":0,"enemies":"R_Hoarder","floor":40,"turns":4},{"damage":9,"enemies":"Orb Walker","floor":44,"turns":1},{"damage":0,"enemies":"Mind Bloom Boss Battle","floor":46,"turns":3},{"damage":0,"enemies":"Sphere and 2 Shapes","floor":47,"turns":1},{"damage":4,"enemies":"3 Darklings","floor":48,"turns":1},{"damage":21,"enemies":"Replay:Hell Engine","floor":50,"turns":5},{"damage":20,"enemies":"Shield and Spear","floor":54,"turns":3},{"damage":55,"enemies":"LittleHush","floor":55,"turns":5}],"seed_played":"9166766348430651469","potions_obtained":[],"is_trial":false,"path_per_floor":["M","$","$","M","M","R","M","?","T","$","M","M","M","M","R_BF","B",null,"M","?","M","$","M","E","R","M","T","E","M","?","R","$","R","B",null,"M","?","$","$","$","E","?","?","T","M","?","?","M","M","R","B",null,"R","$","E","B"],"character_chosen":"DEFECT","items_purchased":["Compile Driver","AttackPotion","Du-Vu Doll","Pet Ghost","Fire Potion","DistilledChaos","Storm","Mirror Shield","Sozu","Singing Bowl","Iron Hammer","Capacitor","Prayer Wheel","Coffee Dripper","WristBlade","ChaosCard","Damocles","Static Discharge","GuppysTail","GuppysPaw","WingedGreaves","Ice Cream","Happy Flower","Capacitor","hexamod:Sixitude","Gremlin Horn","Heatsinks","Mayhem","ReplayRNGCard","Doom and Gloom","Guardian:PocketSentry","Juzu Bracelet","Discovery","Calling Bell","Tingsha","Dream Catcher","Diplopia","Static Discharge","Crow Ritual","Impatience","Charon\u0027s Ashes","OrangePellets","Loop","Magnetism","Bottled Flame","Akabeko","Basket Of Snakes","SacredBark","Heatsinks","Sadistic Nature","Madness"],"campfire_rested":0,"item_purchase_floors":[2,2,2,2,2,2,2,2,2,3,3,3,3,10,10,10,10,10,17,17,21,21,21,21,31,31,31,31,31,31,37,37,37,37,38,38,38,38,38,38,39,39,39,39,39,53,53,53,53,53,53],"current_hp_per_floor":[76,76,76,76,80,80,80,80,80,80,82,82,84,84,92,92,72,72,72,74,74,72,24,36,38,38,33,33,33,48,48,62,62,62,66,66,66,66,66,66,66,51,51,44,46,48,48,46,70,49,74,74,74,54,0,0],"gold":91222,"neow_bonus":"TEN_PERCENT_HP_BONUS","is_daily":false,"chose_seed":false,"campfire_upgraded":5,"win_rate":0.0,"timestamp":1613740466,"path_taken":["M","?","$","M","M","R","M","?","T","$","M","M","M","M","R_BF","BOSS","M","?","M","$","M","E","R","M","T","E","M","?","R","$","R_BF","BOSS","M","?","$","$","$","E","?","?","T","M","?","?","M","M","R","BOSS","R","$","E","BOSS"],"items_purchased_type":["Card","Potion","Relic","Relic","Potion","Potion","Card","Card","Relic","Relic","Relic","Card","Relic","Relic","Relic","Card","Relic","Card","Relic","Relic","Relic","Relic","Relic","Card","Relic","Relic","Card","Card","Card","Card","Relic","Relic","Card","Relic","Relic","Relic","Relic","Card","Card","Card","Relic","Relic","Card","Card","Relic","Relic","Relic","Relic","Card","Card","Card"],"build_version":"2020-12-22","purchased_purges":9,"victory":false,"max_hp_per_floor":[82,82,82,82,86,86,86,86,86,86,88,88,90,92,92,92,72,72,72,74,74,74,58,58,60,60,62,62,62,62,62,62,62,62,66,66,66,66,66,66,66,66,66,68,70,72,72,74,74,74,74,74,74,74,74,74],"card_choices":[{"not_picked":["Gash","Conserve Battery"],"picked":"Rip and Tear","floor":1.0},{"not_picked":["Streamline","Ball Lightning"],"picked":"Bomb","floor":4.0},{"not_picked":["Reinforced Body","Cancel"],"picked":"Bomb","floor":4.0},{"not_picked":["Cancel","Gash","Turbo"],"picked":"Singing Bowl","floor":5.0},{"not_picked":["Panic Button","ReplaySort","Barrage"],"picked":"Singing Bowl","floor":5.0},{"not_picked":["Leap","Genetic Algorithm"],"picked":"Sweeping Beam","floor":7.0},{"not_picked":["Rebound","Melter"],"picked":"Thunder Strike","floor":7.0},{"not_picked":["Steam","Panic Button","Go for the Eyes"],"picked":"Singing Bowl","floor":11.0},{"not_picked":["Compile Driver","Ball Lightning"],"picked":"Cold Snap","floor":11.0},{"not_picked":["Stack","Chill"],"picked":"Coolheaded","floor":12.0},{"not_picked":["Turbo","Hologram"],"picked":"Leap","floor":12.0},{"not_picked":["Ball Lightning","Auto Shields"],"picked":"Crystallizer","floor":13.0},{"not_picked":["Coolheaded","Go for the Eyes","Cold Snap"],"picked":"Singing Bowl","floor":13.0},{"not_picked":["ReplayTheSpireMod:Reroute Power","Coolheaded","Conserve Battery"],"picked":"Singing Bowl","floor":14.0},{"not_picked":["Rebound","Scrape"],"picked":"BasicCrystalCard","floor":14.0},{"not_picked":["Hyperbeam","Seek"],"picked":"Mirror Shield","floor":16.0},{"not_picked":["ReplayTheSpireMod:Calculation Training","Time Bomb"],"picked":"Hologram+1","floor":18.0},{"not_picked":["Doom and Gloom","Rebound"],"picked":"Ball Lightning","floor":18.0},{"not_picked":["FTL+1","Genetic Algorithm","Gash"],"picked":"Singing Bowl","floor":20.0},{"not_picked":["Streamline","Sunder"],"picked":"Gash+1","floor":20.0},{"not_picked":["Coolheaded","Stack+1"],"picked":"Barrage+1","floor":22.0},{"not_picked":["Rip and Tear","Lockon"],"picked":"Buffer","floor":22.0},{"not_picked":["BasicCrystalCard","Beam Cell","Sweeping Beam+1"],"picked":"Singing Bowl","floor":23.0},{"not_picked":["Redo","Sunder"],"picked":"Rainbow","floor":25.0},{"not_picked":["Cold Snap+1","Cancel","Time Bomb"],"picked":"Singing Bowl","floor":25.0},{"not_picked":["Ball Lightning","Cold Snap","Gash"],"picked":"Singing Bowl","floor":27.0},{"not_picked":["Barrage+1","Conserve Battery"],"picked":"Static Discharge+1","floor":28.0},{"not_picked":["Sweeping Beam+1","Go for the Eyes"],"picked":"Glacier+1","floor":28.0},{"not_picked":["Hyperbeam","Reboot"],"picked":"Amplify","floor":33.0},{"not_picked":["BasicCrystalCard","Reprogram+1","Go for the Eyes+1"],"picked":"Singing Bowl","floor":35},{"not_picked":["Streamline+1","Turbo+1","Leap+1"],"picked":"Singing Bowl","floor":35},{"not_picked":["BasicCrystalCard+1","Sweeping Beam+1"],"picked":"Meteor Strike","floor":40},{"not_picked":["Compile Driver","Go for the Eyes+1","Redo+1"],"picked":"Singing Bowl","floor":44},{"not_picked":["Rip and Tear","Beam Cell+1"],"picked":"Gash+1","floor":44},{"not_picked":["Stack","BasicCrystalCard","Rebound"],"picked":"Singing Bowl","floor":45},{"not_picked":["Steam+1","Rebound+1","Pulse"],"picked":"Singing Bowl","floor":46},{"not_picked":["Conserve Battery","Streamline"],"picked":"Capacitor","floor":47},{"not_picked":["Leap","Steam Power+1"],"picked":"FIFO Queue","floor":47},{"not_picked":["Tempest","Compile Driver"],"picked":"Hello World","floor":48},{"not_picked":["ReplayTheSpireMod:GoodbyeWorld","Sweeping Beam+1","Leap"],"picked":"Singing Bowl","floor":48},{"not_picked":["Turbo","Beam Cell+1"],"picked":"Amplify","floor":54}],"player_experience":518092,"relics_obtained":[{"floor":11.0,"key":"Nunchaku"},{"floor":12.0,"key":"Mirror"},{"floor":13.0,"key":"Counterbalance"},{"floor":14.0,"key":"Eternal Feather"},{"floor":15.0,"key":"Membership Card"},{"floor":18.0,"key":"StrikeDummy"},{"floor":22.0,"key":"Paper Frog"},{"floor":23.0,"key":"Replay:Drink Me"},{"floor":26.0,"key":"Red Skull"},{"floor":27.0,"key":"HornCleat"},{"floor":36,"key":"ReplayTheSpireMod:Ring of Collecting"},{"floor":37,"key":"Magic Flower"},{"floor":37,"key":"MyShadow"},{"floor":37,"key":"RottenBaby"},{"floor":40,"key":"MegaBlast"},{"floor":43,"key":"Ring of Shattering"},{"floor":43,"key":"Pocketwatch"},{"floor":46,"key":"Divine Protection"},{"floor":54,"key":"Strange Spoon"}],"event_choices":[{"damage_healed":0,"gold_gain":0,"player_choice":"Ignored","damage_taken":0,"max_hp_gain":0,"max_hp_loss":0,"event_name":"Tomb of Lord Red Mask","floor":41,"gold_loss":0},{"damage_healed":0,"gold_gain":0,"player_choice":"Fight","damage_taken":0,"max_hp_gain":0,"max_hp_loss":0,"event_name":"MindBloom","floor":46,"gold_loss":0}],"is_beta":false,"boss_relics":[{"not_picked":["Ginger","Replay:Bandana"],"picked":"Lizard Tail"},{"not_picked":[]},{"not_picked":["ClockworkSouvenir","Grinning Jar"],"picked":"Ninja Scroll"},{"not_picked":[]}],"items_purged_floors":[2,3,10,21,31,37,38,39,53],"is_endless":false,"potions_floor_spawned":[4,7,11,13,23,25,27,28,44,48,54],"killed_by":"LittleHush","ascension_level":0}}