{"host":"3d7yvplr5ovcyppx","time":1613709622,"event":{"mods":["AchievementEnabler","BaseMod","Hermit","Jorbs\u0027s Wanderer Trilogy","Minty Spire (QoL Compilation)","Quick Restart","Somnambulant","StSLib","The Cursed","The Disciple","The Servant 0.9.4"],"gold_per_floor":[111,121,139,139,155,183,183,203,203,228,238,255,275,306,306,401,401,418,435,455,1,15,15,25,41,68,95,130,143,158,184,184,281,281,296,296,34,34,50,78,78,112,112,138,138,157,157,176,176,176],"floor_reached":51,"language":"ENG","playtime":3255,"items_purged":["Pain"],"score":830,"play_id":"9a464bfb-907b-484d-8303-27603b48f4b0","local_time":"20210219101022","is_ascension_mode":false,"campfire_choices":[{"floor":7,"key":"REST"},{"floor":15,"key":"REST"},{"floor":23,"key":"REST"},{"floor":32,"key":"REST"},{"data":"A Thousand Cuts","floor":41,"key":"SMITH"},{"floor":45,"key":"REST"},{"floor":47,"key":"REST"},{"floor":49,"key":"REST"}],"circlet_count":0,"master_deck":["Strike_G","Strike_G","Strike_G","Strike_G","Strike_G","Defend_G","Defend_G","Defend_G","Defend_G","Defend_G","Survivor","Neutralize","CurseOfTheBell","Noxious Fumes","Terror","Bouncing Flask","Dagger Throw","Blade Dance","Crippling Poison","Heel Hook+1","Slice+1","Dagger Spray+1","Heel Hook+1","Quick Slash+1","A Thousand Cuts+1","Slice+1","Endless Agony+1","Deadly Poison+1","Choke+1","Infinite Blades","Reflex","Bane+1","Sucker Punch+1","PiercingWail+1","Outmaneuver","Infinite Blades+1","Accuracy","Dramatic Entrance+1","Sadistic Nature","Secret Weapon","Underhanded Strike+1","Cloak And Dagger+1","Underhanded Strike+1","Prepared","Tactician","Tools of the Trade"],"relics":["Calling Bell","Smiling Mask","White Beast Statue","Tingsha","WarpedTongs","Matryoshka","Vajra","Molten Egg 2","MealTicket","Paper Crane","SacredBark","Toy Ornithopter","Pear","Darkstone Periapt","Anchor","Red Mask","Snake Skull","PreservedInsect","Runic Pyramid","Bottled Tornado","Bronze Scales","Kunai","Mercury Hourglass","Oddly Smooth Stone"],"acts_visited":["Exordium","TheCity","TheBeyond"],"potions_floor_usage":[3,6,8,10,11,11,13,13,13,13,13,13,16,18,19,22,24,25,25,27,28,28,29,30,31,33,33,40,40,40,42,44,46,48],"damage_taken":[{"damage":2,"enemies":"2 Louse","floor":1,"turns":3},{"damage":0,"enemies":"Cultist","floor":2,"turns":4},{"damage":6,"enemies":"Small Slimes","floor":3,"turns":2},{"damage":14,"enemies":"Blue Slaver","floor":5,"turns":5},{"damage":34,"enemies":"3 Sentries","floor":6,"turns":8},{"damage":0,"enemies":"Lots of Slimes","floor":8,"turns":1},{"damage":19,"enemies":"Gremlin Nob","floor":10,"turns":4},{"damage":2,"enemies":"Red Slaver","floor":11,"turns":3},{"damage":1,"enemies":"Looter","floor":12,"turns":2},{"damage":6,"enemies":"Exordium Wildlife","floor":13,"turns":4},{"damage":14,"enemies":"3 Sentries","floor":14,"turns":4},{"damage":22,"enemies":"Hexaghost","floor":16,"turns":7},{"damage":11,"enemies":"Chosen","floor":18,"turns":4},{"damage":14,"enemies":"Shell Parasite","floor":19,"turns":5},{"damage":32,"enemies":"Snake Plant","floor":20,"turns":4},{"damage":10,"enemies":"Sentry and Sphere","floor":22,"turns":3},{"damage":7,"enemies":"Centurion and Healer","floor":24,"turns":4},{"damage":8,"enemies":"Cultist and Chosen","floor":25,"turns":5},{"damage":0,"enemies":"Masked Bandits","floor":27,"turns":4},{"damage":17,"enemies":"Book of Stabbing","floor":28,"turns":4},{"damage":20,"enemies":"Shelled Parasite and Fungi","floor":29,"turns":5},{"damage":21,"enemies":"Sentry and Sphere","floor":30,"turns":4},{"damage":19,"enemies":"Slavers","floor":31,"turns":3},{"damage":45,"enemies":"Champ","floor":33,"turns":9},{"damage":15,"enemies":"3 Darklings","floor":35,"turns":5},{"damage":18,"enemies":"Orb Walker","floor":39,"turns":3},{"damage":15,"enemies":"Reptomancer","floor":40,"turns":4},{"damage":40,"enemies":"Nemesis","floor":42,"turns":3},{"damage":30,"enemies":"Reptomancer","floor":44,"turns":4},{"damage":0,"enemies":"Maw","floor":46,"turns":7},{"damage":26,"enemies":"3 Darklings","floor":48,"turns":3},{"damage":62,"enemies":"Time Eater","floor":50,"turns":9}],"seed_played":"175969881085200568","potions_obtained":[{"floor":1,"key":"SpeedPotion"},{"floor":2,"key":"GamblersBrew"},{"floor":3,"key":"Weak Potion"},{"floor":5,"key":"LiquidBronze"},{"floor":6,"key":"Explosive Potion"},{"floor":8,"key":"Block Potion"},{"floor":10,"key":"Energy Potion"},{"floor":11,"key":"Ancient Potion"},{"floor":12,"key":"EntropicBrew"},{"floor":13,"key":"Weak Potion"},{"floor":14,"key":"SpeedPotion"},{"floor":16,"key":"ColorlessPotion"},{"floor":18,"key":"SkillPotion"},{"floor":19,"key":"ColorlessPotion"},{"floor":20,"key":"LiquidBronze"},{"floor":22,"key":"Block Potion"},{"floor":24,"key":"EntropicBrew"},{"floor":25,"key":"Fruit Juice"},{"floor":27,"key":"Energy Potion"},{"floor":29,"key":"LiquidBronze"},{"floor":30,"key":"Block Potion"},{"floor":31,"key":"LiquidMemories"},{"floor":33,"key":"SpeedPotion"},{"floor":35,"key":"BlessingOfTheForge"},{"floor":39,"key":"LiquidBronze"},{"floor":40,"key":"CunningPotion"},{"floor":42,"key":"Swift Potion"},{"floor":44,"key":"AttackPotion"},{"floor":46,"key":"Fire Potion"},{"floor":48,"key":"Dexterity Potion"}],"is_trial":false,"path_per_floor":["M","M","M","?","M","E","R","M","T","E","M","M","M","E","R","B",null,"M","M","M","$","M","R","M","M","T","?","E","M","M","E","R","B",null,"M","?","$","?","M","E","R","E","T","E","R","M","R","M","R","B",null],"character_chosen":"THE_SILENT","items_purchased":["Toy Ornithopter","Pear","Bottled Tornado"],"campfire_rested":7,"item_purchase_floors":[21,21,37],"current_hp_per_floor":[68,68,62,62,48,14,35,35,35,16,14,13,19,5,26,4,70,59,45,13,38,33,57,55,67,67,72,65,50,34,20,47,12,90,75,65,80,80,62,62,62,27,27,2,29,34,61,40,67,5],"gold":176,"neow_bonus":"BOSS_RELIC","is_daily":false,"chose_seed":false,"campfire_upgraded":1,"win_rate":0.0,"timestamp":1613709622,"path_taken":["M","M","M","?","M","E","R","M","T","E","M","M","M","E","R","BOSS","M","M","M","$","M","R","M","?","T","?","E","M","M","E","R","BOSS","M","?","$","?","M","E","R","E","T","E","R","?","R","M","R","BOSS"],"items_purchased_type":["Relic","Relic","Relic"],"build_version":"2020-12-22","purchased_purges":1,"victory":true,"max_hp_per_floor":[70,70,70,70,70,70,70,70,70,70,70,70,70,70,70,70,70,70,70,70,80,80,80,80,90,90,90,90,90,90,90,90,90,90,90,90,90,90,90,90,90,90,90,90,90,90,90,90,90,90],"card_choices":[{"not_picked":["Outmaneuver","Quick Slash"],"picked":"Noxious Fumes","floor":1},{"not_picked":["Glass Knife","Accuracy"],"picked":"Terror","floor":2},{"not_picked":["Choke","Eviscerate"],"picked":"Bouncing Flask","floor":3},{"not_picked":["Terror","Dodge and Roll"],"picked":"Dagger Throw","floor":5},{"not_picked":["PiercingWail","Choke"],"picked":"Blade Dance","floor":6},{"not_picked":["Blade Dance","Dodge and Roll"],"picked":"Crippling Poison","floor":8},{"not_picked":["Deflect","Blade Dance"],"picked":"Heel Hook+1","floor":10},{"not_picked":["Quick Slash+1","Masterful Stab+1"],"picked":"Slice+1","floor":11},{"not_picked":["Leg Sweep","Escape Plan"],"picked":"Dagger Spray+1","floor":12},{"not_picked":["Predator+1","Accuracy"],"picked":"Heel Hook+1","floor":13},{"not_picked":["Predator+1","Riddle With Holes+1"],"picked":"Quick Slash+1","floor":14},{"not_picked":["Phantasmal Killer","Corpse Explosion"],"picked":"A Thousand Cuts","floor":16},{"not_picked":["Backflip","All Out Attack+1"],"picked":"Slice+1","floor":18},{"not_picked":["Bane+1","Acrobatics"],"picked":"Endless Agony+1","floor":19},{"not_picked":["Quick Slash+1","Flying Knee+1"],"picked":"Deadly Poison+1","floor":20},{"not_picked":["Leg Sweep","Well Laid Plans"],"picked":"Choke+1","floor":22},{"not_picked":["Slice+1","Heel Hook+1"],"picked":"Infinite Blades","floor":24},{"not_picked":["Eviscerate+1","Well Laid Plans"],"picked":"Reflex","floor":25},{"not_picked":["All Out Attack+1","Noxious Fumes"],"picked":"Bane+1","floor":27},{"not_picked":["Expertise","Wraith Form v2"],"picked":"Sucker Punch+1","floor":28},{"not_picked":["Calculated Gamble","Bane+1"],"picked":"PiercingWail+1","floor":29},{"not_picked":["Dodge and Roll","Eviscerate+1"],"picked":"Outmaneuver","floor":30},{"not_picked":["Finisher+1","Flying Knee+1"],"picked":"Infinite Blades+1","floor":31},{"not_picked":["Doppelganger","Phantasmal Killer"],"picked":"Corpse Explosion","floor":33},{"not_picked":["Quick Slash+1","Leg Sweep+1"],"picked":"Accuracy","floor":35},{"not_picked":["Discovery","Deep Breath"],"picked":"Dramatic Entrance+1","floor":36},{"not_picked":["Enlightenment","Discovery"],"picked":"Sadistic Nature","floor":36},{"not_picked":["The Bomb","Magnetism"],"picked":"Secret Weapon","floor":36},{"not_picked":["Well Laid Plans+1","Finisher+1"],"picked":"Underhanded Strike+1","floor":39},{"not_picked":["Acrobatics+1","Blur"],"picked":"Cloak And Dagger+1","floor":40},{"not_picked":["Caltrops","PiercingWail"],"picked":"Underhanded Strike+1","floor":42},{"not_picked":["Predator+1","All Out Attack+1"],"picked":"Prepared","floor":44},{"not_picked":["Dagger Spray+1","Deflect+1"],"picked":"Tactician","floor":46},{"not_picked":["Flechettes+1","Acrobatics"],"picked":"Tools of the Trade","floor":48}],"player_experience":69098,"relics_obtained":[{"floor":0,"key":"Smiling Mask"},{"floor":0,"key":"White Beast Statue"},{"floor":0,"key":"Tingsha"},{"floor":6,"key":"Matryoshka"},{"floor":9,"key":"Vajra"},{"floor":9,"key":"Molten Egg 2"},{"floor":10,"key":"MealTicket"},{"floor":14,"key":"Paper Crane"},{"floor":26,"key":"Darkstone Periapt"},{"floor":26,"key":"Anchor"},{"floor":27,"key":"Red Mask"},{"floor":28,"key":"Snake Skull"},{"floor":31,"key":"PreservedInsect"},{"floor":40,"key":"Bronze Scales"},{"floor":42,"key":"Kunai"},{"floor":43,"key":"Mercury Hourglass"},{"floor":44,"key":"Oddly Smooth Stone"}],"event_choices":[{"damage_healed":0,"gold_gain":0,"player_choice":"Rummage","damage_taken":0,"relics_obtained":["WarpedTongs"],"max_hp_gain":0,"max_hp_loss":0,"event_name":"Accursed Blacksmith","floor":4,"gold_loss":0,"cards_obtained":["Pain"]},{"damage_healed":0,"gold_gain":0,"player_choice":"Fought Bandits","damage_taken":0,"max_hp_gain":0,"max_hp_loss":0,"event_name":"Masked Bandits","floor":27,"gold_loss":0},{"damage_healed":0,"gold_gain":0,"player_choice":"Memory 3","damage_taken":10,"max_hp_gain":0,"max_hp_loss":0,"event_name":"SensoryStone","floor":36,"gold_loss":0},{"cards_removed":["Corpse Explosion"],"damage_healed":0,"gold_gain":0,"player_choice":"Card Removal","damage_taken":0,"max_hp_gain":0,"max_hp_loss":0,"event_name":"Wheel of Change","floor":38,"gold_loss":0}],"is_beta":false,"boss_relics":[{"not_picked":["Fusion Hammer","Philosopher\u0027s Stone"],"picked":"SacredBark"},{"not_picked":["Snecko Eye","Velvet Choker"],"picked":"Runic Pyramid"}],"items_purged_floors":[21],"is_endless":false,"potions_floor_spawned":[1,2,3,5,6,8,10,11,12,13,14,16,18,19,20,22,24,25,27,28,29,30,31,33,35,39,40,42,44,46,48],"ascension_level":0}}