{"host":"8is2j71l4wmybkoi","time":1613740086,"event":{"mods":["AchievementEnabler","BaseMod","Colored Map","DeckTracker","Minty Spire (QoL Compilation)","Rare Cards Sparkle","Relic Stats","StSLib","SuperFastMode"],"gold_per_floor":[112,129,145,159,159,159,189,189,235,235,266,276,1,29,29,108,108,125,143,153,153,153,153,133,164,187,214,214,69,100,112,112,184,234,250,267,280,1279,856,856,890,890,890],"floor_reached":42,"language":"KOR","playtime":1603,"items_purged":["Strike_G","Normality"],"score":976,"play_id":"61f642bc-a467-4528-80dd-4e6a74c6f0b4","local_time":"20210219220806","is_ascension_mode":true,"campfire_choices":[{"data":"Neutralize","floor":6,"key":"SMITH"},{"data":"Bane","floor":8,"key":"SMITH"},{"data":"Dagger Spray","floor":10,"key":"SMITH"},{"data":"Bouncing Flask","floor":15,"key":"SMITH"},{"data":"Tactician","floor":23,"key":"SMITH"},{"data":"Night Terror","floor":28,"key":"SMITH"},{"data":"Ghostly","floor":32,"key":"SMITH"},{"data":"1","floor":40,"key":"LIFT"}],"circlet_count":0,"master_deck":["AscendersBane","Strike_G+1","Strike_G+1","Strike_G+1","Strike_G+1","Defend_G+1","Defend_G+1","Defend_G+1","Defend_G+1","Defend_G+1","Survivor","Neutralize+1","Poisoned Stab+1","Dagger Spray+1","Deadly Poison","Bane+1","Tactician+1","Bouncing Flask+1","Acrobatics","Die Die Die+1","Footwork","Ghostly+1","Ghostly","Ghostly","Night Terror+1","Cloak And Dagger+1","Prepared","Backflip+1","Envenom+1","PiercingWail","Tactician","PiercingWail+1","Normality","Calculated Gamble+1","Prepared+1"],"relics":["Ring of the Snake","Eternal Feather","Lantern","PreservedInsect","Boot","Oddly Smooth Stone","Regal Pillow","Philosopher\u0027s Stone","Girya","Vajra","Dream Catcher","Bronze Scales","Nunchaku","Tiny House","Toxic Egg 2","Whetstone"],"acts_visited":["Exordium","TheCity","TheBeyond"],"potions_floor_usage":[11,14,16,18,20,25,31,33,37],"damage_taken":[{"damage":2,"enemies":"Small Slimes","floor":1,"turns":5},{"damage":2,"enemies":"2 Louse","floor":2,"turns":3},{"damage":2,"enemies":"Cultist","floor":3,"turns":4},{"damage":0,"enemies":"3 Louse","floor":4,"turns":3},{"damage":28,"enemies":"Gremlin Nob","floor":7,"turns":4},{"damage":17,"enemies":"3 Sentries","floor":11,"turns":8},{"damage":0,"enemies":"2 Fungi Beasts","floor":12,"turns":4},{"damage":0,"enemies":"Gremlin Nob","floor":14,"turns":2},{"damage":13,"enemies":"Hexaghost","floor":16,"turns":7},{"damage":3,"enemies":"2 Thieves","floor":18,"turns":3},{"damage":11,"enemies":"Shell Parasite","floor":19,"turns":5},{"damage":14,"enemies":"Centurion and Healer","floor":20,"turns":5},{"damage":2,"enemies":"Book of Stabbing","floor":25,"turns":6},{"damage":4,"enemies":"Gremlin Leader","floor":27,"turns":7},{"damage":7,"enemies":"Book of Stabbing","floor":30,"turns":4},{"damage":2,"enemies":"3 Cultists","floor":31,"turns":4},{"damage":4,"enemies":"Automaton","floor":33,"turns":14},{"damage":1,"enemies":"3 Shapes","floor":35,"turns":4},{"damage":20,"enemies":"3 Darklings","floor":36,"turns":8},{"damage":1,"enemies":"Maw","floor":37,"turns":7},{"damage":28,"enemies":"Reptomancer","floor":41,"turns":7},{"damage":11,"enemies":"Transient","floor":42,"turns":2}],"seed_played":"-7429107944045544310","potions_obtained":[{"floor":2,"key":"Dexterity Potion"},{"floor":7,"key":"SpeedPotion"},{"floor":12,"key":"FearPotion"},{"floor":14,"key":"AttackPotion"},{"floor":18,"key":"FearPotion"},{"floor":19,"key":"SkillPotion"},{"floor":20,"key":"Weak Potion"},{"floor":24,"key":"Explosive Potion"},{"floor":30,"key":"SkillPotion"},{"floor":34,"key":"CultistPotion"},{"floor":36,"key":"DistilledChaos"}],"is_trial":false,"path_per_floor":["M","M","M","M","?","R","E","R","T","R","E","M","$","E","R","B",null,"M","M","M","?","?","R","?","E","T","E","R","$","E","M","R","B",null,"M","M","M","?","$","R","E","M"],"character_chosen":"THE_SILENT","items_purchased":["Oddly Smooth Stone","Acrobatics","Bronze Scales","Toxic Egg 2","Calculated Gamble+1"],"campfire_rested":0,"item_purchase_floors":[13,13,29,39,39],"current_hp_per_floor":[54,52,50,50,45,54,26,35,35,44,27,27,27,27,36,23,64,61,50,36,36,36,39,39,37,37,33,39,39,32,30,39,35,43,42,22,21,21,21,39,11,0,0],"gold":890,"neow_bonus":"TWENTY_PERCENT_HP_BONUS","is_daily":false,"chose_seed":false,"campfire_upgraded":7,"win_rate":0.0,"timestamp":1613740086,"path_taken":["M","M","M","M","?","R","E","R","T","R","E","M","$","E","R","BOSS","M","M","M","?","?","R","?","E","T","E","R","$","E","M","R","BOSS","M","?","M","?","$","R","E","M"],"items_purchased_type":["Relic","Card","Relic","Relic","Card"],"build_version":"2020-12-22","purchased_purges":2,"victory":false,"max_hp_per_floor":[78,78,78,78,78,78,78,78,78,78,78,78,78,78,78,78,78,78,78,78,78,39,39,39,39,39,39,39,39,39,39,39,39,44,44,44,44,44,44,44,44,44,44],"relic_stats":{"Regal Pillow":0,"Dream Catcher":0,"Nunchaku":[8],"counters":[22,116],"Bronze Scales":[176],"Eternal Feather":72,"PreservedInsect":252,"Whetstone":["Die Die Die","Poisoned Stab"],"Boot":[9],"obtain_stats":[{"Girya":25,"Lantern":7,"Regal Pillow":14,"Tiny House":34,"Oddly Smooth Stone":13,"Vajra":26,"Eternal Feather":5,"PreservedInsect":9,"Whetstone":41,"Boot":11,"Dream Catcher":27,"Nunchaku":30,"Bronze Scales":29,"Philosopher\u0027s Stone":17,"Toxic Egg 2":39,"Ring of the Snake":0},{"Girya":13,"Lantern":5,"Regal Pillow":8,"Tiny House":17,"Oddly Smooth Stone":7,"Vajra":13,"Eternal Feather":4,"PreservedInsect":5,"Whetstone":21,"Boot":6,"Dream Catcher":14,"Nunchaku":15,"Bronze Scales":14,"Philosopher\u0027s Stone":9,"Toxic Egg 2":20,"Ring of the Snake":0},{"Girya":59,"Lantern":19,"Regal Pillow":33,"Tiny House":88,"Oddly Smooth Stone":31,"Vajra":59,"Eternal Feather":15,"PreservedInsect":19,"Whetstone":114,"Boot":27,"Dream Catcher":66,"Nunchaku":70,"Bronze Scales":66,"Philosopher\u0027s Stone":40,"Toxic Egg 2":107,"Ring of the Snake":0}],"Ring of the Snake":[44]},"card_choices":[{"not_picked":["Expertise","Dodge and Roll"],"picked":"Poisoned Stab","floor":1},{"not_picked":["Sucker Punch","Heel Hook"],"picked":"Dagger Spray","floor":2},{"not_picked":["Slice","Tactician"],"picked":"Deadly Poison","floor":3},{"not_picked":["Poisoned Stab","Caltrops"],"picked":"Bane","floor":4},{"not_picked":["Setup","Deadly Poison","Riddle With Holes"],"picked":"SKIP","floor":7},{"not_picked":["Noxious Fumes","Acrobatics"],"picked":"Tactician","floor":11},{"not_picked":["Predator","Concentrate"],"picked":"Bouncing Flask","floor":12},{"not_picked":["Bouncing Flask","Choke","Dagger Spray"],"picked":"SKIP","floor":14},{"not_picked":["Doppelganger","After Image"],"picked":"Die Die Die","floor":16},{"not_picked":["Acrobatics","Outmaneuver"],"picked":"Footwork","floor":18},{"not_picked":["Deflect","Backstab","Eviscerate"],"picked":"SKIP","floor":19},{"not_picked":["Poisoned Stab","Skewer+1","Riddle With Holes"],"picked":"SKIP","floor":20},{"not_picked":["Bane","Malaise"],"picked":"Night Terror","floor":25},{"not_picked":["Backstab+1","Riddle With Holes"],"picked":"Cloak And Dagger+1","floor":27},{"not_picked":["Dagger Spray","Deadly Poison"],"picked":"Prepared","floor":30},{"not_picked":["Cloak And Dagger","Poisoned Stab"],"picked":"Backflip+1","floor":31},{"not_picked":["Unload","Venomology"],"picked":"Envenom","floor":33},{"not_picked":["Deadly Poison","Outmaneuver"],"picked":"PiercingWail","floor":34},{"not_picked":["Deadly Poison+1","Outmaneuver"],"picked":"Tactician","floor":35},{"not_picked":["Slice","Quick Slash+1","Heel Hook"],"picked":"SKIP","floor":36},{"not_picked":["Dagger Throw","Leg Sweep"],"picked":"PiercingWail+1","floor":37},{"not_picked":["Poisoned Stab","Sucker Punch+1"],"picked":"Prepared+1","floor":41}],"player_experience":1253830,"relics_obtained":[{"floor":7,"key":"Lantern"},{"floor":9,"key":"PreservedInsect"},{"floor":11,"key":"Boot"},{"floor":14,"key":"Regal Pillow"},{"floor":25,"key":"Girya"},{"floor":26,"key":"Vajra"},{"floor":27,"key":"Dream Catcher"},{"floor":30,"key":"Nunchaku"},{"floor":41,"key":"Whetstone"}],"event_choices":[{"damage_healed":0,"gold_gain":0,"player_choice":"Success","damage_taken":5,"relics_obtained":["Eternal Feather"],"max_hp_gain":0,"max_hp_loss":0,"event_name":"Scrap Ooze","floor":5,"gold_loss":0},{"damage_healed":0,"gold_gain":0,"player_choice":"Simplicity","damage_taken":0,"max_hp_gain":0,"max_hp_loss":0,"event_name":"Back to Basics","floor":21,"gold_loss":0,"cards_upgraded":["Strike_G","Strike_G","Strike_G","Strike_G","Defend_G","Defend_G","Defend_G","Defend_G","Defend_G"]},{"damage_healed":0,"gold_gain":0,"player_choice":"Became a Ghost","damage_taken":0,"max_hp_gain":0,"max_hp_loss":39,"event_name":"Ghosts","floor":22,"gold_loss":0,"cards_obtained":["Ghostly","Ghostly","Ghostly"]},{"damage_healed":0,"gold_gain":0,"player_choice":"Bought 1 Potion","damage_taken":0,"max_hp_gain":0,"max_hp_loss":0,"event_name":"The Woman in Blue","floor":24,"gold_loss":0},{"damage_healed":0,"gold_gain":999,"player_choice":"Gold","damage_taken":0,"max_hp_gain":0,"max_hp_loss":0,"event_name":"MindBloom","floor":38,"gold_loss":0,"cards_obtained":["Normality","Normality"]}],"is_beta":false,"boss_relics":[{"not_picked":["Ring of the Serpent","Cursed Key"],"picked":"Philosopher\u0027s Stone"},{"not_picked":["Runic Dome","Pandora\u0027s Box"],"picked":"Tiny House"}],"items_purged_floors":[13,39],"is_endless":false,"potions_floor_spawned":[2,7,12,14,18,19,20,30,36],"killed_by":"Transient","ascension_level":15}}