{"host":"5vt7i1s0igmi3yzq","time":1613712278,"event":{"mods":["AchievementEnabler","Act Like it!","Aspiration","BaseMod","Better Altar","Better Match","Better Note","Better Sensory Stone","Better Skull","Better Third Choice","Better Vampires","BetterRewards","Colored Powertips","Fox Events","GifTheSpireLib","Hermit","Highlight Path","Minty Spire (QoL Compilation)","Morshu Shopkeeper","Pale of the Ancients","Permanent Neow","Rare Cards Sparkle","Replay The Spire","Reworked Bosses","Shop Mod","StSLib","Stuff the Spire","Unceasing Turn Reminder","Wandering Minibosses","everything is the same but u backflip on backflip"],"gold_per_floor":[116,127,127,137,162,200,223,248,248,24,129,169,180,206,206,311,311,336,209,209,226,244,272,272,305,351,399,399,439,439,444,444],"floor_reached":31,"language":"ENG","playtime":4337,"items_purged":[],"score":381,"play_id":"522c4eb0-1485-42bd-a145-9886ef08ffb9","local_time":"20210218232438","is_ascension_mode":true,"campfire_choices":[{"data":"hermit:Manifest","floor":24,"key":"SMITH"},{"data":"hermit:HighNoon","floor":28,"key":"SMITH"}],"circlet_count":0,"master_deck":["hermit:Strike_Hermit","hermit:Strike_Hermit","hermit:Strike_Hermit","hermit:Strike_Hermit","hermit:Defend_Hermit","hermit:Defend_Hermit","hermit:Defend_Hermit","hermit:Defend_Hermit","hermit:Snapshot","hermit:Covet","hermit:FinalCanter","hermit:TrackingShot","hermit:ShadowCloak","StuffTheSpire:CuriosityCurse","hermit:Scavenge","hermit:Dive","hermit:Misfire","hermit:Vantage","hermit:Combo+1","hermit:SprayPray","hermit:WideOpen","hermit:FatalDesire","hermit:Dive+1","hermit:ShadowCloak+1","Chrysalis","hermit:Manifest+1","hermit:Ricochet","hermit:WideOpen","hermit:HighNoon+1","hermit:CalledShot"],"relics":["hermit:ClaspedLocket","ReplayTheSpireMod:Ninjato","Gambling Chip","StoneCalendar","Replay:Mystery Machine","Blue Doll","Tiny Chest","Eternal Feather","ReplayFunnel","Potion Belt","Juzu Bracelet","Blood Vial","Vajra"],"acts_visited":["Exordium","TheCity"],"potions_floor_usage":[6,18,22,23,23,29,31],"damage_taken":[{"damage":0,"enemies":"Small Slimes","floor":1,"turns":3},{"damage":8,"enemies":"Jaw Worm","floor":2,"turns":3},{"damage":0,"enemies":"Cultist","floor":4,"turns":3},{"damage":11,"enemies":"Exordium Wildlife","floor":5,"turns":5},{"damage":7,"enemies":"Lagavulin","floor":6,"turns":8},{"damage":10,"enemies":"Lots of Slimes","floor":8,"turns":5},{"damage":0,"enemies":"Replay:BlueRogue","floor":12,"turns":5},{"damage":0,"enemies":"3 Louse","floor":13,"turns":2},{"damage":10,"enemies":"Gremlin Nob","floor":14,"turns":3},{"damage":9,"enemies":"Fading Forest","floor":16,"turns":11},{"damage":10,"enemies":"Shell Parasite","floor":18,"turns":4},{"damage":13,"enemies":"3 Byrds","floor":21,"turns":7},{"damage":15,"enemies":"Snake Plant","floor":22,"turns":6},{"damage":10,"enemies":"Book of Stabbing","floor":23,"turns":6},{"damage":0,"enemies":"Replay:Snechameleon","floor":25,"turns":10},{"damage":64,"enemies":"Slavers","floor":29,"turns":7},{"damage":20,"enemies":"Book of Stabbing","floor":31,"turns":5}],"seed_played":"4134549446143785470","potions_obtained":[{"floor":4,"key":"PowerPotion"},{"floor":6,"key":"EssenceOfSteel"},{"floor":14,"key":"Swift Potion"},{"floor":16,"key":"Swift Potion"},{"floor":18,"key":"Weak Potion"},{"floor":22,"key":"Dexterity Potion"},{"floor":29,"key":"SkillPotion"}],"is_trial":false,"path_per_floor":["M","M","?","M","M","E","T","M","T","$","?","E","M","E","R","B",null,"M","$","?","M","M","E","R","E","T","T","R","E","?","E"],"character_chosen":"HERMIT","items_purchased":["Replay:Mystery Machine","hermit:Combo","hermit:ShadowCloak+1","Chrysalis"],"campfire_rested":0,"item_purchase_floors":[10,10,19,19],"current_hp_per_floor":[75,67,67,67,56,49,49,39,39,39,16,16,16,6,18,29,75,65,65,85,73,58,49,64,64,64,64,79,17,17,0,0],"gold":444,"neow_bonus":"ONE_RANDOM_RARE_CARD","is_daily":false,"chose_seed":false,"campfire_upgraded":2,"win_rate":0.0,"timestamp":1613712278,"path_taken":["M","M","?","M","M","E","?","M","T","$","?","E","?","E","R","BOSS","M","$","?","?","M","E","R","E","T","?","R","E","?","E"],"items_purchased_type":["Relic","Card","Card","Card"],"build_version":"2020-12-22","purchased_purges":0,"victory":false,"max_hp_per_floor":[75,75,75,75,75,75,75,75,75,75,75,75,75,75,75,75,75,75,75,85,85,85,85,85,85,85,85,85,85,85,85,85],"card_choices":[{"not_picked":["hermit:Roulette","hermit:Headshot"],"picked":"hermit:TrackingShot","floor":1},{"not_picked":["hermit:Ricochet","hermit:Horror"],"picked":"hermit:ShadowCloak","floor":2},{"not_picked":["hermit:Roulette","hermit:Glare"],"picked":"hermit:Scavenge","floor":4},{"not_picked":["hermit:LowProfile","hermit:TakeAim"],"picked":"hermit:Dive","floor":5},{"not_picked":["hermit:ItchyTrigger","hermit:EternalForm"],"picked":"hermit:Misfire","floor":6},{"not_picked":["hermit:BodyArmor","hermit:LoneWolf"],"picked":"hermit:Vantage","floor":8},{"not_picked":["hermit:Showdown","hermit:Feint"],"picked":"hermit:SprayPray","floor":12},{"not_picked":["hermit:Showdown","hermit:NoHoldsBarred"],"picked":"hermit:WideOpen","floor":13},{"not_picked":["hermit:Headshot","hermit:Snipe"],"picked":"hermit:HeroicBravado","floor":14},{"not_picked":["hermit:Purgatory","hermit:Adapt"],"picked":"hermit:FatalDesire","floor":16},{"not_picked":["hermit:HoleUp+1","hermit:Desperado+1"],"picked":"hermit:Dive+1","floor":18},{"not_picked":["hermit:Snipe","hermit:ItchyTrigger"],"picked":"hermit:Manifest","floor":21},{"not_picked":["hermit:Headshot","hermit:CursedWeapon"],"picked":"hermit:Ricochet","floor":22},{"not_picked":["hermit:Vantage","hermit:NoHoldsBarred"],"picked":"hermit:WideOpen","floor":23},{"not_picked":["hermit:OverwhelmingPower","hermit:SprayPray"],"picked":"hermit:HighNoon","floor":25},{"not_picked":["hermit:Maintenance+1","hermit:Misfire+1"],"picked":"hermit:CalledShot","floor":29}],"player_experience":414186,"relics_obtained":[{"floor":6,"key":"Gambling Chip"},{"floor":9,"key":"StoneCalendar"},{"floor":12,"key":"Tiny Chest"},{"floor":14,"key":"Eternal Feather"},{"floor":23,"key":"ReplayFunnel"},{"floor":25,"key":"Potion Belt"},{"floor":26,"key":"Juzu Bracelet"},{"floor":27,"key":"Blood Vial"},{"floor":29,"key":"Vajra"}],"event_choices":[{"damage_healed":0,"gold_gain":105,"player_choice":"RE GO ","damage_taken":26,"relics_obtained":["Blue Doll"],"max_hp_gain":0,"max_hp_loss":0,"event_name":"betterSkull:BetterSkull","floor":11,"gold_loss":0,"cards_upgraded":[]},{"damage_healed":0,"gold_gain":0,"player_choice":"Grow","damage_taken":0,"max_hp_gain":0,"max_hp_loss":0,"event_name":"Living Wall","floor":15,"gold_loss":0,"cards_upgraded":["hermit:Combo"]},{"cards_removed":["hermit:HeroicBravado"],"damage_healed":10,"gold_gain":0,"player_choice":"Offered Rare","damage_taken":0,"max_hp_gain":10,"max_hp_loss":0,"event_name":"Bonfire Elementals","floor":20,"gold_loss":0}],"is_beta":false,"boss_relics":[{"not_picked":["Runic Dome","SlaversCollar"],"picked":"hermit:ClaspedLocket"}],"items_purged_floors":[],"is_endless":false,"potions_floor_spawned":[4,6,14,16,18,22,29],"killed_by":"Book of Stabbing","ascension_level":1}}