{"host":"5h6e4l6hpn0p5lap","time":1613730618,"event":{"mods":["AchievementEnabler","BaseMod","Better Altar","Better Match","Better Sensory Stone","Better Skull","Better Third Choice","Colored Map","Filter the Spire","Minty Spire (QoL Compilation)","StSLib"],"gold_per_floor":[113,131,146,69,81,99,99,127,127,127,191,191,191,204,204,329,329,354,377,2,2,2,2,2,2,2,26,0,0,0,0,0,99,99,116,166,166,181,181,181,201,201,253,253,272,272,301,9,9,9,9],"floor_reached":50,"language":"ENG","playtime":1950,"items_purged":["Bash","Writhe"],"score":702,"play_id":"a77308cf-1dca-476d-8c89-faeb89d7e426","local_time":"20210219053018","is_ascension_mode":true,"campfire_choices":[{"data":"Rampage","floor":7.0,"key":"SMITH"},{"floor":10,"key":"REST"},{"floor":12,"key":"REST"},{"data":"Body Slam","floor":15,"key":"SMITH"},{"floor":23,"key":"REST"},{"data":"Limit Break","floor":25,"key":"SMITH"},{"floor":29,"key":"REST"},{"floor":32,"key":"REST"},{"data":"Rage","floor":40,"key":"SMITH"},{"floor":42,"key":"REST"},{"floor":44,"key":"REST"},{"floor":49,"key":"REST"}],"circlet_count":0,"master_deck":["Strike_R","Strike_R","Defend_R","Defend_R","Defend_R","Body Slam+1","Anger","Rampage+1","Rupture","Thunderclap","Pommel Strike","Ghostly Armor","Clothesline","Limit Break+1","Combust+1","Berserk+1","Seeing Red+1","Rage+1","Flex","Brutality","J.A.X.","Shrug It Off","Finesse+1","Feed+1","Whirlwind+1","Battle Trance+1","True Grit+1","Heavy Blade+1","Armaments"],"relics":["Burning Blood","Bag of Marbles","Red Skull","Mummified Hand","Question Card","Bloody Idol","Astrolabe","Strawberry","Molten Egg 2","Runic Pyramid","Ice Cream","Meat on the Bone","War Paint","Pantograph","Pen Nib"],"acts_visited":["Exordium","TheCity","TheBeyond"],"potions_floor_usage":[8,16,19,36,38,41],"damage_taken":[{"damage":6.0,"enemies":"Cultist","floor":1.0,"turns":3.0},{"damage":9.0,"enemies":"Jaw Worm","floor":2.0,"turns":5.0},{"damage":8.0,"enemies":"Small Slimes","floor":3.0,"turns":4.0},{"damage":11.0,"enemies":"2 Fungi Beasts","floor":5.0,"turns":4.0},{"damage":12.0,"enemies":"Large Slime","floor":6.0,"turns":4.0},{"damage":25,"enemies":"Lagavulin","floor":8,"turns":5},{"damage":45,"enemies":"Lagavulin Event","floor":11,"turns":6},{"damage":4,"enemies":"Red Slaver","floor":14,"turns":4},{"damage":44,"enemies":"Hexaghost","floor":16,"turns":8},{"damage":14,"enemies":"Chosen","floor":18,"turns":3},{"damage":13,"enemies":"Shell Parasite","floor":19,"turns":4},{"damage":57,"enemies":"Cultist and Chosen","floor":27,"turns":6},{"damage":33,"enemies":"Collector","floor":33,"turns":7},{"damage":32,"enemies":"Orb Walker","floor":35,"turns":4},{"damage":31,"enemies":"Mind Bloom Boss Battle","floor":36,"turns":6},{"damage":7,"enemies":"3 Darklings","floor":38,"turns":3},{"damage":69,"enemies":"4 Shapes","floor":41,"turns":8},{"damage":32,"enemies":"Maw","floor":45,"turns":7},{"damage":62,"enemies":"Nemesis","floor":47,"turns":7},{"damage":92,"enemies":"Donu and Deca","floor":50,"turns":7}],"seed_played":"4696279173153482260","potions_obtained":[{"floor":1.0,"key":"BlessingOfTheForge"},{"floor":8,"key":"ElixirPotion"},{"floor":14,"key":"SpeedPotion"},{"floor":16,"key":"SkillPotion"},{"floor":27,"key":"SkillPotion"},{"floor":33,"key":"SpeedPotion"},{"floor":41,"key":"Fruit Juice"}],"is_trial":false,"path_per_floor":["M","M","M","$","M","M","R","E","T","R","?","R","?","M","R","B",null,"M","M","$","?","?","R","?","R","T","M","?","R","?","?","R","B",null,"M","?","T","M","?","R","M","R","T","R","M","?","E","$","R","B"],"character_chosen":"IRONCLAD","items_purchased":["Inflame","Brutality","Strawberry","Armaments","Pen Nib"],"campfire_rested":8,"item_purchase_floors":[4,20,20,48,48],"current_hp_per_floor":[72,69,67,67,62,56,56,37,37,61,22,46,46,48,48,10,58,50,43,50,50,50,74,74,74,74,23,23,47,47,46,70,48,73,52,32,32,52,73,73,36,64,69,94,73,73,38,38,67,0,0],"gold":9,"neow_bonus":"RANDOM_COMMON_RELIC","is_daily":false,"chose_seed":false,"campfire_upgraded":4,"win_rate":0.0,"timestamp":1613730618,"path_taken":["M","M","M","$","M","M","R","E","T","R","?","R","?","M","R","BOSS","M","M","$","?","?","R","?","R","T","?","?","R","?","?","R","BOSS","M","?","?","?","?","R","M","R","T","R","M","?","E","?","R","BOSS"],"items_purchased_type":["Card","Card","Relic","Card","Relic"],"build_version":"2020-12-22","purchased_purges":2,"victory":false,"max_hp_per_floor":[80,80,80,80,80,80,80,80,80,80,80,80,74,74,74,74,74,74,74,81,81,81,81,81,81,81,81,81,81,81,81,81,81,81,81,81,81,85,85,85,94,94,94,94,94,94,98,98,98,98,98],"card_choices":[{"not_picked":["Combust","Evolve"],"picked":"Body Slam","floor":1.0},{"not_picked":["Wild Strike","Sword Boomerang"],"picked":"Anger","floor":2.0},{"not_picked":["Flex","Shockwave"],"picked":"Rampage","floor":3.0},{"not_picked":["Searing Blow","Inflame"],"picked":"Rupture","floor":5.0},{"not_picked":["Shockwave","Twin Strike"],"picked":"Thunderclap","floor":6.0},{"not_picked":["Perfected Strike","Sentinel"],"picked":"Pommel Strike","floor":8},{"not_picked":["Demon Form","Rage"],"picked":"Ghostly Armor","floor":11},{"not_picked":["Clash","Shockwave","Anger"],"picked":"Clothesline","floor":14},{"not_picked":["Feed","Juggernaut","Exhume"],"picked":"Limit Break","floor":16},{"not_picked":["Body Slam+1","Clothesline","Clash+1"],"picked":"Rage","floor":18},{"not_picked":["Shockwave+1","Pommel Strike","Clash+1"],"picked":"Flex","floor":19},{"not_picked":["Iron Wave+1","Seeing Red","Reckless Charge+1"],"picked":"Shrug It Off","floor":27},{"not_picked":["Good Instincts","Thinking Ahead","Transmutation"],"picked":"Finesse","floor":30},{"not_picked":["Brutality","Fiend Fire+1","Offering"],"picked":"Feed+1","floor":33},{"not_picked":["Sever Soul+1","Seeing Red","Warcry+1"],"picked":"Whirlwind+1","floor":35},{"not_picked":["Clothesline+1","Headbutt+1","Offering"],"picked":"Battle Trance","floor":38},{"not_picked":["Body Slam+1","Shrug It Off","Sword Boomerang+1"],"picked":"True Grit+1","floor":41},{"not_picked":["Warcry+1","Bloodletting","Dark Embrace"],"picked":"Heavy Blade+1","floor":45},{"not_picked":["Dropkick+1","Demon Form","Clash+1","Heavy Blade+1"],"picked":"SKIP","floor":47}],"player_experience":1143790,"relics_obtained":[{"floor":8,"key":"Red Skull"},{"floor":9,"key":"Mummified Hand"},{"floor":11,"key":"Question Card"},{"floor":26,"key":"Molten Egg 2"},{"floor":36,"key":"Ice Cream"},{"floor":37,"key":"Meat on the Bone"},{"floor":43,"key":"War Paint"},{"floor":47,"key":"Pantograph"}],"event_choices":[{"damage_healed":0,"gold_gain":0,"player_choice":"Searched \u00272\u0027 times","damage_taken":0,"max_hp_gain":0,"max_hp_loss":0,"event_name":"Dead Adventurer","floor":11,"gold_loss":0},{"damage_healed":0,"gold_gain":0,"player_choice":"Lose Max HP","damage_taken":0,"relics_obtained":["Golden Idol"],"max_hp_gain":0,"max_hp_loss":6,"event_name":"Golden Idol","floor":13,"gold_loss":0},{"damage_healed":0,"gold_gain":0,"player_choice":"Ignored","damage_taken":0,"max_hp_gain":0,"max_hp_loss":0,"event_name":"Ghosts","floor":21,"gold_loss":0},{"damage_healed":0,"gold_gain":0,"player_choice":"Obtain J.A.X.","damage_taken":0,"max_hp_gain":0,"max_hp_loss":0,"event_name":"Drug Dealer","floor":22,"gold_loss":0,"cards_obtained":["J.A.X."]},{"cards_removed":["Strike_R"],"damage_healed":0,"gold_gain":0,"player_choice":"Purged","damage_taken":0,"max_hp_gain":0,"max_hp_loss":0,"event_name":"Purifier","floor":24,"gold_loss":0},{"damage_healed":0,"gold_gain":0,"player_choice":"Paid Fearfully","damage_taken":0,"max_hp_gain":0,"max_hp_loss":0,"event_name":"Masked Bandits","floor":28,"gold_loss":26},{"damage_healed":0,"gold_gain":2,"player_choice":"1","damage_taken":0,"max_hp_gain":0,"max_hp_loss":0,"event_name":"betterStone:BetterStone","floor":30,"gold_loss":0},{"damage_healed":0,"gold_gain":0,"player_choice":" GoldIdol ","damage_taken":1,"relics_obtained":["Bloody Idol"],"max_hp_gain":47,"max_hp_loss":46,"event_name":"betterAltar:BetterAltar","floor":31,"potions_obtained":[],"relics_lost":["Golden Idol"],"gold_loss":0},{"damage_healed":0,"gold_gain":0,"player_choice":"Fight","damage_taken":0,"max_hp_gain":0,"max_hp_loss":0,"event_name":"MindBloom","floor":36,"gold_loss":0},{"damage_healed":21,"gold_gain":0,"player_choice":"Writhe","damage_taken":0,"max_hp_gain":0,"max_hp_loss":0,"event_name":"Winding Halls","floor":39,"gold_loss":0,"cards_obtained":["Writhe"]},{"cards_removed":["Inflame"],"damage_healed":0,"gold_gain":0,"player_choice":"Removed Power","damage_taken":0,"max_hp_gain":0,"max_hp_loss":0,"event_name":"Falling","floor":46,"gold_loss":0}],"is_beta":false,"boss_relics":[{"not_picked":["Black Star","Coffee Dripper"],"picked":"Astrolabe"},{"not_picked":["Velvet Choker","Empty Cage"],"picked":"Runic Pyramid"}],"items_purged_floors":[20,48],"is_endless":false,"potions_floor_spawned":[1,8,14,16,27,33,35,41],"killed_by":"Donu and Deca","ascension_level":8}}