{"host":"g7uq9uzahx9e0kti","time":1613742053,"event":{"mods":["100% Spire Juice","AchievementEnabler","Act Like it!","Arknights","BaseMod","CapriCore","Hermit","Koishi","Minty Spire (QoL Compilation)","Prisma Mod","Quick Restart","StSLib","SuperFastMode","The Bug Knight","The Cursed","The Hierophant","Together in Spire","WarShipGirlsR/??á´Ò³R mod"],"gold_per_floor":[113,38,38,51,70,70,96,96,123,123,123,142,142,172,172,172,172],"floor_reached":16,"language":"KOR","playtime":907,"items_purged":["HollowMod:QuickDashStart"],"score":98,"play_id":"886a2485-345c-4c36-9d08-bc9e6af20d14","local_time":"20210219224053","is_ascension_mode":false,"campfire_choices":[{"data":"HollowMod:PogoStrike","floor":6,"key":"SMITH"},{"data":"HollowMod:GreatSlash","floor":8,"key":"SMITH"},{"data":"HollowMod:GoodIntentions","floor":11,"key":"SMITH"},{"data":"HollowMod:MidwifesHunger","floor":15,"key":"SMITH"}],"circlet_count":0,"master_deck":["HollowMod:NailStrikeStart","HollowMod:NailStrikeStart","HollowMod:NailStrikeStart","HollowMod:QuickDashStart","HollowMod:QuickDashStart","HollowMod:QuickDashStart","HollowMod:FocusHealStart","HollowMod:PogoStrike+1","HollowMod:NewLittleFool","HollowMod:CornifersMapStart","HollowMod:GoodIntentions+1","HollowMod:GreatSlash+1","HollowMod:LifebloodCocoon","HollowMod:MidwifesHunger+1"],"relics":["HollowMod:VesselMask","NeowsBlessing","Pen Nib","Art of War","Odd Mushroom"],"acts_visited":["Exordium"],"potions_floor_usage":[],"damage_taken":[{"damage":0,"enemies":"Small Slimes","floor":1,"turns":1},{"damage":0,"enemies":"Cultist","floor":4,"turns":1},{"damage":0,"enemies":"Jaw Worm","floor":5,"turns":1},{"damage":34,"enemies":"Gremlin Nob","floor":7,"turns":5},{"damage":0,"enemies":"Gremlin Gang","floor":12,"turns":1},{"damage":12,"enemies":"The Mushroom Lair","floor":14,"turns":3},{"damage":26,"enemies":"Hexaghost","floor":16,"turns":9}],"seed_played":"3216650194223588613","potions_obtained":[{"floor":4,"key":"SmokeBomb"},{"floor":14,"key":"EntropicBrew"}],"is_trial":false,"path_per_floor":["M","$","?","M","M","R","E","R","T","?","R","M","$","?","R","B"],"character_chosen":"THE_BUGKNIGHT","items_purchased":[],"campfire_rested":0,"item_purchase_floors":[],"current_hp_per_floor":[75,75,75,75,75,75,41,41,41,41,41,41,41,29,29,3,3],"gold":172,"neow_bonus":"THREE_ENEMY_KILL","is_daily":false,"chose_seed":false,"campfire_upgraded":4,"win_rate":0.0,"timestamp":1613742053,"path_taken":["M","$","?","M","?","R","E","R","T","?","R","?","?","?","R","BOSS"],"items_purchased_type":[],"build_version":"2020-12-22","purchased_purges":1,"victory":false,"max_hp_per_floor":[75,75,75,75,75,75,75,75,75,75,75,75,75,75,75,75,75],"card_choices":[{"not_picked":["HollowMod:ShadowDash","HollowMod:MonarchWings"],"picked":"HollowMod:NewLittleFool","floor":1},{"not_picked":["HollowMod:NewJinnsSoul","HollowMod:DescendingDark"],"picked":"HollowMod:CornifersMapStart","floor":4},{"not_picked":["HollowMod:SiblingsShadow","HollowMod:SharpenedShadows"],"picked":"HollowMod:GoodIntentions","floor":5},{"not_picked":["HollowMod:DungDefenderAura","HollowMod:SoulShaman"],"picked":"HollowMod:GreatSlash","floor":7},{"not_picked":["HollowMod:TaintedHusks","HollowMod:DungDefenderAura"],"picked":"HollowMod:LifebloodCocoon","floor":12},{"not_picked":["HollowMod:CornifersMapStart","HollowMod:ShadowDash"],"picked":"HollowMod:MidwifesHunger","floor":14}],"player_experience":129689,"relics_obtained":[{"floor":7,"key":"Pen Nib"},{"floor":9,"key":"Art of War"},{"floor":14,"key":"Odd Mushroom"}],"event_choices":[{"cards_removed":["HollowMod:NailStrikeStart"],"damage_healed":0,"gold_gain":0,"player_choice":"Purged","damage_taken":0,"max_hp_gain":0,"max_hp_loss":0,"event_name":"Purifier","floor":3,"gold_loss":0},{"damage_healed":0,"gold_gain":0,"player_choice":"Ignored","damage_taken":0,"max_hp_gain":0,"max_hp_loss":0,"event_name":"NoteForYourself","floor":10,"gold_loss":0},{"damage_healed":0,"gold_gain":0,"player_choice":"Fought Mushrooms","damage_taken":0,"max_hp_gain":0,"max_hp_loss":0,"event_name":"Mushrooms","floor":14,"gold_loss":0}],"is_beta":false,"boss_relics":[],"items_purged_floors":[2],"is_endless":false,"potions_floor_spawned":[4,14],"killed_by":"Hexaghost","ascension_level":0}}