{"host":"x73jdofm2fk9hsud","time":1613772309,"event":{"mods":["BaseMod","Bestiary","Minty Spire (QoL Compilation)","Relic Stats","ojb\u0027s Better Paths Mod","ojb\u0027s Info Mod"],"gold_per_floor":[118,131,131,13,34,34,47,47,47,72,115,115,146,146,146,236,236,260,260,3,28,52,87,87,126,126,126,165,165,165,199,199,288,288,311,377,377,42,55,95,95,130,155,194,225,225,11,36,36,36,36,36,36,7,51,51],"floor_reached":57,"language":"ENG","playtime":3096,"items_purged":["Strike_B","Strike_B","Defend_B","Clumsy"],"score":3479,"play_id":"6d0791ef-d9e6-4089-afdf-29bd307733a3","local_time":"20210219170509","is_ascension_mode":true,"campfire_choices":[{"data":"Consume","floor":6,"key":"SMITH"},{"floor":8,"key":"REST"},{"floor":12,"key":"REST"},{"data":"Zap","floor":15,"key":"SMITH"},{"data":"Electrodynamics","floor":24,"key":"SMITH"},{"floor":27,"key":"REST"},{"data":"Go for the Eyes","floor":29,"key":"SMITH"},{"data":"Undo","floor":32,"key":"SMITH"},{"floor":41,"key":"RECALL"},{"data":"Hologram","floor":49,"key":"SMITH"},{"data":"Darkness","floor":53,"key":"SMITH"}],"circlet_count":0,"master_deck":["AscendersBane","Defend_B","Zap+1","Dualcast","Consume+1","Capacitor+1","Cold Snap+1","Conserve Battery","FTL","Glacier","Electrodynamics+1","Biased Cognition+1","Core Surge+1","Seek+1","Coolheaded+1","Undo+1","Redo+1","Go for the Eyes+1","BootSequence","Hologram+1","Leap+1","Darkness+1","Conserve Battery+1","Amplify","Reinforced Body+1","Ball Lightning+1"],"relics":["Black Star","Golden Idol","StrikeDummy","White Beast Statue","Torii","Lizard Tail","Smiling Mask","Astrolabe","MealTicket","Toy Ornithopter","Kunai","Bottled Tornado","Centennial Puzzle","Bottled Lightning","Pear","Frozen Egg 2","Shuriken","DataDisk","Blue Candle","Cursed Key","WingedGreaves","Cables","Anchor","Gremlin Horn","Akabeko","Letter Opener","Oddly Smooth Stone","Bag of Preparation","Mango","Lantern","Emotion Chip","Whetstone"],"acts_visited":["Exordium","TheCity","TheBeyond","TheEnding"],"potions_floor_usage":[11,11,22,23,25,25,36,56,56],"damage_taken":[{"damage":13,"enemies":"Jaw Worm","floor":1,"turns":6},{"damage":11,"enemies":"Small Slimes","floor":2,"turns":4},{"damage":1,"enemies":"Cultist","floor":5,"turns":3},{"damage":12,"enemies":"3 Louse","floor":7,"turns":4},{"damage":13,"enemies":"Red Slaver","floor":10,"turns":4},{"damage":0,"enemies":"Gremlin Nob","floor":11,"turns":3},{"damage":12,"enemies":"3 Sentries","floor":13,"turns":10},{"damage":0,"enemies":"The Guardian","floor":16,"turns":10},{"damage":2,"enemies":"3 Byrds","floor":18,"turns":3},{"damage":1,"enemies":"2 Thieves","floor":21,"turns":4},{"damage":1,"enemies":"Cultist and Chosen","floor":22,"turns":7},{"damage":21,"enemies":"Gremlin Leader","floor":23,"turns":6},{"damage":20,"enemies":"Slavers","floor":25,"turns":3},{"damage":0,"enemies":"Book of Stabbing","floor":28,"turns":6},{"damage":0,"enemies":"Gremlin Leader","floor":31,"turns":4},{"damage":24,"enemies":"Automaton","floor":33,"turns":8},{"damage":0,"enemies":"3 Darklings","floor":35,"turns":2},{"damage":23,"enemies":"2 Orb Walkers","floor":36,"turns":3},{"damage":0,"enemies":"Orb Walker","floor":39,"turns":2},{"damage":0,"enemies":"Giant Head","floor":40,"turns":8},{"damage":0,"enemies":"Reptomancer","floor":42,"turns":5},{"damage":0,"enemies":"Giant Head","floor":44,"turns":6},{"damage":0,"enemies":"Reptomancer","floor":45,"turns":4},{"damage":0,"enemies":"Transient","floor":48,"turns":6},{"damage":0,"enemies":"Time Eater","floor":50,"turns":16},{"damage":11,"enemies":"Awakened One","floor":51,"turns":15},{"damage":6,"enemies":"Shield and Spear","floor":55,"turns":8},{"damage":56,"enemies":"The Heart","floor":56,"turns":10}],"seed_played":"524059106356077315","potions_obtained":[{"floor":1,"key":"FocusPotion"},{"floor":7,"key":"AttackPotion"},{"floor":10,"key":"DistilledChaos"},{"floor":13,"key":"SpeedPotion"},{"floor":16,"key":"SteroidPotion"},{"floor":21,"key":"EssenceOfSteel"},{"floor":22,"key":"Strength Potion"},{"floor":23,"key":"SpeedPotion"},{"floor":25,"key":"SmokeBomb"},{"floor":28,"key":"SteroidPotion"},{"floor":33,"key":"EntropicBrew"},{"floor":35,"key":"Fruit Juice"},{"floor":36,"key":"DuplicationPotion"},{"floor":44,"key":"FocusPotion"}],"is_trial":false,"path_per_floor":["M","M","?","$","M","R","M","R","T","M","E","R","E","?","R","B",null,"M","?","$","M","M","E","R","E","T","R","E","R","?","E","R","B",null,"M","?","?","$","M","E","R","E","T","E","E","?","$","M","R","B","B",null,"R","$","E","B",null],"character_chosen":"DEFECT","items_purchased":["Capacitor","Toy Ornithopter","Undo","Cables","Amplify","Ball Lightning"],"campfire_rested":3,"item_purchase_floors":[4,20,20,38,47,54],"current_hp_per_floor":[51,40,40,40,39,39,27,46,46,33,33,52,40,40,40,40,58,56,56,64,63,63,43,43,33,43,65,65,65,65,65,65,41,66,66,53,53,68,68,68,68,68,68,68,82,82,89,89,89,89,78,86,86,89,83,33],"gold":51,"neow_bonus":"BOSS_RELIC","is_daily":false,"chose_seed":false,"campfire_upgraded":7,"win_rate":0.0,"timestamp":1613772309,"path_taken":["M","M","?","$","M","R","M","R","T","M","E","R","E","?","R","BOSS","M","?","$","?","M","E","R","E","T","R","E","R","?","E","R","BOSS","M","?","?","$","M","E","R","E","T","E","E","?","$","M","R","BOSS","BOSS","R","$","E","BOSS"],"items_purchased_type":["Card","Relic","Card","Relic","Card","Card"],"build_version":"2020-12-22","purchased_purges":4,"victory":true,"max_hp_per_floor":[71,71,64,64,64,64,64,64,64,64,64,64,64,64,64,64,64,64,64,64,64,64,64,64,64,74,74,74,74,74,74,74,74,74,74,79,75,75,75,75,75,75,75,75,89,89,89,89,89,89,89,89,89,89,89,89],"relic_stats":{"Torii":24,"Gremlin Horn":[14,14],"counters":[28,170],"Golden Idol":229,"Astrolabe":["Biased Cognition","Core Surge","Seek"],"Blue Candle":[0],"Bag of Preparation":[12],"Letter Opener":[250],"Whetstone":["Cold Snap","Ball Lightning"],"Smiling Mask":225,"Cursed Key":1,"Cables":[71,27,30,14,0],"Lizard Tail":0,"Centennial Puzzle":[15],"Emotion Chip":[14,6,7,1,0],"Shuriken":[6],"MealTicket":33,"Black Star":11,"Kunai":[8],"obtain_stats":[{"Lantern":45,"Torii":11,"Gremlin Horn":40,"Mango":45,"Bag of Preparation":44,"Whetstone":55,"Bottled Tornado":23,"Smiling Mask":13,"Cursed Key":34,"Lizard Tail":13,"Centennial Puzzle":25,"Emotion Chip":55,"MealTicket":19,"WingedGreaves":36,"Kunai":23,"Cracked Core":0,"Pear":26,"Golden Idol":3,"Astrolabe":17,"Blue Candle":31,"Oddly Smooth Stone":44,"Letter Opener":42,"Frozen Egg 2":28,"White Beast Statue":11,"Akabeko":42,"Cables":38,"DataDisk":31,"Anchor":40,"Shuriken":28,"Black Star":0,"Bottled Lightning":25,"StrikeDummy":9,"Toy Ornithopter":20},{"Lantern":23,"Torii":6,"Gremlin Horn":20,"Mango":23,"Bag of Preparation":22,"Whetstone":27,"Bottled Tornado":12,"Smiling Mask":7,"Cursed Key":16,"Lizard Tail":7,"Centennial Puzzle":13,"Emotion Chip":27,"MealTicket":9,"WingedGreaves":18,"Kunai":12,"Cracked Core":0,"Pear":13,"Golden Idol":2,"Astrolabe":8,"Blue Candle":15,"Oddly Smooth Stone":22,"Letter Opener":21,"Frozen Egg 2":14,"White Beast Statue":6,"Akabeko":21,"Cables":18,"DataDisk":15,"Anchor":20,"Shuriken":14,"Black Star":0,"Bottled Lightning":13,"StrikeDummy":4,"Toy Ornithopter":9},{"Lantern":115,"Torii":24,"Gremlin Horn":100,"Mango":115,"Bag of Preparation":111,"Whetstone":160,"Bottled Tornado":64,"Smiling Mask":34,"Cursed Key":85,"Lizard Tail":34,"Centennial Puzzle":67,"Emotion Chip":160,"MealTicket":47,"WingedGreaves":90,"Kunai":64,"Cracked Core":0,"Pear":67,"Golden Idol":10,"Astrolabe":44,"Blue Candle":77,"Oddly Smooth Stone":111,"Letter Opener":105,"Frozen Egg 2":73,"White Beast Statue":24,"Akabeko":105,"Cables":90,"DataDisk":77,"Anchor":100,"Shuriken":73,"Black Star":0,"Bottled Lightning":67,"StrikeDummy":17,"Toy Ornithopter":47}],"Toy Ornithopter":23},"card_choices":[{"not_picked":["White Noise","Streamline"],"picked":"Consume","floor":1},{"not_picked":["Doom and Gloom","Auto Shields"],"picked":"Ball Lightning","floor":2},{"not_picked":["Go for the Eyes","BootSequence"],"picked":"Cold Snap","floor":5},{"not_picked":["Leap","Barrage"],"picked":"Conserve Battery","floor":7},{"not_picked":["Compile Driver","Auto Shields"],"picked":"FTL","floor":10},{"not_picked":["Hyperbeam","Stack"],"picked":"Glacier","floor":11},{"not_picked":["Steam","Ball Lightning","Aggregate"],"picked":"SKIP","floor":13},{"not_picked":["Reboot","Creative AI"],"picked":"Electrodynamics","floor":16},{"not_picked":["Darkness","Sweeping Beam"],"picked":"Coolheaded+1","floor":18},{"not_picked":["Chaos","Coolheaded"],"picked":"Redo+1","floor":21},{"not_picked":["Self Repair","Scrape"],"picked":"Go for the Eyes","floor":22},{"not_picked":["Sunder","Gash","Steam"],"picked":"SKIP","floor":23},{"not_picked":["FTL","Lockon+1"],"picked":"BootSequence","floor":25},{"not_picked":["Beam Cell","Turbo+1","Hello World+1"],"picked":"SKIP","floor":28},{"not_picked":["Coolheaded","Barrage","Ball Lightning+1"],"picked":"SKIP","floor":31},{"not_picked":["Ball Lightning","Lockon","Beam Cell"],"picked":"SKIP","floor":35},{"not_picked":["Electrodynamics+1","Leap"],"picked":"Hologram","floor":39},{"not_picked":["Stack","All For One"],"picked":"Leap+1","floor":40},{"not_picked":["Conserve Battery","Redo"],"picked":"Darkness","floor":42},{"not_picked":["Scrape","Reprogram"],"picked":"Conserve Battery+1","floor":44},{"not_picked":["Sunder","Go for the Eyes","Double Energy+1"],"picked":"SKIP","floor":45},{"not_picked":["Chaos","Streamline"],"picked":"Reinforced Body+1","floor":48},{"not_picked":["Ball Lightning","BootSequence","Aggregate+1"],"picked":"SKIP","floor":55}],"player_experience":5394970,"relics_obtained":[{"floor":9,"key":"StrikeDummy"},{"floor":11,"key":"White Beast Statue"},{"floor":11,"key":"Torii"},{"floor":13,"key":"Lizard Tail"},{"floor":13,"key":"Smiling Mask"},{"floor":23,"key":"Kunai"},{"floor":23,"key":"Bottled Tornado"},{"floor":25,"key":"Centennial Puzzle"},{"floor":25,"key":"Bottled Lightning"},{"floor":26,"key":"Pear"},{"floor":28,"key":"Frozen Egg 2"},{"floor":28,"key":"Shuriken"},{"floor":31,"key":"DataDisk"},{"floor":31,"key":"Blue Candle"},{"floor":36,"key":"WingedGreaves"},{"floor":40,"key":"Anchor"},{"floor":40,"key":"Gremlin Horn"},{"floor":42,"key":"Akabeko"},{"floor":42,"key":"Letter Opener"},{"floor":44,"key":"Oddly Smooth Stone"},{"floor":44,"key":"Bag of Preparation"},{"floor":45,"key":"Mango"},{"floor":45,"key":"Lantern"},{"floor":55,"key":"Emotion Chip"},{"floor":55,"key":"Whetstone"}],"event_choices":[{"damage_healed":0,"gold_gain":0,"player_choice":"Lose Max HP","damage_taken":0,"relics_obtained":["Golden Idol"],"max_hp_gain":0,"max_hp_loss":7,"event_name":"Golden Idol","floor":3,"gold_loss":0},{"damage_healed":0,"gold_gain":0,"player_choice":"Grow","damage_taken":0,"max_hp_gain":0,"max_hp_loss":0,"event_name":"Living Wall","floor":14,"gold_loss":0,"cards_upgraded":["Capacitor"]},{"damage_healed":0,"gold_gain":0,"player_choice":"Gave Potion","damage_taken":0,"relics_obtained":["MealTicket"],"max_hp_gain":0,"max_hp_loss":0,"event_name":"WeMeetAgain","floor":19,"gold_loss":0},{"cards_removed":["Strike_B"],"damage_healed":0,"gold_gain":0,"player_choice":"Offered Basic","damage_taken":0,"max_hp_gain":0,"max_hp_loss":0,"event_name":"Bonfire Elementals","floor":30,"gold_loss":0},{"damage_healed":0,"gold_gain":0,"player_choice":"Fight","damage_taken":0,"max_hp_gain":0,"max_hp_loss":0,"event_name":"Mysterious Sphere","floor":36,"gold_loss":0},{"damage_healed":0,"gold_gain":0,"player_choice":"Max HP","damage_taken":0,"max_hp_gain":0,"max_hp_loss":4,"event_name":"Winding Halls","floor":37,"gold_loss":0},{"cards_removed":["Ball Lightning"],"damage_healed":0,"gold_gain":0,"player_choice":"Removed Attack","damage_taken":0,"max_hp_gain":0,"max_hp_loss":0,"event_name":"Falling","floor":46,"gold_loss":0}],"is_beta":false,"boss_relics":[{"not_picked":["Ectoplasm","Empty Cage"],"picked":"Astrolabe"},{"not_picked":["Nuclear Battery","Sozu"],"picked":"Cursed Key"}],"items_purged_floors":[4,20,38,47],"is_endless":false,"potions_floor_spawned":[1,7,10,13,16,18,21,22,23,25,28,31,33,35,36,39,40,42,44,45,48,55],"ascension_level":20}}