{"host":"ds28d883r3sz42zs","time":1613717348,"event":{"mods":["2.2 Compatiblity","A Penny For Your Troubles","AchievementEnabler","Act Like it!","Aspiration","BaseMod","Bestiary","Better Match","Better Sensory Stone","Better Third Choice","Better-Laid Plans","BetterRewards","Block Reminder","Card Forge","Challenge The Spire","Colored Map","Colored Powertips","Conspire","DeckTracker","Defuse TimeMaze Blight","Disable Question Mark Monsters","Displayed Cursed Tome","Emptier Cage","GifTheSpireLib","Gold Saver","Hallownest","Hubris","Infinite Spire","Ironclad Rager","Minty Spire (QoL Compilation)","Permanent Neow","Practice Mode","Quick Restart","Random Character Button","Rare Cards Sparkle","Relic Filter","Relic Sorter","Relic Stats","Reliquary","SacredBarkPlus","Shop Mod","Spire Arcade","StSLib","SuperFastMode","The Bug Knight","Uncapped","Unknown Chances","Wide Potions"],"gold_per_floor":[873,921,921,940,952,979,979,269,269,269,289,314,214,247,247,247,247],"floor_reached":16,"language":"ENG","playtime":721,"items_purged":["Strike_G"],"score":171,"play_id":"1a97c6af-5a1e-427a-91cc-3e2d951cfc49","local_time":"20210219014908","is_ascension_mode":true,"campfire_choices":[{"data":"Endless Agony","floor":7,"key":"SMITH"},{"data":"Slice","floor":10,"key":"SMITH"},{"data":"Ghostly","floor":15,"key":"SMITH"}],"circlet_count":0,"master_deck":["Strike_G","Strike_G","Strike_G","Strike_G","Defend_G","Defend_G","Defend_G","Defend_G","Defend_G","Survivor","Neutralize","Backstab","Endless Agony+1","Slice+1","Underhanded Strike","Poisoned Stab","Blur","Blade Dance","Dodge and Roll","Ghostly+1"],"relics":["Ring of the Snake","Hammer of Thor","Seething Fire","Anvil of the Gods","aspiration:Nostalgia","infinitespire:DarkRift","WingedGreaves","hubris:MedicalManual","TungstenRod","infinitespire:Beetle Shell","Cauldron","InkBottle","infinitespire:CursedDice"],"acts_visited":["Exordium"],"potions_floor_usage":[6,6,6,8,14],"damage_taken":[{"damage":1,"enemies":"2 Louse","floor":1,"turns":3},{"damage":8,"enemies":"conspire:MimicChest","floor":2,"turns":11},{"damage":0,"enemies":"Jaw Worm","floor":4,"turns":4},{"damage":0,"enemies":"Small Slimes","floor":5,"turns":3},{"damage":32,"enemies":"Gremlin Nob","floor":6,"turns":6},{"damage":0,"enemies":"Exordium Thugs","floor":11,"turns":4},{"damage":1,"enemies":"3 Sentries","floor":12,"turns":7},{"damage":4,"enemies":"Gremlin Nob","floor":14,"turns":3},{"damage":22,"enemies":"The Guardian","floor":16,"turns":15}],"seed_played":"6302032281161085359","potions_obtained":[{"floor":2,"key":"Swift Potion"},{"floor":3,"key":"GhostInAJar"},{"floor":3,"key":"Block Potion"},{"floor":8,"key":"Fruit Juice"},{"floor":8,"key":"Fire Potion"},{"floor":8,"key":"AttackPotion"},{"floor":8,"key":"BlessingOfTheForge"},{"floor":14,"key":"DuplicationPotion"}],"is_trial":false,"path_per_floor":["M","?","?","M","M","E","R","$","T","R","M","E","?","E","R","B"],"character_chosen":"THE_SILENT","items_purchased":["TungstenRod","infinitespire:Beetle Shell","Cauldron","Blur"],"campfire_rested":0,"item_purchase_floors":[8,8,8,8],"current_hp_per_floor":[62,54,54,54,54,22,22,27,27,27,27,26,26,22,22,0,0],"gold":247,"neow_bonus":"NOSTALGIA","is_daily":false,"chose_seed":false,"campfire_upgraded":3,"win_rate":0.0,"timestamp":1613717348,"path_taken":["M","?","?","M","?","E","R","$","T","R","M","E","?","E","R","BOSS"],"items_purchased_type":["Relic","Relic","Relic","Card"],"build_version":"2020-12-22","purchased_purges":1,"victory":false,"max_hp_per_floor":[70,70,70,70,70,70,70,75,75,75,75,75,75,75,75,75,75],"relic_stats":{"counters":[9,56],"obtain_stats":[{"aspiration:Nostalgia":0,"infinitespire:CursedDice":14,"Hammer of Thor":0,"hubris:MedicalManual":6,"infinitespire:Beetle Shell":8,"Seething Fire":0,"Cauldron":8,"infinitespire:DarkRift":0,"Anvil of the Gods":0,"WingedGreaves":2,"TungstenRod":8,"InkBottle":12,"Ring of the Snake":0},{"aspiration:Nostalgia":0,"infinitespire:CursedDice":8,"Hammer of Thor":0,"hubris:MedicalManual":5,"infinitespire:Beetle Shell":5,"Seething Fire":0,"Cauldron":5,"infinitespire:DarkRift":0,"Anvil of the Gods":0,"WingedGreaves":2,"TungstenRod":5,"InkBottle":7,"Ring of the Snake":0},{"aspiration:Nostalgia":0,"infinitespire:CursedDice":41,"Hammer of Thor":0,"hubris:MedicalManual":27,"infinitespire:Beetle Shell":27,"Seething Fire":0,"Cauldron":27,"infinitespire:DarkRift":0,"Anvil of the Gods":0,"WingedGreaves":14,"TungstenRod":27,"InkBottle":38,"Ring of the Snake":0}],"TungstenRod":4,"InkBottle":[7],"Ring of the Snake":[19]},"card_choices":[{"not_picked":["Flying Knee","Dodge and Roll"],"picked":"Backstab","floor":1},{"not_picked":["hubris:SlightOfHand","Cloak And Dagger"],"picked":"Endless Agony","floor":2},{"not_picked":["Dagger Spray","Tools of the Trade"],"picked":"Slice","floor":4},{"not_picked":["Dodge and Roll","Masterful Stab"],"picked":"Underhanded Strike","floor":5},{"not_picked":["Concentrate","Tactician"],"picked":"Poisoned Stab","floor":6},{"not_picked":["Backflip","Poisoned Stab"],"picked":"Blade Dance","floor":11},{"not_picked":["conspire:DoublingDagger","PiercingWail"],"picked":"Dodge and Roll","floor":12},{"not_picked":["Flying Knee","Catalyst","Outmaneuver"],"picked":"SKIP","floor":14}],"player_experience":784227,"relics_obtained":[{"floor":2,"key":"WingedGreaves"},{"floor":6,"key":"hubris:MedicalManual"},{"floor":12,"key":"InkBottle"},{"floor":14,"key":"infinitespire:CursedDice"}],"event_choices":[{"damage_healed":0,"gold_gain":0,"player_choice":"Got Potions","damage_taken":0,"max_hp_gain":0,"max_hp_loss":0,"event_name":"Lab","floor":3,"gold_loss":0},{"damage_healed":0,"gold_gain":0,"player_choice":"Argue","damage_taken":0,"max_hp_gain":0,"max_hp_loss":0,"event_name":"conspire:LoneGhost","floor":13,"gold_loss":0}],"is_beta":false,"boss_relics":[],"items_purged_floors":[8],"is_endless":false,"potions_floor_spawned":[2,5,14],"killed_by":"The Guardian","ascension_level":9}}