{"host":"k6l9gutfcx5zjx93","time":1613711570,"event":{"mods":["Aspiration","BaseMod","BetterRewards","Colored Map","Colored Powertips","Conspire","Downfall","Energized Spire","Hermit","Highlight Path","Hubris","Minty Spire (QoL Compilation)","Permanent Neow","RRrroohrrRGHHhhh!!","Rare Cards Sparkle","Relic Stats","Spicy Shops","StSLib","The Construct"],"gold_per_floor":[118,118,43,75,75,75,93,93,116,147,163,180,180,196,196,296,296,311,64,64,75,35,69,69,69],"floor_reached":24,"language":"ENG","playtime":1070,"items_purged":["Defend_G","Strike_G"],"score":214,"play_id":"70cde0fb-bae2-4d70-bb47-a9270f46ac9b","local_time":"20210218221250","is_ascension_mode":false,"campfire_choices":[{"floor":6,"key":"REST"},{"data":"conspire:PoisonWeapons","floor":8,"key":"SMITH"},{"floor":13,"key":"REST"},{"floor":15,"key":"REST"}],"circlet_count":0,"master_deck":["Strike_G","Strike_G+1","Strike_G","Strike_G+1","Defend_G","Defend_G","Defend_G","Defend_G","Survivor","Neutralize","Caltrops+1","conspire:PoisonWeapons+1","Poisoned Stab","Bane","Dagger Throw","Well Laid Plans","Acrobatics","Bullet Time","Quick Slash+1","Adrenaline"],"relics":["Ring of the Snake","Gremlin Horn","hubris:Zylophone","Potion Belt","hubris:Reverence","energizedSpire:MagnifyingGlass","Bag of Marbles","Art of War"],"acts_visited":["Exordium","TheCity"],"potions_floor_usage":[16,23,24],"damage_taken":[{"damage":1,"enemies":"Small Slimes","floor":1,"turns":5},{"damage":10,"enemies":"conspire:MimicChest","floor":4,"turns":5},{"damage":8,"enemies":"2 Louse","floor":7,"turns":4},{"damage":14,"enemies":"Gremlin Nob","floor":10,"turns":3},{"damage":0,"enemies":"Cultist","floor":11,"turns":3},{"damage":11,"enemies":"Large Slime","floor":12,"turns":5},{"damage":9,"enemies":"Gremlin Gang","floor":14,"turns":3},{"damage":29,"enemies":"The Guardian","floor":16,"turns":7},{"damage":29,"enemies":"Spheric Guardian","floor":18,"turns":6},{"damage":15,"enemies":"3 Byrds","floor":21,"turns":4},{"damage":13,"enemies":"conspire:Head Lice","floor":23,"turns":3},{"damage":13,"enemies":"Centurion and Healer","floor":24,"turns":2}],"seed_played":"6089743138970834976","potions_obtained":[{"floor":1,"key":"Regen Potion"},{"floor":12,"key":"Poison Potion"},{"floor":16,"key":"DuplicationPotion"},{"floor":20,"key":"Energy Potion"},{"floor":21,"key":"Strength Potion"}],"is_trial":false,"path_per_floor":["M","?","$","?","?","R","M","R","T","E","M","M","R","M","R","B",null,"M","$","?","M","?","E","M"],"character_chosen":"THE_SILENT","items_purchased":["Bag of Marbles"],"campfire_rested":3,"item_purchase_floors":[19],"current_hp_per_floor":[69,55,55,45,45,66,58,58,58,44,44,33,54,45,66,37,70,41,41,41,26,26,13,0,0],"gold":69,"neow_bonus":"THREE_CARDS","is_daily":false,"chose_seed":false,"campfire_upgraded":1,"win_rate":0.0,"timestamp":1613711570,"path_taken":["M","?","$","?","?","R","M","R","T","E","?","M","R","M","R","BOSS","M","$","?","?","?","E","M"],"items_purchased_type":["Relic"],"build_version":"2020-12-22","purchased_purges":2,"victory":false,"max_hp_per_floor":[70,70,70,70,70,70,70,70,70,70,70,70,70,70,70,70,70,70,70,70,70,70,70,70,70],"relic_stats":{"Gremlin Horn":[9,9],"counters":[12,50],"Art of War":[0],"obtain_stats":[{"hubris:Zylophone":5,"Potion Belt":9,"Gremlin Horn":4,"energizedSpire:MagnifyingGlass":17,"Bag of Marbles":19,"Art of War":23,"Ring of the Snake":0,"hubris:Reverence":10},{"hubris:Zylophone":2,"Potion Belt":3,"Gremlin Horn":2,"energizedSpire:MagnifyingGlass":8,"Bag of Marbles":9,"Art of War":11,"Ring of the Snake":0,"hubris:Reverence":4},{"hubris:Zylophone":10,"Potion Belt":14,"Gremlin Horn":10,"energizedSpire:MagnifyingGlass":35,"Bag of Marbles":41,"Art of War":48,"Ring of the Snake":0,"hubris:Reverence":17}],"Ring of the Snake":[24]},"card_choices":[{"not_picked":["Outmaneuver","Dodge and Roll"],"picked":"Caltrops","floor":0},{"not_picked":["Masterful Stab","Dagger Throw"],"picked":"conspire:PoisonWeapons","floor":1},{"not_picked":["Bane","Deflect"],"picked":"Poisoned Stab","floor":4},{"not_picked":["Dagger Spray","PiercingWail"],"picked":"Bane","floor":7},{"not_picked":["Dagger Throw","Expertise","Unload"],"picked":"SKIP","floor":10},{"not_picked":["Expertise","Unload"],"picked":"Dagger Throw","floor":10},{"not_picked":["PiercingWail","Quick Slash","Dodge and Roll"],"picked":"SKIP","floor":11},{"not_picked":["rorgmod:Tendon Slice","Bane"],"picked":"Well Laid Plans","floor":12},{"not_picked":["Predator","rorgmod:Reflex"],"picked":"Acrobatics","floor":14},{"not_picked":["Sadistic Nature","rorgmod:Tools of the Trade"],"picked":"Bullet Time","floor":16},{"not_picked":["Deflect","Bane"],"picked":"Quick Slash+1","floor":18},{"not_picked":["Acrobatics+1","Blade Dance","Finisher"],"picked":"SKIP","floor":21},{"not_picked":["Flying Knee","Quick Slash"],"picked":"Adrenaline","floor":23}],"player_experience":385887,"relics_obtained":[{"floor":4,"key":"Gremlin Horn"},{"floor":9,"key":"Potion Belt"},{"floor":10,"key":"hubris:Reverence"},{"floor":23,"key":"Art of War"}],"event_choices":[{"damage_healed":0,"gold_gain":0,"player_choice":"Entered Light","damage_taken":14,"max_hp_gain":0,"max_hp_loss":0,"event_name":"Shining Light","floor":2,"gold_loss":0,"cards_upgraded":["Strike_G","Strike_G"]},{"damage_healed":0,"gold_gain":0,"player_choice":"Gave Potion","damage_taken":0,"relics_obtained":["hubris:Zylophone"],"max_hp_gain":0,"max_hp_loss":0,"event_name":"WeMeetAgain","floor":5,"gold_loss":0},{"damage_healed":0,"gold_gain":0,"player_choice":"Got Potions","damage_taken":0,"max_hp_gain":0,"max_hp_loss":0,"event_name":"Lab","floor":20,"gold_loss":0},{"damage_healed":0,"gold_gain":0,"player_choice":"Upgrade","damage_taken":0,"max_hp_gain":0,"max_hp_loss":0,"event_name":"Designer","floor":22,"gold_loss":40,"cards_upgraded":["Caltrops"]}],"is_beta":false,"boss_relics":[{"not_picked":["energizedSpire:RedRose","hubris:Stopwatch"],"picked":"energizedSpire:MagnifyingGlass"}],"items_purged_floors":[3,19],"is_endless":false,"potions_floor_spawned":[1,12,16,21],"killed_by":"Centurion and Healer","ascension_level":0}}