{"host":"8a72fthmlk1o8pdb","time":1613773288,"event":{"mods":["AchievementEnabler","Aspiration","Astrologer","Bard","BaseMod","Beaked The Cultist","Better Altar","Better Match","Better Note","Better Sensory Stone","Better Skull","Better Third Choice","ChefMod","Colored Map","Colored Powertips","Dark Map","Downfall","Friendly Minions","GifTheSpireLib","Googly Eyes","Gremlin Mod","Hermit","Hubris","JesterMod","Jorbs\u0027s Wanderer Trilogy","Marisa????????","Melee Mod","Minty Spire (QoL Compilation)","Monster B Gone","Permanent Neow","Pikachu Mod","Random Character Button","Rare Cards Sparkle","Relic Filter Mod","Relic Stats","Reliquary","Robot Space Explorer","Shade Mod","Shop Mod","Smile Girya","Somnambulant","Spire Arcade","Spire Birthday Party","StSLib","The Animator","The Blue Laboratory","The Construct","The Cursed","The Disciple","The Edgeheg","The Hayseed","The Hierophant","The Juggle","The Jungle","The Marked","The Mystic","The Necromancer","The Poker Player","The Problem Sleuth","The Runesmith","The Showman","TheBandit","TheFirefly","TheVacant","everything is the same but u backflip on backflip","thorton"],"gold_per_floor":[109,129,109,61,81,81,110,6,6,6,25,43,43,53,53,53,53],"floor_reached":16,"language":"ENG","playtime":710,"items_purged":[],"score":107,"play_id":"c880b7c5-6760-49e9-aca2-36cdcf777e72","local_time":"20210219142128","is_ascension_mode":true,"campfire_choices":[{"data":"Footwork","floor":6,"key":"SMITH"},{"floor":10,"key":"REST"},{"floor":15,"key":"REST"}],"circlet_count":0,"master_deck":["Strike_G","Strike_G","Strike_G","Strike_G","Strike_G","Defend_G","Defend_G","Defend_G","Defend_G","Defend_G","Survivor","Neutralize","Dodge and Roll","Footwork+1","Acrobatics","Dash","Dagger Throw","Acrobatics","Quick Slash","Quick Slash","PiercingWail","Dagger Throw"],"relics":["aspiration:RitualDagger","Bag of Marbles","hubris:BottledRain","Ice Cream"],"acts_visited":["Exordium"],"potions_floor_usage":[7,12,16,16],"damage_taken":[{"damage":17,"enemies":"2 Louse","floor":1,"turns":4},{"damage":20,"enemies":"Cultist","floor":2,"turns":5},{"damage":30,"enemies":"Jaw Worm","floor":5,"turns":6},{"damage":58,"enemies":"Lagavulin","floor":7,"turns":9},{"damage":11,"enemies":"Exordium Wildlife","floor":11,"turns":3},{"damage":39,"enemies":"Exordium Thugs","floor":12,"turns":4},{"damage":12,"enemies":"Looter","floor":14,"turns":4},{"damage":38,"enemies":"Slime Boss","floor":16,"turns":3}],"seed_played":"7634520927830236008","potions_obtained":[{"floor":2,"key":"blueLaboratory:AbyssPotion"},{"floor":3,"key":"blueLaboratory:BottleOfVodka"},{"floor":7,"key":"Weak Potion"},{"floor":12,"key":"Explosive Potion"},{"floor":14,"key":"blueLaboratory:BlinkPotion"}],"is_trial":false,"path_per_floor":["M","M","?","$","M","R","E","$","T","R","M","M","T","M","R","B"],"character_chosen":"THE_SILENT","items_purchased":["Acrobatics","Acrobatics","Quick Slash"],"campfire_rested":2,"item_purchase_floors":[4,8,8],"current_hp_per_floor":[53,33,33,33,3,3,29,29,29,50,46,16,16,9,30,0,0],"gold":53,"neow_bonus":"BOSS_RELIC","is_daily":false,"chose_seed":false,"campfire_upgraded":1,"win_rate":0.0,"timestamp":1613773288,"path_taken":["M","M","?","?","M","R","E","$","T","R","M","M","?","?","R","BOSS"],"items_purchased_type":["Card","Card","Card"],"build_version":"2020-12-22","purchased_purges":0,"victory":false,"max_hp_per_floor":[70,70,70,70,70,70,70,70,70,70,70,70,70,70,70,70,70],"relic_stats":{"counters":[8,38],"obtain_stats":[{"Ice Cream":13,"Bag of Marbles":7,"aspiration:RitualDagger":0,"Ring of the Snake":0,"hubris:BottledRain":9},{"Ice Cream":6,"Bag of Marbles":4,"aspiration:RitualDagger":0,"Ring of the Snake":0,"hubris:BottledRain":4},{"Ice Cream":31,"Bag of Marbles":24,"aspiration:RitualDagger":0,"Ring of the Snake":0,"hubris:BottledRain":24}]},"card_choices":[{"not_picked":["Prepared","Deadly Poison"],"picked":"Dodge and Roll","floor":1},{"not_picked":["Bane","Flying Knee"],"picked":"Footwork","floor":2},{"not_picked":["Backflip","Phantasmal Killer"],"picked":"Dash","floor":5},{"not_picked":["Prepared","PiercingWail"],"picked":"Dagger Throw","floor":7},{"not_picked":["Prepared","Catalyst"],"picked":"Quick Slash","floor":11},{"not_picked":["Bouncing Flask","Dodge and Roll"],"picked":"PiercingWail","floor":12},{"not_picked":["Bouncing Flask","Outmaneuver"],"picked":"Dagger Throw","floor":14}],"player_experience":235206,"relics_obtained":[{"floor":7,"key":"Bag of Marbles"},{"floor":9,"key":"hubris:BottledRain"},{"floor":13,"key":"Ice Cream"}],"event_choices":[{"damage_healed":0,"gold_gain":0,"player_choice":"Bought 1 Potion","damage_taken":0,"max_hp_gain":0,"max_hp_loss":0,"event_name":"The Woman in Blue","floor":3,"gold_loss":0}],"is_beta":false,"boss_relics":[],"items_purged_floors":[],"is_endless":false,"potions_floor_spawned":[2,7,12,14],"killed_by":"Slime Boss","ascension_level":1}}