{"host":"fc4hh3zaz3zk8cya","time":1613769963,"event":{"mods":["BaseMod","BetterRewards","Colored Map","Colored Powertips","Downfall","GifTheSpireLib","Highlight Path","Infinite Spire","Minty Spire (QoL Compilation)","Permanent Neow","Replay The Spire","Shop Mod","StSLib","slay the spire mod where everything is the same but ironclad has a cowboy hat"],"gold_per_floor":[99,112,124,124,134,34,34,48,48,33,33,47,47,59,89,200,212,322,353,385,411,434,446,446,446],"floor_reached":23,"language":"ENG","playtime":1100,"items_purged":[],"score":185,"play_id":"49520c83-9880-49ac-809e-22038152c821","local_time":"20210219162603","is_ascension_mode":false,"campfire_choices":[{"floor":1,"key":"RECALL"},{"data":"hexamod:VolcanoVisage","floor":6,"key":"SMITH"},{"data":"hexamod:SpectralAdrenaline","floor":9,"key":"SMITH"},{"data":"hexamod:GhostOfSpireFuture","floor":11,"key":"SMITH"}],"circlet_count":0,"master_deck":["hexamod:Strike","hexamod:Strike","hexamod:Strike","hexamod:Strike","hexamod:Defend","hexamod:Defend","hexamod:Defend","hexamod:Sear","hexamod:VolcanoVisage+1","hexamod:AdvancingGuard","hexamod:SpectralAdrenaline+1","hexamod:AdvancingGuard","hexamod:GhostOfSpireFuture+1","hexamod:FourthSeal","hexamod:GhostflameInferno","hexamod:SoulSteal","hexamod:GhostOfSpireFuture","hexamod:SecondSeal","hexamod:ThermalTransfer"],"relics":["hexamod:SpiritBrand","downfall:HeartBlessingRed","infinitespire:Bottled Soul","MawBank","Empty Cage"],"acts_visited":["Exordium","TheCity"],"potions_floor_usage":[16],"damage_taken":[{"damage":1,"enemies":"Jaw Worm","floor":2,"turns":3},{"damage":2,"enemies":"2 Louse","floor":3,"turns":2},{"damage":1,"enemies":"Cultist","floor":5,"turns":4},{"damage":5,"enemies":"2 Fungi Beasts","floor":8,"turns":4},{"damage":0,"enemies":"downfall:FleeingMerchant","floor":10,"turns":4},{"damage":0,"enemies":"downfall:LooterAlt","floor":12,"turns":4},{"damage":4,"enemies":"3 Louse","floor":15,"turns":3},{"damage":21,"enemies":"WA_ARCHETYPE_RETAIN","floor":16,"turns":9},{"damage":12,"enemies":"Spheric Guardian","floor":19,"turns":5},{"damage":9,"enemies":"Chosen","floor":20,"turns":6},{"damage":21,"enemies":"Sentry and Sphere","floor":21,"turns":4},{"damage":21,"enemies":"3 Cultists","floor":22,"turns":5},{"damage":0,"enemies":"Snake Plant","floor":23,"turns":1}],"seed_played":"-9069221983969459607","potions_obtained":[{"floor":3,"key":"hexamod:EctoCoolerPotion"},{"floor":12,"key":"BlessingOfTheForge"},{"floor":15,"key":"Fire Potion"},{"floor":16,"key":"Cursed Concoction"},{"floor":20,"key":"Death Potion"},{"floor":22,"key":"LiquidMemories"}],"is_trial":false,"path_per_floor":["R","M","M","?","M","R","T","M","R","$","R","M","?","?","M","B",null,"R_BF","M","M","M","M","M"],"character_chosen":"THE_SPIRIT","items_purchased":[],"campfire_rested":0,"item_purchase_floors":[],"current_hp_per_floor":[70,69,67,67,66,66,66,61,61,61,61,61,61,61,57,36,70,70,58,49,28,7,7,7,7],"gold":446,"neow_bonus":"ONE_RANDOM_RARE_CARD","is_daily":false,"chose_seed":false,"campfire_upgraded":3,"win_rate":0.0,"timestamp":1613769963,"path_taken":["R","M","M","?","M","R","T","M","R","$","R","M","?","?","M","BOSS","R_BF","M","M","M","M","M"],"items_purchased_type":[],"build_version":"2020-12-22","purchased_purges":0,"victory":false,"max_hp_per_floor":[70,70,70,70,70,70,70,70,70,70,70,70,70,70,70,70,70,70,70,70,70,70,70,70,70],"card_choices":[{"not_picked":["hexamod:ShieldOfDarkness","hexamod:RetreatToShadows","hexamod:HeatMetal"],"picked":"SKIP","floor":2},{"not_picked":["hexamod:HauntingEcho","hexamod:ThermalTransfer"],"picked":"hexamod:AdvancingGuard","floor":3},{"not_picked":["hexamod:RadiantFlame","hexamod:NecessarySacrifice"],"picked":"hexamod:SpectralAdrenaline","floor":5},{"not_picked":["hexamod:GhostShield","hexamod:Hexaguard"],"picked":"hexamod:AdvancingGuard","floor":8},{"not_picked":["hexamod:FastForward","hexamod:SwordOfDarkness"],"picked":"hexamod:GhostOfSpireFuture","floor":10},{"not_picked":["hexamod:ThermalTransfer","hexamod:SpectersWail"],"picked":"hexamod:FourthSeal","floor":12},{"not_picked":["hexamod:FourthSeal","hexamod:RecurringNightmare","hexamod:TurnItUp"],"picked":"SKIP","floor":15},{"not_picked":["hexamod:ParanormalForm","hexamod:HexaLevel"],"picked":"hexamod:GhostflameInferno","floor":16},{"not_picked":["hexamod:NightmareGuise","hexamod:Incineration+1"],"picked":"hexamod:SoulSteal","floor":19},{"not_picked":["hexamod:Hexaguard","hexamod:RecurringNightmare"],"picked":"hexamod:GhostOfSpireFuture","floor":20},{"not_picked":["hexamod:InspiringFlames+1","hexamod:Firestarter"],"picked":"hexamod:SecondSeal","floor":21},{"not_picked":["hexamod:GhostOfSpireFuture","hexamod:FastForward"],"picked":"hexamod:ThermalTransfer","floor":22}],"player_experience":95638,"relics_obtained":[{"floor":7,"key":"infinitespire:Bottled Soul"}],"event_choices":[{"damage_healed":0,"gold_gain":0,"player_choice":"Box","damage_taken":0,"relics_obtained":["MawBank"],"max_hp_gain":0,"max_hp_loss":0,"event_name":"Big Fish","floor":13,"gold_loss":0,"cards_obtained":["Regret"]},{"cards_removed":["Regret"],"damage_healed":0,"gold_gain":0,"player_choice":"Card Removal","damage_taken":0,"max_hp_gain":0,"max_hp_loss":0,"event_name":"The Cleric","floor":14,"gold_loss":0}],"is_beta":false,"boss_relics":[{"not_picked":["SacredBark","Cursed Key"],"picked":"Empty Cage"}],"items_purged_floors":[],"is_endless":false,"potions_floor_spawned":[3,12,16,20],"killed_by":"Snake Plant","ascension_level":0}}