{"host":"9ahx8fyo8ahtgkt3","time":1613733866,"event":{"mods":["BaseMod","Bestiary","Better Third Choice","BetterRewards","Colored Powertips","Conspire","Curses Come First","Downfall","Evolution","Hubris","Infinite Spire","Minty Spire (QoL Compilation)","Quick Restart","Replay The Spire","Shop Mod","Spicy Shops","StSLib","Synergy Search"],"gold_per_floor":[116,126,126,139,151,185,185,185,267,285,297,331,360,472,484,593,605,627,639,566,578,590,633,661,673,685,725,750,762,787,812,824,937,949,971,893,819,689,706,736,736,926,952,968,978,1005,640,656,656,656],"floor_reached":51,"language":"DEU","playtime":6838,"items_purged":["Defend_G"],"score":1183,"play_id":"045c71fe-dc10-418a-ba72-583e0e9bc693","local_time":"20210219122426","is_ascension_mode":true,"campfire_choices":[{"floor":7.0,"key":"REST"},{"data":"Magnetism","floor":7.0,"key":"SMITH"},{"floor":15.0,"key":"DIG"},{"floor":25.0,"key":"REST"},{"data":"Infinite Blades","floor":25.0,"key":"SMITH"},{"floor":32,"key":"REST"},{"data":"Infinite Blades","floor":32,"key":"SMITH"},{"floor":41,"key":"REST"},{"floor":41,"key":"RECALL"},{"data":"conspire:PoisonWeapons","floor":49,"key":"SMITH"}],"circlet_count":0,"master_deck":["Dagger Throw","Dagger Throw","Dagger Throw","Defend_G","Defend_G","Survivor+1","Neutralize","Endless Agony","Cloak And Dagger+1","Sadistic Nature","Blur+1","Infinite Blades+1","Infinite Blades+1","Hidden Blade","Magnetism+1","Expertise","Accuracy+1","conspire:DoublingDagger","Well Laid Plans","Deadly Poison","Deflect","Cloak And Dagger","Prepared","infinitespire:Neurotoxin","ReplayTheSpireMod:The Works","ReplayTheSpireMod:Shiv Toss","Infinite Blades+1","conspire:PoisonWeapons+1","Tools of the Trade","Deadly Poison+1","Sucker Punch+1","infinitespire:Neurotoxin+1","conspire:PoisonWeapons+1","Finesse","Cloak And Dagger","Acrobatics","Deflect","Deflect","Cloak And Dagger+1","ReplayTheSpireMod:Scrap Shanks+1","Storm of Steel","Acrobatics+1"],"relics":["Ring of the Snake","EVO:Axolotl","hubris:64BitClover","ReplayTheSpireMod:TigerMarble","Durian","infinitespire:Magic Flask","White Beast Statue","MawBank","Blood Vial","Bird Faced Urn","conspire:RoyalGoblet","ReplayTheSpireMod:Lightbulb","Centennial Puzzle","Quantum Egg","PreservedInsect","Membership Card","hubris:EvacipatedBox","Regal Pillow","infinitespire:Satchel","infinitespire:ShieldingShard","Astrolabe","Replay:Mystery Machine","Kunai","ReplayFunnel","Onion Ring","conspire:DeflatedDodgeball","Snack Pack"],"acts_visited":["TheCity","TheBeyond"],"potions_floor_usage":[30,30,31,33,33,33,40,46,46,48],"damage_taken":[{"damage":2.0,"enemies":"conspire:RoseBush","floor":1.0,"turns":3.0},{"damage":0.0,"enemies":"Cultist","floor":2.0,"turns":4.0},{"damage":0.0,"enemies":"2 Louse","floor":4.0,"turns":2.0},{"damage":9.0,"enemies":"Exordium Thugs","floor":5.0,"turns":6.0},{"damage":14.0,"enemies":"3 Sentries","floor":6.0,"turns":5.0},{"damage":4.0,"enemies":"Looter","floor":10.0,"turns":4.0},{"damage":11.0,"enemies":"Blue Slaver","floor":11.0,"turns":3.0},{"damage":12.0,"enemies":"Gremlin Nob","floor":12.0,"turns":3.0},{"damage":0.0,"enemies":"2 Fungi Beasts","floor":13.0,"turns":4.0},{"damage":30.0,"enemies":"The Guardian","floor":16.0,"turns":7.0},{"damage":12.0,"enemies":"Shell Parasite","floor":18.0,"turns":4.0},{"damage":0.0,"enemies":"conspire:SneckoGhost","floor":23.0,"turns":6.0},{"damage":18.0,"enemies":"Spheric Guardian","floor":24.0,"turns":6.0},{"damage":28.0,"enemies":"Replay:Snechameleon","floor":27.0,"turns":7.0},{"damage":15,"enemies":"conspire:HollyBat","floor":28,"turns":7},{"damage":9,"enemies":"Sentry and Sphere","floor":30,"turns":4},{"damage":4,"enemies":"3 Cultists","floor":31,"turns":4},{"damage":11,"enemies":"Collector","floor":33,"turns":6},{"damage":25,"enemies":"Orb Walker","floor":35,"turns":3},{"damage":0,"enemies":"3 Shapes","floor":39,"turns":4},{"damage":15,"enemies":"Reptomancer","floor":40,"turns":4},{"damage":2,"enemies":"Maw","floor":44,"turns":6},{"damage":5,"enemies":"3 Darklings","floor":45,"turns":4},{"damage":26,"enemies":"Nemesis","floor":46,"turns":5},{"damage":6,"enemies":"Sphere and 2 Shapes","floor":48,"turns":4},{"damage":48,"enemies":"Donu and Deca","floor":50,"turns":5}],"seed_played":"8536556353701756644","potions_obtained":[{"floor":4.0,"key":"DuplicationPotion"},{"floor":5.0,"key":"PowerPotion"},{"floor":10.0,"key":"Elixir"},{"floor":11.0,"key":"Ancient Potion"},{"floor":12.0,"key":"SpeedPotion"},{"floor":13.0,"key":"conspire:TimeTravelPotion"},{"floor":16.0,"key":"CunningPotion"},{"floor":18.0,"key":"Poison Potion"},{"floor":22.0,"key":"Slimebound:ThreeZeroPotion"},{"floor":22.0,"key":"ColorlessPotion"},{"floor":22.0,"key":"DuplicationPotion"},{"floor":23.0,"key":"FearPotion"},{"floor":24.0,"key":"Milkshake"},{"floor":27.0,"key":"FearPotion"},{"floor":28,"key":"ColorlessPotion"},{"floor":30,"key":"champ:CounterPotion"},{"floor":31,"key":"Languid Potion"},{"floor":33,"key":"Elixir"},{"floor":35,"key":"Adrenaline Potion"},{"floor":39,"key":"sneckomod:MuddlingPotion"},{"floor":40,"key":"Elixir"},{"floor":44,"key":"Doom Potion"},{"floor":45,"key":"AttackPotion"},{"floor":46,"key":"Regen Potion"},{"floor":48,"key":"Fire Potion"}],"is_trial":false,"path_per_floor":["M","M","?","M","M","E","R","?","T","M","M","E","M","?","R","B",null,"M","?","?","?","?","E","M","R","T","E","M","$","M","M","R","B",null,"M","?","$","?","M","E","R","?","T","M","M","E","$","M","R","B",null],"character_chosen":"THE_SILENT","items_purchased":["Endless Agony","Cloak And Dagger","Sadistic Nature","Blur","Infinite Blades","ReplayTheSpireMod:TigerMarble","Membership Card","hubris:EvacipatedBox","Regal Pillow","infinitespire:Satchel","Replay:Mystery Machine","Finesse","conspire:DeflatedDodgeball","Snack Pack","Storm of Steel"],"campfire_rested":4,"item_purchase_floors":[0,0,0,0,0,0,29,29,29,29,37,37,47,47,47],"current_hp_per_floor":[73,73,58,58,49,35,57,57,57,53,42,30,30,30,30,42,75,67,67,67,67,67,75,60,75,75,55,52,3,6,18,55,60,75,54,54,54,54,64,63,75,57,57,71,75,49,49,68,68,51],"gold":656,"neow_bonus":"","is_daily":false,"chose_seed":false,"campfire_upgraded":4,"win_rate":0.0,"timestamp":1613733866,"path_taken":["M","M","?","M","M","E","R","?","T","M","?","E","M","?","R","BOSS","M","?","?","?","?","E","M","R","T","E","?","?","M","M","R","BOSS","M","?","?","?","?","E","R","?","T","M","?","E","$","M","R","BOSS"],"items_purchased_type":["Card","Card","Card","Card","Card","Relic","Relic","Relic","Relic","Relic","Relic","Card","Relic","Relic","Card"],"build_version":"2020-12-22","purchased_purges":1,"victory":true,"max_hp_per_floor":[75,75,75,75,75,75,75,75,75,75,75,75,75,75,75,75,75,75,75,75,75,75,75,75,75,75,75,75,75,75,75,75,75,75,75,75,75,75,75,75,75,75,75,75,75,75,75,75,75,75],"card_choices":[{"not_picked":["Bane","Footwork"],"picked":"Expertise","floor":1.0},{"not_picked":["Flechettes","Caltrops"],"picked":"Accuracy","floor":2.0},{"not_picked":["Flying Knee","Poisoned Stab","Bouncing Flask"],"picked":"SKIP","floor":4.0},{"not_picked":["Dagger Spray","PiercingWail"],"picked":"conspire:DoublingDagger","floor":5.0},{"not_picked":["Blade Dance","Slice"],"picked":"Well Laid Plans","floor":6.0},{"not_picked":["Distraction","Terror"],"picked":"Deadly Poison","floor":10.0},{"not_picked":["Escape Plan","Flying Knee"],"picked":"Deflect","floor":11.0},{"not_picked":["ReplayTheSpireMod:Speed Training","Deadly Poison"],"picked":"Cloak And Dagger","floor":12.0},{"not_picked":["Flying Knee","Endless Agony"],"picked":"Prepared","floor":13.0},{"not_picked":["Burst","Poison Darts"],"picked":"infinitespire:Neurotoxin","floor":16.0},{"not_picked":["Flying Knee","Poisoned Stab","Quick Slash"],"picked":"SKIP","floor":18.0},{"not_picked":["Distraction+1","Blade Dance+1"],"picked":"ReplayTheSpireMod:Shiv Toss","floor":23.0},{"not_picked":["Slice","Dodge and Roll","Outmaneuver"],"picked":"SKIP","floor":24.0},{"not_picked":["Underhanded Strike","Bouncing Flask+1","Flechettes"],"picked":"SKIP","floor":27.0},{"not_picked":["Expertise","Quick Slash"],"picked":"Infinite Blades+1","floor":28},{"not_picked":["PiercingWail+1","Flying Knee"],"picked":"conspire:PoisonWeapons","floor":30},{"not_picked":["PiercingWail","Sneak Up","Flying Knee"],"picked":"SKIP","floor":31},{"not_picked":["Atom Bomb","ReplayTheSpireMod:From All Sides"],"picked":"Tools of the Trade","floor":33},{"not_picked":["Deadly Poison+1","ReplayTheSpireMod:The Works"],"picked":"conspire:PoisonWeapons+1","floor":35},{"not_picked":["Flechettes","hubris:SlightOfHand+1"],"picked":"Cloak And Dagger","floor":39},{"not_picked":["Dagger Throw+1","Deflect"],"picked":"Acrobatics","floor":40},{"not_picked":["Flying Knee+1","Slice"],"picked":"Deflect","floor":42},{"not_picked":["Flying Knee+1","Riddle With Holes+1"],"picked":"Deflect","floor":44},{"not_picked":["Underhanded Strike","Escape Plan+1"],"picked":"Cloak And Dagger+1","floor":45},{"not_picked":["hubris:Counter","Malaise"],"picked":"ReplayTheSpireMod:Scrap Shanks+1","floor":46},{"not_picked":["Deadly Poison+1","Sucker Punch"],"picked":"Acrobatics+1","floor":48}],"player_experience":188443,"relics_obtained":[{"floor":6.0,"key":"infinitespire:Magic Flask"},{"floor":9.0,"key":"White Beast Statue"},{"floor":12.0,"key":"MawBank"},{"floor":13.0,"key":"Blood Vial"},{"floor":15.0,"key":"Bird Faced Urn"},{"floor":23.0,"key":"Centennial Puzzle"},{"floor":26.0,"key":"Quantum Egg"},{"floor":27.0,"key":"PreservedInsect"},{"floor":33,"key":"infinitespire:ShieldingShard"},{"floor":40,"key":"ReplayFunnel"},{"floor":46,"key":"Onion Ring"}],"event_choices":[{"damage_healed":73.0,"max_hp_gain":0.0,"max_hp_loss":75.0,"gold_gain":0.0,"event_name":"betterThird:BetterShining","player_choice":"Upgrade","floor":3.0,"gold_loss":0.0,"damage_taken":15.0,"cards_upgraded":["Blur","Cloak And Dagger"]},{"damage_healed":0.0,"max_hp_gain":0.0,"max_hp_loss":0.0,"gold_gain":0.0,"event_name":"Upgrade Shrine","player_choice":"Upgraded","floor":8.0,"gold_loss":0.0,"damage_taken":0.0,"cards_upgraded":["Accuracy"]},{"damage_healed":0.0,"max_hp_gain":0.0,"max_hp_loss":0.0,"gold_gain":100.0,"event_name":"Wheel of Change","player_choice":"Gold","floor":14.0,"gold_loss":0.0,"damage_taken":0.0},{"damage_healed":0.0,"max_hp_gain":0.0,"max_hp_loss":0.0,"gold_gain":0.0,"event_name":"conspire:Investor","player_choice":"Leave","floor":19.0,"gold_loss":0.0,"damage_taken":0.0},{"damage_healed":0.0,"max_hp_gain":0.0,"max_hp_loss":0.0,"gold_gain":0.0,"event_name":"Addict","player_choice":"Obtained Relic","floor":20.0,"gold_loss":85.0,"damage_taken":0.0,"relics_obtained":["ReplayTheSpireMod:Lightbulb"]},{"damage_healed":0.0,"max_hp_gain":0.0,"max_hp_loss":0.0,"gold_gain":0.0,"event_name":"The Library","player_choice":"Read","floor":21.0,"gold_loss":0.0,"damage_taken":0.0,"cards_obtained":["ReplayTheSpireMod:The Works"]},{"damage_healed":0.0,"max_hp_gain":0.0,"max_hp_loss":0.0,"gold_gain":0.0,"event_name":"Lab","player_choice":"Got Potions","floor":22.0,"gold_loss":0.0,"damage_taken":0.0},{"cards_removed":["Defend_G"],"damage_healed":0,"gold_gain":0,"player_choice":"Upgrade and Remove","damage_taken":0,"max_hp_gain":0,"max_hp_loss":0,"event_name":"Designer","floor":36,"gold_loss":90,"cards_upgraded":["Survivor"]},{"damage_healed":0,"gold_gain":0,"player_choice":"Paid Gold","damage_taken":0,"relics_obtained":["Kunai"],"max_hp_gain":0,"max_hp_loss":0,"event_name":"WeMeetAgain","floor":38,"gold_loss":130}],"is_beta":false,"boss_relics":[{"not_picked":["SacredBark","Abe\u0027s Treasure"],"picked":"conspire:RoyalGoblet"},{"not_picked":["Honey Jar","Velvet Choker","Snecko Eye"],"picked":"Astrolabe"}],"items_purged_floors":[47],"is_endless":false,"potions_floor_spawned":[4,5,10,11,12,13,16,18,23,24,27,28,30,31,33,35,39,40,44,45,46,48],"ascension_level":1}}