{"host":"5iakl8p52kfszi0s","time":1613699950,"event":{"mods":["AchievementEnabler","Aspiration","Bard","BaseMod","Beaked The Cultist","Better Altar","Better Match","Better Note","Better Sensory Stone","Better Skull","Better Third Choice","BetterRewards","CCEM2","Card Forge","Clawfect","Colored Map","Conspire","Downfall","GifTheSpireLib","Googly Eyes","Halation","Hermit","Highlight Path","Hubris","Hunter ??","Infinite Spire","Jedi Mod","Jorbs\u0027s Wanderer Trilogy","Mad Scientist","Marisa????????","Mimic Mod","Minty Spire (QoL Compilation)","Permanent Neow","Replay The Spire","Shade Mod","Shop Mod","Spicy Shops","Spikes Relics","StSLib","Stuff the Spire","The Administrix","The Blackbeard","The Bug Knight","The Construct","The Cursed","The Disciple","The Gatherer","The Hierophant","The IronCluck","The Jungle","The Mystic","The Necromancer","The Problem Sleuth","The Runesmith","The Servant 0.9.4","The Spell Scribe","The Witch","Unceasing Turn Reminder","UnlockEverythingMod","[IsaacMod]????","everything is the same but u backflip on backflip","slay the spire mod where everything is the same but ironclad has a cowboy hat"],"gold_per_floor":[117,193,240,251,268,300,312,324,389,418,430,430],"floor_reached":11,"language":"ENG","playtime":595,"items_purged":[],"score":98,"play_id":"77c4d4cc-0355-49ef-a840-43bbf327968d","local_time":"20210218205910","is_ascension_mode":false,"campfire_choices":[],"circlet_count":0,"master_deck":["Gash","Gash","Gash","Gash","Gash","Defend_B","Defend_B","Defend_B","Defend_B","Defend_B","Clawfect:ClawAndTear","Machine Learning","Violence","Panic Button"],"relics":["StuffTheSpire:OccultApparatus","Hammer of Thor","Seething Fire","Anvil of the Gods","HushsDoor","KeepersGift","ReplayTheSpireMod:ShopPack","Potion Belt","MawBank"],"acts_visited":["Exordium"],"potions_floor_usage":[],"damage_taken":[{"damage":1,"enemies":"Jaw Worm","floor":1,"turns":3},{"damage":0,"enemies":"Cultist","floor":4,"turns":3},{"damage":12,"enemies":"2 Louse","floor":5,"turns":2},{"damage":13,"enemies":"3 Sentries","floor":6,"turns":5},{"damage":11,"enemies":"Red Slaver","floor":10,"turns":4},{"damage":13,"enemies":"HollowMod:MossKnight","floor":11,"turns":2}],"seed_played":"8047173284947645534","potions_obtained":[{"floor":4,"key":"FearPotion"},{"floor":10,"key":"Energy Potion"}],"is_trial":false,"path_per_floor":["M","?","T","M","M","E","?","?","T","M","E"],"character_chosen":"DEFECT","items_purchased":["ReplayTheSpireMod:ShopPack","Clawfect:ClawAndTear","Machine Learning"],"campfire_rested":0,"item_purchase_floors":[0,0,0],"current_hp_per_floor":[62,47,47,47,35,22,22,22,22,11,0,0],"gold":430,"neow_bonus":"","is_daily":false,"chose_seed":false,"campfire_upgraded":0,"win_rate":0.0,"timestamp":1613699950,"path_taken":["M","?","?","M","M","E","?","?","T","M","E"],"items_purchased_type":["Relic","Card","Card"],"build_version":"2020-12-22","purchased_purges":0,"victory":false,"max_hp_per_floor":[75,75,75,75,75,75,75,75,75,75,75,75],"card_choices":[{"not_picked":["EpicFetus","Midas Touch"],"picked":"Violence","floor":0},{"not_picked":["Undo","jedi:locknload","ReplaySolidLightProjector"],"picked":"SKIP","floor":1},{"not_picked":["aspiration:Polymerization","Clawfect:ScrapingClaw","StuffTheSpire:Plugnplay"],"picked":"SKIP","floor":4},{"not_picked":["StuffTheSpire:SnapShoot","Fusion"],"picked":"Panic Button","floor":5},{"not_picked":["Turbo","Reprogram","StuffTheSpire:SnapShoot"],"picked":"SKIP","floor":6},{"not_picked":["Chaos","hubris:PowerSurge","jedi:blockon"],"picked":"SKIP","floor":10}],"player_experience":278935,"relics_obtained":[{"floor":3,"key":"Potion Belt"},{"floor":6,"key":"MawBank"}],"event_choices":[],"is_beta":false,"boss_relics":[],"items_purged_floors":[],"is_endless":false,"potions_floor_spawned":[4,10],"killed_by":"HollowMod:MossKnight","ascension_level":0}}