{"host":"rfvxwqmjnimh09wr","time":1613767528,"event":{"mods":["BaseMod","Colored Map","Hermit","Minty Spire (QoL Compilation)","StSLib"],"gold_per_floor":[114,8,8,24,39,39,69,69,93,107,107,125,125,125,125,230,230,249,249,120,134,58,58,58],"floor_reached":23,"language":"ENG","playtime":2927,"items_purged":[],"score":191,"play_id":"37ed5012-9856-4d7a-a3f5-c3a832eb2481","local_time":"20210219154528","is_ascension_mode":false,"campfire_choices":[{"data":"WheelKick","floor":6,"key":"SMITH"},{"floor":13,"key":"REST"},{"floor":15,"key":"REST"}],"circlet_count":0,"master_deck":["Strike_P","Strike_P","Strike_P","Strike_P","Defend_P","Defend_P","Defend_P","Defend_P","Eruption","Vigilance+1","WheelKick+1","Crescendo","Adaptation","Sanctity+1","Wallop","SandsOfTime","Parasite","Halt","EmptyFist","Establishment+1","FollowUp","Halt","Conclude","Indignation+1","BattleHymn"],"relics":["SlaversCollar","Oddly Smooth Stone","Happy Flower","War Paint","WarpedTongs","Empty Cage"],"acts_visited":["Exordium","TheCity"],"potions_floor_usage":[7,14,16,18,23],"damage_taken":[{"damage":5,"enemies":"Jaw Worm","floor":1,"turns":4},{"damage":6,"enemies":"Cultist","floor":4,"turns":3},{"damage":15,"enemies":"Small Slimes","floor":5,"turns":4},{"damage":13,"enemies":"3 Sentries","floor":7,"turns":8},{"damage":32,"enemies":"Exordium Thugs","floor":10,"turns":4},{"damage":4,"enemies":"2 Fungi Beasts","floor":12,"turns":4},{"damage":0,"enemies":"Lots of Slimes","floor":14,"turns":1},{"damage":27,"enemies":"Hexaghost","floor":16,"turns":7},{"damage":18,"enemies":"Chosen","floor":18,"turns":4},{"damage":34,"enemies":"3 Byrds","floor":21,"turns":5},{"damage":32,"enemies":"Slavers","floor":23,"turns":1}],"seed_played":"8106377635696304478","potions_obtained":[{"floor":4,"key":"LiquidBronze"},{"floor":5,"key":"SmokeBomb"},{"floor":12,"key":"SteroidPotion"},{"floor":16,"key":"Fire Potion"},{"floor":21,"key":"Fire Potion"}],"is_trial":false,"path_per_floor":["M","$","?","M","M","R","E","?","T","M","?","M","R","M","R","B",null,"M","?","$","M","$","E"],"character_chosen":"WATCHER","items_purchased":["Crescendo","Adaptation","Halt","Conclude","BattleHymn"],"campfire_rested":2,"item_purchase_floors":[2,2,20,20,22],"current_hp_per_floor":[67,67,67,61,46,46,33,51,51,19,19,15,36,36,57,30,72,54,54,54,20,20,0,0],"gold":58,"neow_bonus":"BOSS_RELIC","is_daily":false,"chose_seed":false,"campfire_upgraded":1,"win_rate":0.0,"timestamp":1613767528,"path_taken":["M","$","?","M","M","R","E","?","T","M","?","M","R","?","R","BOSS","M","?","$","?","$","E"],"items_purchased_type":["Card","Card","Card","Card","Card"],"build_version":"2020-12-22","purchased_purges":0,"victory":false,"max_hp_per_floor":[72,72,72,72,72,72,72,72,72,72,72,72,72,72,72,72,72,72,72,72,72,72,72,72],"card_choices":[{"not_picked":["FlyingSleeves","Prostrate"],"picked":"WheelKick","floor":1},{"not_picked":["PathToVictory","CutThroughFate"],"picked":"Sanctity","floor":4},{"not_picked":["PathToVictory","FlyingSleeves"],"picked":"Wallop","floor":5},{"not_picked":["Pray","Sanctity"],"picked":"SandsOfTime","floor":7},{"not_picked":["SandsOfTime","WreathOfFlame"],"picked":"Halt","floor":10},{"not_picked":["CrushJoints","FlurryOfBlows"],"picked":"EmptyFist","floor":12},{"not_picked":["DeusExMachina","Vault"],"picked":"Establishment","floor":16},{"not_picked":["Crescendo","Wallop"],"picked":"FollowUp","floor":18},{"not_picked":["Protect","ReachHeaven"],"picked":"Indignation+1","floor":21}],"player_experience":203269,"relics_obtained":[{"floor":7,"key":"Happy Flower"},{"floor":9,"key":"War Paint"}],"event_choices":[{"damage_healed":0,"gold_gain":0,"player_choice":"Box","damage_taken":0,"relics_obtained":["Oddly Smooth Stone"],"max_hp_gain":0,"max_hp_loss":0,"event_name":"Big Fish","floor":3,"gold_loss":0,"cards_obtained":["Regret"]},{"damage_healed":18,"gold_gain":0,"player_choice":"Healed and dodged fight","damage_taken":0,"max_hp_gain":0,"max_hp_loss":0,"event_name":"Mushrooms","floor":8,"gold_loss":0,"cards_obtained":["Parasite"]},{"damage_healed":0,"gold_gain":0,"player_choice":"Rummage","damage_taken":0,"relics_obtained":["WarpedTongs"],"max_hp_gain":0,"max_hp_loss":0,"event_name":"Accursed Blacksmith","floor":11,"gold_loss":0,"cards_obtained":["Pain"]},{"damage_healed":0,"gold_gain":0,"player_choice":"Upgraded","damage_taken":0,"max_hp_gain":0,"max_hp_loss":0,"event_name":"Upgrade Shrine","floor":19,"gold_loss":0,"cards_upgraded":["Establishment"]}],"is_beta":false,"boss_relics":[{"not_picked":["Runic Pyramid","VioletLotus"],"picked":"Empty Cage"}],"items_purged_floors":[],"is_endless":false,"potions_floor_spawned":[4,5,12,16,21],"killed_by":"Slavers","ascension_level":0}}