{"host":"w5thk1acqacem6ba","time":1613707721,"event":{"mods":["AchievementEnabler","BaseMod","Colored Map","KOR Keyword Fix","Minty Spire (QoL Compilation)","SuperFastMode"],"gold_per_floor":[109,121,43,55,2,2,35,35,35,61,61,61,74,89,89,190,190,203,203,203,222,222,222],"floor_reached":22,"language":"KOR","playtime":717,"items_purged":[],"score":243,"play_id":"d918f4aa-2d2e-4519-bca2-b3151324d8b6","local_time":"20210219130841","is_ascension_mode":true,"campfire_choices":[{"data":"Adaptation","floor":6.0,"key":"SMITH"},{"floor":8.0,"key":"REST"},{"floor":11.0,"key":"REST"},{"floor":15,"key":"REST"}],"circlet_count":0,"master_deck":["Strike_P","Strike_P","Strike_P","Strike_P","Defend_P","Defend_P","Defend_P","Defend_P","Eruption+1","Vigilance","Adaptation+1","FlurryOfBlows","FlurryOfBlows","Judgement","Adaptation"],"relics":["PureWater","Ginger","Bottled Tornado","Gremlin Horn","VioletLotus","Bronze Scales"],"acts_visited":["Exordium","TheCity"],"potions_floor_usage":[13,16,21],"damage_taken":[{"damage":11.0,"enemies":"2 Louse","floor":1.0,"turns":2.0},{"damage":2.0,"enemies":"Jaw Worm","floor":2.0,"turns":2.0},{"damage":0.0,"enemies":"Small Slimes","floor":4.0,"turns":2.0},{"damage":32.0,"enemies":"3 Sentries","floor":7.0,"turns":8.0},{"damage":43.0,"enemies":"Lagavulin","floor":10.0,"turns":8.0},{"damage":0,"enemies":"Gremlin Gang","floor":13,"turns":1},{"damage":1,"enemies":"Red Slaver","floor":14,"turns":2},{"damage":33,"enemies":"Hexaghost","floor":16,"turns":8},{"damage":2,"enemies":"Chosen","floor":18,"turns":3},{"damage":38,"enemies":"Shell Parasite","floor":21,"turns":7},{"damage":25,"enemies":"3 Cultists","floor":22,"turns":3}],"seed_played":"7139115045448606874","potions_obtained":[{"floor":10.0,"key":"SteroidPotion"},{"floor":14,"key":"LiquidBronze"},{"floor":16,"key":"Block Potion"},{"floor":18,"key":"SkillPotion"}],"is_trial":false,"path_per_floor":["M","M","$","M","$","R","E","R","T","E","R","?","M","M","R","B",null,"M","?","?","M","M"],"character_chosen":"WATCHER","items_purchased":["Adaptation","FlurryOfBlows"],"campfire_rested":3,"item_purchase_floors":[3,5],"current_hp_per_floor":[61,59,59,59,59,59,27,48,48,5,26,26,26,25,46,13,57,55,55,55,17,0,0],"gold":222,"neow_bonus":"UPGRADE_CARD","is_daily":false,"chose_seed":false,"campfire_upgraded":1,"win_rate":0.0,"timestamp":1613707721,"path_taken":["M","M","$","M","$","R","E","R","T","E","R","?","M","M","R","BOSS","M","?","?","M","M"],"items_purchased_type":["Card","Card"],"build_version":"2020-12-22","purchased_purges":0,"victory":false,"max_hp_per_floor":[72,72,72,72,72,72,72,72,72,72,72,72,72,72,72,72,72,72,72,72,72,72,72],"card_choices":[{"not_picked":["FlyingSleeves","Halt","CarveReality"],"picked":"SKIP","floor":1.0},{"not_picked":["Prostrate","CarveReality","SashWhip"],"picked":"SKIP","floor":2.0},{"not_picked":["ClearTheMind","Sanctity","Wish"],"picked":"SKIP","floor":4.0},{"not_picked":["FlyingSleeves","Worship"],"picked":"FlurryOfBlows","floor":7.0},{"not_picked":["Fasting2","Protect","FlurryOfBlows"],"picked":"SKIP","floor":10.0},{"not_picked":["Sanctity","SashWhip","CarveReality"],"picked":"SKIP","floor":13},{"not_picked":["Crescendo","FlurryOfBlows","ForeignInfluence"],"picked":"SKIP","floor":14},{"not_picked":["Wish","Scrawl"],"picked":"Judgement","floor":16},{"not_picked":["EmptyBody+1","Halt"],"picked":"Adaptation","floor":18},{"not_picked":["Sanctity+1","Study","ThirdEye+1"],"picked":"SKIP","floor":21}],"player_experience":414844,"relics_obtained":[{"floor":7.0,"key":"Ginger"},{"floor":9.0,"key":"Bottled Tornado"},{"floor":10.0,"key":"Gremlin Horn"}],"event_choices":[{"damage_healed":0.0,"max_hp_gain":0.0,"max_hp_loss":0.0,"gold_gain":0.0,"event_name":"Dead Adventurer","player_choice":"Searched \u00270\u0027 times","floor":12.0,"gold_loss":0.0,"damage_taken":0.0},{"damage_healed":0,"gold_gain":0,"player_choice":"Ignored","damage_taken":0,"max_hp_gain":0,"max_hp_loss":0,"event_name":"Cursed Tome","floor":19,"gold_loss":0},{"damage_healed":0,"gold_gain":0,"player_choice":"Opened","damage_taken":0,"relics_obtained":["Bronze Scales"],"max_hp_gain":0,"max_hp_loss":0,"event_name":"The Mausoleum","floor":20,"gold_loss":0}],"is_beta":false,"boss_relics":[{"not_picked":["Pandora\u0027s Box","Astrolabe"],"picked":"VioletLotus"}],"items_purged_floors":[],"is_endless":false,"potions_floor_spawned":[10,14,16,18],"killed_by":"3 Cultists","ascension_level":5}}