{"host":"mydft8i2zzydgggw","time":1613708560,"event":{"mods":["AchievementEnabler","BaseMod","Colored Map","Colored Powertips","DeckTracker","Keyboard Shortcuts","Minty Spire (QoL Compilation)","Rare Cards Sparkle","Relic Stats","StSLib","SuperFastMode","Together in Spire","everything is the same but u backflip on backflip"],"gold_per_floor":[360,61,61,77,94,119,119,139,139,166,166,39,39,55,55,151,151,166,166,186,196,196,224,224,250,250,277,55,80,80,97,97,193,193,211,228,245,245,295,295,322,336,389,0,0,18,49,59,59,59,59],"floor_reached":50,"language":"KOR","playtime":1732,"items_purged":["Strike_G","Strike_G"],"score":1042,"play_id":"25999d36-1f27-41b5-ba26-70ca480c4255","local_time":"20210219132240","is_ascension_mode":true,"campfire_choices":[{"floor":7.0,"key":"DIG"},{"floor":11.0,"key":"DIG"},{"floor":13.0,"key":"DIG"},{"floor":15.0,"key":"REST"},{"floor":24.0,"key":"REST"},{"floor":30.0,"key":"REST"},{"floor":32.0,"key":"DIG"},{"floor":40.0,"key":"DIG"},{"data":"Crippling Poison","floor":45.0,"key":"SMITH"},{"floor":49.0,"key":"RECALL"}],"circlet_count":0,"master_deck":["AscendersBane","Strike_G","Strike_G","Strike_G","Defend_G","Defend_G","Defend_G","Defend_G","Defend_G","Survivor","Neutralize","Footwork","Cloak And Dagger","Tactician","Poisoned Stab+1","Dagger Spray+1","Corpse Explosion","Crippling Poison+1","Crippling Poison","Dodge and Roll","Malaise","Blade Dance+1","Neutralize+1","Backflip","Blade Dance+1","Underhanded Strike+1","Catalyst","Accuracy","Calculated Gamble","Crippling Poison","Eviscerate+1","Bouncing Flask","Acrobatics+1","Flash of Steel+1","Dark Shackles","Finesse","Bouncing Flask+1"],"relics":["Ring of the Snake","Shovel","Molten Egg 2","Dream Catcher","Smiling Mask","Kunai","White Beast Statue","Ninja Scroll","The Courier","Snecko Eye","Bird Faced Urn","Orichalcum","Thread and Needle","Pantograph","Orrery","Vajra","CaptainsWheel","Busted Crown","Mango","CeramicFish","Sundial","Red Mask","Ginger"],"acts_visited":["Exordium","TheCity","TheBeyond"],"potions_floor_usage":[50,50],"damage_taken":[{"damage":3.0,"enemies":"Cultist","floor":1.0,"turns":4.0},{"damage":0.0,"enemies":"2 Louse","floor":4.0,"turns":4.0},{"damage":9.0,"enemies":"Small Slimes","floor":5.0,"turns":5.0},{"damage":23.0,"enemies":"3 Sentries","floor":6.0,"turns":13.0},{"damage":0.0,"enemies":"Blue Slaver","floor":8.0,"turns":4.0},{"damage":14.0,"enemies":"Lagavulin","floor":10.0,"turns":8.0},{"damage":0.0,"enemies":"Looter","floor":14.0,"turns":3.0},{"damage":14.0,"enemies":"The Guardian","floor":16.0,"turns":10.0},{"damage":15.0,"enemies":"3 Byrds","floor":18.0,"turns":3.0},{"damage":7.0,"enemies":"Shell Parasite","floor":20.0,"turns":5.0},{"damage":8.0,"enemies":"3 Cultists","floor":21.0,"turns":4.0},{"damage":10.0,"enemies":"Slavers","floor":23.0,"turns":6.0},{"damage":19.0,"enemies":"Gremlin Leader","floor":25.0,"turns":7.0},{"damage":0.0,"enemies":"Book of Stabbing","floor":27.0,"turns":7.0},{"damage":0.0,"enemies":"Gremlin Leader","floor":29.0,"turns":4.0},{"damage":0.0,"enemies":"Chosen and Byrds","floor":31.0,"turns":3.0},{"damage":57.0,"enemies":"Champ","floor":33.0,"turns":10.0},{"damage":3.0,"enemies":"Orb Walker","floor":35.0,"turns":3.0},{"damage":14.0,"enemies":"3 Darklings","floor":36.0,"turns":5.0},{"damage":0.0,"enemies":"Transient","floor":37.0,"turns":5.0},{"damage":0.0,"enemies":"Mind Bloom Boss Battle","floor":39.0,"turns":4.0},{"damage":7.0,"enemies":"Giant Head","floor":41.0,"turns":7.0},{"damage":0.0,"enemies":"4 Shapes","floor":42.0,"turns":4.0},{"damage":0.0,"enemies":"3 Darklings","floor":46.0,"turns":1.0},{"damage":10.0,"enemies":"Nemesis","floor":47.0,"turns":5.0},{"damage":32.0,"enemies":"Jaw Worm Horde","floor":48.0,"turns":3.0},{"damage":73,"enemies":"Time Eater","floor":50,"turns":7}],"seed_played":"-6430627266153365838","potions_obtained":[{"floor":1.0,"key":"Energy Potion"},{"floor":5.0,"key":"SkillPotion"},{"floor":10.0,"key":"Fire Potion"},{"floor":14.0,"key":"LiquidBronze"},{"floor":16.0,"key":"PowerPotion"},{"floor":18.0,"key":"DuplicationPotion"},{"floor":21.0,"key":"SpeedPotion"},{"floor":23.0,"key":"Strength Potion"},{"floor":25.0,"key":"LiquidMemories"},{"floor":27.0,"key":"FearPotion"},{"floor":29.0,"key":"Fire Potion"},{"floor":33.0,"key":"Weak Potion"},{"floor":35.0,"key":"Ancient Potion"},{"floor":36.0,"key":"EssenceOfSteel"},{"floor":37.0,"key":"SpeedPotion"},{"floor":41.0,"key":"Energy Potion"},{"floor":47.0,"key":"SteroidPotion"},{"floor":48.0,"key":"PowerPotion"}],"is_trial":false,"path_per_floor":["M","$","T","M","M","E","R","M","T","E","R","$","R","M","R","B",null,"M","?","M","M","?","E","R","E","T","E","$","E","R","M","R","B",null,"M","M","M","?","?","R","E","M","T","?","R","M","E","M","R","B"],"character_chosen":"THE_SILENT","items_purchased":["Shovel","Crippling Poison","Accuracy","Orrery"],"campfire_rested":3,"item_purchase_floors":[2,12,28,28],"current_hp_per_floor":[60,60,60,60,51,28,28,28,28,14,14,14,14,14,32,18,52,37,37,30,22,22,12,30,13,13,15,15,17,35,39,39,6,49,48,36,40,30,73,73,70,70,70,70,70,70,64,34,34,0,0],"gold":59,"neow_bonus":"TWO_FIFTY_GOLD","is_daily":false,"chose_seed":false,"campfire_upgraded":1,"win_rate":0.0,"timestamp":1613708560,"path_taken":["M","$","?","M","?","E","R","M","T","E","R","$","R","M","R","BOSS","M","?","?","?","?","E","R","E","T","E","$","E","R","M","R","BOSS","M","M","?","?","?","R","E","M","T","?","R","M","E","M","R","BOSS"],"items_purchased_type":["Relic","Card","Card","Relic"],"build_version":"2020-12-22","purchased_purges":2,"victory":false,"max_hp_per_floor":[63,63,63,63,63,63,63,63,63,63,63,63,63,63,63,63,63,63,63,63,63,63,63,63,63,63,63,63,63,63,63,63,63,63,63,63,63,63,77,77,77,77,77,77,77,77,77,77,77,77,77],"relic_stats":{"counters":[27,144],"CeramicFish":0,"Ginger":[1],"Orichalcum":[78],"Smiling Mask":55,"Dream Catcher":3,"Shovel":5,"Busted Crown":24,"Sundial":[2],"Bird Faced Urn":[38],"Pantograph":74,"Snecko Eye":[168,169,170,156],"Kunai":[81],"obtain_stats":[{"CeramicFish":40,"Vajra":29,"Thread and Needle":26,"Mango":39,"The Courier":13,"Ginger":47,"Orichalcum":25,"Smiling Mask":7,"White Beast Statue":10,"Dream Catcher":6,"CaptainsWheel":32,"Shovel":2,"Busted Crown":34,"Ninja Scroll":11,"Sundial":41,"Bird Faced Urn":23,"Pantograph":27,"Snecko Eye":17,"Orrery":28,"Molten Egg 2":3,"Red Mask":44,"Kunai":9,"Ring of the Snake":0},{"CeramicFish":21,"Vajra":15,"Thread and Needle":13,"Mango":21,"The Courier":6,"Ginger":25,"Orichalcum":13,"Smiling Mask":4,"White Beast Statue":6,"Dream Catcher":4,"CaptainsWheel":16,"Shovel":1,"Busted Crown":17,"Ninja Scroll":6,"Sundial":22,"Bird Faced Urn":12,"Pantograph":14,"Snecko Eye":8,"Orrery":14,"Molten Egg 2":1,"Red Mask":23,"Kunai":5,"Ring of the Snake":0},{"CeramicFish":117,"Vajra":87,"Thread and Needle":76,"Mango":117,"The Courier":38,"Ginger":134,"Orichalcum":76,"Smiling Mask":26,"White Beast Statue":38,"Dream Catcher":26,"CaptainsWheel":90,"Shovel":4,"Busted Crown":100,"Ninja Scroll":38,"Sundial":124,"Bird Faced Urn":69,"Pantograph":83,"Snecko Eye":51,"Orrery":83,"Molten Egg 2":4,"Red Mask":128,"Kunai":30,"Ring of the Snake":0}],"Ring of the Snake":[16]},"card_choices":[{"not_picked":["Slice","Dagger Throw"],"picked":"Footwork","floor":1.0},{"not_picked":["Footwork","Quick Slash+1"],"picked":"Cloak And Dagger","floor":4.0},{"not_picked":["Deadly Poison","Flying Knee+1"],"picked":"Tactician","floor":5.0},{"not_picked":["Distraction","All Out Attack+1"],"picked":"Poisoned Stab+1","floor":6.0},{"not_picked":["Flying Knee+1","Blur"],"picked":"Dagger Spray+1","floor":8.0},{"not_picked":["Masterful Stab+1","PiercingWail"],"picked":"Corpse Explosion","floor":10.0},{"not_picked":["Dodge and Roll","Concentrate"],"picked":"Crippling Poison","floor":14.0},{"not_picked":["Cloak And Dagger","Underhanded Strike+1"],"picked":"Dodge and Roll","floor":15.0},{"not_picked":["Grand Finale+1","Phantasmal Killer"],"picked":"Malaise","floor":16.0},{"not_picked":["Deflect+1","Poisoned Stab+1"],"picked":"Blade Dance+1","floor":18.0},{"not_picked":["Concentrate","Bane+1"],"picked":"Backflip","floor":20.0},{"not_picked":["Deflect","Backflip","Dagger Spray+1"],"picked":"SKIP","floor":21.0},{"not_picked":["Finisher+1","Concentrate","Skewer+1"],"picked":"SKIP","floor":23.0},{"not_picked":["Well Laid Plans","Heel Hook+1"],"picked":"Underhanded Strike+1","floor":25.0},{"not_picked":["Venomology","Blur+1"],"picked":"Catalyst","floor":27.0},{"not_picked":["Deadly Poison","Prepared"],"picked":"Calculated Gamble","floor":28.0},{"not_picked":["Backflip+1","Finisher+1"],"picked":"Crippling Poison","floor":28.0},{"not_picked":["Flying Knee+1","PiercingWail"],"picked":"Eviscerate+1","floor":28.0},{"not_picked":["Flying Knee+1","Dagger Spray+1"],"picked":"Bouncing Flask","floor":29.0},{"not_picked":["Caltrops","Backflip","Footwork"],"picked":"SKIP","floor":31.0},{"not_picked":["Finisher+1"],"picked":"SKIP","floor":35.0},{"not_picked":["Deflect"],"picked":"SKIP","floor":36.0},{"not_picked":[],"picked":"Acrobatics+1","floor":37.0},{"not_picked":[],"picked":"Flash of Steel+1","floor":38.0},{"not_picked":[],"picked":"Dark Shackles","floor":38.0},{"not_picked":[],"picked":"Finesse","floor":38.0},{"not_picked":[],"picked":"Bouncing Flask+1","floor":39.0},{"not_picked":["Infinite Blades"],"picked":"SKIP","floor":41.0},{"not_picked":["Flying Knee+1"],"picked":"SKIP","floor":42.0},{"not_picked":["Tactician"],"picked":"SKIP","floor":46.0},{"not_picked":["All Out Attack+1"],"picked":"SKIP","floor":47.0},{"not_picked":["Bouncing Flask"],"picked":"SKIP","floor":48.0}],"player_experience":283244,"relics_obtained":[{"floor":3.0,"key":"Molten Egg 2"},{"floor":6.0,"key":"Dream Catcher"},{"floor":7.0,"key":"Smiling Mask"},{"floor":9.0,"key":"Kunai"},{"floor":10.0,"key":"White Beast Statue"},{"floor":11.0,"key":"Ninja Scroll"},{"floor":13.0,"key":"The Courier"},{"floor":23.0,"key":"Bird Faced Urn"},{"floor":25.0,"key":"Orichalcum"},{"floor":26.0,"key":"Thread and Needle"},{"floor":27.0,"key":"Pantograph"},{"floor":29.0,"key":"Vajra"},{"floor":32.0,"key":"CaptainsWheel"},{"floor":39.0,"key":"Mango"},{"floor":40.0,"key":"CeramicFish"},{"floor":41.0,"key":"Sundial"},{"floor":47.0,"key":"Ginger"}],"event_choices":[{"damage_healed":0.0,"max_hp_gain":0.0,"max_hp_loss":0.0,"gold_gain":0.0,"event_name":"Match and Keep!","player_choice":"1 cards matched","floor":19.0,"gold_loss":0.0,"damage_taken":0.0,"cards_obtained":["Neutralize"]},{"damage_healed":0.0,"max_hp_gain":0.0,"max_hp_loss":0.0,"gold_gain":0.0,"event_name":"Duplicator","player_choice":"Copied","floor":22.0,"gold_loss":0.0,"damage_taken":0.0,"cards_obtained":["Blade Dance"]},{"damage_healed":0.0,"max_hp_gain":0.0,"max_hp_loss":0.0,"gold_gain":0.0,"event_name":"SensoryStone","player_choice":"Memory 3","floor":38.0,"gold_loss":0.0,"damage_taken":10.0},{"damage_healed":0.0,"max_hp_gain":0.0,"max_hp_loss":0.0,"gold_gain":0.0,"event_name":"MindBloom","player_choice":"Fight","floor":39.0,"gold_loss":0.0,"damage_taken":0.0},{"damage_healed":0.0,"max_hp_gain":0.0,"max_hp_loss":0.0,"gold_gain":0.0,"event_name":"Tomb of Lord Red Mask","player_choice":"Paid","floor":44.0,"gold_loss":389.0,"damage_taken":0.0,"relics_obtained":["Red Mask"]}],"is_beta":false,"boss_relics":[{"not_picked":["HoveringKite","Astrolabe"],"picked":"Snecko Eye"},{"not_picked":["Calling Bell","Tiny House"],"picked":"Busted Crown"}],"items_purged_floors":[12,28],"is_endless":false,"potions_floor_spawned":[1,5,10,14,16,18,20,21,23,25,27,29,31,33,35,36,37,39,41,42,46,47,48],"killed_by":"Time Eater","ascension_level":11}}