{"host":"08xvxt5w1s7zc7e5","time":1613724670,"event":{"mods":["AchievementEnabler","BaseMod","DeckTracker","Minty Spire (QoL Compilation)","Quick Restart","StSLib","SuperFastMode"],"gold_per_floor":[110,110,185,198,198,198,242,263,310,11,31,52,72,106,106,237,237,253,37,53,152,152,152,183,183,183,199,199,51,51,70,70,70,70],"floor_reached":33,"language":"KOR","playtime":1311,"items_purged":[],"score":455,"play_id":"6df5e3cc-4e1a-446c-b52d-8ba140575e19","local_time":"20210219175110","is_ascension_mode":true,"campfire_choices":[{"data":"Neutralize","floor":6.0,"key":"SMITH"},{"data":"A Thousand Cuts","floor":15.0,"key":"SMITH"},{"data":"Footwork","floor":23.0,"key":"SMITH"},{"floor":28,"key":"REST"},{"data":"Bouncing Flask","floor":32,"key":"SMITH"}],"circlet_count":0,"master_deck":["Strike_G","Strike_G","Strike_G","Strike_G","Defend_G","Defend_G","Defend_G","Defend_G","Defend_G","Survivor","Neutralize+1","Footwork+1","Cloak And Dagger","Strike_G","Poisoned Stab","Backflip","Dash","Footwork","Dodge and Roll","A Thousand Cuts+1","PiercingWail","Backstab","Corpse Explosion","Expertise","Reflex","Noxious Fumes","Outmaneuver+1","Prepared+1","Ghostly","Ghostly","Ghostly","Ghostly","Ghostly","Escape Plan","Bouncing Flask+1","After Image"],"relics":["Ring of the Snake","NeowsBlessing","Golden Idol","Lantern","Blood Vial","Prayer Wheel","InkBottle","HoveringKite","Snake Skull","Omamori","Dead Branch"],"acts_visited":["Exordium","TheCity"],"potions_floor_usage":[33],"damage_taken":[{"damage":0.0,"enemies":"Small Slimes","floor":1.0,"turns":1.0},{"damage":0.0,"enemies":"2 Louse","floor":4.0,"turns":1.0},{"damage":0.0,"enemies":"Lagavulin","floor":7.0,"turns":1.0},{"damage":0.0,"enemies":"Cultist","floor":8.0,"turns":4.0},{"damage":6.0,"enemies":"Large Slime","floor":11.0,"turns":8.0},{"damage":3.0,"enemies":"Red Slaver","floor":12.0,"turns":5.0},{"damage":10.0,"enemies":"Gremlin Gang","floor":13.0,"turns":4.0},{"damage":17.0,"enemies":"3 Sentries","floor":14.0,"turns":9.0},{"damage":10.0,"enemies":"The Guardian","floor":16.0,"turns":11.0},{"damage":19.0,"enemies":"Spheric Guardian","floor":18.0,"turns":6.0},{"damage":2.0,"enemies":"3 Byrds","floor":20.0,"turns":4.0},{"damage":18.0,"enemies":"Gremlin Leader","floor":24.0,"turns":7.0},{"damage":12,"enemies":"Shelled Parasite and Fungi","floor":27,"turns":6},{"damage":0,"enemies":"Sentry and Sphere","floor":31,"turns":6},{"damage":17,"enemies":"Collector","floor":33,"turns":6}],"seed_played":"-4305210423246936862","potions_obtained":[{"floor":4.0,"key":"Swift Potion"},{"floor":8.0,"key":"DistilledChaos"},{"floor":12.0,"key":"Dexterity Potion"},{"floor":14.0,"key":"CultistPotion"},{"floor":20.0,"key":"EntropicBrew"},{"floor":27,"key":"Energy Potion"},{"floor":31,"key":"Block Potion"}],"is_trial":false,"path_per_floor":["M","?","?","M","?","R","E","M","T","$","M","M","M","E","R","B",null,"M","$","M","?","?","R","E","?","T","M","R","$","?","M","R","B"],"character_chosen":"THE_SILENT","items_purchased":["Prayer Wheel","Snake Skull","Noxious Fumes","After Image"],"campfire_rested":1,"item_purchase_floors":[10,19,19,29],"current_hp_per_floor":[63,46,39,39,39,39,39,39,39,39,35,34,26,11,11,3,53,36,36,36,36,35,35,17,17,17,7,17,17,11,13,13,0,0],"gold":70,"neow_bonus":"THREE_ENEMY_KILL","is_daily":false,"chose_seed":false,"campfire_upgraded":4,"win_rate":0.0,"timestamp":1613724670,"path_taken":["M","?","?","?","?","R","E","M","T","$","?","?","M","E","R","BOSS","M","$","M","?","?","R","E","?","T","M","R","?","?","M","R","BOSS"],"items_purchased_type":["Relic","Relic","Card","Card"],"build_version":"2020-12-22","purchased_purges":0,"victory":false,"max_hp_per_floor":[70,70,70,70,70,70,70,70,70,70,70,70,70,70,70,70,70,70,70,70,70,35,35,35,35,35,35,35,35,35,35,35,35,35],"card_choices":[{"not_picked":["Dodge and Roll","Dagger Throw"],"picked":"Footwork","floor":1.0},{"not_picked":["Dodge and Roll","Flying Knee"],"picked":"Cloak And Dagger","floor":4.0},{"not_picked":["Slice","Deflect"],"picked":"Poisoned Stab","floor":7.0},{"not_picked":["Deflect","Dagger Throw"],"picked":"Backflip","floor":8.0},{"not_picked":["Caltrops","Flying Knee"],"picked":"Dash","floor":11.0},{"not_picked":["Dodge and Roll","Bane"],"picked":"Footwork","floor":11.0},{"not_picked":["Choke","Bane"],"picked":"Dodge and Roll","floor":12.0},{"not_picked":["Riddle With Holes","Deadly Poison"],"picked":"A Thousand Cuts","floor":12.0},{"not_picked":["Dagger Spray","Calculated Gamble"],"picked":"PiercingWail","floor":13.0},{"not_picked":["Dash","Bane","Acrobatics"],"picked":"SKIP","floor":13.0},{"not_picked":["Dagger Throw","Slice"],"picked":"Backstab","floor":14.0},{"not_picked":["Unload","Doppelganger"],"picked":"Corpse Explosion","floor":16.0},{"not_picked":["Quick Slash","Deadly Poison"],"picked":"Expertise","floor":18.0},{"not_picked":["Prepared+1","Riddle With Holes"],"picked":"Reflex","floor":18.0},{"not_picked":["Blade Dance","Quick Slash"],"picked":"Outmaneuver+1","floor":20.0},{"not_picked":["Poisoned Stab","Outmaneuver"],"picked":"Prepared+1","floor":20.0},{"not_picked":["Catalyst","Slice"],"picked":"Escape Plan","floor":24.0},{"not_picked":["Dagger Throw","Blade Dance","Backflip"],"picked":"SKIP","floor":27},{"not_picked":["Well Laid Plans","Underhanded Strike","Flying Knee+1"],"picked":"SKIP","floor":27},{"not_picked":["Quick Slash+1","Distraction","Dodge and Roll+1"],"picked":"SKIP","floor":31},{"not_picked":["Backflip","Outmaneuver","Underhanded Strike+1"],"picked":"SKIP","floor":31}],"player_experience":386885,"relics_obtained":[{"floor":7.0,"key":"Lantern"},{"floor":9.0,"key":"Blood Vial"},{"floor":14.0,"key":"InkBottle"},{"floor":24.0,"key":"Omamori"},{"floor":26.0,"key":"Dead Branch"}],"event_choices":[{"damage_healed":0.0,"max_hp_gain":0.0,"max_hp_loss":0.0,"gold_gain":0.0,"event_name":"Golden Idol","player_choice":"Take Damage","floor":2.0,"gold_loss":0.0,"damage_taken":17.0,"relics_obtained":["Golden Idol"]},{"damage_healed":0.0,"max_hp_gain":0.0,"max_hp_loss":0.0,"gold_gain":75.0,"event_name":"FaceTrader","player_choice":"Touch","floor":3.0,"gold_loss":0.0,"damage_taken":7.0},{"cards_removed":["Strike_G"],"damage_healed":0.0,"max_hp_gain":0.0,"max_hp_loss":0.0,"gold_gain":0.0,"event_name":"NoteForYourself","player_choice":"Took Card","floor":5.0,"gold_loss":0.0,"damage_taken":0.0,"cards_obtained":["Strike_G"]},{"damage_healed":0.0,"max_hp_gain":0.0,"max_hp_loss":0.0,"gold_gain":99.0,"event_name":"Nest","player_choice":"Stole From Cult","floor":21.0,"gold_loss":0.0,"damage_taken":0.0},{"damage_healed":0.0,"max_hp_gain":0.0,"max_hp_loss":35.0,"gold_gain":0.0,"event_name":"Ghosts","player_choice":"Became a Ghost","floor":22.0,"gold_loss":0.0,"damage_taken":0.0,"cards_obtained":["Ghostly","Ghostly","Ghostly","Ghostly","Ghostly"]},{"damage_healed":0.0,"max_hp_gain":0.0,"max_hp_loss":0.0,"gold_gain":0.0,"event_name":"The Library","player_choice":"Read","floor":25.0,"gold_loss":0.0,"damage_taken":0.0,"cards_obtained":["Bouncing Flask"]},{"damage_healed":0,"gold_gain":0,"player_choice":"","damage_taken":6,"max_hp_gain":0,"max_hp_loss":0,"event_name":"Knowing Skull","floor":30,"potions_obtained":[],"gold_loss":0,"cards_obtained":[]}],"is_beta":false,"boss_relics":[{"not_picked":["Coffee Dripper","Ring of the Serpent"],"picked":"HoveringKite"}],"items_purged_floors":[],"is_endless":false,"potions_floor_spawned":[4,8,12,14,20,27,31],"killed_by":"Collector","ascension_level":7}}