{"host":"ppqll9nf92xyjrj9","time":1613712082,"event":{"mods":["Act Like it!","Arknights","BaseMod","Bestiary","Better Third Choice","Bossed Relics","Curses Come First","Ekko","Evolution","Hermit","Jorbs\u0027s Wanderer Trilogy","Keyboard Shortcuts","Marked Mod","Minty Spire (QoL Compilation)","Relic Stats","Shapeshifter Mod","Spicy Shops","StS++","StSLib","The Marked","The Runesmith","Weighted Paths","【遗物卡牌】REMEMod"],"gold_per_floor":[114,124,124,140,150,175,175,203,272,272,285,53,65,65,65,170,170,187,205,120,120,135,166,166,183,236,236,251,282,292,202,202,303,303,314,334,38,38,38,372,27,43,43,54,85,85,117,130,130,130,130],"floor_reached":50,"language":"ENG","playtime":2198,"items_purged":["Decay"],"score":709,"play_id":"a5a9a8ba-8007-469b-b362-63224ed2fcc3","local_time":"20210218212122","is_ascension_mode":false,"campfire_choices":[{"data":"StSShapeShifter:SkullBash","floor":7,"key":"SMITH"},{"data":"ekkoTheBoyWhoShatteredTime:VelocityConsuming","floor":10,"key":"SMITH"},{"data":"ekkoTheBoyWhoShatteredTime:ProjectPreference","floor":15,"key":"SMITH"},{"floor":24,"key":"REST"},{"floor":32,"key":"REST"},{"floor":46,"key":"REST"},{"data":"ekkoTheBoyWhoShatteredTime:HauntedAfterimage","floor":49,"key":"SMITH"}],"circlet_count":0,"master_deck":["ekkoTheBoyWhoShatteredTime:Greed","ekkoTheBoyWhoShatteredTime:AfterimageTease","ekkoTheBoyWhoShatteredTime:Strike+1","ekkoTheBoyWhoShatteredTime:Strike","ekkoTheBoyWhoShatteredTime:Defend","ekkoTheBoyWhoShatteredTime:Defend","ekkoTheBoyWhoShatteredTime:Defend","ekkoTheBoyWhoShatteredTime:Defend","ekkoTheBoyWhoShatteredTime:TimeMaster","ekkoTheBoyWhoShatteredTime:Powered+1","StSShapeShifter:SkullBash+1","ekkoTheBoyWhoShatteredTime:MicCheck","ekkoTheBoyWhoShatteredTime:VelocityConsuming+1","ekkoTheBoyWhoShatteredTime:HauntingGuise","ekkoTheBoyWhoShatteredTime:NeedlesslyLargeRod","ekkoTheBoyWhoShatteredTime:NeedlesslyLargeRod","ekkoTheBoyWhoShatteredTime:WideSlice","ekkoTheBoyWhoShatteredTime:HauntedAfterimage+1","ekkoTheBoyWhoShatteredTime:ProjectPreference+1","ekkoTheBoyWhoShatteredTime:Dash+1","ekkoTheBoyWhoShatteredTime:Resocharge","ekkoTheBoyWhoShatteredTime:DuplicateTimelines","ekkoTheBoyWhoShatteredTime:MicCheck","ekkoTheBoyWhoShatteredTime:NeedlesslyLargeRod","ekkoTheBoyWhoShatteredTime:HextechProtobelt+1","ekkoTheBoyWhoShatteredTime:Timewinder","StSShapeShifter:SkullBash+1","ekkoTheBoyWhoShatteredTime:KneeNSwordCombo+1","ekkoTheBoyWhoShatteredTime:Backtrack","ekkoTheBoyWhoShatteredTime:AcademyAttraction","ekkoTheBoyWhoShatteredTime:MicCheck+1","ekkoTheBoyWhoShatteredTime:HauntingGuise+1","ekkoTheBoyWhoShatteredTime:NeedlesslyLargeRod","ekkoTheBoyWhoShatteredTime:NeedlesslyLargeRod","ekkoTheBoyWhoShatteredTime:Unchained","ekkoTheBoyWhoShatteredTime:NeedlesslyLargeRod+1","ekkoTheBoyWhoShatteredTime:Unleashed","ekkoTheBoyWhoShatteredTime:OverloadingWeapon","ekkoTheBoyWhoShatteredTime:NeedlesslyLargeRod"],"relics":["ekkoTheBoyWhoShatteredTime:zDriveResonance","EVO:Axolotl","REME_ComplimentaryCards","Pocketwatch","REME_LimitBreaker","Lizard Tail","Bottled Flame","Sozu","Lantern","Peace Pipe","Juzu Bracelet","Boot","Centennial Puzzle","Black Star","ekkoTheBoyWhoShatteredTime:TwistedClockwork","Oddly Smooth Stone","War Paint","Old Coin","StSpp:BoiledEgg","Membership Card","Ice Cream","Eternal Feather","Pantograph","Happy Flower","Regal Pillow","Kunai"],"acts_visited":["Exordium","TheCity","TheBeyond"],"potions_floor_usage":[16,22,22],"damage_taken":[{"damage":2,"enemies":"Small Slimes","floor":1,"turns":1},{"damage":0,"enemies":"Cultist","floor":2,"turns":2},{"damage":1,"enemies":"Jaw Worm","floor":4,"turns":2},{"damage":0,"enemies":"Looter","floor":5,"turns":1},{"damage":10,"enemies":"3 Sentries","floor":6,"turns":6},{"damage":3,"enemies":"Gremlin Nob","floor":8,"turns":3},{"damage":0,"enemies":"Large Slime","floor":11,"turns":3},{"damage":0,"enemies":"Lots of Slimes","floor":13,"turns":3},{"damage":21,"enemies":"Hexaghost","floor":16,"turns":5},{"damage":0,"enemies":"Shell Parasite","floor":18,"turns":2},{"damage":10,"enemies":"2 Thieves","floor":19,"turns":3},{"damage":15,"enemies":"Chosen and Byrds","floor":22,"turns":4},{"damage":39,"enemies":"Slavers","floor":23,"turns":4},{"damage":30,"enemies":"Centurion and Healer","floor":25,"turns":4},{"damage":0,"enemies":"Snake Plant","floor":28,"turns":2},{"damage":22,"enemies":"Gremlin Leader","floor":29,"turns":3},{"damage":9,"enemies":"Snecko","floor":30,"turns":3},{"damage":35,"enemies":"Collector","floor":33,"turns":4},{"damage":21,"enemies":"3 Darklings","floor":35,"turns":6},{"damage":0,"enemies":"3 Shapes","floor":36,"turns":3},{"damage":13,"enemies":"Giant Head","floor":40,"turns":7},{"damage":5,"enemies":"Jaw Worm Horde","floor":42,"turns":4},{"damage":10,"enemies":"Writhing Mass","floor":44,"turns":3},{"damage":13,"enemies":"Reptomancer","floor":45,"turns":2},{"damage":18,"enemies":"Giant Head","floor":47,"turns":6},{"damage":2,"enemies":"Maw","floor":48,"turns":5},{"damage":83,"enemies":"Time Eater","floor":50,"turns":6}],"seed_played":"2897489042797325809","potions_obtained":[{"floor":1,"key":"FearPotion"},{"floor":2,"key":"BlessingOfTheForge"},{"floor":5,"key":"EntropicBrew"}],"is_trial":false,"path_per_floor":["M","M","?","M","M","E","R","E","T","R","M","$","M","?","R","B",null,"M","M","?","?","M","E","R","M","T","?","M","E","M","?","R","B",null,"M","M","$","T","?","E","$","M","T","M","E","R","E","M","R","B"],"character_chosen":"EKKO_THE_BOY_WHO_SHATTERED_TIME","items_purchased":["ekkoTheBoyWhoShatteredTime:ProjectPreference","ekkoTheBoyWhoShatteredTime:TwistedClockwork","Oddly Smooth Stone","Membership Card","ekkoTheBoyWhoShatteredTime:NeedlesslyLargeRod","Ice Cream"],"campfire_rested":3,"item_purchase_floors":[12,37,37,41,41,41],"current_hp_per_floor":[76,76,76,75,75,65,65,62,62,62,64,64,64,64,64,43,78,78,68,68,68,53,14,37,7,7,7,7,30,21,21,44,9,78,57,57,57,57,57,44,44,39,39,29,16,60,42,40,61,0,0],"gold":130,"neow_bonus":"ONE_RARE_RELIC","is_daily":false,"chose_seed":false,"campfire_upgraded":4,"win_rate":0.0,"timestamp":1613712082,"path_taken":["M","M","?","?","M","E","R","E","T","R","M","$","M","?","R","BOSS","M","?","?","?","M","E","R","M","T","?","M","E","M","?","R","BOSS","M","M","$","?","?","E","$","M","T","M","E","R","E","M","R","BOSS"],"items_purchased_type":["Card","Relic","Relic","Relic","Card","Relic"],"build_version":"2020-12-22","purchased_purges":1,"victory":false,"max_hp_per_floor":[78,78,78,78,78,78,78,78,78,78,78,78,78,78,78,78,78,78,78,78,78,78,78,78,78,78,78,78,78,78,78,78,78,78,78,78,78,78,78,78,78,78,78,78,78,78,78,78,78,78,78],"relic_stats":{"Regal Pillow":0,"Happy Flower":[5],"counters":[27,97],"Eternal Feather":42,"Juzu Bracelet":2,"War Paint":["ekkoTheBoyWhoShatteredTime:Dash","ekkoTheBoyWhoShatteredTime:Powered"],"Boot":[5],"Sozu":11,"Peace Pipe":0,"Lizard Tail":39,"Centennial Puzzle":[30],"Pantograph":17,"Black Star":3,"Kunai":[3],"obtain_stats":[{"Ice Cream":41,"Lantern":20,"Regal Pillow":47,"StSpp:BoiledEgg":40,"Juzu Bracelet":23,"EVO:Axolotl":0,"Boot":26,"Old Coin":40,"Sozu":17,"ekkoTheBoyWhoShatteredTime:TwistedClockwork":37,"Lizard Tail":8,"Centennial Puzzle":29,"Pantograph":45,"Kunai":47,"ekkoTheBoyWhoShatteredTime:zDriveResonance":0,"Happy Flower":45,"Oddly Smooth Stone":37,"Eternal Feather":43,"REME_LimitBreaker":6,"War Paint":38,"Peace Pipe":21,"Bottled Flame":9,"Black Star":34,"Membership Card":41,"REME_ComplimentaryCards":0,"Pocketwatch":0},{"Ice Cream":21,"Lantern":11,"Regal Pillow":25,"StSpp:BoiledEgg":21,"Juzu Bracelet":13,"EVO:Axolotl":0,"Boot":14,"Old Coin":21,"Sozu":9,"ekkoTheBoyWhoShatteredTime:TwistedClockwork":20,"Lizard Tail":6,"Centennial Puzzle":16,"Pantograph":24,"Kunai":25,"ekkoTheBoyWhoShatteredTime:zDriveResonance":0,"Happy Flower":24,"Oddly Smooth Stone":20,"Eternal Feather":22,"REME_LimitBreaker":5,"War Paint":20,"Peace Pipe":11,"Bottled Flame":6,"Black Star":18,"Membership Card":21,"REME_ComplimentaryCards":0,"Pocketwatch":0},{"Ice Cream":71,"Lantern":31,"Regal Pillow":86,"StSpp:BoiledEgg":71,"Juzu Bracelet":39,"EVO:Axolotl":0,"Boot":43,"Old Coin":71,"Sozu":26,"ekkoTheBoyWhoShatteredTime:TwistedClockwork":64,"Lizard Tail":15,"Centennial Puzzle":48,"Pantograph":80,"Kunai":86,"ekkoTheBoyWhoShatteredTime:zDriveResonance":0,"Happy Flower":80,"Oddly Smooth Stone":64,"Eternal Feather":75,"REME_LimitBreaker":12,"War Paint":64,"Peace Pipe":31,"Bottled Flame":15,"Black Star":55,"Membership Card":71,"REME_ComplimentaryCards":0,"Pocketwatch":0}],"Pocketwatch":[36]},"card_choices":[{"not_picked":["ekkoTheBoyWhoShatteredTime:WideSlice","ekkoTheBoyWhoShatteredTime:AfterimageTease"],"picked":"ekkoTheBoyWhoShatteredTime:MicCheck","floor":1},{"not_picked":["ekkoTheBoyWhoShatteredTime:CommittedStrike","ekkoTheBoyWhoShatteredTime:BansheesVeil"],"picked":"ekkoTheBoyWhoShatteredTime:VelocityConsuming","floor":2},{"not_picked":["ekkoTheBoyWhoShatteredTime:KneeNSwordCombo","ekkoTheBoyWhoShatteredTime:Leap"],"picked":"ekkoTheBoyWhoShatteredTime:NeedlesslyLargeRod","floor":4},{"not_picked":["ekkoTheBoyWhoShatteredTime:DodgeTraining","ekkoTheBoyWhoShatteredTime:FeelLessPain"],"picked":"ekkoTheBoyWhoShatteredTime:NeedlesslyLargeRod","floor":5},{"not_picked":["ekkoTheBoyWhoShatteredTime:CommittedStrike","ekkoTheBoyWhoShatteredTime:Backtrack"],"picked":"ekkoTheBoyWhoShatteredTime:CalmingWaves","floor":6},{"not_picked":["ekkoTheBoyWhoShatteredTime:SpHit","ekkoTheBoyWhoShatteredTime:SneakHit"],"picked":"ekkoTheBoyWhoShatteredTime:WideSlice","floor":8},{"not_picked":["ekkoTheBoyWhoShatteredTime:AfterimageTimeWrap","ekkoTheBoyWhoShatteredTime:QuickBreak"],"picked":"ekkoTheBoyWhoShatteredTime:HauntedAfterimage","floor":11},{"not_picked":["ekkoTheBoyWhoShatteredTime:AfterimageHit","ekkoTheBoyWhoShatteredTime:Discharge"],"picked":"ekkoTheBoyWhoShatteredTime:Dash","floor":13},{"not_picked":["ekkoTheBoyWhoShatteredTime:TrinityForce","ekkoTheBoyWhoShatteredTime:SandstormSympathy"],"picked":"ekkoTheBoyWhoShatteredTime:DuplicateTimelines","floor":16},{"not_picked":["ekkoTheBoyWhoShatteredTime:AfterimageBait","ekkoTheBoyWhoShatteredTime:KneeNSwordCombo"],"picked":"ekkoTheBoyWhoShatteredTime:MicCheck","floor":18},{"not_picked":["ekkoTheBoyWhoShatteredTime:Playful+1","ekkoTheBoyWhoShatteredTime:WideSlice"],"picked":"ekkoTheBoyWhoShatteredTime:NeedlesslyLargeRod","floor":19},{"not_picked":["ekkoTheBoyWhoShatteredTime:Dash","ekkoTheBoyWhoShatteredTime:Disturblast"],"picked":"ekkoTheBoyWhoShatteredTime:HextechProtobelt+1","floor":22},{"not_picked":["ekkoTheBoyWhoShatteredTime:RecallingPunch","ekkoTheBoyWhoShatteredTime:IcebornGauntlet"],"picked":"ekkoTheBoyWhoShatteredTime:Timewinder","floor":23},{"not_picked":["ekkoTheBoyWhoShatteredTime:CommittedStrike+1","ekkoTheBoyWhoShatteredTime:HauntedAfterimage","ekkoTheBoyWhoShatteredTime:SneakHit"],"picked":"SKIP","floor":25},{"not_picked":["ekkoTheBoyWhoShatteredTime:NaggingBlow","ekkoTheBoyWhoShatteredTime:AfterimageTease","ekkoTheBoyWhoShatteredTime:FeelIt"],"picked":"SKIP","floor":28},{"not_picked":["ekkoTheBoyWhoShatteredTime:AfterimageTease","ekkoTheBoyWhoShatteredTime:NaggingBlow"],"picked":"ekkoTheBoyWhoShatteredTime:KneeNSwordCombo+1","floor":29},{"not_picked":["ekkoTheBoyWhoShatteredTime:NaggingBlow","ekkoTheBoyWhoShatteredTime:AfterimageBait"],"picked":"ekkoTheBoyWhoShatteredTime:Backtrack","floor":30},{"not_picked":["ekkoTheBoyWhoShatteredTime:TimeIndustry","ekkoTheBoyWhoShatteredTime:Unleashed"],"picked":"ekkoTheBoyWhoShatteredTime:AcademyAttraction","floor":33},{"not_picked":["ekkoTheBoyWhoShatteredTime:FeelLessPain+1","ekkoTheBoyWhoShatteredTime:Dash+1"],"picked":"ekkoTheBoyWhoShatteredTime:MicCheck+1","floor":35},{"not_picked":["ekkoTheBoyWhoShatteredTime:FeelIt","ekkoTheBoyWhoShatteredTime:Resocharge"],"picked":"ekkoTheBoyWhoShatteredTime:HauntingGuise+1","floor":36},{"not_picked":["ekkoTheBoyWhoShatteredTime:NaggingBlow+1","ekkoTheBoyWhoShatteredTime:WaitForKeyTiming+1"],"picked":"ekkoTheBoyWhoShatteredTime:NeedlesslyLargeRod","floor":40},{"not_picked":["ekkoTheBoyWhoShatteredTime:LoadUp+1","ekkoTheBoyWhoShatteredTime:FeelIt"],"picked":"ekkoTheBoyWhoShatteredTime:Unchained","floor":42},{"not_picked":["ekkoTheBoyWhoShatteredTime:TimeRecall+1","ekkoTheBoyWhoShatteredTime:PhaseDive+1"],"picked":"ekkoTheBoyWhoShatteredTime:NeedlesslyLargeRod+1","floor":44},{"not_picked":["ekkoTheBoyWhoShatteredTime:KneeNSwordCombo","ekkoTheBoyWhoShatteredTime:CommittedStrike+1"],"picked":"ekkoTheBoyWhoShatteredTime:Unleashed","floor":45},{"not_picked":["ekkoTheBoyWhoShatteredTime:NeedlesslyLargeRod+1","ekkoTheBoyWhoShatteredTime:AfterimageTease"],"picked":"ekkoTheBoyWhoShatteredTime:OverloadingWeapon","floor":47},{"not_picked":["ekkoTheBoyWhoShatteredTime:DelayedWork+1","ekkoTheBoyWhoShatteredTime:Backtrack"],"picked":"ekkoTheBoyWhoShatteredTime:NeedlesslyLargeRod","floor":48}],"player_experience":107684,"relics_obtained":[{"floor":6,"key":"REME_LimitBreaker"},{"floor":8,"key":"Lizard Tail"},{"floor":9,"key":"Bottled Flame"},{"floor":23,"key":"Juzu Bracelet"},{"floor":26,"key":"Boot"},{"floor":29,"key":"Centennial Puzzle"},{"floor":38,"key":"War Paint"},{"floor":40,"key":"Old Coin"},{"floor":40,"key":"StSpp:BoiledEgg"},{"floor":43,"key":"Eternal Feather"},{"floor":45,"key":"Pantograph"},{"floor":45,"key":"Happy Flower"},{"floor":47,"key":"Regal Pillow"},{"floor":47,"key":"Kunai"}],"event_choices":[{"damage_healed":0,"gold_gain":0,"player_choice":"2 cards matched","damage_taken":0,"max_hp_gain":0,"max_hp_loss":0,"event_name":"Match and Keep!","floor":3,"gold_loss":0,"cards_obtained":["Decay","ekkoTheBoyWhoShatteredTime:HauntingGuise"]},{"damage_healed":0,"gold_gain":0,"cards_transformed":["ekkoTheBoyWhoShatteredTime:SneakHit"],"player_choice":"Transformed","damage_taken":0,"max_hp_gain":0,"max_hp_loss":0,"event_name":"Transmorgrifier","floor":14,"gold_loss":0,"cards_obtained":["ekkoTheBoyWhoShatteredTime:Resocharge"]},{"damage_healed":0,"gold_gain":0,"player_choice":"Obtained Relic","damage_taken":0,"relics_obtained":["Lantern"],"max_hp_gain":0,"max_hp_loss":0,"event_name":"Addict","floor":20,"gold_loss":85},{"damage_healed":0,"gold_gain":0,"player_choice":"Opened","damage_taken":0,"relics_obtained":["Peace Pipe"],"max_hp_gain":0,"max_hp_loss":0,"event_name":"The Mausoleum","floor":21,"gold_loss":0},{"damage_healed":0,"gold_gain":0,"player_choice":"Copied","damage_taken":0,"max_hp_gain":0,"max_hp_loss":0,"event_name":"Duplicator","floor":27,"gold_loss":0,"cards_obtained":["StSShapeShifter:SkullBash"]},{"cards_removed":["Writhe"],"damage_healed":0,"gold_gain":0,"player_choice":"Upgrade and Remove","damage_taken":0,"max_hp_gain":0,"max_hp_loss":0,"event_name":"Designer","floor":31,"gold_loss":90,"cards_upgraded":["ekkoTheBoyWhoShatteredTime:Strike"]},{"cards_removed":["ekkoTheBoyWhoShatteredTime:CalmingWaves"],"damage_healed":0,"gold_gain":0,"player_choice":"Removed Skill","damage_taken":0,"max_hp_gain":0,"max_hp_loss":0,"event_name":"Falling","floor":39,"gold_loss":0}],"is_beta":false,"boss_relics":[{"not_picked":["ekkoTheBoyWhoShatteredTime:zDriveGreediness","SlaversCollar"],"picked":"Sozu"},{"not_picked":["REME_DuelDisc","SacredBark"],"picked":"Black Star"}],"items_purged_floors":[12],"is_endless":false,"potions_floor_spawned":[1,2,5,13,22,25,29,30,36,42,45,48],"killed_by":"Time Eater","ascension_level":0}}