{"host":"wshey5htrz8rni6u","time":1613740342,"event":{"mods":["2.2 Compatiblity","BaseMod","Block Reminder","Colored Map","Colored Powertips","Current Relic Mod","Curses Come First","Dark Map","Key Reminder","Keyboard Shortcuts","Minty Spire (QoL Compilation)","Potion Indicator Mod","Quick Restart","Random Character Button","Relic Sorter","Relic Stats","StSLib","SuperFastMode","Unceasing Turn Reminder","UnlockEverythingMod","Weighted Paths"],"gold_per_floor":[114,114,125,135,37,37,68,68,121,121,121,121,148,148,148,250,250,264,3,3,3,3,3,31,31,31,31,31,130,130,55,55,157,157,174,222,222,222,222,263,275,175,253,253,253,253,269,319,319,319,319,319,35,70,70,70],"floor_reached":55,"language":"ENG","playtime":3824,"items_purged":["Pain","Strike_B"],"score":748,"play_id":"c9e0b0c1-492b-426e-8848-b2b0edad7058","local_time":"20210219051222","is_ascension_mode":true,"campfire_choices":[{"data":"Hologram","floor":6.0,"key":"SMITH"},{"data":"Rainbow","floor":8.0,"key":"SMITH"},{"data":"White Noise","floor":15,"key":"SMITH"},{"data":"Machine Learning","floor":23,"key":"SMITH"},{"data":"Zap","floor":27,"key":"SMITH"},{"data":"Rainbow","floor":30,"key":"SMITH"},{"data":"Dualcast","floor":32,"key":"SMITH"},{"data":"Echo Form","floor":41,"key":"SMITH"},{"data":"Biased Cognition","floor":44,"key":"SMITH"},{"floor":49,"key":"RECALL"},{"data":"Enlightenment","floor":52,"key":"SMITH"}],"circlet_count":0,"master_deck":["Zap+1","Dualcast+1","Rainbow+1","Self Repair+1","Rebound","Self Repair","Hologram+1","Barrage","Go for the Eyes","White Noise+1","FTL","Thunder Strike","Static Discharge","Machine Learning","Machine Learning+1","Gash","Rainbow+1","Biased Cognition+1","Electrodynamics","Glacier","Hologram+1","Madness","Madness","Echo Form+1","Reinforced Body","Capacitor","Enlightenment+1","Jack Of All Trades","Transmutation","Coolheaded+1","Hologram+1","Scrape","Cold Snap+1"],"relics":["Cracked Core","WarpedTongs","Juzu Bracelet","Omamori","Oddly Smooth Stone","Sozu","Bronze Scales","Pandora\u0027s Box","Emotion Chip","MawBank","Cables","Eternal Feather","Calipers","Kunai","InkBottle"],"acts_visited":["Exordium","TheCity","TheBeyond","TheEnding"],"potions_floor_usage":[36,55],"damage_taken":[{"damage":1.0,"enemies":"2 Louse","floor":1.0,"turns":2.0},{"damage":6.0,"enemies":"Cultist","floor":3.0,"turns":3.0},{"damage":3.0,"enemies":"Jaw Worm","floor":4.0,"turns":5.0},{"damage":19.0,"enemies":"3 Sentries","floor":7.0,"turns":8.0},{"damage":15,"enemies":"Gremlin Nob","floor":13,"turns":5},{"damage":17,"enemies":"The Guardian","floor":16,"turns":10},{"damage":3,"enemies":"3 Byrds","floor":18,"turns":5},{"damage":27,"enemies":"Book of Stabbing","floor":24,"turns":5},{"damage":20,"enemies":"Automaton","floor":33,"turns":6},{"damage":19,"enemies":"Orb Walker","floor":35,"turns":3},{"damage":32,"enemies":"2 Orb Walkers","floor":36,"turns":3},{"damage":6,"enemies":"Giant Head","floor":40,"turns":6},{"damage":28,"enemies":"3 Darklings","floor":47,"turns":4},{"damage":0,"enemies":"Mind Bloom Boss Battle","floor":48,"turns":5},{"damage":36,"enemies":"Time Eater","floor":50,"turns":7},{"damage":26,"enemies":"Shield and Spear","floor":54,"turns":5},{"damage":62,"enemies":"The Heart","floor":55,"turns":3}],"seed_played":"-4218004729573369663","potions_obtained":[{"floor":1.0,"key":"Explosive Potion"},{"floor":4.0,"key":"Dexterity Potion"},{"floor":7.0,"key":"SkillPotion"}],"is_trial":false,"path_per_floor":["M","?","M","M","$","R","E","R","T","?","?","?","E","?","R","B",null,"M","$","?","?","$","R","E","$","T","R","?","?","R","?","R","B",null,"M","?","?","?","T","E","R","$","T","R","?","?","M","?","R","B",null,"R","$","E","B"],"character_chosen":"DEFECT","items_purchased":["Hologram","Machine Learning","Reinforced Body","Capacitor","Kunai","Scrape"],"campfire_rested":0,"item_purchase_floors":[5,19,42,42,53,53],"current_hp_per_floor":[74,74,75,75,75,75,70,70,70,70,55,55,60,60,60,63,75,75,75,75,75,75,75,65,65,65,65,65,65,65,65,65,55,75,73,58,58,49,49,60,60,60,60,75,75,65,37,64,75,49,75,75,75,56,0,0],"gold":70,"neow_bonus":"ONE_RANDOM_RARE_CARD","is_daily":false,"chose_seed":false,"campfire_upgraded":10,"win_rate":0.0,"timestamp":1613740342,"path_taken":["M","?","?","M","?","R","E","R","T","?","?","?","E","?","R","BOSS","M","$","?","?","?","R","E","$","T","R","?","?","R","?","R","BOSS","M","?","?","?","?","E","R","$","T","R","?","?","M","?","R","BOSS","R","$","E","BOSS"],"items_purchased_type":["Card","Card","Card","Card","Relic","Card"],"build_version":"2020-12-13","purchased_purges":2,"victory":false,"max_hp_per_floor":[75,75,75,75,75,75,75,75,75,75,75,75,75,75,75,75,75,75,75,75,75,75,75,75,75,75,75,75,75,75,75,75,75,75,75,75,75,75,75,75,75,75,75,75,75,75,75,75,75,75,75,75,75,75,75,75],"relic_stats":{"counters":[17,85],"Eternal Feather":26,"Juzu Bracelet":4,"MawBank":36,"WarpedTongs":[81],"Cables":[27,15,10,2,0],"Sozu":3,"Emotion Chip":[25,10,9,6,0],"Bronze Scales":[169],"Pandora\u0027s Box":["Cold Snap","Electrodynamics"],"Kunai":[4],"obtain_stats":[{"Calipers":48,"Oddly Smooth Stone":13,"Eternal Feather":43,"Juzu Bracelet":7,"Omamori":9,"MawBank":39,"WarpedTongs":2,"Cables":40,"Sozu":17,"keyreminder:keyreminder":24,"Emotion Chip":36,"Bronze Scales":24,"Pandora\u0027s Box":34,"Kunai":53,"Cracked Core":0,"InkBottle":54},{"Calipers":14,"Oddly Smooth Stone":5,"Eternal Feather":12,"Juzu Bracelet":4,"Omamori":4,"MawBank":11,"WarpedTongs":1,"Cables":12,"Sozu":6,"keyreminder:keyreminder":8,"Emotion Chip":11,"Bronze Scales":8,"Pandora\u0027s Box":9,"Kunai":15,"Cracked Core":0,"InkBottle":16},{"Calipers":70,"Oddly Smooth Stone":23,"Eternal Feather":61,"Juzu Bracelet":18,"Omamori":18,"MawBank":55,"WarpedTongs":2,"Cables":61,"Sozu":33,"keyreminder:keyreminder":43,"Emotion Chip":55,"Bronze Scales":43,"Pandora\u0027s Box":49,"Kunai":77,"Cracked Core":0,"InkBottle":82}],"InkBottle":[2]},"card_choices":[{"not_picked":["Consume","Streamline"],"picked":"Self Repair","floor":1.0},{"not_picked":["Redo","Chill"],"picked":"Rebound","floor":3.0},{"not_picked":["Steam Power","Rebound"],"picked":"Self Repair","floor":4.0},{"not_picked":["Conserve Battery","Stack"],"picked":"Barrage","floor":7.0},{"not_picked":["Barrage","Rip and Tear"],"picked":"FTL","floor":13},{"not_picked":["Reboot","Meteor Strike"],"picked":"Thunder Strike","floor":16},{"not_picked":["Go for the Eyes+1","Rebound"],"picked":"Static Discharge","floor":18},{"not_picked":["Conserve Battery","Rebound+1"],"picked":"Gash","floor":24},{"not_picked":["Core Surge","Multi-Cast"],"picked":"Biased Cognition","floor":33},{"not_picked":["Hologram","Gash+1"],"picked":"Glacier","floor":35},{"not_picked":["Leap","Coolheaded+1"],"picked":"Hologram+1","floor":36},{"not_picked":["Skim","Gash+1"],"picked":"Echo Form","floor":40},{"not_picked":["HandOfGreed","Violence"],"picked":"Enlightenment","floor":46},{"not_picked":["PanicButton","Swift Strike"],"picked":"Jack Of All Trades","floor":46},{"not_picked":["Flash of Steel","Blind"],"picked":"Transmutation","floor":46},{"not_picked":["Reinforced Body","Streamline"],"picked":"Coolheaded+1","floor":47},{"not_picked":["Recycle+1","Coolheaded+1"],"picked":"Hologram+1","floor":48},{"not_picked":["Hello World","Go for the Eyes"],"picked":"Cold Snap+1","floor":54}],"player_experience":133670,"relics_obtained":[{"floor":7.0,"key":"Juzu Bracelet"},{"floor":9.0,"key":"Omamori"},{"floor":13,"key":"Oddly Smooth Stone"},{"floor":24,"key":"Bronze Scales"},{"floor":36,"key":"Emotion Chip"},{"floor":39,"key":"MawBank"},{"floor":40,"key":"Cables"},{"floor":43,"key":"Eternal Feather"},{"floor":48,"key":"Calipers"},{"floor":54,"key":"InkBottle"}],"event_choices":[{"damage_healed":0.0,"max_hp_gain":0.0,"max_hp_loss":0.0,"gold_gain":0.0,"event_name":"Accursed Blacksmith","player_choice":"Rummage","floor":2.0,"gold_loss":0.0,"damage_taken":0.0,"relics_obtained":["WarpedTongs"],"cards_obtained":["Pain"]},{"damage_healed":0,"gold_gain":0,"cards_transformed":["Strike_B"],"player_choice":"Transformed","damage_taken":0,"max_hp_gain":0,"max_hp_loss":0,"event_name":"Transmorgrifier","floor":10,"gold_loss":0,"cards_obtained":["Go for the Eyes"]},{"damage_healed":0,"gold_gain":0,"player_choice":"Entered Light","damage_taken":15,"max_hp_gain":0,"max_hp_loss":0,"event_name":"Shining Light","floor":11,"gold_loss":0,"cards_upgraded":["Defend_B","Self Repair"]},{"damage_healed":0,"gold_gain":0,"cards_transformed":["Strike_B"],"player_choice":"Change","damage_taken":0,"max_hp_gain":0,"max_hp_loss":0,"event_name":"Living Wall","floor":12,"gold_loss":0,"cards_obtained":["White Noise"]},{"damage_healed":0,"gold_gain":0,"player_choice":"Cursed","damage_taken":0,"max_hp_gain":0,"max_hp_loss":0,"event_name":"Wheel of Change","floor":14,"gold_loss":0,"cards_obtained":["Decay"]},{"cards_removed":["Strike_B"],"damage_healed":0,"gold_gain":0,"player_choice":"Purged","damage_taken":0,"max_hp_gain":0,"max_hp_loss":0,"event_name":"Purifier","floor":20,"gold_loss":0},{"damage_healed":0,"gold_gain":0,"player_choice":"Copied","damage_taken":0,"max_hp_gain":0,"max_hp_loss":0,"event_name":"Duplicator","floor":21,"gold_loss":0,"cards_obtained":["Machine Learning"]},{"damage_healed":0,"gold_gain":0,"cards_transformed":["Defend_B"],"player_choice":"Transformed","damage_taken":0,"max_hp_gain":0,"max_hp_loss":0,"event_name":"Transmorgrifier","floor":28,"gold_loss":0,"cards_obtained":["Rainbow"]},{"damage_healed":0,"gold_gain":99,"player_choice":"Stole From Cult","damage_taken":0,"max_hp_gain":0,"max_hp_loss":0,"event_name":"Nest","floor":29,"gold_loss":0},{"cards_removed":["Defend_B"],"damage_healed":0,"gold_gain":0,"player_choice":"Gave Gold","damage_taken":0,"max_hp_gain":0,"max_hp_loss":0,"event_name":"Beggar","floor":31,"gold_loss":75},{"damage_healed":0,"gold_gain":0,"player_choice":"Fight","damage_taken":0,"max_hp_gain":0,"max_hp_loss":0,"event_name":"Mysterious Sphere","floor":36,"gold_loss":0},{"cards_removed":["Cold Snap"],"damage_healed":0,"gold_gain":0,"player_choice":"Removed Attack","damage_taken":0,"max_hp_gain":0,"max_hp_loss":0,"event_name":"Falling","floor":37,"gold_loss":0},{"damage_healed":0,"gold_gain":0,"player_choice":"Embrace Madness","damage_taken":9,"max_hp_gain":0,"max_hp_loss":0,"event_name":"Winding Halls","floor":38,"gold_loss":0,"cards_obtained":["Madness","Madness"]},{"damage_healed":0,"gold_gain":0,"player_choice":"Ignored","damage_taken":0,"max_hp_gain":0,"max_hp_loss":0,"event_name":"Tomb of Lord Red Mask","floor":45,"gold_loss":0},{"damage_healed":0,"gold_gain":0,"player_choice":"Memory 3","damage_taken":10,"max_hp_gain":0,"max_hp_loss":0,"event_name":"SensoryStone","floor":46,"gold_loss":0},{"damage_healed":0,"gold_gain":0,"player_choice":"Fight","damage_taken":0,"max_hp_gain":0,"max_hp_loss":0,"event_name":"MindBloom","floor":48,"gold_loss":0}],"is_beta":false,"boss_relics":[{"not_picked":["Tiny House","Nuclear Battery"],"picked":"Sozu"},{"not_picked":["Runic Dome","SacredBark"],"picked":"Pandora\u0027s Box"}],"items_purged_floors":[5,19],"is_endless":false,"potions_floor_spawned":[1,4,7,24,35,40],"killed_by":"The Heart","ascension_level":2}}