{"host":"2j7k79oxv8es4yqd","time":1613719859,"event":{"mods":["BaseMod","Emptier Cage","Minty Spire (QoL Compilation)","Permanent Neow","Ryuuou¡˙Õı","StSLib"],"gold_per_floor":[118,118,118,118,136,136,166,22,46,58,83,101,112,123,123,123,123],"floor_reached":16,"language":"ZHT","playtime":398,"items_purged":["Regret"],"score":134,"play_id":"23bab393-e221-4a35-bf2a-0e0a727375c6","local_time":"20210219153059","is_ascension_mode":true,"campfire_choices":[{"data":"Neutralize","floor":6,"key":"SMITH"},{"data":"Footwork","floor":15,"key":"SMITH"}],"circlet_count":0,"master_deck":["Strike_G","Strike_G","Strike_G","Strike_G","Strike_G+1","Defend_G","Defend_G","Defend_G","Defend_G+1","Defend_G","Survivor","Neutralize+1","Backflip","Footwork+1","Deflect"],"relics":["WristBlade","Bag of Marbles","Tiny Chest","Smiling Mask"],"acts_visited":["Exordium"],"potions_floor_usage":[7,7,11,13],"damage_taken":[{"damage":2,"enemies":"Jaw Worm","floor":1,"turns":4},{"damage":0,"enemies":"2 Louse","floor":5,"turns":2},{"damage":40,"enemies":"Lagavulin","floor":7,"turns":9},{"damage":0,"enemies":"Cultist","floor":10,"turns":3},{"damage":5,"enemies":"Gremlin Nob","floor":11,"turns":4},{"damage":11,"enemies":"Exordium Wildlife","floor":12,"turns":6},{"damage":0,"enemies":"Looter","floor":13,"turns":1},{"damage":5,"enemies":"Blue Slaver","floor":14,"turns":3},{"damage":13,"enemies":"Slime Boss","floor":16,"turns":3}],"seed_played":"1697496934309405674","potions_obtained":[{"floor":1,"key":"Regen Potion"},{"floor":5,"key":"Poison Potion"},{"floor":7,"key":"AttackPotion"},{"floor":11,"key":"Fire Potion"}],"is_trial":false,"path_per_floor":["M","?","?","?","M","R","E","$","T","M","E","M","M","M","R","B"],"character_chosen":"THE_SILENT","items_purchased":["Footwork"],"campfire_rested":0,"item_purchase_floors":[8],"current_hp_per_floor":[68,68,68,54,54,54,29,29,29,29,24,13,13,8,8,0,0],"gold":123,"neow_bonus":"BOSS_RELIC","is_daily":false,"chose_seed":false,"campfire_upgraded":2,"win_rate":0.0,"timestamp":1613719859,"path_taken":["M","?","?","?","M","R","E","?","T","M","E","M","M","M","R","BOSS"],"items_purchased_type":["Card"],"build_version":"2020-12-22","purchased_purges":1,"victory":false,"max_hp_per_floor":[70,70,70,70,70,70,70,70,70,70,70,70,70,70,70,70,70],"card_choices":[{"not_picked":["Bane","Poisoned Stab","Calculated Gamble"],"picked":"SKIP","floor":1},{"not_picked":["Quick Slash","PiercingWail"],"picked":"Backflip","floor":5},{"not_picked":["Blur","Caltrops","Leg Sweep"],"picked":"SKIP","floor":7},{"not_picked":["Calculated Gamble","Outmaneuver","PiercingWail"],"picked":"SKIP","floor":10},{"not_picked":["PiercingWail","Quick Slash","Glass Knife"],"picked":"SKIP","floor":11},{"not_picked":["Dagger Spray","Underhanded Strike","Quick Slash"],"picked":"SKIP","floor":12},{"not_picked":["Flying Knee","Underhanded Strike","Deadly Poison"],"picked":"SKIP","floor":13},{"not_picked":["Masterful Stab","Calculated Gamble"],"picked":"Deflect","floor":14}],"player_experience":576458,"relics_obtained":[{"floor":7,"key":"Tiny Chest"},{"floor":11,"key":"Smiling Mask"}],"event_choices":[{"damage_healed":0,"gold_gain":0,"player_choice":"Ignored","damage_taken":0,"max_hp_gain":0,"max_hp_loss":0,"event_name":"Liars Game","floor":2,"gold_loss":0},{"damage_healed":0,"gold_gain":0,"player_choice":"Box","damage_taken":0,"relics_obtained":["Bag of Marbles"],"max_hp_gain":0,"max_hp_loss":0,"event_name":"Big Fish","floor":3,"gold_loss":0,"cards_obtained":["Regret"]},{"damage_healed":0,"gold_gain":0,"player_choice":"Entered Light","damage_taken":14,"max_hp_gain":0,"max_hp_loss":0,"event_name":"Shining Light","floor":4,"gold_loss":0,"cards_upgraded":["Defend_G","Strike_G"]}],"is_beta":false,"boss_relics":[],"items_purged_floors":[8],"is_endless":false,"potions_floor_spawned":[1,5,7,11],"killed_by":"Slime Boss","ascension_level":4}}