{"host":"sc8gyep369e97udg","time":1613696480,"event":{"mods":["BaseMod","Bestiary","Minty Spire (QoL Compilation)","Relic Stats","Slay the Relics Exporter"],"gold_per_floor":[119,44,44,61,61,88,103,103,103,113,130,159,169,169,169,268,268,281,281,296,308,161,161,190,190,190,222,16,16,47,57,57,161,161,181,194,211,226,236,268,268,278,278,278,278,119,152,169,169,169,169,169,34,68,68,68],"floor_reached":55,"language":"ENG","playtime":4885,"items_purged":["Defend_R","Strike_R","Strike_R","Strike_R"],"score":1001,"play_id":"1a13ca3e-06c8-42a4-a666-783bd5aa3fe6","local_time":"20210218200120","is_ascension_mode":true,"campfire_choices":[{"data":"Flame Barrier","floor":8,"key":"SMITH"},{"data":"Spot Weakness","floor":15,"key":"SMITH"},{"data":"Disarm","floor":23,"key":"SMITH"},{"data":"Offering","floor":25,"key":"SMITH"},{"data":"Pommel Strike","floor":29,"key":"SMITH"},{"floor":32,"key":"RECALL"},{"floor":41,"key":"REST"},{"floor":49,"key":"REST"},{"floor":52,"key":"REST"}],"circlet_count":0,"master_deck":["Strike_R","Defend_R","Defend_R","Defend_R","Bash","Thunderclap","Flame Barrier+1","Pommel Strike+1","Disarm+1","Offering+1","Spot Weakness+1","Feed","Heavy Blade+1","Battle Trance+1","Headbutt","Clothesline","Iron Wave","Heavy Blade+1","Seeing Red+1","Ghostly Armor","Metallicize+1","Good Instincts","Metallicize+1","Metallicize","Flame Barrier"],"relics":["Burning Blood","NeowsBlessing","Eternal Feather","Sundial","Letter Opener","SlaversCollar","TheAbacus","Dream Catcher","Red Skull","Gremlin Horn","Membership Card","Paper Frog","Fusion Hammer","Ice Cream","Pantograph","Bottled Flame"],"acts_visited":["Exordium","TheCity","TheBeyond","TheEnding"],"potions_floor_usage":[12,16,18,18,21,24,27,37,39,47,48,55,55],"damage_taken":[{"damage":0,"enemies":"Small Slimes","floor":1,"turns":1},{"damage":0,"enemies":"Jaw Worm","floor":4,"turns":1},{"damage":0,"enemies":"Lagavulin","floor":6,"turns":1},{"damage":1,"enemies":"Cultist","floor":7,"turns":3},{"damage":1,"enemies":"Looter","floor":10,"turns":4},{"damage":9,"enemies":"Exordium Wildlife","floor":11,"turns":3},{"damage":6,"enemies":"Gremlin Nob","floor":12,"turns":2},{"damage":6,"enemies":"Gremlin Gang","floor":13,"turns":3},{"damage":23,"enemies":"Slime Boss","floor":16,"turns":8},{"damage":18,"enemies":"2 Thieves","floor":18,"turns":3},{"damage":0,"enemies":"3 Byrds","floor":20,"turns":1},{"damage":26,"enemies":"Centurion and Healer","floor":21,"turns":6},{"damage":23,"enemies":"Book of Stabbing","floor":24,"turns":4},{"damage":35,"enemies":"Slavers","floor":27,"turns":5},{"damage":0,"enemies":"Gremlin Leader","floor":30,"turns":3},{"damage":8,"enemies":"Sentry and Sphere","floor":31,"turns":5},{"damage":57,"enemies":"Collector","floor":33,"turns":8},{"damage":15,"enemies":"3 Darklings","floor":35,"turns":3},{"damage":22,"enemies":"3 Shapes","floor":36,"turns":6},{"damage":8,"enemies":"Jaw Worm Horde","floor":37,"turns":3},{"damage":35,"enemies":"Spire Growth","floor":38,"turns":5},{"damage":6,"enemies":"Sphere and 2 Shapes","floor":39,"turns":3},{"damage":12,"enemies":"Nemesis","floor":40,"turns":3},{"damage":6,"enemies":"3 Darklings","floor":42,"turns":5},{"damage":11,"enemies":"Reptomancer","floor":47,"turns":5},{"damage":17,"enemies":"Writhing Mass","floor":48,"turns":12},{"damage":39,"enemies":"Time Eater","floor":50,"turns":16},{"damage":51,"enemies":"Shield and Spear","floor":54,"turns":7},{"damage":148,"enemies":"The Heart","floor":55,"turns":11}],"seed_played":"4074784918679238888","potions_obtained":[{"floor":1,"key":"SkillPotion"},{"floor":7,"key":"BlessingOfTheForge"},{"floor":10,"key":"EntropicBrew"},{"floor":12,"key":"Ancient Potion"},{"floor":18,"key":"Ancient Potion"},{"floor":21,"key":"DistilledChaos"},{"floor":30,"key":"Dexterity Potion"},{"floor":38,"key":"Explosive Potion"},{"floor":42,"key":"DistilledChaos"},{"floor":47,"key":"Regen Potion"}],"is_trial":false,"path_per_floor":["M","$","?","M","?","E","M","R","T","M","M","E","M","?","R","B",null,"M","?","M","M","$","R","E","R","T","E","$","R","E","M","R","B",null,"M","M","M","M","M","E","R","M","T","?","?","$","E","M","R","B",null,"R","$","E","B"],"character_chosen":"IRONCLAD","items_purchased":["TheAbacus","Membership Card","Good Instincts","FairyPotion","Metallicize","SkillPotion"],"campfire_rested":3,"item_purchase_floors":[22,28,46,46,53,53],"current_hp_per_floor":[80,80,80,80,80,80,80,80,80,80,77,77,77,77,80,63,80,68,68,74,57,57,66,49,58,58,32,32,41,50,51,63,12,92,86,73,74,48,48,42,85,88,88,88,88,88,83,87,102,69,102,102,102,60,0,0],"gold":68,"neow_bonus":"THREE_ENEMY_KILL","is_daily":false,"chose_seed":false,"campfire_upgraded":5,"win_rate":0.0,"timestamp":1613696480,"path_taken":["M","$","?","M","?","E","?","R","T","M","M","E","M","?","R","BOSS","M","?","M","M","$","R","E","R","T","E","$","R","E","M","R","BOSS","M","?","M","M","M","E","R","M","T","?","?","$","E","M","R","BOSS","R","$","E","BOSS"],"items_purchased_type":["Relic","Relic","Card","Potion","Card","Potion"],"build_version":"2020-12-22","purchased_purges":4,"victory":false,"max_hp_per_floor":[80,80,80,80,80,80,80,80,80,80,80,80,80,80,80,80,80,80,80,80,83,83,83,83,83,83,86,86,86,89,92,92,92,92,95,98,101,104,104,104,104,107,107,102,102,102,102,102,102,102,102,102,102,105,105,105],"relic_stats":{"Dream Catcher":3,"TheAbacus":[162],"Gremlin Horn":[16,23],"counters":[29,140],"Sundial":[24],"Pantograph":25,"Eternal Feather":66,"Letter Opener":[261],"obtain_stats":[{"Ice Cream":40,"NeowsBlessing":0,"Gremlin Horn":27,"Eternal Feather":6,"Letter Opener":12,"Burning Blood":0,"SlaversCollar":17,"Dream Catcher":24,"Bottled Flame":54,"TheAbacus":22,"Sundial":9,"Pantograph":47,"Fusion Hammer":34,"Membership Card":28,"Red Skull":26,"Paper Frog":30},{"Ice Cream":23,"NeowsBlessing":0,"Gremlin Horn":14,"Eternal Feather":3,"Letter Opener":7,"Burning Blood":0,"SlaversCollar":9,"Dream Catcher":13,"Bottled Flame":28,"TheAbacus":12,"Sundial":4,"Pantograph":25,"Fusion Hammer":17,"Membership Card":14,"Red Skull":13,"Paper Frog":15},{"Ice Cream":84,"NeowsBlessing":0,"Gremlin Horn":45,"Eternal Feather":3,"Letter Opener":15,"Burning Blood":0,"SlaversCollar":26,"Dream Catcher":40,"Bottled Flame":129,"TheAbacus":36,"Sundial":6,"Pantograph":94,"Fusion Hammer":61,"Membership Card":45,"Red Skull":40,"Paper Frog":48}],"Burning Blood":140},"card_choices":[{"not_picked":["Combust","Headbutt"],"picked":"Thunderclap","floor":1},{"not_picked":["Whirlwind","Pummel"],"picked":"Flame Barrier","floor":4},{"not_picked":["Wild Strike","Feel No Pain"],"picked":"Pommel Strike","floor":6},{"not_picked":["Clash","Cleave"],"picked":"Disarm","floor":7},{"not_picked":["Shrug It Off","Armaments"],"picked":"Offering","floor":10},{"not_picked":["Sever Soul","Flex"],"picked":"Inflame","floor":11},{"not_picked":["Clothesline","Anger"],"picked":"Spot Weakness","floor":12},{"not_picked":["Burning Pact","Evolve","True Grit"],"picked":"SKIP","floor":13},{"not_picked":["Berserk","Demon Form"],"picked":"Feed","floor":16},{"not_picked":["Clash","Flex"],"picked":"Heavy Blade","floor":18},{"not_picked":["Thunderclap","Inflame","Demon Form"],"picked":"SKIP","floor":20},{"not_picked":["Thunderclap","Inflame","Demon Form"],"picked":"SKIP","floor":20},{"not_picked":["Headbutt","Cleave"],"picked":"Battle Trance+1","floor":21},{"not_picked":["Wild Strike","Power Through"],"picked":"Headbutt","floor":24},{"not_picked":["Headbutt","Clash+1"],"picked":"Clothesline","floor":27},{"not_picked":["Sever Soul","Fiend Fire"],"picked":"Iron Wave","floor":30},{"not_picked":["Cleave","Anger"],"picked":"Heavy Blade+1","floor":31},{"not_picked":["Headbutt+1","Twin Strike+1","Power Through+1"],"picked":"SKIP","floor":35},{"not_picked":["Disarm","Whirlwind+1","Cleave"],"picked":"SKIP","floor":36},{"not_picked":["Anger+1","Fire Breathing","Clothesline"],"picked":"SKIP","floor":37},{"not_picked":["Body Slam","Reckless Charge"],"picked":"Seeing Red+1","floor":38},{"not_picked":["Rupture","Infernal Blade"],"picked":"Ghostly Armor","floor":39},{"not_picked":["Corruption","Havoc+1","Dual Wield"],"picked":"SKIP","floor":40},{"not_picked":["Sever Soul+1","Clash"],"picked":"Metallicize+1","floor":41},{"not_picked":["Dark Embrace","Heavy Blade+1","Dual Wield+1"],"picked":"SKIP","floor":42},{"not_picked":["Combust","Bludgeon","Sentinel"],"picked":"SKIP","floor":47},{"not_picked":["Flex","Hemokinesis+1"],"picked":"Metallicize+1","floor":48},{"not_picked":["Entrench","Armaments"],"picked":"Flame Barrier","floor":54}],"player_experience":105908,"relics_obtained":[{"floor":6,"key":"Eternal Feather"},{"floor":9,"key":"Sundial"},{"floor":12,"key":"Letter Opener"},{"floor":24,"key":"Dream Catcher"},{"floor":26,"key":"Red Skull"},{"floor":27,"key":"Gremlin Horn"},{"floor":30,"key":"Paper Frog"},{"floor":40,"key":"Ice Cream"},{"floor":47,"key":"Pantograph"},{"floor":54,"key":"Bottled Flame"}],"event_choices":[{"damage_healed":0,"gold_gain":0,"player_choice":"Leave","damage_taken":0,"max_hp_gain":0,"max_hp_loss":0,"event_name":"The Cleric","floor":3,"gold_loss":0},{"cards_removed":["Strike_R"],"damage_healed":0,"gold_gain":0,"player_choice":"Card Removal","damage_taken":0,"max_hp_gain":0,"max_hp_loss":0,"event_name":"Wheel of Change","floor":5,"gold_loss":0},{"damage_healed":0,"gold_gain":0,"player_choice":"Ignored","damage_taken":0,"max_hp_gain":0,"max_hp_loss":0,"event_name":"Liars Game","floor":14,"gold_loss":0},{"damage_healed":0,"gold_gain":0,"player_choice":"Forge","damage_taken":0,"max_hp_gain":0,"max_hp_loss":0,"event_name":"Accursed Blacksmith","floor":19,"gold_loss":0,"cards_upgraded":["Heavy Blade"]},{"damage_healed":0,"gold_gain":0,"player_choice":"Max HP","damage_taken":0,"max_hp_gain":0,"max_hp_loss":5,"event_name":"Winding Halls","floor":44,"gold_loss":0},{"cards_removed":["Inflame"],"damage_healed":0,"gold_gain":0,"player_choice":"Removed Power","damage_taken":0,"max_hp_gain":0,"max_hp_loss":0,"event_name":"Falling","floor":45,"gold_loss":0}],"is_beta":false,"boss_relics":[{"not_picked":["Calling Bell","Mark of Pain"],"picked":"SlaversCollar"},{"not_picked":["Philosopher\u0027s Stone","Runic Pyramid"],"picked":"Fusion Hammer"}],"items_purged_floors":[2,28,46,53],"is_endless":false,"potions_floor_spawned":[1,7,10,12,18,21,30,38,42,47],"killed_by":"The Heart","ascension_level":3}}