{"host":"viqlxz8almhbqoia","time":1613765179,"event":{"mods":["BaseMod","CapriCore","Colored Map","Custom Start","DeckTracker","Minty Spire (QoL Compilation)","READ ME - Guardian Mod","StSLib","SuperFastMode","The Cursed"],"gold_per_floor":[119,132,57,70,70,70,103,28,28,28,40,40,54,87,87,164,164,175,175,191,191,206,206,238,238,292,327,327,355,368,383,383,460,460,470,370,380,390,409,409,369,403,429,445,457,457,169,181,181,181],"floor_reached":51,"language":"KOR","playtime":1778,"items_purged":["Strike_P","Strike_P+1","Defend_P+1"],"score":1488,"play_id":"81fb13a7-acff-4f1e-9931-fe8659885758","local_time":"20210220050619","is_ascension_mode":true,"campfire_choices":[{"data":"Eruption","floor":6,"key":"SMITH"},{"data":"WheelKick","floor":15,"key":"SMITH"},{"data":"MentalFortress","floor":23,"key":"SMITH"},{"floor":25,"key":"REST"},{"data":"Worship","floor":32,"key":"SMITH"},{"data":"Indignation","floor":40,"key":"SMITH"},{"data":"Adaptation","floor":46,"key":"SMITH"},{"floor":49,"key":"REST"}],"circlet_count":0,"master_deck":["AscendersBane","Strike_P+1","Defend_P+1","Defend_P+1","Defend_P+1","Eruption+1","Vigilance","Indignation+1","CutThroughFate","Brilliance+1","WheelKick+1","EmptyBody","Worship+1","FearNoEvil+1","MentalFortress+1","MentalFortress+1","Adaptation+1"],"relics":["HolyWater","NeowsBlessing","Ginger","Pocketwatch","TungstenRod","Blood Vial","Oddly Smooth Stone","Turnip","Pantograph","Runic Pyramid","Unceasing Top","Bag of Preparation","Orichalcum"],"acts_visited":["Exordium","TheCity","TheBeyond"],"potions_floor_usage":[7,20,29,30,33,35,38,39,42],"damage_taken":[{"damage":0,"enemies":"Cultist","floor":1,"turns":1},{"damage":0,"enemies":"Jaw Worm","floor":2,"turns":1},{"damage":0,"enemies":"Small Slimes","floor":4,"turns":1},{"damage":0,"enemies":"Gremlin Nob","floor":7,"turns":3},{"damage":0,"enemies":"Red Slaver","floor":11,"turns":4},{"damage":1,"enemies":"Looter","floor":13,"turns":2},{"damage":0,"enemies":"Lagavulin","floor":14,"turns":3},{"damage":6,"enemies":"Slime Boss","floor":16,"turns":6},{"damage":7,"enemies":"Spheric Guardian","floor":18,"turns":4},{"damage":6,"enemies":"2 Thieves","floor":20,"turns":3},{"damage":5,"enemies":"Cultist and Chosen","floor":22,"turns":4},{"damage":26,"enemies":"Book of Stabbing","floor":24,"turns":4},{"damage":0,"enemies":"Gremlin Leader","floor":27,"turns":6},{"damage":12,"enemies":"Book of Stabbing","floor":29,"turns":3},{"damage":2,"enemies":"3 Cultists","floor":30,"turns":5},{"damage":13,"enemies":"Snake Plant","floor":31,"turns":4},{"damage":12,"enemies":"Champ","floor":33,"turns":8},{"damage":7,"enemies":"3 Darklings","floor":35,"turns":5},{"damage":0,"enemies":"3 Shapes","floor":37,"turns":4},{"damage":0,"enemies":"Maw","floor":38,"turns":6},{"damage":10,"enemies":"Jaw Worm Horde","floor":39,"turns":4},{"damage":19,"enemies":"Nemesis","floor":42,"turns":7},{"damage":4,"enemies":"4 Shapes","floor":44,"turns":4},{"damage":8,"enemies":"Maw","floor":45,"turns":5},{"damage":0,"enemies":"Spire Growth","floor":48,"turns":4},{"damage":26,"enemies":"Awakened One","floor":50,"turns":10}],"seed_played":"7465812771484702344","potions_obtained":[{"floor":1,"key":"Block Potion"},{"floor":4,"key":"Fruit Juice"},{"floor":13,"key":"FearPotion"},{"floor":27,"key":"FearPotion"},{"floor":29,"key":"Fire Potion"},{"floor":30,"key":"BottledMiracle"},{"floor":33,"key":"Block Potion"},{"floor":35,"key":"SkillPotion"},{"floor":39,"key":"FairyPotion"},{"floor":41,"key":"BottledMiracle"},{"floor":42,"key":"Fire Potion"}],"is_trial":false,"path_per_floor":["M","M","$","M","?","R","E","?","T","?","M","?","M","E","R","B",null,"M","?","M","?","M","R","E","R","T","E","?","E","M","M","R","B",null,"M","$","M","M","M","R","?","E","T","M","M","R","$","M","R","B",null],"character_chosen":"WATCHER","items_purchased":["Orichalcum"],"campfire_rested":2,"item_purchase_floors":[47],"current_hp_per_floor":[61,61,61,61,66,66,66,66,66,66,66,66,65,65,65,59,70,63,63,57,57,52,52,26,47,47,49,49,39,39,28,28,48,71,66,66,68,70,62,62,62,45,45,43,37,37,37,39,62,52],"gold":181,"neow_bonus":"THREE_ENEMY_KILL","is_daily":false,"chose_seed":false,"campfire_upgraded":6,"win_rate":0.0,"timestamp":1613765179,"path_taken":["M","M","$","M","?","R","E","?","T","?","M","?","?","E","R","BOSS","M","?","M","?","M","R","E","R","T","E","?","E","M","?","R","BOSS","M","$","M","M","M","R","?","E","T","?","M","R","$","M","R","BOSS"],"items_purchased_type":["Relic"],"build_version":"2020-12-22","purchased_purges":3,"victory":true,"max_hp_per_floor":[68,68,68,68,73,73,73,73,73,73,73,73,73,73,73,73,73,73,73,73,73,73,73,73,73,73,73,73,73,73,73,73,78,78,78,78,78,78,78,78,78,78,78,78,78,78,78,78,78,78],"card_choices":[{"not_picked":["TalkToTheHand","ClearTheMind"],"picked":"Indignation","floor":1},{"not_picked":["ClearTheMind","Evaluate"],"picked":"CutThroughFate","floor":2},{"not_picked":["Consecrate","ClearTheMind","Pray"],"picked":"SKIP","floor":4},{"not_picked":["Evaluate","Wallop"],"picked":"Brilliance","floor":7},{"not_picked":["ReachHeaven","Protect"],"picked":"WheelKick","floor":11},{"not_picked":["Tantrum","Wallop"],"picked":"EmptyBody","floor":13},{"not_picked":["Study","Wallop","PathToVictory"],"picked":"SKIP","floor":14},{"not_picked":["CrushJoints","Perseverance"],"picked":"Worship","floor":18},{"not_picked":["PathToVictory","CrushJoints"],"picked":"FearNoEvil+1","floor":20},{"not_picked":["Weave","Perseverance","ReachHeaven+1"],"picked":"SKIP","floor":22},{"not_picked":["FlyingSleeves","Indignation"],"picked":"MentalFortress+1","floor":24},{"not_picked":["WreathOfFlame+1","FlurryOfBlows","EmptyBody"],"picked":"SKIP","floor":27},{"not_picked":["Evaluate","CutThroughFate+1","EmptyBody"],"picked":"SKIP","floor":29},{"not_picked":["Ragnarok","Protect+1","Consecrate"],"picked":"SKIP","floor":30},{"not_picked":["ReachHeaven","FlurryOfBlows","Consecrate"],"picked":"SKIP","floor":31},{"not_picked":["Crescendo+1","Wireheading","SignatureMove"],"picked":"SKIP","floor":35},{"not_picked":["FlurryOfBlows","EmptyBody","WindmillStrike"],"picked":"SKIP","floor":37},{"not_picked":["PathToVictory","Evaluate","JustLucky"],"picked":"SKIP","floor":38},{"not_picked":["Sanctity","Swivel+1","PathToVictory+1"],"picked":"SKIP","floor":39},{"not_picked":["WaveOfTheHand+1","CrushJoints+1","Consecrate+1"],"picked":"SKIP","floor":42},{"not_picked":["EmptyFist","SashWhip+1","Omniscience"],"picked":"SKIP","floor":44},{"not_picked":["EmptyFist","Crescendo"],"picked":"Adaptation","floor":45},{"not_picked":["PathToVictory+1","ThirdEye","Vengeance"],"picked":"SKIP","floor":48}],"player_experience":886050,"relics_obtained":[{"floor":7,"key":"Ginger"},{"floor":9,"key":"Pocketwatch"},{"floor":14,"key":"TungstenRod"},{"floor":24,"key":"Blood Vial"},{"floor":26,"key":"Oddly Smooth Stone"},{"floor":27,"key":"Turnip"},{"floor":29,"key":"Pantograph"},{"floor":42,"key":"Unceasing Top"},{"floor":43,"key":"Bag of Preparation"}],"event_choices":[{"damage_healed":0,"gold_gain":0,"player_choice":"Donut","damage_taken":0,"max_hp_gain":5,"max_hp_loss":0,"event_name":"Big Fish","floor":5,"gold_loss":0},{"cards_removed":["Strike_P"],"damage_healed":0,"gold_gain":0,"player_choice":"Card Removal","damage_taken":0,"max_hp_gain":0,"max_hp_loss":0,"event_name":"The Cleric","floor":8,"gold_loss":75},{"damage_healed":0,"gold_gain":0,"player_choice":"Ignored","damage_taken":0,"max_hp_gain":0,"max_hp_loss":0,"event_name":"Liars Game","floor":10,"gold_loss":0},{"damage_healed":0,"gold_gain":0,"player_choice":"Upgraded","damage_taken":0,"max_hp_gain":0,"max_hp_loss":0,"event_name":"Upgrade Shrine","floor":12,"gold_loss":0,"cards_upgraded":["Brilliance"]},{"damage_healed":0,"gold_gain":0,"player_choice":"Ignored","damage_taken":0,"max_hp_gain":0,"max_hp_loss":0,"event_name":"Ghosts","floor":19,"gold_loss":0},{"damage_healed":0,"gold_gain":0,"player_choice":"Read","damage_taken":0,"max_hp_gain":0,"max_hp_loss":0,"event_name":"The Library","floor":21,"gold_loss":0,"cards_obtained":["MentalFortress"]},{"damage_healed":0,"gold_gain":0,"player_choice":"Simplicity","damage_taken":0,"max_hp_gain":0,"max_hp_loss":0,"event_name":"Back to Basics","floor":28,"gold_loss":0,"cards_upgraded":["Strike_P","Strike_P","Defend_P","Defend_P","Defend_P","Defend_P"]},{"damage_healed":0,"gold_gain":0,"player_choice":"Bought 3 Potions","damage_taken":0,"max_hp_gain":0,"max_hp_loss":0,"event_name":"The Woman in Blue","floor":41,"gold_loss":0}],"is_beta":false,"boss_relics":[{"not_picked":["Ectoplasm","Velvet Choker"],"picked":"HolyWater"},{"not_picked":["Tiny House","Philosopher\u0027s Stone"],"picked":"Runic Pyramid"}],"items_purged_floors":[3,36,47],"is_endless":false,"potions_floor_spawned":[1,4,13,27,29,30,33,35,39,42,44],"ascension_level":16}}