{"host":"1v3mnj67s3trvm6y","time":1613750477,"event":{"mods":["BaseMod","Challenge The Spire","Minty Spire (QoL Compilation)","StSLib","The Cursed"],"gold_per_floor":[116,126,126,141,159,159,172,204,204,204,204,223,250,270,270,373,373,343,355,367,292,318,344,344,377,377,233,246,246,246,257,257,360,360,376,390,405,458,378,378,404,404,427,439,451,463,750,772,784,796,796],"floor_reached":50,"language":"ENG","playtime":2711,"items_purged":[],"score":747,"play_id":"71732b51-8d97-4ed2-bd04-54ad91f4687a","local_time":"20210220010117","is_ascension_mode":false,"campfire_choices":[{"data":"TheCursedMod:CursedMace","floor":6,"key":"SMITH"},{"floor":10,"key":"REST"},{"floor":15,"key":"REST"},{"floor":24,"key":"REST"},{"floor":29,"key":"RECALL"},{"floor":32,"key":"REST"},{"floor":40,"key":"REST"},{"floor":42,"key":"REST"},{"data":"TheCursedMod:CollectTribute","floor":46,"key":"SMITH"},{"data":"TheCursedMod:VoidForm","floor":49,"key":"SMITH"}],"circlet_count":0,"master_deck":["TheCursedMod:Strike_TheCursed","TheCursedMod:Strike_TheCursed","TheCursedMod:Strike_TheCursed","TheCursedMod:Defend_TheCursed","TheCursedMod:Defend_TheCursed","TheCursedMod:Defend_TheCursed","TheCursedMod:Defend_TheCursed","TheCursedMod:CursedWand","TheCursedMod:CleanUpWorkshop+1","TheCursedMod:Dregs","TheCursedMod:CursedAmulet","TheCursedMod:CursedMace+1","TheCursedMod:FleshFromBone","TheCursedMod:DoubleShield","TheCursedMod:CircleOfCorruption","TheCursedMod:ShockAndAwe","Pain","TheCursedMod:Hemoplague","TheCursedMod:TroublousMinions","TheCursedMod:CursedBlade","TheCursedMod:DarkBarrier","TheCursedMod:SpitefulPray+1","TheCursedMod:SmokeScreen+1","TheCursedMod:FleshFromBone+1","TheCursedMod:StingEye","TheCursedMod:HellsGateOpen","TheCursedMod:Neurasthenia","Writhe","TheCursedMod:HellfireBreathing","TheCursedMod:CollectTribute+1","TheCursedMod:StingEye+1","TheCursedMod:CircleOfAbyss","TheCursedMod:AshesToAshes+1","TheCursedMod:SpitefulPlan","TheCursedMod:VoidForm+1","Doubt","Regret","TheCursedMod:Obscuration+1"],"relics":["TheCursedMod:BlackMagic101","Sundial","WarpedTongs","Darkstone Periapt","Philosopher\u0027s Stone","War Paint","Ornamental Fan","TheCursedMod:CrystalBall","Question Card","Sling","StoneCalendar","TheCursedMod:FourLeafCloverCharm","WingedGreaves","Ginger","MawBank"],"acts_visited":["Exordium","TheCity","TheBeyond"],"potions_floor_usage":[5,18,25,38],"damage_taken":[{"damage":0,"enemies":"2 Louse","floor":1,"turns":3},{"damage":2,"enemies":"Cultist","floor":2,"turns":5},{"damage":0,"enemies":"Small Slimes","floor":4,"turns":3},{"damage":2,"enemies":"Exordium Wildlife","floor":5,"turns":5},{"damage":0,"enemies":"Large Slime","floor":7,"turns":10},{"damage":60,"enemies":"Gremlin Nob","floor":8,"turns":6},{"damage":2,"enemies":"Blue Slaver","floor":12,"turns":4},{"damage":11,"enemies":"3 Sentries","floor":13,"turns":9},{"damage":1,"enemies":"3 Louse","floor":14,"turns":3},{"damage":1,"enemies":"The Guardian","floor":16,"turns":12},{"damage":10,"enemies":"2 Thieves","floor":18,"turns":5},{"damage":16,"enemies":"Shell Parasite","floor":19,"turns":5},{"damage":6,"enemies":"Snake Plant","floor":20,"turns":4},{"damage":18,"enemies":"Book of Stabbing","floor":23,"turns":6},{"damage":16,"enemies":"Slavers","floor":25,"turns":6},{"damage":4,"enemies":"Centurion and Healer","floor":28,"turns":4},{"damage":11,"enemies":"Shelled Parasite and Fungi","floor":31,"turns":6},{"damage":36,"enemies":"Champ","floor":33,"turns":13},{"damage":1,"enemies":"3 Shapes","floor":35,"turns":4},{"damage":22,"enemies":"3 Darklings","floor":36,"turns":7},{"damage":23,"enemies":"Sphere and 2 Shapes","floor":37,"turns":7},{"damage":34,"enemies":"2 Orb Walkers","floor":38,"turns":6},{"damage":17,"enemies":"Giant Head","floor":41,"turns":9},{"damage":39,"enemies":"Transient","floor":48,"turns":5},{"damage":86,"enemies":"Awakened One","floor":50,"turns":9}],"seed_played":"350396805044046825","potions_obtained":[{"floor":5,"key":"Fruit Juice"},{"floor":8,"key":"Weak Potion"},{"floor":12,"key":"SkillPotion"},{"floor":14,"key":"Dexterity Potion"},{"floor":19,"key":"SkillPotion"},{"floor":25,"key":"BlessingOfTheForge"},{"floor":38,"key":"Weak Potion"}],"is_trial":false,"path_per_floor":["M","M","?","M","M","R","M","E","T","R","?","M","E","M","R","B",null,"M","M","M","?","T","E","R","E","T","$","M","R","?","M","R","B",null,"M","M","M","?","$","R","E","R","T","?","$","R","?","M","R","B"],"character_chosen":"THE_CURSED","items_purchased":["Sling","TheCursedMod:SpitefulPlan"],"campfire_rested":6,"item_purchase_floors":[27,39],"current_hp_per_floor":[75,73,78,78,81,81,81,21,21,46,46,44,33,32,57,56,85,75,59,53,53,53,35,60,44,44,44,40,40,46,35,62,26,91,90,68,45,11,11,38,21,48,48,97,97,97,103,64,64,0,0],"gold":796,"neow_bonus":"UPGRADE_CARD","is_daily":false,"chose_seed":false,"campfire_upgraded":3,"win_rate":0.0,"timestamp":1613750477,"path_taken":["M","M","?","M","M","R","M","E","T","R","?","?","E","M","R","BOSS","M","M","?","?","?","E","R","E","T","$","M","R","?","M","R","BOSS","M","M","M","?","$","R","E","R","T","?","$","R","?","?","R","BOSS"],"items_purchased_type":["Relic","Card"],"build_version":"2020-12-22","purchased_purges":0,"victory":false,"max_hp_per_floor":[75,75,80,80,85,85,85,85,85,85,85,85,85,85,85,85,85,85,85,85,85,85,85,85,85,85,85,85,85,91,91,91,91,91,91,91,91,91,91,91,91,91,91,97,97,97,103,103,103,103,103],"card_choices":[{"not_picked":["TheCursedMod:Torture","TheCursedMod:CircleOfCorruption"],"picked":"TheCursedMod:CursedAmulet","floor":1},{"not_picked":["TheCursedMod:TacticalStrike","TheCursedMod:SpreadPlague"],"picked":"TheCursedMod:CursedMace","floor":2},{"not_picked":["TheCursedMod:CursedShiv","TheCursedMod:HellsGateOpen"],"picked":"TheCursedMod:FleshFromBone","floor":4},{"not_picked":["TheCursedMod:CircleOfFlame","TheCursedMod:AbyssShockwave"],"picked":"TheCursedMod:DoubleShield","floor":5},{"not_picked":["TheCursedMod:Stigma","TheCursedMod:VitalStrike"],"picked":"TheCursedMod:CircleOfCorruption","floor":7},{"not_picked":["TheCursedMod:SpitefulStrike","TheCursedMod:Wield"],"picked":"TheCursedMod:ShockAndAwe","floor":8},{"not_picked":["TheCursedMod:Stretching","TheCursedMod:Wield"],"picked":"TheCursedMod:Hemoplague","floor":12},{"not_picked":["TheCursedMod:CursedMace","TheCursedMod:Torture"],"picked":"TheCursedMod:TroublousMinions","floor":13},{"not_picked":["TheCursedMod:Torture","TheCursedMod:CircleOfCorruption"],"picked":"TheCursedMod:CursedBlade","floor":14},{"not_picked":["TheCursedMod:StunningStrike","TheCursedMod:CursedRelics"],"picked":"TheCursedMod:DarkBarrier","floor":16},{"not_picked":["TheCursedMod:Mangle","TheCursedMod:Wield+1"],"picked":"TheCursedMod:SpitefulPray+1","floor":18},{"not_picked":["TheCursedMod:SurpriseAttack","TheCursedMod:CircleOfFlame"],"picked":"TheCursedMod:SmokeScreen","floor":19},{"not_picked":["TheCursedMod:SmokeScreen","TheCursedMod:VitalStrike"],"picked":"TheCursedMod:FleshFromBone","floor":20},{"not_picked":["TheCursedMod:PrepareRite","TheCursedMod:FuryStrike"],"picked":"TheCursedMod:StingEye","floor":23},{"not_picked":["TheCursedMod:CursedBlade","TheCursedMod:SpitefulStrike"],"picked":"TheCursedMod:HellsGateOpen","floor":25},{"not_picked":["TheCursedMod:Mangle","TheCursedMod:CursedMace","TheCursedMod:CircleOfBlood"],"picked":"TheCursedMod:Neurasthenia","floor":28},{"not_picked":["TheCursedMod:CircleOfFocus","TheCursedMod:VitalStrike","TheCursedMod:CursedMace"],"picked":"TheCursedMod:HellfireBreathing","floor":31},{"not_picked":["TheCursedMod:ParallelWorld","TheCursedMod:OutForBlood","TheCursedMod:CircleOfAbyss"],"picked":"TheCursedMod:CollectTribute","floor":33},{"not_picked":["TheCursedMod:Grudge","TheCursedMod:SpitefulStrike","TheCursedMod:SmokeScreen"],"picked":"TheCursedMod:StingEye+1","floor":35},{"not_picked":["TheCursedMod:SpitefulStrike","TheCursedMod:CursedBlade+1","TheCursedMod:CursedMace"],"picked":"TheCursedMod:CircleOfAbyss","floor":36},{"not_picked":["TheCursedMod:Wield","TheCursedMod:FuryStrike+1","TheCursedMod:DoubleShield","TheCursedMod:CircleOfCorruption+1"],"picked":"SKIP","floor":37},{"not_picked":["TheCursedMod:FleshFromBone+1","TheCursedMod:TacticalStrike+1","TheCursedMod:CursedBoomerang"],"picked":"TheCursedMod:AshesToAshes+1","floor":38},{"not_picked":["TheCursedMod:CursedStaff+1","TheCursedMod:Hemoplague","TheCursedMod:VitalStrike"],"picked":"TheCursedMod:VoidForm","floor":41},{"not_picked":["TheCursedMod:ManaBullet+1","TheCursedMod:CursedShiv+1","TheCursedMod:Wield+1"],"picked":"TheCursedMod:Obscuration+1","floor":48}],"player_experience":1556349,"relics_obtained":[{"floor":8,"key":"Sundial"},{"floor":13,"key":"Darkstone Periapt"},{"floor":22,"key":"War Paint"},{"floor":23,"key":"Ornamental Fan"},{"floor":25,"key":"TheCursedMod:CrystalBall"},{"floor":26,"key":"Question Card"},{"floor":38,"key":"WingedGreaves"},{"floor":41,"key":"Ginger"},{"floor":43,"key":"MawBank"}],"event_choices":[{"damage_healed":0,"gold_gain":0,"player_choice":"Donut","damage_taken":0,"max_hp_gain":5,"max_hp_loss":0,"event_name":"Big Fish","floor":3,"gold_loss":0},{"damage_healed":0,"gold_gain":0,"player_choice":"Rummage","damage_taken":0,"relics_obtained":["WarpedTongs"],"max_hp_gain":0,"max_hp_loss":0,"event_name":"Accursed Blacksmith","floor":11,"gold_loss":0,"cards_obtained":["Pain"]},{"cards_removed":["TheCursedMod:Strike_TheCursed"],"damage_healed":0,"gold_gain":0,"player_choice":"Gave Gold","damage_taken":0,"max_hp_gain":0,"max_hp_loss":0,"event_name":"Beggar","floor":21,"gold_loss":75},{"damage_healed":0,"gold_gain":0,"player_choice":"Opened","damage_taken":0,"relics_obtained":["StoneCalendar"],"max_hp_gain":0,"max_hp_loss":0,"event_name":"The Mausoleum","floor":30,"gold_loss":0,"cards_obtained":["Writhe"]},{"damage_healed":0,"gold_gain":0,"player_choice":"Fight","damage_taken":0,"max_hp_gain":0,"max_hp_loss":0,"event_name":"Mysterious Sphere","floor":38,"gold_loss":0},{"damage_healed":43,"gold_gain":0,"player_choice":"Heal","damage_taken":0,"max_hp_gain":0,"max_hp_loss":0,"event_name":"MindBloom","floor":44,"gold_loss":0,"cards_obtained":["Doubt"]},{"damage_healed":0,"gold_gain":275,"player_choice":"Desecrate","damage_taken":0,"max_hp_gain":0,"max_hp_loss":0,"event_name":"Golden Shrine","floor":47,"gold_loss":0,"cards_obtained":["Regret"]}],"is_beta":false,"boss_relics":[{"not_picked":["SlaversCollar","Runic Dome"],"picked":"Philosopher\u0027s Stone"},{"not_picked":["Calling Bell","Coffee Dripper"],"picked":"TheCursedMod:FourLeafCloverCharm"}],"items_purged_floors":[],"is_endless":false,"potions_floor_spawned":[5,8,12,14,16,19,20,25,33,35,38],"killed_by":"Awakened One","ascension_level":0}}