{"host":"21o28mgl9u9ntir2","time":1613727910,"event":{"mods":["BaseMod","BetterRewards","Colored Powertips","Minty Spire (QoL Compilation)","Quick Restart","Remove Card Discount Mod","SOS（斯巴达之子）","Spicy Shops","StSLib","SuperFastMode","[IsaacMod]以撒尖塔","【遗物卡牌】REMEMod","残留之物"],"gold_per_floor":[136,155,4,4,58,130,130,52,52,52,67,87,188,239,239,412,412,444,526,526,578,578,678,593,694,694,694,694,719,719,850,850,1002,1002,1070,1070,1236,1236,1265,1344,1344,1415,1439,1516,1516,1566,1627,1990,1990,1997],"floor_reached":51,"language":"ZHS","playtime":1480,"items_purged":["Gunslinger","Shoot","Shoot","Attack_a","Defend_Dante","Attack_a"],"score":1319,"play_id":"79e34a41-5b2a-4e61-981b-e5b136e1f00e","local_time":"20210219174510","is_ascension_mode":true,"campfire_choices":[{"data":"Redorb","floor":7.0,"key":"SMITH"},{"data":"Swordmaster","floor":15.0,"key":"SMITH"},{"data":"Lucifer","floor":27.0,"key":"SMITH"},{"data":"Enemystep","floor":32.0,"key":"SMITH"},{"data":"Sadistic Nature","floor":41,"key":"SMITH"},{"data":"Provocation","floor":45,"key":"SMITH"},{"floor":49,"key":"REST"}],"circlet_count":0,"master_deck":["Provocation+1","Defend_Dante+1","Defend_Dante+1","Redorb+1","Sadistic Nature+1","LucifercomboC","Lucifer+1","Swordmaster+1","Enemystep+1","LucifercomboB","LucifercomboA+1"],"relics":["SSS","Combocheck","HushsDoor","REME_ComplimentaryCards","NineVolt","Membership Card","DeadEye","SteamSale","Omamori","PreservedInsect","Lee\u0027s Waffle","Diplopia","Matryoshka","Toy Ornithopter","SalivaCoin","Odd Mushroom","Philosopher\u0027s Stone","GuppysCollar","Tiny Chest","Regal Pillow","Bag of Preparation","REME_LimitBreaker","Bag of Marbles","Boot","Art of War","UnicornStump","REME_ArchaeologicalTools","Chemical X","BookOfRevelations","Potion Belt","Ancient Tea Set","HornCleat","Anchor","Ornamental Fan","TheAbacus","PlaceholderMod:FlatBlood","Kunai","Bronze Scales","Empty Cage","Frozen Eye","Nunchaku","MealTicket","Vajra","Dream Catcher","Orrery","Strawberry","BFFS","PillsDrop","Blood Vial","Blue Candle","Medical Kit","REME_PuzzleBoxRelic","Centennial Puzzle","Lantern","Lizard Tail","REME_HourglassOfDeath","Pantograph","TheBean","War Paint","HowToJump"],"acts_visited":["Exordium","TheCity","TheBeyond"],"potions_floor_usage":[44,50,50,50,50,50],"damage_taken":[{"damage":4.0,"enemies":"Jaw Worm","floor":1.0,"turns":5.0},{"damage":5.0,"enemies":"Small Slimes","floor":2.0,"turns":3.0},{"damage":2.0,"enemies":"2 Louse","floor":5.0,"turns":2.0},{"damage":11.0,"enemies":"Gremlin Nob","floor":6.0,"turns":3.0},{"damage":0.0,"enemies":"Large Slime","floor":11.0,"turns":3.0},{"damage":0.0,"enemies":"Looter","floor":12.0,"turns":3.0},{"damage":16.0,"enemies":"3 Sentries","floor":13.0,"turns":5.0},{"damage":17.0,"enemies":"The Mushroom Lair","floor":14.0,"turns":3.0},{"damage":32.0,"enemies":"The Guardian","floor":16.0,"turns":11.0},{"damage":12.0,"enemies":"2 Thieves","floor":18.0,"turns":2.0},{"damage":4.0,"enemies":"3 Byrds","floor":19.0,"turns":3.0},{"damage":0.0,"enemies":"Snake Plant","floor":21.0,"turns":2.0},{"damage":0.0,"enemies":"Shelled Parasite and Fungi","floor":22.0,"turns":2.0},{"damage":22.0,"enemies":"Book of Stabbing","floor":23.0,"turns":4.0},{"damage":4.0,"enemies":"Slavers","floor":25.0,"turns":3.0},{"damage":0.0,"enemies":"Centurion and Healer","floor":31.0,"turns":4.0},{"damage":0.0,"enemies":"Champ","floor":33.0,"turns":7.0},{"damage":0,"enemies":"3 Darklings","floor":35,"turns":2},{"damage":6,"enemies":"3 Shapes","floor":37,"turns":6},{"damage":0,"enemies":"Maw","floor":39,"turns":1},{"damage":0,"enemies":"Giant Head","floor":40,"turns":5},{"damage":0,"enemies":"Nemesis","floor":42,"turns":3},{"damage":4,"enemies":"Transient","floor":44,"turns":5},{"damage":0,"enemies":"Writhing Mass","floor":46,"turns":4},{"damage":42,"enemies":"4 Shapes","floor":47,"turns":3},{"damage":99999999,"enemies":"Reptomancer","floor":48,"turns":1},{"damage":0,"enemies":"Time Eater","floor":50,"turns":4}],"seed_played":"2371461377252053023","potions_obtained":[{"floor":0.0,"key":"REME_GoldPotion"},{"floor":0.0,"key":"SkillPotion"},{"floor":0.0,"key":"SkillPotion"},{"floor":5.0,"key":"SpeedPotion"},{"floor":6.0,"key":"Fire Potion"},{"floor":14.0,"key":"FearPotion"},{"floor":21.0,"key":"FearPotion"},{"floor":33.0,"key":"SkillPotion"}],"is_trial":false,"path_per_floor":["M","M","$","?","M","E","R","$","T","?","M","M","E","?","R","B",null,"M","M","$","M","M","E","?","E","T","R","$","T","$","M","R","B",null,"M","$","M","$","M","E","R","E","T","M","R","M","M","E","R","B",null],"character_chosen":"DANTE","items_purchased":["Membership Card","SteamSale","Omamori","PreservedInsect","Lee\u0027s Waffle","Diplopia","Fruit Juice","BlessingOfTheForge","SmokeBomb","GuppysCollar","Tiny Chest","Regal Pillow","Bag of Preparation","REME_ArchaeologicalTools","Chemical X","BookOfRevelations","Potion Belt","Ancient Tea Set","EssenceOfSteel","Dexterity Potion","Ornamental Fan","TheAbacus","PlaceholderMod:FlatBlood","Kunai","Bronze Scales","Strength Potion","Frozen Eye","Nunchaku","MealTicket","Vajra","Dream Catcher","Orrery","Strength Potion","Block Potion","Strawberry","BFFS","PillsDrop","Blood Vial","Blue Candle","Medical Kit"],"campfire_rested":1,"item_purchase_floors":[3,8,8,8,8,8,8,8,8,17,20,20,20,28,28,28,28,28,28,28,30,30,30,30,30,30,36,36,36,36,36,36,36,36,38,38,38,38,38,38],"current_hp_per_floor":[76,71,71,71,69,58,58,94,94,87,87,87,71,59,59,32,81,69,65,65,65,70,48,48,44,44,44,44,44,44,44,44,59,81,81,81,75,88,83,83,83,83,83,79,79,81,44,4,45,89],"gold":1997,"neow_bonus":"THREE_SMALL_POTIONS","is_daily":false,"chose_seed":false,"campfire_upgraded":6,"win_rate":0.0,"timestamp":1613727910,"path_taken":["M","M","$","?","M","E","R","$","T","?","M","M","E","?","R","BOSS","M","M","$","M","M","E","?","E","T","R","$","?","$","M","R","BOSS","M","$","M","$","M","E","R","E","T","M","R","M","?","E","R","BOSS"],"items_purchased_type":["Relic","Relic","Relic","Relic","Relic","Relic","Potion","Potion","Potion","Relic","Relic","Relic","Relic","Relic","Relic","Relic","Relic","Relic","Potion","Potion","Relic","Relic","Relic","Relic","Relic","Potion","Relic","Relic","Relic","Relic","Relic","Relic","Potion","Potion","Relic","Relic","Relic","Relic","Relic","Relic"],"build_version":"2020-12-22","purchased_purges":6,"victory":true,"max_hp_per_floor":[80,80,80,80,80,80,80,94,94,94,94,94,94,94,94,94,81,81,81,81,81,81,81,81,81,81,81,81,81,81,81,81,81,81,81,81,81,88,83,83,83,83,83,83,83,83,86,89,89,89],"card_choices":[{"not_picked":["Bomb","Straight"],"picked":"Gunslinger","floor":0.0},{"not_picked":["LucifercomboC","VitalstarM","Ecstasy"],"picked":"SKIP","floor":1.0},{"not_picked":["VitalstarM","Ecstasy"],"picked":"LucifercomboC","floor":1.0},{"not_picked":["Fullhouse","Whiteorb","Rebellion"],"picked":"SKIP","floor":2.0},{"not_picked":["Chargeshoot2","Whiteorb"],"picked":"Lucifer","floor":5.0},{"not_picked":["GilgameshcomboA","Chargeshoot","Honeycombofire"],"picked":"SKIP","floor":6.0},{"not_picked":["Honeycombofire","VitalstarS","Doubleshoot"],"picked":"SKIP","floor":11.0},{"not_picked":["LucifercomboD","Gilgamesh","VitalstarS"],"picked":"SKIP","floor":12.0},{"not_picked":["Millionstab","Hightime"],"picked":"Swordmaster","floor":13.0},{"not_picked":["Swordcombo","Airtrick"],"picked":"Enemystep","floor":16.0},{"not_picked":["Greenorb+1","Airhike","Gunslinger"],"picked":"SKIP","floor":18.0},{"not_picked":["DevilstarS","EbonyIvory","Kick13"],"picked":"SKIP","floor":19.0},{"not_picked":["Dash1","Gunstinger+1","Holywater"],"picked":"SKIP","floor":21.0},{"not_picked":["Unrisingdragon","Rebellion+1"],"picked":"LucifercomboB","floor":23.0},{"not_picked":["Weaponreturn","VitalstarM","Airtrick"],"picked":"SKIP","floor":25.0},{"not_picked":["VitalstarS","Royaldefend","DevilstarS"],"picked":"SKIP","floor":31.0},{"not_picked":["VitalstarM","Royaldefend+1","Weaponchange+1"],"picked":"SKIP","floor":35},{"not_picked":["Weaponchange+1","Rebellion","VitalstarS"],"picked":"SKIP","floor":37},{"not_picked":["Greenorb","Millionstab+1","Straight+1"],"picked":"SKIP","floor":39},{"not_picked":["Straight+1","Gunstinger","Fullhouse+1"],"picked":"SKIP","floor":40},{"not_picked":["VitalstarM","Lucifer+1"],"picked":"LucifercomboA+1","floor":42},{"not_picked":["Rebellion","Greenorb","Straight"],"picked":"SKIP","floor":44},{"not_picked":["VitalstarS","CoyoteA+1","Shock"],"picked":"SKIP","floor":46},{"not_picked":["Weaponupgrade","Honeycombofire","Kick13+1"],"picked":"SKIP","floor":47},{"not_picked":["Whiteorb+1","Doubleshoot","Weaponreturn"],"picked":"SKIP","floor":48},{"not_picked":["Greenorb+1","Pandora","Lucifer+1"],"picked":"SKIP","floor":48},{"not_picked":["CoyoteA+1","Lucifer","VitalstarS"],"picked":"SKIP","floor":48}],"player_experience":743396,"relics_obtained":[{"floor":6.0,"key":"DeadEye"},{"floor":9.0,"key":"Matryoshka"},{"floor":13.0,"key":"SalivaCoin"},{"floor":14.0,"key":"Odd Mushroom"},{"floor":23.0,"key":"REME_LimitBreaker"},{"floor":25.0,"key":"Boot"},{"floor":26.0,"key":"Art of War"},{"floor":26.0,"key":"UnicornStump"},{"floor":29.0,"key":"HornCleat"},{"floor":29.0,"key":"Anchor"},{"floor":40,"key":"REME_PuzzleBoxRelic"},{"floor":42,"key":"Centennial Puzzle"},{"floor":43,"key":"Lantern"},{"floor":48,"key":"Lizard Tail"},{"floor":48,"key":"REME_HourglassOfDeath"},{"floor":48,"key":"Pantograph"},{"floor":48,"key":"TheBean"},{"floor":48,"key":"War Paint"},{"floor":48,"key":"HowToJump"}],"event_choices":[{"damage_healed":0.0,"max_hp_gain":0.0,"max_hp_loss":0.0,"gold_gain":0.0,"event_name":"Golden Wing","player_choice":"Ignored","floor":4.0,"gold_loss":0.0,"damage_taken":0.0},{"damage_healed":0.0,"max_hp_gain":0.0,"max_hp_loss":0.0,"gold_gain":0.0,"event_name":"Scrap Ooze","player_choice":"Success","floor":10.0,"gold_loss":0.0,"damage_taken":7.0,"relics_obtained":["Toy Ornithopter"]},{"damage_healed":0.0,"max_hp_gain":0.0,"max_hp_loss":0.0,"gold_gain":0.0,"event_name":"Mushrooms","player_choice":"Fought Mushrooms","floor":14.0,"gold_loss":0.0,"damage_taken":0.0},{"damage_healed":0.0,"max_hp_gain":0.0,"max_hp_loss":0.0,"gold_gain":0.0,"event_name":"Addict","player_choice":"Obtained Relic","floor":24.0,"gold_loss":85.0,"damage_taken":0.0,"relics_obtained":["Bag of Marbles"]}],"is_beta":false,"boss_relics":[{"not_picked":["PlaceholderMod:LiveLive","Black Star"],"picked":"Philosopher\u0027s Stone"},{"not_picked":[]},{"not_picked":["REME_DemonsWealth","ChampionBelt"],"picked":"Empty Cage"},{"not_picked":[]}],"items_purged_floors":[3,3,3,30,30,30],"is_endless":false,"potions_floor_spawned":[5,6,11,12,13,14,21,22,31,33,37,39,42,47],"ascension_level":4}}