{"host":"rfvxwqmjnimh09wr","time":1613698842,"event":{"mods":["BaseMod","Colored Map","Hermit","Minty Spire (QoL Compilation)","StSLib"],"gold_per_floor":[118,134,134,149,167,202,202,217,242,242,192,221,236,236,236,338,338,358,105,122,122,77,77,77,77],"floor_reached":24,"language":"ENG","playtime":1496,"items_purged":[],"score":206,"play_id":"92b3b0b9-d891-4eea-a7da-1578be7ef1c3","local_time":"20210218204042","is_ascension_mode":false,"campfire_choices":[{"data":"hermit:EternalForm","floor":7,"key":"SMITH"},{"data":"hermit:Determination","floor":10,"key":"SMITH"},{"floor":15,"key":"REST"},{"data":"hermit:Magnum","floor":23,"key":"SMITH"}],"circlet_count":0,"master_deck":["hermit:Strike_Hermit","hermit:Strike_Hermit","hermit:Strike_Hermit","hermit:Defend_Hermit","hermit:Defend_Hermit","hermit:Defend_Hermit","hermit:Defend_Hermit","hermit:Snapshot","hermit:Covet","hermit:Dive","hermit:CalledShot","hermit:PistolWhip","hermit:Snipe","hermit:EternalForm+1","hermit:DeadMansHand","hermit:Determination+1","hermit:Vantage","hermit:Misfire","hermit:Coalescence","hermit:Magnum+1","hermit:Combo","hermit:Enervate+1","hermit:HoleUp"],"relics":["hermit:Momento","NeowsBlessing","hermit:CharredGlove","Bag of Preparation","Blood Vial","Snecko Eye","Gremlin Horn"],"acts_visited":["Exordium","TheCity"],"potions_floor_usage":[6,16,16,20],"damage_taken":[{"damage":0,"enemies":"2 Louse","floor":1,"turns":1},{"damage":0,"enemies":"Cultist","floor":2,"turns":2},{"damage":0,"enemies":"Small Slimes","floor":4,"turns":1},{"damage":1,"enemies":"3 Louse","floor":5,"turns":5},{"damage":20,"enemies":"Lagavulin","floor":6,"turns":6},{"damage":4,"enemies":"Blue Slaver","floor":8,"turns":3},{"damage":23,"enemies":"Gremlin Nob","floor":12,"turns":5},{"damage":0,"enemies":"Exordium Wildlife","floor":13,"turns":3},{"damage":30,"enemies":"Hexaghost","floor":16,"turns":8},{"damage":16,"enemies":"Spheric Guardian","floor":18,"turns":4},{"damage":0,"enemies":"Shell Parasite","floor":20,"turns":3},{"damage":65,"enemies":"Book of Stabbing","floor":24,"turns":5}],"seed_played":"4260902060437366104","potions_obtained":[{"floor":2,"key":"hermit:BlackBile"},{"floor":6,"key":"Strength Potion"},{"floor":12,"key":"FearPotion"},{"floor":18,"key":"Block Potion"}],"is_trial":false,"path_per_floor":["M","M","?","M","M","E","R","M","T","R","$","E","M","?","R","B",null,"M","$","M","?","$","R","E"],"character_chosen":"HERMIT","items_purchased":["hermit:Vantage","Gremlin Horn","hermit:HoleUp"],"campfire_rested":1,"item_purchase_floors":[11,19,22],"current_hp_per_floor":[75,75,75,75,74,54,54,50,50,50,50,27,29,29,51,23,75,59,59,61,61,61,61,0,0],"gold":77,"neow_bonus":"THREE_ENEMY_KILL","is_daily":false,"chose_seed":false,"campfire_upgraded":3,"win_rate":0.0,"timestamp":1613698842,"path_taken":["M","M","?","M","M","E","R","?","T","R","$","E","M","?","R","BOSS","M","$","M","?","$","R","E"],"items_purchased_type":["Card","Relic","Card"],"build_version":"2020-12-22","purchased_purges":0,"victory":false,"max_hp_per_floor":[75,75,75,75,75,75,75,75,75,75,75,75,75,75,75,75,75,75,75,75,75,75,75,75,75],"card_choices":[{"not_picked":["hermit:Glare","hermit:Desperado"],"picked":"hermit:Dive","floor":1},{"not_picked":["hermit:BodyArmor","hermit:Desperado"],"picked":"hermit:CalledShot","floor":2},{"not_picked":["hermit:Roulette","hermit:Cheat"],"picked":"hermit:Snipe","floor":4},{"not_picked":["hermit:FullyLoaded","hermit:SprayPray"],"picked":"hermit:EternalForm","floor":5},{"not_picked":["hermit:EternalForm","hermit:Glare"],"picked":"hermit:DeadMansHand","floor":6},{"not_picked":["hermit:HoleUp","hermit:DeadMansHand"],"picked":"hermit:Determination","floor":8},{"not_picked":["hermit:DeadMansHand","hermit:FlashPowder"],"picked":"hermit:Misfire","floor":12},{"not_picked":["hermit:DeadMansHand","hermit:Scavenge"],"picked":"hermit:Coalescence","floor":13},{"not_picked":["hermit:Purgatory","hermit:Adapt"],"picked":"hermit:Magnum","floor":16},{"not_picked":["hermit:WideOpen","hermit:LowProfile"],"picked":"hermit:Combo","floor":18},{"not_picked":["hermit:Maintenance","hermit:CalledShot"],"picked":"hermit:Enervate+1","floor":20}],"player_experience":199661,"relics_obtained":[{"floor":6,"key":"hermit:CharredGlove"},{"floor":9,"key":"Bag of Preparation"},{"floor":12,"key":"Blood Vial"}],"event_choices":[{"damage_healed":0,"gold_gain":0,"cards_transformed":["hermit:Strike_Hermit"],"player_choice":"Transformed","damage_taken":0,"max_hp_gain":0,"max_hp_loss":0,"event_name":"Transmorgrifier","floor":3,"gold_loss":0,"cards_obtained":["hermit:PistolWhip"]},{"damage_healed":0,"gold_gain":0,"player_choice":"Ignored","damage_taken":0,"max_hp_gain":0,"max_hp_loss":0,"event_name":"Shining Light","floor":14,"gold_loss":0},{"damage_healed":0,"gold_gain":0,"player_choice":"Ignored","damage_taken":0,"max_hp_gain":0,"max_hp_loss":0,"event_name":"Ghosts","floor":21,"gold_loss":0}],"is_beta":false,"boss_relics":[{"not_picked":["Runic Dome","Empty Cage"],"picked":"Snecko Eye"}],"items_purged_floors":[],"is_endless":false,"potions_floor_spawned":[2,6,12,18],"killed_by":"Book of Stabbing","ascension_level":0}}