{"host":"cpvm3mnra03oywg8","time":1613767495,"event":{"mods":["AchievementEnabler","BaseMod","Colored Map","Colored Powertips","Curses Come First","Downfall","Highlight Path","Minty Spire (QoL Compilation)","StSLib"],"gold_per_floor":[99,112,129,149,149,168,168,1,13,0,0,19,19,4,18,113,113,113,123,35,53,64,64,64,64],"floor_reached":23,"language":"ENG","playtime":2275,"items_purged":[],"score":185,"play_id":"931085de-6ea8-4533-8462-c8aae14c385a","local_time":"20210219144455","is_ascension_mode":false,"campfire_choices":[{"data":"Guardian:TwinSlam","floor":1,"key":"SMITH"},{"floor":11,"key":"REST"},{"floor":13,"key":"REST"},{"data":"Guardian:RefractedBeam","floor":18,"key":"SMITH"}],"circlet_count":0,"master_deck":["Guardian:Strike_Guardian","Guardian:Strike_Guardian","Guardian:Strike_Guardian","Guardian:Defend_Guardian","Guardian:Defend_Guardian","Guardian:Defend_Guardian","Guardian:Defend_Guardian","Guardian:CurlUp","Guardian:TwinSlam+1","Guardian:RollAttack","Guardian:TemporalShield","Guardian:TemporalStrike","Guardian:ChargeCore","Guardian:RefractedBeam+1","Guardian:SentryBeam","Guardian:Suspension","Guardian:WalkerClaw","Guardian:BaubleBeam","Guardian:Incinerate","Guardian:EvasiveProtocol+1","Guardian:Incinerate+1","Guardian:TemporalStrike+1","Guardian:CrystalBeam","Guardian:CrystalBeam","Guardian:Gem_Red","Guardian:TemporalStrike","Guardian:PrimingBeam","Guardian:Clone"],"relics":["Guardian:ModeShifter","Anchor","Astrolabe"],"acts_visited":["Exordium","TheCity"],"potions_floor_usage":[14,19,22,23],"damage_taken":[{"damage":6,"enemies":"Jaw Worm","floor":2,"turns":4},{"damage":6,"enemies":"Cultist","floor":3,"turns":3},{"damage":0,"enemies":"2 Louse","floor":4,"turns":2},{"damage":13,"enemies":"Red Slaver","floor":6,"turns":3},{"damage":0,"enemies":"downfall:FleeingMerchant","floor":8,"turns":4},{"damage":13,"enemies":"2 Fungi Beasts","floor":9,"turns":3},{"damage":10,"enemies":"downfall:FleeingMerchant","floor":10,"turns":4},{"damage":3,"enemies":"3 Louse","floor":12,"turns":2},{"damage":10,"enemies":"downfall:FleeingMerchant","floor":14,"turns":4},{"damage":0,"enemies":"downfall:LooterAlt","floor":15,"turns":2},{"damage":44,"enemies":"DF_ARCHETYPE_STREAMLINE","floor":16,"turns":11},{"damage":0,"enemies":"Chosen","floor":19,"turns":4},{"damage":15,"enemies":"downfall:FleeingMerchant","floor":20,"turns":4},{"damage":21,"enemies":"downfall:LooterAlt2","floor":21,"turns":4},{"damage":27,"enemies":"Shelled Parasite and Fungi","floor":22,"turns":5},{"damage":28,"enemies":"3 Cultists","floor":23,"turns":4}],"seed_played":"4664482768354348013","potions_obtained":[{"floor":4,"key":"Dexterity Potion"},{"floor":9,"key":"Energy Potion"},{"floor":12,"key":"Dexterity Potion"},{"floor":15,"key":"Swift Potion"},{"floor":16,"key":"champ:CounterPotion"},{"floor":19,"key":"BlessingOfTheForge"}],"is_trial":false,"path_per_floor":["R","M","M","M","?","M","T","$","M","$","R","M","R","$","M","B",null,"R","M","$","M","M","M"],"character_chosen":"GUARDIAN","items_purchased":["Guardian:RefractedBeam","Guardian:SentryBeam","Guardian:Gem_Red","Guardian:TemporalStrike"],"campfire_rested":2,"item_purchase_floors":[8,8,20,20],"current_hp_per_floor":[88,82,76,76,76,63,63,63,50,40,66,63,88,78,78,34,88,88,88,73,52,25,0,0,0],"gold":64,"neow_bonus":"TEN_PERCENT_HP_BONUS","is_daily":false,"chose_seed":false,"campfire_upgraded":2,"win_rate":0.0,"timestamp":1613767495,"path_taken":["R","M","M","M","?","?","T","$","M","$","R","M","R","?","M","BOSS","R","M","$","M","M","M"],"items_purchased_type":["Card","Card","Card","Card"],"build_version":"2020-12-22","purchased_purges":0,"victory":false,"max_hp_per_floor":[88,88,88,88,88,88,88,88,88,88,88,88,88,88,88,88,88,88,88,88,88,88,88,88,88],"card_choices":[{"not_picked":["Guardian:Planning","Guardian:Recover"],"picked":"Guardian:RollAttack","floor":2},{"not_picked":["Guardian:Harden","Guardian:ShieldCharger"],"picked":"Guardian:TemporalShield","floor":3},{"not_picked":["Guardian:EvasiveProtocol","Guardian:VentSteam"],"picked":"Guardian:TemporalStrike","floor":4},{"not_picked":["Guardian:FloatingOrbs","Guardian:MultiBeam"],"picked":"Guardian:BodySlam","floor":6},{"not_picked":["Guardian:ShieldCharger","Guardian:Gem_Cyan"],"picked":"Guardian:ChargeCore","floor":8},{"not_picked":["Guardian:BronzeArmor","Guardian:VentSteam"],"picked":"Guardian:RefractedBeam","floor":9},{"not_picked":["Guardian:SphericShield","Guardian:Gem_Lightblue"],"picked":"Guardian:Suspension","floor":10},{"not_picked":["Guardian:VentSteam","Guardian:Gem_White"],"picked":"Guardian:WalkerClaw","floor":12},{"not_picked":["Guardian:BronzeArmor","Guardian:PrismaticBeam"],"picked":"Guardian:BaubleBeam","floor":14},{"not_picked":["Guardian:Gem_Red","Guardian:Gem_Blue"],"picked":"Guardian:Incinerate","floor":15},{"not_picked":["Guardian:ExploitGems","Guardian:ConstructionForm"],"picked":"Guardian:Gem_Orange","floor":16},{"not_picked":["Guardian:Gem_Blue","Guardian:Recover+1"],"picked":"Guardian:CrystalBeam","floor":19},{"not_picked":["Guardian:VentSteam","Guardian:Reroute"],"picked":"Guardian:CrystalBeam","floor":20},{"not_picked":["Guardian:VentSteam","Guardian:EvasiveProtocol"],"picked":"Guardian:PrimingBeam","floor":21},{"not_picked":["Guardian:TimeCapacitor","Guardian:MultiBeam"],"picked":"Guardian:Clone","floor":22}],"player_experience":3689,"relics_obtained":[{"floor":7,"key":"Anchor"}],"event_choices":[],"is_beta":false,"boss_relics":[{"not_picked":["Velvet Choker","Sozu"],"picked":"Astrolabe"}],"items_purged_floors":[],"is_endless":false,"potions_floor_spawned":[4,9,12,15,16,19],"killed_by":"3 Cultists","ascension_level":0}}