{"host":"9rqxlbwknj581inl","time":1613699912,"event":{"mods":["AchievementEnabler","BaseMod","Colored Map","Colored Powertips","Dark Map","Highlight Path","Minty Spire (QoL Compilation)","Quick Restart","Random Character Button","Random Character Mod"],"gold_per_floor":[118,293,309,384,384,400,416,416,467,467,16,16,46,61,61,156,206,220,236,55,74,74,106,106,126,126,126,140,154,154,173,173,173,173],"floor_reached":33,"language":"ENG","playtime":2562,"items_purged":["Doubt","Regret"],"score":344,"play_id":"5927c46f-2297-4595-a41c-1ea5871e8c44","local_time":"20210218185832","is_ascension_mode":false,"campfire_choices":[{"data":"Vigilance","floor":8,"key":"SMITH"},{"data":"Eruption","floor":10,"key":"SMITH"},{"data":"Crescendo","floor":15,"key":"SMITH"},{"data":"Adaptation","floor":24,"key":"SMITH"},{"data":"Worship","floor":27,"key":"SMITH"},{"floor":32,"key":"REST"}],"circlet_count":0,"master_deck":["Strike_P","Strike_P","Strike_P","Strike_P","Defend_P+1","Defend_P","Defend_P+1","Defend_P+1","Eruption+1","Vigilance+1","Consecrate","FearNoEvil","BowlingBash+1","Crescendo+1","Dramatic Entrance+1","Wallop+1","WheelKick+1","LessonLearned+1","Protect+1","Devotion+1","Halt","Worship+1","Adaptation+1","Wallop+1","FlurryOfBlows+1","CutThroughFate+1","Vengeance+1","CrushJoints+1","Evaluate"],"relics":["PureWater","Molten Egg 2","Orichalcum","Lantern","Anchor","Bronze Scales","Tiny House","Darkstone Periapt","Art of War","Enchiridion"],"acts_visited":["Exordium","TheCity"],"potions_floor_usage":[7,16,19,19,23,29,31,33],"damage_taken":[{"damage":0,"enemies":"Jaw Worm","floor":1,"turns":3},{"damage":7,"enemies":"Small Slimes","floor":3,"turns":4},{"damage":4,"enemies":"Cultist","floor":6,"turns":4},{"damage":12,"enemies":"Looter","floor":7,"turns":3},{"damage":4,"enemies":"3 Sentries","floor":13,"turns":4},{"damage":0,"enemies":"Large Slime","floor":14,"turns":1},{"damage":5,"enemies":"Slime Boss","floor":16,"turns":4},{"damage":3,"enemies":"Shell Parasite","floor":18,"turns":2},{"damage":10,"enemies":"Spheric Guardian","floor":19,"turns":4},{"damage":10,"enemies":"Snecko","floor":21,"turns":5},{"damage":16,"enemies":"Slavers","floor":23,"turns":4},{"damage":5,"enemies":"Cultist and Chosen","floor":25,"turns":3},{"damage":10,"enemies":"Snake Plant","floor":28,"turns":3},{"damage":11,"enemies":"Shelled Parasite and Fungi","floor":29,"turns":3},{"damage":6,"enemies":"3 Cultists","floor":31,"turns":3},{"damage":49,"enemies":"Automaton","floor":33,"turns":6}],"seed_played":"-6809815901909843325","potions_obtained":[{"floor":1,"key":"FearPotion"},{"floor":3,"key":"Ancient Potion"},{"floor":6,"key":"ColorlessPotion"},{"floor":17,"key":"Swift Potion"},{"floor":18,"key":"GamblersBrew"},{"floor":23,"key":"Strength Potion"},{"floor":29,"key":"AttackPotion"},{"floor":31,"key":"SkillPotion"}],"is_trial":false,"path_per_floor":["M","?","M","T","?","M","M","R","T","R","$","?","E","M","R","B",null,"M","M","$","M","?","E","R","M","T","R","M","M","?","M","R","B"],"character_chosen":"WATCHER","items_purchased":["Dramatic Entrance+1","Lantern","Wallop+1","WheelKick+1","Wallop+1"],"campfire_rested":1,"item_purchase_floors":[11,11,11,11,20],"current_hp_per_floor":[79,79,72,72,72,68,56,56,56,56,56,56,52,52,52,47,84,81,71,71,61,84,68,68,63,63,63,53,42,26,20,45,0,0],"gold":173,"neow_bonus":"TEN_PERCENT_HP_BONUS","is_daily":false,"chose_seed":false,"campfire_upgraded":5,"win_rate":0.0,"timestamp":1613699912,"path_taken":["M","?","M","?","?","M","M","R","T","R","$","?","E","M","R","BOSS","M","M","$","M","?","E","R","M","T","R","?","M","?","M","R","BOSS"],"items_purchased_type":["Card","Relic","Card","Card","Card"],"build_version":"2020-12-22","purchased_purges":2,"victory":false,"max_hp_per_floor":[79,79,79,79,79,79,79,79,79,79,79,79,79,79,79,79,84,84,84,84,84,84,84,84,84,84,84,84,84,84,84,84,84,84],"card_choices":[{"not_picked":["Nirvana","FollowUp"],"picked":"Consecrate","floor":1},{"not_picked":["Nirvana","EmptyFist"],"picked":"FearNoEvil","floor":3},{"not_picked":["FearNoEvil+1","EmptyBody"],"picked":"BowlingBash+1","floor":6},{"not_picked":["Prostrate","Consecrate+1"],"picked":"Crescendo","floor":7},{"not_picked":["PathToVictory","SignatureMove+1"],"picked":"LessonLearned+1","floor":13},{"not_picked":["DeceiveReality","FlyingSleeves+1"],"picked":"Protect","floor":14},{"not_picked":["Ragnarok+1","Omniscience"],"picked":"Devotion","floor":16},{"not_picked":["Indignation","Consecrate+1"],"picked":"Halt","floor":17},{"not_picked":["SignatureMove+1","Tantrum+1"],"picked":"Worship","floor":18},{"not_picked":["ThirdEye+1","Collect"],"picked":"Adaptation","floor":19},{"not_picked":["FlyingSleeves+1","PathToVictory"],"picked":"WaveOfTheHand+1","floor":21},{"not_picked":["SashWhip+1","Fasting2"],"picked":"FlurryOfBlows+1","floor":23},{"not_picked":["ThirdEye+1","Adaptation"],"picked":"CutThroughFate+1","floor":25},{"not_picked":["SashWhip+1","WaveOfTheHand"],"picked":"Vengeance+1","floor":28},{"not_picked":["Evaluate","FlyingSleeves+1"],"picked":"CrushJoints+1","floor":29},{"not_picked":["Prostrate","PathToVictory"],"picked":"Evaluate","floor":31}],"player_experience":142703,"relics_obtained":[{"floor":4,"key":"Molten Egg 2"},{"floor":9,"key":"Orichalcum"},{"floor":13,"key":"Bronze Scales"},{"floor":23,"key":"Darkstone Periapt"},{"floor":26,"key":"Art of War"},{"floor":30,"key":"Enchiridion"}],"event_choices":[{"damage_healed":0,"gold_gain":175,"player_choice":"AGREE","damage_taken":0,"max_hp_gain":0,"max_hp_loss":0,"event_name":"Liars Game","floor":2,"gold_loss":0,"cards_obtained":["Doubt"]},{"damage_healed":0,"gold_gain":0,"player_choice":"Ignored","damage_taken":0,"max_hp_gain":0,"max_hp_loss":0,"event_name":"Golden Wing","floor":5,"gold_loss":0},{"damage_healed":0,"gold_gain":0,"player_choice":"Box","damage_taken":0,"relics_obtained":["Anchor"],"max_hp_gain":0,"max_hp_loss":0,"event_name":"Big Fish","floor":12,"gold_loss":0,"cards_obtained":["Regret"]},{"cards_removed":["WaveOfTheHand"],"damage_healed":23,"gold_gain":0,"player_choice":"Offered Uncommon","damage_taken":0,"max_hp_gain":0,"max_hp_loss":0,"event_name":"Bonfire Elementals","floor":22,"gold_loss":0},{"damage_healed":0,"gold_gain":0,"player_choice":"Obtained Book","damage_taken":16,"max_hp_gain":0,"max_hp_loss":0,"event_name":"Cursed Tome","floor":30,"gold_loss":0}],"is_beta":false,"boss_relics":[{"not_picked":["Snecko Eye","Runic Pyramid"],"picked":"Tiny House"}],"items_purged_floors":[11,20],"is_endless":false,"potions_floor_spawned":[1,3,6,18,23,29,31],"killed_by":"Automaton","ascension_level":0}}