{"host":"rylkjufw9dlhr07b","time":1613748930,"event":{"mods":["AchievementEnabler","BaseMod","Better Note","BetterRewards","Hubris","Minty Spire (QoL Compilation)","Quick Restart","StSLib","The Bladedancer","The Servant 0.9.4"],"gold_per_floor":[109,109,109,121,396,396,422,70,70,133,143,169,184,149,149,248,248,248,248,248,248,248,248,248,248,248,248,248,248,248,248,248,248,248,248,248,92,92,92,92,92,52,52,52,52,52,52,52,52,52],"floor_reached":51,"language":"FRA","playtime":3302,"items_purged":["Regret","Pain"],"score":830,"play_id":"8d3dc0ff-6637-46da-b8f8-04780e604afe","local_time":"20210219163530","is_ascension_mode":true,"campfire_choices":[{"data":"LightFlow","floor":6,"key":"SMITH"},{"data":"Barrier","floor":15,"key":"SMITH"},{"floor":23,"key":"REST"},{"floor":28,"key":"REST"},{"data":"Barrier","floor":32,"key":"SMITH"},{"data":"FlawlessForm","floor":41,"key":"SMITH"},{"data":"Luminosity","floor":44,"key":"SMITH"},{"floor":49,"key":"REST"}],"circlet_count":0,"master_deck":["Strike_S","Strike_S","Strike_S","Strike_S","Defend_S","Defend_S","Defend_S","Defend_S","KidneyShot","Exchange","LightFlow+1","Read","ShiftingGears","TimeWarp","Rearm","Barrier+1","ShatteredReality","Potential","Misdirection","Dilation","Luminosity+1","ShiftingGears","Rearm","FastForward+1","Unruled+1","Potential","SilverBlades+1","Barrier+1","FlawlessForm+1","Spin+1","BottledTime+1","Luminosity+1","DualDimension","Replace","Spin+1"],"relics":["Uniform","Smiling Mask","Darkstone Periapt","Bag of Preparation","Orichalcum","Bronze Scales","Ectoplasm","WarpedTongs","Tiny Chest","Philosopher\u0027s Stone","Thread and Needle","hubris:ToyBattleship","Turnip"],"acts_visited":["Exordium","TheCity","TheBeyond"],"potions_floor_usage":[7,12,16,16,16,16,29,30,33,33,33,33,33,33,50,50],"damage_taken":[{"damage":3,"enemies":"Small Slimes","floor":1,"turns":2},{"damage":4,"enemies":"Jaw Worm","floor":4,"turns":2},{"damage":0,"enemies":"Gremlin Nob","floor":7,"turns":2},{"damage":26,"enemies":"Lagavulin Event","floor":10,"turns":6},{"damage":0,"enemies":"Cultist","floor":11,"turns":3},{"damage":3,"enemies":"3 Sentries","floor":12,"turns":6},{"damage":3,"enemies":"Blue Slaver","floor":13,"turns":2},{"damage":14,"enemies":"Hexaghost","floor":16,"turns":5},{"damage":0,"enemies":"Shell Parasite","floor":18,"turns":5},{"damage":1,"enemies":"3 Byrds","floor":20,"turns":3},{"damage":26,"enemies":"Sentry and Sphere","floor":21,"turns":9},{"damage":5,"enemies":"Snecko","floor":22,"turns":5},{"damage":15,"enemies":"Cultist and Chosen","floor":24,"turns":7},{"damage":1,"enemies":"Snake Plant","floor":25,"turns":3},{"damage":6,"enemies":"Chosen and Byrds","floor":29,"turns":6},{"damage":4,"enemies":"Centurion and Healer","floor":30,"turns":7},{"damage":7,"enemies":"Sentry and Sphere","floor":31,"turns":6},{"damage":45,"enemies":"Collector","floor":33,"turns":8},{"damage":18,"enemies":"3 Darklings","floor":35,"turns":6},{"damage":0,"enemies":"3 Shapes","floor":36,"turns":3},{"damage":0,"enemies":"Spire Growth","floor":45,"turns":5},{"damage":0,"enemies":"Maw","floor":46,"turns":7},{"damage":12,"enemies":"4 Shapes","floor":48,"turns":3},{"damage":0,"enemies":"Donu and Deca","floor":50,"turns":10}],"seed_played":"-8440401155427262990","potions_obtained":[{"floor":4,"key":"Swift Potion"},{"floor":10,"key":"Ancient Potion"},{"floor":11,"key":"PowerPotion"},{"floor":13,"key":"EntropicBrew"},{"floor":21,"key":"DuplicationPotion"},{"floor":22,"key":"SpeedPotion"},{"floor":27,"key":"SkillPotion"},{"floor":27,"key":"CultistPotion"},{"floor":27,"key":"Regen Potion"},{"floor":29,"key":"EntropicBrew"},{"floor":31,"key":"SpeedPotion"},{"floor":33,"key":"SteroidPotion"},{"floor":35,"key":"SpeedPotion"},{"floor":48,"key":"Strength Potion"}],"is_trial":false,"path_per_floor":["M","?","?","M","?","R","E","$","T","?","M","E","M","?","R","B",null,"M","?","M","M","M","R","M","M","T","?","R","M","M","M","R","B",null,"M","M","$","?","T","?","R","?","T","R","M","M","T","M","R","B",null],"character_chosen":"THE_SERVANT","items_purchased":["Darkstone Periapt","Rearm","Luminosity","DualDimension"],"campfire_rested":3,"item_purchase_floors":[8,8,37,37],"current_hp_per_floor":[62,67,70,66,66,66,66,66,66,40,40,37,34,51,51,37,70,70,76,75,49,44,66,51,50,50,50,72,66,76,69,69,24,76,58,58,58,58,58,61,61,61,61,61,61,61,61,49,72,72],"gold":52,"neow_bonus":"ONE_RANDOM_RARE_CARD","is_daily":false,"chose_seed":false,"campfire_upgraded":5,"win_rate":0.0,"timestamp":1613748930,"path_taken":["M","?","?","?","?","R","E","?","T","?","M","E","M","?","R","BOSS","M","?","M","M","M","R","M","?","T","?","R","M","?","M","R","BOSS","M","M","$","?","?","?","R","?","T","R","M","?","?","M","R","BOSS"],"items_purchased_type":["Relic","Card","Card","Card"],"build_version":"2020-12-22","purchased_purges":2,"victory":true,"max_hp_per_floor":[65,70,70,70,70,70,70,70,70,70,70,70,70,70,70,70,70,70,76,76,76,76,76,76,76,76,76,76,76,76,76,76,76,76,76,76,76,76,76,79,79,79,79,79,79,79,79,79,79,79],"card_choices":[{"not_picked":["Rewind","Replace"],"picked":"Read","floor":1},{"not_picked":["Hightail","SurpressingFire"],"picked":"ShiftingGears","floor":4},{"not_picked":["FastForward","Shuttle"],"picked":"TimeWarp","floor":7},{"not_picked":["StarChef","Advance"],"picked":"Barrier","floor":10},{"not_picked":["Defy","FastForward"],"picked":"ShatteredReality","floor":11},{"not_picked":["Ricochet","FastForward"],"picked":"Potential","floor":12},{"not_picked":["TimeWarp","Revamp"],"picked":"Misdirection","floor":13},{"not_picked":["MurderousAura","Sunlight"],"picked":"Dilation","floor":16},{"not_picked":["SurpressingFire","Read+1"],"picked":"Luminosity","floor":18},{"not_picked":["TimeWarp","Hightail"],"picked":"ShiftingGears","floor":20},{"not_picked":["Shuttle","Revamp"],"picked":"ShatteredReality","floor":21},{"not_picked":["Rewind","Sunlight"],"picked":"Rearm","floor":22},{"not_picked":["Unruled+1","Hightail"],"picked":"FastForward+1","floor":24},{"not_picked":["ShatteredReality","Rewind"],"picked":"Unruled+1","floor":25},{"not_picked":["Misdirection","Defy"],"picked":"Potential","floor":29},{"not_picked":["Spin","Moonlight+1"],"picked":"SilverBlades+1","floor":30},{"not_picked":["TimeWarp","DoubleEdge"],"picked":"Barrier","floor":31},{"not_picked":["Deny","Dilation"],"picked":"FlawlessForm","floor":33},{"not_picked":["Rearm+1","Starlight+1"],"picked":"Spin+1","floor":35},{"not_picked":["StarChef","Potential"],"picked":"BottledTime+1","floor":36},{"not_picked":["Starlight","Rewind+1","Unruled"],"picked":"SKIP","floor":45},{"not_picked":["Alleviate","Starlight+1"],"picked":"Replace","floor":46},{"not_picked":["SpecialFormula","Replace"],"picked":"Spin+1","floor":48}],"player_experience":672412,"relics_obtained":[{"floor":7,"key":"Smiling Mask"},{"floor":9,"key":"Bag of Preparation"},{"floor":12,"key":"Bronze Scales"},{"floor":26,"key":"Tiny Chest"},{"floor":39,"key":"Thread and Needle"},{"floor":43,"key":"hubris:ToyBattleship"},{"floor":47,"key":"Turnip"}],"event_choices":[{"damage_healed":0,"gold_gain":0,"player_choice":"Donut","damage_taken":0,"max_hp_gain":5,"max_hp_loss":0,"event_name":"Big Fish","floor":2,"gold_loss":0},{"damage_healed":3,"gold_gain":0,"player_choice":"Full Heal","damage_taken":0,"max_hp_gain":0,"max_hp_loss":0,"event_name":"Wheel of Change","floor":3,"gold_loss":0},{"damage_healed":0,"gold_gain":275,"player_choice":"Desecrate","damage_taken":0,"max_hp_gain":0,"max_hp_loss":0,"event_name":"Golden Shrine","floor":5,"gold_loss":0,"cards_obtained":["Regret"]},{"damage_healed":0,"gold_gain":0,"player_choice":"Searched \u00273\u0027 times","damage_taken":0,"relics_obtained":["Orichalcum"],"max_hp_gain":0,"max_hp_loss":0,"event_name":"Dead Adventurer","floor":10,"gold_loss":0},{"damage_healed":17,"gold_gain":0,"player_choice":"Healed","damage_taken":0,"max_hp_gain":0,"max_hp_loss":0,"event_name":"The Cleric","floor":14,"gold_loss":35},{"damage_healed":0,"gold_gain":0,"player_choice":"Rummage","damage_taken":0,"relics_obtained":["WarpedTongs"],"max_hp_gain":0,"max_hp_loss":0,"event_name":"Accursed Blacksmith","floor":19,"gold_loss":0,"cards_obtained":["Pain"]},{"damage_healed":0,"gold_gain":0,"player_choice":"Got Potions","damage_taken":0,"max_hp_gain":0,"max_hp_loss":0,"event_name":"Lab","floor":27,"gold_loss":0},{"cards_removed":["ShatteredReality"],"damage_healed":0,"gold_gain":0,"player_choice":"Removed Attack","damage_taken":0,"max_hp_gain":0,"max_hp_loss":0,"event_name":"Falling","floor":38,"gold_loss":0},{"damage_healed":0,"gold_gain":0,"player_choice":"Upgrade","damage_taken":0,"max_hp_gain":0,"max_hp_loss":0,"event_name":"Designer","floor":42,"gold_loss":40,"cards_upgraded":["Luminosity"]}],"is_beta":false,"boss_relics":[{"not_picked":["Tiny House","Pandora\u0027s Box"],"picked":"Ectoplasm"},{"not_picked":["Empty Cage","Velvet Choker"],"picked":"Philosopher\u0027s Stone"}],"items_purged_floors":[8,37],"is_endless":false,"potions_floor_spawned":[4,10,11,13,21,22,25,29,31,33,35,48],"ascension_level":2}}