{"host":"dcj2yvrgcvh5dl2s","time":1613731105,"event":{"mods":["BaseMod","Bestiary","Better Note","Block Reminder","Colored Powertips","Curses Come First","DeckTracker","Displayed Cursed Tome","Minty Spire (QoL Compilation)","Quick Restart","Rare Cards Sparkle","Relic Stats","StSLib"],"gold_per_floor":[114,130,146,8,21,56,56,81,108,121,152,152,152,490,490,490,490],"floor_reached":16,"language":"ENG","playtime":619,"items_purged":[],"score":260,"play_id":"8ff053c9-43da-4e63-808d-d31bc91610a8","local_time":"20210219203825","is_ascension_mode":true,"campfire_choices":[{"floor":7,"key":"REST"},{"floor":12,"key":"REST"},{"floor":15,"key":"REST"}],"circlet_count":0,"master_deck":["AscendersBane","Strike_R","Strike_R","Strike_R","Strike_R","Strike_R","Defend_R","Defend_R","Defend_R","Defend_R","Bash","Battle Trance","Flex","Armaments","Flex","Uppercut","Shrug It Off","Whirlwind","Body Slam","Flex","Berserk"],"relics":["Burning Blood","PreservedInsect","Pear","Tiny Chest","Centennial Puzzle","CeramicFish","Old Coin"],"acts_visited":[],"potions_floor_usage":[6,11,14,16],"damage_taken":[{"damage":14,"enemies":"Jaw Worm","floor":1,"turns":4},{"damage":9,"enemies":"2 Louse","floor":2,"turns":2},{"damage":6,"enemies":"Cultist","floor":3,"turns":3},{"damage":18,"enemies":"3 Louse","floor":5,"turns":4},{"damage":28,"enemies":"Gremlin Nob","floor":6,"turns":4},{"damage":25,"enemies":"3 Sentries","floor":8,"turns":5},{"damage":22,"enemies":"Exordium Wildlife","floor":10,"turns":6},{"damage":8,"enemies":"Gremlin Nob","floor":11,"turns":3},{"damage":10,"enemies":"3 Sentries","floor":14,"turns":3},{"damage":67,"enemies":"Slime Boss","floor":16,"turns":7}],"seed_played":"-7469537291323605589","potions_obtained":[{"floor":1,"key":"Weak Potion"},{"floor":3,"key":"PowerPotion"},{"floor":10,"key":"SkillPotion"},{"floor":11,"key":"Explosive Potion"}],"is_trial":false,"path_per_floor":["M","M","M","$","M","E","R","E","T","M","E","R","?","E","R","B"],"character_chosen":"IRONCLAD","items_purchased":["Flex","Uppercut"],"campfire_rested":3,"item_purchase_floors":[4,4],"current_hp_per_floor":[60,57,57,57,45,33,58,39,39,23,21,46,46,42,67,0,0],"gold":490,"neow_bonus":"RANDOM_COMMON_RELIC","is_daily":false,"chose_seed":false,"campfire_upgraded":0,"win_rate":0.0,"timestamp":1613731105,"path_taken":["M","M","M","$","M","E","R","E","T","M","E","R","?","E","R","BOSS"],"items_purchased_type":["Card","Card"],"build_version":"2020-12-22","purchased_purges":0,"victory":false,"max_hp_per_floor":[75,75,75,75,75,85,85,85,85,85,85,85,85,85,85,85,85],"relic_stats":{"Centennial Puzzle":[12],"counters":[10,41],"CeramicFish":9,"Tiny Chest":0,"PreservedInsect":109,"obtain_stats":[{"Centennial Puzzle":9,"Pear":6,"CeramicFish":11,"Tiny Chest":8,"PreservedInsect":0,"Burning Blood":0,"Old Coin":14},{"Centennial Puzzle":6,"Pear":5,"CeramicFish":8,"Tiny Chest":6,"PreservedInsect":0,"Burning Blood":0,"Old Coin":9},{"Centennial Puzzle":22,"Pear":17,"CeramicFish":31,"Tiny Chest":22,"PreservedInsect":0,"Burning Blood":0,"Old Coin":34}],"Burning Blood":54},"card_choices":[{"not_picked":["Rupture","Cleave"],"picked":"Battle Trance","floor":1},{"not_picked":["Flame Barrier","Searing Blow"],"picked":"Flex","floor":2},{"not_picked":["Headbutt","Power Through"],"picked":"Armaments","floor":3},{"not_picked":["Combust","Ghostly Armor"],"picked":"Shrug It Off","floor":5},{"not_picked":["Havoc","Berserk"],"picked":"Whirlwind","floor":6},{"not_picked":["Spot Weakness","Havoc"],"picked":"Body Slam","floor":8},{"not_picked":["Headbutt","Anger"],"picked":"Flex","floor":10},{"not_picked":["Uppercut","Headbutt","Warcry"],"picked":"SKIP","floor":11},{"not_picked":["Burning Pact","Sever Soul"],"picked":"Berserk","floor":14}],"player_experience":2446239,"relics_obtained":[{"floor":6,"key":"Pear"},{"floor":8,"key":"Tiny Chest"},{"floor":9,"key":"Centennial Puzzle"},{"floor":11,"key":"CeramicFish"},{"floor":14,"key":"Old Coin"}],"event_choices":[{"damage_healed":0,"gold_gain":0,"player_choice":"Ignored","damage_taken":0,"max_hp_gain":0,"max_hp_loss":0,"event_name":"Liars Game","floor":13,"gold_loss":0}],"is_beta":false,"boss_relics":[],"items_purged_floors":[],"is_endless":false,"potions_floor_spawned":[1,3,5,10,11],"killed_by":"Slime Boss","ascension_level":20}}