{"host":"avfk0uqadyfnr875","time":1613711823,"event":{"mods":["2.2 Compatiblity","Act Like it!","BaseMod","Chen","Colored Powertips","Downfall","Gensokyo","Koishi","KomeijiMod","Marisa（F雨　魔理沙）","Minty Spire (QoL Compilation)","Pale of the Ancients","Quick Restart","READ ME - Guardian Mod","Reimu（博丽灵梦）","Shop Mod","StSLib","The Animator","Yakumo Yukari mod","[功能]功能增强和修复MOD"],"gold_per_floor":[99,99,99,99,199,4,53,81,94,94,94,124,2,33,52,304,304,304,317,328,328,199,199,223,240,269,284,310,521,549,358,377,668,668,368,383,399,399,237,337,411,411,438,438,262,262,120,148,162,162,162,187,51,51,51,51],"floor_reached":57,"language":"ZHS","playtime":4211,"items_purged":["animator:Curse_Greed","Slimebound:Strike_Slimebound","Slimebound:Strike_Slimebound","Slimebound:Strike_Slimebound","Slimebound:Defend_Slimebound","Slimebound:Defend_Slimebound","Slimebound:Split+1","Slimebound:Defend_Slimebound","Slimebound:Defend_Slimebound"],"score":1757,"play_id":"e73f5352-b808-4532-8871-fb8d74a5ef1a","local_time":"20210219131703","is_ascension_mode":true,"campfire_choices":[{"data":"Slimebound:CorrosiveSpit","floor":1.0,"key":"SMITH"},{"data":"Slimebound:SplitSpecialist","floor":11.0,"key":"SMITH"},{"floor":18.0,"key":"RECALL"},{"data":"expansioncontent:DashGenerateEvil","floor":35.0,"key":"SMITH"},{"floor":54,"key":"DIG"}],"circlet_count":0,"master_deck":["Slimebound:Tackle+1","Slimebound:CorrosiveSpit+1","Slimebound:SplitSpecialist+1","Slimebound:LevelUp+1","Slimebound:Equalize+1","Slimebound:RainOfGoop+1","Slimebound:LeadByExample+1","expansioncontent:LastStand+1","Slimebound:Equalize+1","Slimebound:SplitSpecialist+1","Slimebound:RallyTheTroops+1","Slimebound:Repurpose+1","Slimebound:TagTeam+1","Slimebound:LivingWall+1","Slimebound:DouseInSlime+1","Slimebound:TagTeam+1","Slimebound:Darklings+1","Slimebound:LeechEnergy+1","Panacea+1","Slimebound:CheckThePlaybook+1","Slimebound:RainOfGoop+1","Deep Breath+1","Slimebound:SlimeSlap+1","Mayhem+1","Slimebound:LevelUp+1","Slimebound:FirmFortitude+1","Slimebound:OozeBath+1","Slimebound:MinionMaster+1","Slimebound:SplitMire+1","Slimebound:HauntingLick+1","expansioncontent:DashGenerateEvil+1","Slimebound:Gluttony","Slimebound:SplitSpecialist+1","Slimebound:SamplingLick+1","Slimebound:Prepare+1","Slimebound:OozeBath","Slimebound:SamplingLick+1","Master of Strategy","Slimebound:LeechLife","Slimebound:Darklings","expansioncontent:DashGenerateEvil+1","Enlightenment","Slimebound:Overexert+1"],"relics":["Slimebound:AbsorbEndCombat","downfall:HeartsMalice","Toy Ornithopter","TentaclePot:ReiMu","Bag of Marbles","Bottled Tornado","Bronze Scales","Slimebound:AggressiveSlimeRelic","TheAbacus","Juzu Bracelet","Guardian:PocketSentry","InkBottle","FossilizedHelix","SlaversCollar","Strawberry","Omamori","Toolbox","sneckomod:BabySnecko","Orichalcum","Matryoshka","Centennial Puzzle","Gremlin Horn","Whetstone","Slimebound:SelfDamagePreventRelic","White Beast Statue","Singing Bowl","NitorisBag","Slimebound:MaxSlimesRelic","Philosopher\u0027s Stone","downfall:HeartBlessingGreen","downfall:HeartBlessingRed","downfall:HeartBlessingBlue","Pantograph","War Paint","HandDrill","Frozen Egg 2","Question Card","Vajra","Regal Pillow","Sundial","Orrery","Shovel","ClockworkSouvenir","Nunchaku","Thread and Needle","Art of War","Shuriken","Lee\u0027s Waffle","Bottled Flame"],"acts_visited":["Exordium","TheCity","TheBeyond","TheEnding"],"potions_floor_usage":[38,38,38,56,56,56],"damage_taken":[{"damage":0.0,"enemies":"Jaw Worm","floor":2.0,"turns":1.0},{"damage":0.0,"enemies":"Cultist","floor":4.0,"turns":1.0},{"damage":0.0,"enemies":"downfall:LadyInBlue","floor":5.0,"turns":1.0},{"damage":10.0,"enemies":"downfall:FleeingMerchant","floor":6.0,"turns":4.0},{"damage":11.0,"enemies":"Gremlin Nob","floor":8.0,"turns":3.0},{"damage":0.0,"enemies":"2 Louse","floor":9.0,"turns":2.0},{"damage":0.0,"enemies":"3 Sentries","floor":12.0,"turns":1.0},{"damage":5.0,"enemies":"downfall:FleeingMerchant","floor":13.0,"turns":4.0},{"damage":0.0,"enemies":"Lagavulin","floor":14.0,"turns":3.0},{"damage":2.0,"enemies":"Red Slaver","floor":15.0,"turns":2.0},{"damage":0.0,"enemies":"SI_SHIV_ARCHETYPE","floor":16.0,"turns":5.0},{"damage":0.0,"enemies":"Spheric Guardian","floor":19.0,"turns":3.0},{"damage":0.0,"enemies":"Chosen","floor":20.0,"turns":3.0},{"damage":0.0,"enemies":"downfall:FleeingMerchant","floor":22.0,"turns":4.0},{"damage":0.0,"enemies":"Snecko","floor":25.0,"turns":3.0},{"damage":0.0,"enemies":"Gremlin Leader","floor":26.0,"turns":3.0},{"damage":0.0,"enemies":"Cultist and Chosen","floor":27.0,"turns":3.0},{"damage":16.0,"enemies":"Book of Stabbing","floor":28.0,"turns":3.0},{"damage":0.0,"enemies":"downfall:FleeingMerchant","floor":29.0,"turns":1.0},{"damage":21.0,"enemies":"Gremlin Leader","floor":30.0,"turns":3.0},{"damage":14.0,"enemies":"Centurion and Healer","floor":32.0,"turns":4.0},{"damage":7.0,"enemies":"DF_ARCHETYPE_CLAW","floor":33.0,"turns":4.0},{"damage":0.0,"enemies":"3 Darklings","floor":36.0,"turns":2.0},{"damage":14.0,"enemies":"3 Shapes","floor":37.0,"turns":3.0},{"damage":29,"enemies":"3 Shapes","floor":38,"turns":8},{"damage":0,"enemies":"Giant Head","floor":43,"turns":4},{"damage":4,"enemies":"Reptomancer","floor":48,"turns":3},{"damage":10,"enemies":"3 Darklings","floor":49,"turns":2},{"damage":0,"enemies":"WA_ARCHETYPE_DIVINITY","floor":50,"turns":4},{"damage":0,"enemies":"downfall:CharBossMerchant","floor":52,"turns":4},{"damage":0,"enemies":"downfall:NeowBoss","floor":55,"turns":5},{"damage":45,"enemies":"downfall:NeowBossFinal","floor":56,"turns":5}],"seed_played":"5361492325933108932","potions_obtained":[{"floor":5.0,"key":"Fire Potion"},{"floor":5.0,"key":"Weak Potion"},{"floor":5.0,"key":"SpeedPotion"},{"floor":14.0,"key":"EssenceOfSteel"},{"floor":15.0,"key":"DistilledChaos"},{"floor":26.0,"key":"AttackPotion"},{"floor":43,"key":"LiquidBronze"},{"floor":43,"key":"Weak Potion"},{"floor":43,"key":"DuplicationPotion"}],"is_trial":false,"path_per_floor":["R","M","?","M","?","$","T","E","M","?","R","E","$","E","M","B",null,"R","M","M","?","$","?","T","M","E","M","E","$","E","$","M","B",null,"R","M","M","?","$","?","T","?","E","?","$","?","$","E","M","B",null,"E","$","R","B","B",null],"character_chosen":"SLIMEBOUND","items_purchased":["expansioncontent:DashGenerateEvil","Slimebound:LeadByExample","TentaclePot:ReiMu","Bag of Marbles","Bottled Tornado","expansioncontent:LastStand","TheAbacus","Juzu Bracelet","Guardian:PocketSentry","Strawberry","Omamori","Toolbox","Panacea","Gremlin Horn","Whetstone","Slimebound:SelfDamagePreventRelic","Deep Breath","White Beast Statue","Singing Bowl","NitorisBag","Mayhem","Slimebound:LevelUp","expansioncontent:DashGenerateEvil+1","Pantograph","War Paint","HandDrill","Slimebound:Gluttony","Regal Pillow","Sundial","Orrery","Master of Strategy","Slimebound:LeechLife","expansioncontent:DashGenerateEvil+1","Enlightenment","Shovel","ClockworkSouvenir","Art of War","Shuriken","Lee\u0027s Waffle","Slimebound:Overexert+1"],"campfire_rested":0,"item_purchase_floors":[6,6,6,6,6,6,13,13,13,22,22,22,22,29,29,29,29,31,31,31,31,31,39,39,39,39,39,45,45,45,45,45,47,47,47,47,53,53,53,53],"current_hp_per_floor":[65,65,65,65,65,57,57,50,56,56,56,56,62,65,65,65,65,65,65,65,65,72,72,72,72,72,72,58,58,51,51,43,44,74,84,84,74,86,86,86,86,86,86,86,88,88,88,86,80,92,92,94,101,101,101,87],"gold":51,"neow_bonus":"THREE_ENEMY_KILL","is_daily":false,"chose_seed":false,"campfire_upgraded":3,"win_rate":0.0,"timestamp":1613711823,"path_taken":["R","M","?","?","?","?","T","E","?","?","R","E","$","E","M","BOSS","R","M","M","?","$","?","T","M","E","M","E","$","E","$","M","BOSS","R","M","M","?","$","?","T","?","E","?","?","?","$","E","M","BOSS","E","$","R","BOSS","BOSS"],"items_purchased_type":["Card","Card","Relic","Relic","Relic","Card","Relic","Relic","Relic","Relic","Relic","Relic","Card","Relic","Relic","Relic","Card","Relic","Relic","Relic","Card","Card","Card","Relic","Relic","Relic","Card","Relic","Relic","Relic","Card","Card","Card","Card","Relic","Relic","Relic","Relic","Relic","Card"],"build_version":"2020-12-22","purchased_purges":9,"victory":true,"max_hp_per_floor":[65,65,65,65,65,65,65,65,65,65,65,65,65,65,65,65,65,65,65,65,65,72,72,72,72,72,72,72,72,72,72,74,74,74,84,84,84,86,86,86,86,86,86,86,88,88,88,90,92,92,92,94,101,101,101,101],"card_choices":[{"not_picked":["Slimebound:Schlurp","Slimebound:FinishingTackle"],"picked":"Slimebound:SplitSpecialist","floor":2.0},{"not_picked":["Slimebound:Dissolve","Slimebound:RollThrough"],"picked":"Slimebound:LevelUp","floor":4.0},{"not_picked":["Slimebound:SamplingLick","Slimebound:HauntingLick"],"picked":"Slimebound:Equalize","floor":5.0},{"not_picked":["Slimebound:ItLooksTasty","Slimebound:ViciousTackle"],"picked":"Slimebound:RainOfGoop","floor":6.0},{"not_picked":["Slimebound:ComboTackle","Slimebound:ServeAndProtect"],"picked":"Slimebound:Equalize","floor":8.0},{"not_picked":["Slimebound:ForwardTackle","Slimebound:GrowthPunch"],"picked":"Slimebound:SplitSpecialist","floor":9.0},{"not_picked":["Slimebound:GoopSpray","Slimebound:SplitBruiser"],"picked":"Slimebound:RallyTheTroops","floor":12.0},{"not_picked":["Slimebound:PressTheAttack","Slimebound:SplitAcid"],"picked":"Slimebound:Repurpose","floor":13.0},{"not_picked":["Slimebound:Equalize","Slimebound:GoopSpray"],"picked":"Slimebound:TagTeam","floor":14.0},{"not_picked":["Slimebound:SamplingLick","Slimebound:PressTheAttack"],"picked":"Slimebound:LivingWall","floor":15.0},{"not_picked":["Slimebound:SlimeSlap","Slimebound:OneTwoCombo"],"picked":"Slimebound:DouseInSlime","floor":16.0},{"not_picked":["Slimebound:SlimeSlap","Slimebound:PrepareCrush"],"picked":"Slimebound:TagTeam","floor":16.0},{"not_picked":["Slimebound:MassRepurpose","Slimebound:WasteNot"],"picked":"Slimebound:Darklings","floor":16.0},{"not_picked":["Slimebound:ItLooksTasty","Slimebound:SlimeSpikes"],"picked":"Slimebound:LeechEnergy+1","floor":19.0},{"not_picked":["Slimebound:Grow+1","Slimebound:RainOfGoop","Slimebound:GoopTackle"],"picked":"SKIP","floor":20.0},{"not_picked":["Slimebound:ItLooksTasty","Slimebound:DisruptingSlam"],"picked":"Slimebound:Prepare","floor":22.0},{"not_picked":["Slimebound:LeechEnergy","Slimebound:SamplingLick","Slimebound:BestDefense"],"picked":"SKIP","floor":25.0},{"not_picked":["Slimebound:FlameTackle+1","Slimebound:ItLooksTasty"],"picked":"Slimebound:CheckThePlaybook","floor":26.0},{"not_picked":["Slimebound:LeechingTouch","Slimebound:GoopTackle","Slimebound:SlimeBarrage"],"picked":"SKIP","floor":27.0},{"not_picked":["Slimebound:LeechEnergy+1","Slimebound:RollThrough"],"picked":"Slimebound:RainOfGoop+1","floor":28.0},{"not_picked":["Slimebound:FinishingTackle+1","Slimebound:HauntingLick","Slimebound:LeechingTouch"],"picked":"SKIP","floor":29.0},{"not_picked":["Slimebound:ItLooksTasty","Slimebound:MegaLick"],"picked":"Slimebound:SlimeSlap","floor":30.0},{"not_picked":["Slimebound:PressTheAttack","Slimebound:Nibble","Slimebound:SplitBruiser"],"picked":"Singing Bowl","floor":32.0},{"not_picked":["Slimebound:LeechLife","Slimebound:OneTwoCombo"],"picked":"Slimebound:FirmFortitude","floor":33.0},{"not_picked":["Slimebound:Teamwork","Slimebound:MassFeed"],"picked":"Slimebound:OozeBath","floor":33.0},{"not_picked":["Slimebound:Teamwork","Slimebound:TagTeam"],"picked":"Slimebound:MinionMaster","floor":33.0},{"not_picked":["Slimebound:ProtectTheBoss+1","Slimebound:RainOfGoop"],"picked":"Slimebound:SplitMire+1","floor":36.0},{"not_picked":["Slimebound:FinishingTackle+1","Slimebound:SamplingLick"],"picked":"Slimebound:HauntingLick+1","floor":37.0},{"not_picked":["Slimebound:SplitBruiser+1","Slimebound:ProtectTheBoss+1","Slimebound:LeechEnergy"],"picked":"Singing Bowl","floor":38},{"not_picked":["Slimebound:SplitBruiser","Slimebound:Dissolve+1","Slimebound:Recollect"],"picked":"Slimebound:SplitSpecialist+1","floor":43},{"not_picked":["Slimebound:SplitLeeching+1","Slimebound:SplitAcid","Slimebound:ForwardTackle"],"picked":"Slimebound:SamplingLick+1","floor":45},{"not_picked":["Slimebound:SplitBruiser+1","Slimebound:DivideAndConquer","Slimebound:LivingWall"],"picked":"Slimebound:Prepare+1","floor":45},{"not_picked":["Slimebound:GoopSpray","Slimebound:ProtectTheBoss+1","Slimebound:TagTeam","Slimebound:FinishingTackle+1"],"picked":"Singing Bowl","floor":45},{"not_picked":["Slimebound:Prepare","Slimebound:GoopSpray+1","Slimebound:SlimeSpikes+1"],"picked":"Slimebound:OozeBath","floor":45},{"not_picked":["Slimebound:PressTheAttack","Slimebound:ServeAndProtect","Slimebound:ProtectTheBoss+1"],"picked":"Slimebound:SamplingLick+1","floor":45},{"not_picked":["Slimebound:ViciousTackle+1","Slimebound:DisruptingSlam","Slimebound:RejuvenatingLick","Slimebound:GoopTackle"],"picked":"Singing Bowl","floor":48},{"not_picked":["Slimebound:ComboTackle+1","Slimebound:PressTheAttack","Slimebound:Replication","Slimebound:Equalize+1"],"picked":"Singing Bowl","floor":49},{"not_picked":["Slimebound:ComboTackle","Slimebound:SamplingLick","Slimebound:FormOfPuddle","Slimebound:GoopTackle"],"picked":"Singing Bowl","floor":52}],"player_experience":418461,"relics_obtained":[{"floor":5.0,"key":"Toy Ornithopter"},{"floor":8.0,"key":"Bronze Scales"},{"floor":12.0,"key":"Slimebound:AggressiveSlimeRelic"},{"floor":14.0,"key":"InkBottle"},{"floor":16.0,"key":"FossilizedHelix"},{"floor":24.0,"key":"Orichalcum"},{"floor":26.0,"key":"Matryoshka"},{"floor":28.0,"key":"Centennial Puzzle"},{"floor":33.0,"key":"Slimebound:MaxSlimesRelic"},{"floor":41,"key":"Frozen Egg 2"},{"floor":41,"key":"Question Card"},{"floor":43,"key":"Vajra"},{"floor":48,"key":"Nunchaku"},{"floor":52,"key":"Thread and Needle"},{"floor":54,"key":"Bottled Flame"}],"event_choices":[{"damage_healed":0.0,"max_hp_gain":0.0,"max_hp_loss":0.0,"gold_gain":0.0,"event_name":"Lab","player_choice":"Got Potions","floor":10.0,"gold_loss":0.0,"damage_taken":0.0},{"damage_healed":0.0,"max_hp_gain":0.0,"max_hp_loss":0.0,"gold_gain":0.0,"event_name":"Ghosts","player_choice":"Ignored","floor":21.0,"gold_loss":0.0,"damage_taken":0.0},{"cards_removed":["Slimebound:Prepare"],"damage_healed":0,"gold_gain":0,"player_choice":"Removed Skill","damage_taken":0,"max_hp_gain":0,"max_hp_loss":0,"event_name":"Falling","floor":44,"gold_loss":0}],"is_beta":false,"boss_relics":[{"not_picked":["Runic Pyramid","Snecko Eye"],"picked":"SlaversCollar"},{"not_picked":["Sozu","Astrolabe"],"picked":"Philosopher\u0027s Stone"}],"items_purged_floors":[6,13,13,13,22,22,29,31,31],"is_endless":false,"potions_floor_spawned":[5,8,9,12,12,14,15,16,19,19,20,25,26,26,26,27,30,30,30,32,32,32,33,33,36,36,36,37,37,37,38,43,43,43,43,48,48,48,48,49,49,49,52,52,52,52],"ascension_level":3}}