{"host":"df48i9djcn92c5sx","time":1613738163,"event":{"mods":["Act Like it!","Arknights","BaseMod","Decade(王小明)","Downfall","Gensokyo","Marisa（F雨　魔理沙）","Minty Spire (QoL Compilation)","READ ME - Guardian Mod","READ ME - Snecko Mod","Reimu（博丽灵梦）","Remilia（蕾米莉亚）","Shop Mod","StSLib","The Jungle","The Servant 0.9.4"],"gold_per_floor":[99,99,99,99,99,99,152,196,208,250,262,259,303,341,367,476,488,500,532,560,572,596,608,620,648,680,692,704,744,756,786,812,824,824,824],"floor_reached":33,"language":"ZHS","playtime":1129,"items_purged":[],"score":389,"play_id":"4763cad0-e1bc-436f-9516-3b7354bb798a","local_time":"20210219203603","is_ascension_mode":true,"campfire_choices":[{"data":"champ:Execute","floor":1.0,"key":"SMITH"},{"data":"champ:StanceDance","floor":9.0,"key":"SMITH"},{"data":"champ:EnchantSword","floor":11.0,"key":"SMITH"},{"data":"champ:StrikeOfGenius","floor":18.0,"key":"SMITH"},{"data":"champ:Improvising","floor":23.0,"key":"SMITH"},{"data":"champ:GladiatorForm","floor":27.0,"key":"SMITH"},{"data":"champ:HeavySlash","floor":30,"key":"SMITH"}],"circlet_count":0,"master_deck":["champ:Defend","champ:Defend","champ:Defend","champ:Defend","champ:Execute+1","champ:Taunt","champ:StanceDance+1","champ:GladiatorForm+1","champ:EnchantSword+1","champ:BringItOn","champ:Endure","champ:Haymaker","champ:StrikeOfGenius+1","champ:EndlessRage+1","champ:SwordSigil+1","champ:Improvising+1","champ:FalseCounter+1","champ:SkillfulDodge","Bite","Bite","Bite","Bite","Bite","champ:HeavySlash+1","champ:DefensiveStyle+1"],"relics":["champ:ChampionCrown","downfall:HeartsMalice","Mango","MawBank","bronze:BronzeIdol","Boot","Akabeko","Sozu","Oddly Smooth Stone","Du-Vu Doll"],"acts_visited":["Exordium","TheCity"],"potions_floor_usage":[],"damage_taken":[{"damage":0.0,"enemies":"2 Louse","floor":2.0,"turns":1.0},{"damage":0.0,"enemies":"3 Sentries","floor":8.0,"turns":1.0},{"damage":0.0,"enemies":"Gremlin Nob","floor":10.0,"turns":1.0},{"damage":15.0,"enemies":"downfall:FleeingMerchant","floor":12.0,"turns":4.0},{"damage":32.0,"enemies":"3 Sentries","floor":13.0,"turns":9.0},{"damage":19.0,"enemies":"Jaw Worm","floor":15.0,"turns":1.0},{"damage":70.0,"enemies":"WA_ARCHETYPE_RETAIN","floor":16.0,"turns":12.0},{"damage":6.0,"enemies":"Chosen","floor":19.0,"turns":4.0},{"damage":37.0,"enemies":"Spheric Guardian","floor":20.0,"turns":5.0},{"damage":16.0,"enemies":"Snecko","floor":22.0,"turns":4.0},{"damage":52.0,"enemies":"Chosen and Byrds","floor":25.0,"turns":6.0},{"damage":47.0,"enemies":"Snake Plant","floor":26.0,"turns":3.0},{"damage":16,"enemies":"Gremlin Leader","floor":29,"turns":6},{"damage":35,"enemies":"Shelled Parasite and Fungi","floor":31,"turns":6},{"damage":19,"enemies":"Snecko","floor":32,"turns":5},{"damage":21,"enemies":"DF_ARCHETYPE_CLAW","floor":33,"turns":4}],"seed_played":"693729778277146544","potions_obtained":[{"floor":8.0,"key":"ZuzhouPotion:ReiMu"},{"floor":15.0,"key":"Block Potion"},{"floor":16.0,"key":"Fire Potion"}],"is_trial":false,"path_per_floor":["R","M","?","?","?","?","T","E","R","E","R","$","E","T","M","B",null,"R","M","M","?","M","R","T","M","M","R","?","E","R","M","M","B"],"character_chosen":"THE_CHAMP","items_purchased":[],"campfire_rested":0,"item_purchase_floors":[],"current_hp_per_floor":[90,90,95,95,95,106,106,106,106,106,106,106,99,99,90,40,109,109,103,76,76,75,75,75,58,36,36,36,42,42,18,13,0,0,0],"gold":824,"neow_bonus":"THREE_ENEMY_KILL","is_daily":false,"chose_seed":false,"campfire_upgraded":7,"win_rate":0.0,"timestamp":1613738163,"path_taken":["R","M","?","?","?","?","T","E","R","E","R","$","E","?","M","BOSS","R","M","M","?","M","R","T","M","?","R","?","E","R","M","M","BOSS"],"items_purchased_type":[],"build_version":"2020-12-22","purchased_purges":0,"victory":false,"max_hp_per_floor":[90,90,95,95,95,109,109,109,109,109,109,109,109,109,109,109,109,109,109,109,109,109,109,109,109,109,109,76,76,76,76,76,76,76,76],"card_choices":[{"not_picked":["champ:GutPunch","champ:PreciseThrust"],"picked":"champ:StanceDance","floor":2.0},{"not_picked":["champ:BladeFlurry","champ:Endure"],"picked":"champ:GladiatorForm","floor":8.0},{"not_picked":["champ:FancyFootwork","champ:PerfectedStrike"],"picked":"champ:EnchantSword","floor":10.0},{"not_picked":["champ:StanceDance","champ:GutPunch"],"picked":"champ:BringItOn","floor":12.0},{"not_picked":["champ:RageSigil","champ:PreemptiveStrike"],"picked":"champ:Endure","floor":13.0},{"not_picked":["champ:EnGarde","champ:FancyFootwork"],"picked":"champ:Haymaker","floor":15.0},{"not_picked":["champ:MurderStrike","champ:SteelEdge"],"picked":"champ:StrikeOfGenius","floor":16.0},{"not_picked":["champ:CrownThrow","champ:Backstep"],"picked":"champ:EndlessRage+1","floor":19.0},{"not_picked":["champ:IronFortress","champ:StanceDance+1"],"picked":"champ:SwordSigil+1","floor":20.0},{"not_picked":["champ:BringItOn","champ:Shatter","champ:StanceDance"],"picked":"SKIP","floor":22.0},{"not_picked":["champ:Circumvent","champ:PerfectedStrike"],"picked":"champ:FalseCounter+1","floor":25.0},{"not_picked":["champ:BladeFlurry","champ:RapidStrikes"],"picked":"champ:SkillfulDodge","floor":26.0},{"not_picked":["champ:Encircle","champ:Shatter"],"picked":"champ:HeavySlash","floor":29},{"not_picked":["champ:Circumvent","champ:Encircle"],"picked":"champ:DefensiveStyle+1","floor":31},{"not_picked":["champ:FaceSlap","champ:ShieldSlam","champ:ShieldSigil"],"picked":"SKIP","floor":32}],"player_experience":1585979,"relics_obtained":[{"floor":7.0,"key":"MawBank"},{"floor":8.0,"key":"bronze:BronzeIdol"},{"floor":10.0,"key":"Boot"},{"floor":13.0,"key":"Akabeko"},{"floor":24.0,"key":"Oddly Smooth Stone"},{"floor":29,"key":"Du-Vu Doll"}],"event_choices":[{"damage_healed":0.0,"max_hp_gain":5.0,"max_hp_loss":0.0,"gold_gain":0.0,"event_name":"Big Fish","player_choice":"Donut","floor":3.0,"gold_loss":0.0,"damage_taken":0.0},{"damage_healed":0.0,"max_hp_gain":0.0,"max_hp_loss":0.0,"gold_gain":0.0,"event_name":"Scrap Ooze","player_choice":"Success","floor":6.0,"gold_loss":0.0,"damage_taken":3.0,"relics_obtained":["Mango"]},{"damage_healed":0,"gold_gain":0,"player_choice":"Became a vampire","damage_taken":0,"max_hp_gain":0,"max_hp_loss":33,"event_name":"Vampires","floor":28,"gold_loss":0,"cards_obtained":["Bite","Bite","Bite","Bite","Bite"]}],"is_beta":false,"boss_relics":[{"not_picked":["Astrolabe","Fusion Hammer"],"picked":"Sozu"}],"items_purged_floors":[],"is_endless":false,"potions_floor_spawned":[8,15,16,19,29,32],"killed_by":"DF_ARCHETYPE_CLAW","ascension_level":2}}