{"host":"d744ndivyohnro60","time":1613704161,"event":{"mods":["BaseMod","Bestiary","Colored Powertips","Minty Spire (QoL Compilation)","Relic Stats"],"gold_per_floor":[99,99,99,99,74,74,74,74,74,74,74,74,74,29,29,29,29,29,29,29,0,0,0,0,0,0,0,0,0,0,0,0,0,0,0,0,0,0,0,0],"floor_reached":39,"language":"ENG","playtime":2938,"items_purged":[],"score":539,"play_id":"6e985a05-856d-4049-9393-83ba103cd96d","local_time":"20210218220921","is_ascension_mode":true,"campfire_choices":[{"floor":6,"key":"REST"},{"floor":8,"key":"REST"},{"data":"Turbo","floor":15,"key":"SMITH"},{"floor":23,"key":"REST"},{"floor":25,"key":"REST"},{"floor":27,"key":"REST"},{"floor":32,"key":"REST"}],"circlet_count":0,"master_deck":["Zap","Dualcast+1","Skim","Creative AI","Sweeping Beam","Leap","Turbo+1","Seek","Defragment","Meteor Strike","Tempest","Compile Driver","Defragment","Chaos","Compile Driver","Consume","Auto Shields+1","Lockon","Seek","Aggregate+1","Streamline+1","Rainbow+1","Ball Lightning","Barrage+1","Writhe"],"relics":["Ectoplasm","Pear","Ornamental Fan","Darkstone Periapt","Pandora\u0027s Box","Nilry\u0027s Codex","Juzu Bracelet","White Beast Statue","Astrolabe"],"acts_visited":["Exordium","TheCity","TheBeyond"],"potions_floor_usage":[7,16,16,16,16,16,16,29,29,33,36,39,39],"damage_taken":[{"damage":6,"enemies":"Cultist","floor":1,"turns":4},{"damage":0,"enemies":"Small Slimes","floor":2,"turns":4},{"damage":9,"enemies":"Jaw Worm","floor":3,"turns":3},{"damage":41,"enemies":"Gremlin Nob","floor":7,"turns":5},{"damage":10,"enemies":"3 Louse","floor":13,"turns":3},{"damage":16,"enemies":"Looter","floor":14,"turns":4},{"damage":51,"enemies":"Hexaghost","floor":16,"turns":11},{"damage":3,"enemies":"Chosen","floor":18,"turns":3},{"damage":33,"enemies":"2 Thieves","floor":21,"turns":3},{"damage":35,"enemies":"Chosen and Byrds","floor":24,"turns":5},{"damage":27,"enemies":"Snecko","floor":28,"turns":6},{"damage":5,"enemies":"Shelled Parasite and Fungi","floor":29,"turns":2},{"damage":12,"enemies":"Cultist and Chosen","floor":30,"turns":6},{"damage":40,"enemies":"Automaton","floor":33,"turns":12},{"damage":22,"enemies":"Orb Walker","floor":35,"turns":4},{"damage":45,"enemies":"3 Darklings","floor":36,"turns":5},{"damage":48,"enemies":"Jaw Worm Horde","floor":39,"turns":2}],"seed_played":"7057798470339012873","potions_obtained":[{"floor":1,"key":"Strength Potion"},{"floor":2,"key":"EssenceOfSteel"},{"floor":13,"key":"Energy Potion"},{"floor":14,"key":"EntropicBrew"},{"floor":18,"key":"Ancient Potion"},{"floor":24,"key":"SmokeBomb"},{"floor":28,"key":"SteroidPotion"},{"floor":30,"key":"LiquidMemories"},{"floor":33,"key":"SpeedPotion"},{"floor":35,"key":"Ancient Potion"},{"floor":36,"key":"Dexterity Potion"}],"is_trial":false,"path_per_floor":["M","M","M","?","?","R","E","R","T","?","T","?","M","M","R","B",null,"M","?","?","M","T","R","M","R","T","R","M","M","M","?","R","B",null,"M","M","?","?","M"],"character_chosen":"DEFECT","items_purchased":[],"campfire_rested":6,"item_purchase_floors":[],"current_hp_per_floor":[62,62,53,38,38,60,29,54,54,54,54,85,75,59,59,8,66,63,63,47,14,14,39,4,29,29,54,27,22,10,38,63,23,70,48,3,30,30,0,0],"gold":0,"neow_bonus":"BOSS_RELIC","is_daily":false,"chose_seed":false,"campfire_upgraded":1,"win_rate":0.0,"timestamp":1613704161,"path_taken":["M","M","?","?","?","R","E","R","T","?","?","?","M","?","R","BOSS","M","?","?","M","?","R","M","R","T","R","M","M","M","?","R","BOSS","M","M","?","?","M"],"items_purchased_type":[],"build_version":"2020-12-22","purchased_purges":0,"victory":false,"max_hp_per_floor":[75,75,75,75,75,75,85,85,85,85,85,85,85,85,85,85,85,85,85,85,85,85,85,85,85,85,85,85,85,85,85,85,85,85,85,85,91,91,91,91],"relic_stats":{"Darkstone Periapt":6,"counters":[17,82],"Ornamental Fan":[36],"Astrolabe":["Aggregate","Streamline","Rainbow"],"Pandora\u0027s Box":["Defragment","Meteor Strike","Tempest","Compile Driver","Defragment","All For One","Chaos","Doom and Gloom"],"Ectoplasm":550,"Juzu Bracelet":0,"obtain_stats":[{"Darkstone Periapt":11,"Pear":7,"Ornamental Fan":9,"Nilry\u0027s Codex":20,"Astrolabe":34,"Pandora\u0027s Box":17,"Ectoplasm":0,"Juzu Bracelet":22,"Cracked Core":0,"White Beast Statue":26},{"Darkstone Periapt":4,"Pear":4,"Ornamental Fan":4,"Nilry\u0027s Codex":8,"Astrolabe":14,"Pandora\u0027s Box":7,"Ectoplasm":0,"Juzu Bracelet":9,"Cracked Core":0,"White Beast Statue":10},{"Darkstone Periapt":16,"Pear":16,"Ornamental Fan":16,"Nilry\u0027s Codex":37,"Astrolabe":71,"Pandora\u0027s Box":34,"Ectoplasm":0,"Juzu Bracelet":40,"Cracked Core":0,"White Beast Statue":45}]},"card_choices":[{"not_picked":["Steam","Barrage"],"picked":"Skim","floor":1},{"not_picked":["Beam Cell","Gash"],"picked":"Blizzard","floor":2},{"not_picked":["FTL","Aggregate"],"picked":"Creative AI","floor":3},{"not_picked":["Go for the Eyes","Gash"],"picked":"Sweeping Beam","floor":7},{"not_picked":["Go for the Eyes","Redo"],"picked":"Leap","floor":13},{"not_picked":["Heatsinks","Conserve Battery"],"picked":"Turbo","floor":14},{"not_picked":["Fission","Biased Cognition"],"picked":"Seek","floor":16},{"not_picked":["Sweeping Beam","Self Repair"],"picked":"Compile Driver","floor":18},{"not_picked":["Compile Driver","Conserve Battery","Steam"],"picked":"SKIP","floor":21},{"not_picked":["Lockon","Gash"],"picked":"Consume","floor":24},{"not_picked":["Heatsinks","Compile Driver"],"picked":"Auto Shields+1","floor":28},{"not_picked":["Beam Cell","Ball Lightning"],"picked":"Lockon","floor":30},{"not_picked":["Echo Form","Machine Learning"],"picked":"Seek","floor":33},{"not_picked":["Gash","Redo+1"],"picked":"Ball Lightning","floor":35},{"not_picked":["Compile Driver+1","Reprogram"],"picked":"Barrage+1","floor":36}],"player_experience":238767,"relics_obtained":[{"floor":7,"key":"Pear"},{"floor":9,"key":"Ornamental Fan"},{"floor":11,"key":"Darkstone Periapt"},{"floor":20,"key":"Nilry\u0027s Codex"},{"floor":22,"key":"Juzu Bracelet"},{"floor":26,"key":"White Beast Statue"}],"event_choices":[{"damage_healed":0,"gold_gain":0,"player_choice":"Entered Light","damage_taken":15,"max_hp_gain":0,"max_hp_loss":0,"event_name":"Shining Light","floor":4,"gold_loss":0,"cards_upgraded":["Dualcast","Defend_B"]},{"damage_healed":0,"gold_gain":0,"player_choice":"Left Gold","damage_taken":0,"max_hp_gain":0,"max_hp_loss":0,"event_name":"World of Goop","floor":5,"gold_loss":25},{"damage_healed":0,"gold_gain":0,"player_choice":"Ignored","damage_taken":0,"max_hp_gain":0,"max_hp_loss":0,"event_name":"Liars Game","floor":10,"gold_loss":0},{"damage_healed":31,"gold_gain":0,"player_choice":"Full Heal","damage_taken":0,"max_hp_gain":0,"max_hp_loss":0,"event_name":"Wheel of Change","floor":12,"gold_loss":0},{"damage_healed":0,"gold_gain":0,"player_choice":"Ignored","damage_taken":0,"max_hp_gain":0,"max_hp_loss":0,"event_name":"Vampires","floor":19,"gold_loss":0},{"damage_healed":0,"gold_gain":0,"player_choice":"Obtained Book","damage_taken":16,"max_hp_gain":0,"max_hp_loss":0,"event_name":"Cursed Tome","floor":20,"gold_loss":0},{"damage_healed":28,"gold_gain":0,"player_choice":"Heal","damage_taken":0,"max_hp_gain":0,"max_hp_loss":0,"event_name":"The Library","floor":31,"gold_loss":0},{"damage_healed":21,"gold_gain":0,"player_choice":"Writhe","damage_taken":0,"max_hp_gain":0,"max_hp_loss":0,"event_name":"Winding Halls","floor":37,"gold_loss":0,"cards_obtained":["Writhe"]},{"damage_healed":0,"gold_gain":0,"player_choice":"Ignored","damage_taken":0,"max_hp_gain":0,"max_hp_loss":0,"event_name":"Mysterious Sphere","floor":38,"gold_loss":0}],"is_beta":false,"boss_relics":[{"not_picked":["Busted Crown","Black Star"],"picked":"Pandora\u0027s Box"},{"not_picked":["Inserter","SlaversCollar"],"picked":"Astrolabe"}],"items_purged_floors":[],"is_endless":false,"potions_floor_spawned":[1,2,13,14,18,24,28,29,30,33,35,36],"killed_by":"Jaw Worm Horde","ascension_level":7}}