{"host":"6e4d2nejd5141r00","time":1613738123,"event":{"mods":["Act Like it!","BaseMod","Better Synergies","Better Third Choice","BetterRewards","CapriCore","Colored Map","Colored Powertips","GifTheSpireLib","Infinite Spire","Minty Spire (QoL Compilation)","Relic Stats","Replay The Spire","Spire Arcade","StSLib","Wandering Minibosses"],"gold_per_floor":[110,139,139,159,159,187,199,225,359,546,593,605,617,617],"floor_reached":13,"language":"ENG","playtime":389,"items_purged":[],"score":116,"play_id":"28785806-0f5c-4e60-87f8-f4c6e31735c3","local_time":"20210219133523","is_ascension_mode":false,"campfire_choices":[{"floor":12,"key":"REST"}],"circlet_count":0,"master_deck":["Strike_P","Strike_P","Strike_P","Strike_P","Defend_P","Defend_P","Defend_P","Defend_P","Eruption","Vigilance","Prostrate","Looming Evil","Pray","Brilliance","Doubt","infinitespire:Pacifist","Regret","Study"],"relics":["NeowsBlessing","Turnip","ReplayTheSpireMod:Ring of Exchange","ReplayTheSpireMod:Ring of Collecting","MawBank","Replay:M_StaffOfTheSnake","Ring of Greed","Blue Candle","MealTicket","Smiling Mask","Replay:Bottled Snecko"],"acts_visited":["Exordium"],"potions_floor_usage":[13,13],"damage_taken":[{"damage":0,"enemies":"Small Slimes","floor":1,"turns":1},{"damage":0,"enemies":"2 Louse","floor":4,"turns":2},{"damage":0,"enemies":"Lagavulin","floor":6,"turns":4},{"damage":1,"enemies":"Jaw Worm","floor":8,"turns":4},{"damage":39,"enemies":"Gremlin Nob","floor":11,"turns":4},{"damage":54,"enemies":"3 Sentries","floor":13,"turns":5}],"seed_played":"-9043269621628451031","potions_obtained":[{"floor":8,"key":"BottledMiracle"},{"floor":11,"key":"Energy Potion"}],"is_trial":false,"path_per_floor":["M","?","?","M","$","E","?","M","T","?","E","R","E"],"character_chosen":"WATCHER","items_purchased":[],"campfire_rested":1,"item_purchase_floors":[],"current_hp_per_floor":[72,72,72,72,72,72,72,71,71,71,32,53,0,0],"gold":617,"neow_bonus":"THREE_ENEMY_KILL","is_daily":false,"chose_seed":false,"campfire_upgraded":0,"win_rate":0.0,"timestamp":1613738123,"path_taken":["M","?","?","M","$","E","?","M","T","?","E","R","E"],"items_purchased_type":[],"build_version":"2020-12-22","purchased_purges":0,"victory":false,"max_hp_per_floor":[72,72,72,72,72,72,72,72,72,72,72,72,72,72],"relic_stats":{"counters":[6,20],"Blue Candle":[6],"MealTicket":0,"Turnip":[0],"MawBank":84,"Smiling Mask":0,"obtain_stats":[{"ReplayTheSpireMod:Ring of Exchange":3,"Replay:M_StaffOfTheSnake":7,"NeowsBlessing":0,"ReplayTheSpireMod:Ring of Collecting":3,"Blue Candle":9,"MealTicket":9,"Turnip":2,"Ring of Greed":9,"Replay:Bottled Snecko":11,"PureWater":0,"MawBank":6,"Smiling Mask":9},{"ReplayTheSpireMod:Ring of Exchange":1,"Replay:M_StaffOfTheSnake":3,"NeowsBlessing":0,"ReplayTheSpireMod:Ring of Collecting":1,"Blue Candle":4,"MealTicket":4,"Turnip":1,"Ring of Greed":4,"Replay:Bottled Snecko":5,"PureWater":0,"MawBank":3,"Smiling Mask":4},{"ReplayTheSpireMod:Ring of Exchange":1,"Replay:M_StaffOfTheSnake":7,"NeowsBlessing":0,"ReplayTheSpireMod:Ring of Collecting":1,"Blue Candle":11,"MealTicket":11,"Turnip":1,"Ring of Greed":11,"Replay:Bottled Snecko":15,"PureWater":0,"MawBank":7,"Smiling Mask":11}]},"card_choices":[{"not_picked":["FearNoEvil","CrushJoints"],"picked":"Prostrate","floor":1},{"not_picked":["Replay:Anticipation","Replay:AtTheReady"],"picked":"Pray","floor":4},{"not_picked":["BattleHymn","TalkToTheHand"],"picked":"Brilliance","floor":6},{"not_picked":["Halt","CrushJoints","Replay:ManipulateFuture"],"picked":"SKIP","floor":8},{"not_picked":["Weave","CutThroughFate"],"picked":"Study","floor":11}],"player_experience":86178,"relics_obtained":[{"floor":2,"key":"Turnip"},{"floor":3,"key":"ReplayTheSpireMod:Ring of Exchange"},{"floor":3,"key":"ReplayTheSpireMod:Ring of Collecting"},{"floor":6,"key":"MawBank"},{"floor":9,"key":"Ring of Greed"},{"floor":9,"key":"Blue Candle"},{"floor":9,"key":"MealTicket"},{"floor":9,"key":"Smiling Mask"},{"floor":11,"key":"Replay:Bottled Snecko"}],"event_choices":[{"damage_healed":0,"gold_gain":175,"player_choice":"AGREE","damage_taken":371,"max_hp_gain":0,"max_hp_loss":0,"event_name":"betterThird:BetterSerpent","floor":10,"gold_loss":0}],"is_beta":false,"boss_relics":[],"items_purged_floors":[],"is_endless":false,"potions_floor_spawned":[8,11],"killed_by":"3 Sentries","ascension_level":0}}