{"host":"8f5cu9y0fpol72qs","time":1613696998,"event":{"mods":["AlwaysNeverKeys","BaseMod","Colored Map","Colored Powertips","Curses Come First","Highlight Path","Key Reminder","Minty Spire (QoL Compilation)","StSLib"],"gold_per_floor":[109,125,50,50,65,98,98,12,81,94,94,125,125,138,138,209,209,229,229,240,165,184,210,43,43,114,143,143,155,155,48,48,126,126,144,160,172,172,186,186,220,220,268,301,319,346,346,346,346,346,346,346,79,113,113],"floor_reached":56,"language":"ENG","playtime":3535,"items_purged":["Strike_B","Defend_B"],"score":2192,"play_id":"afb8abb9-ee80-40fa-9d29-5812e6b6ff25","local_time":"20210218170958","is_ascension_mode":true,"campfire_choices":[{"data":"Zap","floor":7.0,"key":"SMITH"},{"floor":11.0,"key":"REST"},{"data":"Defragment","floor":15.0,"key":"SMITH"},{"floor":25.0,"key":"REST"},{"floor":28.0,"key":"REST"},{"data":"Dualcast","floor":30.0,"key":"SMITH"},{"data":"Coolheaded","floor":32.0,"key":"SMITH"},{"floor":40.0,"key":"REST"},{"floor":42.0,"key":"REST"},{"floor":47.0,"key":"RECALL"},{"data":"Defragment","floor":49.0,"key":"SMITH"},{"data":"Echo Form","floor":52.0,"key":"SMITH"}],"circlet_count":0,"master_deck":["AscendersBane","Zap+1","Dualcast+1","Ball Lightning","Sweeping Beam","Genetic Algorithm","Defragment+1","Compile Driver","Coolheaded+1","Ball Lightning","Echo Form+1","Beam Cell+1","Rainbow+1","Stack+1","Glacier","Chill","Defragment+1","Hologram","Defragment+1","White Noise+1","Capacitor","Go for the Eyes"],"relics":["Cracked Core","Juzu Bracelet","Ornamental Fan","Potion Belt","Astrolabe","StoneCalendar","Happy Flower","Mercury Hourglass","Regal Pillow","Runic Pyramid","Meat on the Bone","Pantograph","Darkstone Periapt","Bronze Scales"],"acts_visited":["TheCity","TheBeyond","TheEnding"],"potions_floor_usage":[54,55,55,55],"damage_taken":[{"damage":0.0,"enemies":"2 Louse","floor":1.0,"turns":3.0},{"damage":2.0,"enemies":"Jaw Worm","floor":2.0,"turns":3.0},{"damage":0.0,"enemies":"Small Slimes","floor":5.0,"turns":2.0},{"damage":50.0,"enemies":"3 Sentries","floor":6.0,"turns":8.0},{"damage":4.0,"enemies":"Looter","floor":10.0,"turns":4.0},{"damage":11.0,"enemies":"Gremlin Nob","floor":12.0,"turns":3.0},{"damage":4.0,"enemies":"3 Louse","floor":14.0,"turns":3.0},{"damage":7.0,"enemies":"The Guardian","floor":16.0,"turns":9.0},{"damage":2.0,"enemies":"Chosen","floor":18.0,"turns":5.0},{"damage":6.0,"enemies":"Spheric Guardian","floor":20.0,"turns":5.0},{"damage":3.0,"enemies":"Cultist and Chosen","floor":22.0,"turns":6.0},{"damage":25.0,"enemies":"Gremlin Leader","floor":23.0,"turns":7.0},{"damage":29.0,"enemies":"Slavers","floor":27.0,"turns":4.0},{"damage":14.0,"enemies":"3 Cultists","floor":29.0,"turns":4.0},{"damage":34.0,"enemies":"Automaton","floor":33.0,"turns":12.0},{"damage":5.0,"enemies":"3 Darklings","floor":35.0,"turns":5.0},{"damage":3.0,"enemies":"3 Shapes","floor":36.0,"turns":4.0},{"damage":5.0,"enemies":"3 Darklings","floor":37.0,"turns":5.0},{"damage":44.0,"enemies":"Writhing Mass","floor":39.0,"turns":6.0},{"damage":39.0,"enemies":"Reptomancer","floor":41.0,"turns":7.0},{"damage":13.0,"enemies":"Giant Head","floor":44.0,"turns":8.0},{"damage":30.0,"enemies":"Sphere and 2 Shapes","floor":45.0,"turns":4.0},{"damage":0.0,"enemies":"Nemesis","floor":46.0,"turns":5.0},{"damage":42.0,"enemies":"Time Eater","floor":50.0,"turns":9.0},{"damage":59,"enemies":"Shield and Spear","floor":54,"turns":8},{"damage":46,"enemies":"The Heart","floor":55,"turns":10}],"seed_played":"1113495381408481907","potions_obtained":[{"floor":5.0,"key":"SpeedPotion"},{"floor":6.0,"key":"FocusPotion"},{"floor":12.0,"key":"FocusPotion"},{"floor":16.0,"key":"Dexterity Potion"},{"floor":22.0,"key":"AttackPotion"},{"floor":23.0,"key":"SpeedPotion"},{"floor":35.0,"key":"PowerPotion"},{"floor":37.0,"key":"FearPotion"},{"floor":44.0,"key":"FocusPotion"},{"floor":46.0,"key":"FocusPotion"},{"floor":54,"key":"Strength Potion"}],"is_trial":false,"path_per_floor":["M","M","$","?","M","E","R","$","T","M","R","E","?","M","R","B",null,"M","?","M","?","M","E","$","R","T","E","R","M","R","$","R","B",null,"M","M","M","?","M","R","E","R","T","E","M","E","R","?","R","B",null,"R","$","E","B",null],"character_chosen":"DEFECT","items_purchased":["Defragment","Happy Flower","FairyPotion","Capacitor","Ancient Potion"],"campfire_rested":5,"item_purchase_floors":[8,24,31,53,53],"current_hp_per_floor":[71,69,69,69,69,19,19,19,19,15,38,27,20,16,16,9,61,59,59,53,53,50,25,25,48,48,19,57,43,43,43,43,9,61,56,53,48,48,4,42,3,41,41,40,22,34,34,34,34,29,66,66,66,19,34],"gold":113,"neow_bonus":"TEN_PERCENT_HP_BONUS","is_daily":false,"chose_seed":false,"campfire_upgraded":6,"win_rate":0.0,"timestamp":1613696998,"path_taken":["M","M","$","?","M","E","R","?","T","M","R","E","?","M","R","BOSS","M","?","M","?","M","E","$","R","T","E","R","M","R","$","R","BOSS","M","M","M","?","M","R","E","R","T","E","M","E","R","?","R","BOSS","R","$","E","BOSS"],"items_purchased_type":["Card","Relic","Potion","Card","Potion"],"build_version":"2020-12-22","purchased_purges":2,"victory":true,"max_hp_per_floor":[78,78,78,78,78,78,78,78,78,78,78,78,78,78,78,78,78,78,78,78,78,78,78,78,78,78,78,78,78,78,78,78,78,78,78,78,78,78,78,78,78,78,78,78,78,78,78,78,78,78,78,78,78,78,78],"card_choices":[{"not_picked":["Beam Cell","Leap"],"picked":"Ball Lightning","floor":1.0},{"not_picked":["Barrage","Steam Power"],"picked":"Sweeping Beam","floor":2.0},{"not_picked":["Turbo","Chaos"],"picked":"Go for the Eyes","floor":5.0},{"not_picked":["Coolheaded","Compile Driver"],"picked":"Genetic Algorithm","floor":6.0},{"not_picked":["Redo","Hello World"],"picked":"Compile Driver","floor":10.0},{"not_picked":["Thunder Strike","Steam"],"picked":"Coolheaded","floor":12.0},{"not_picked":["Conserve Battery","Barrage"],"picked":"Ball Lightning","floor":14.0},{"not_picked":["Amplify","Seek"],"picked":"Echo Form","floor":16.0},{"not_picked":["Go for the Eyes+1","Compile Driver","Reprogram+1"],"picked":"SKIP","floor":18.0},{"not_picked":["Barrage","Beam Cell","Rebound"],"picked":"SKIP","floor":20.0},{"not_picked":["Ball Lightning","Sweeping Beam","Skim"],"picked":"SKIP","floor":22.0},{"not_picked":["Turbo+1","Ball Lightning"],"picked":"Chill","floor":23.0},{"not_picked":["Amplify","Stack","Force Field"],"picked":"SKIP","floor":27.0},{"not_picked":["Cold Snap","Conserve Battery","Streamline"],"picked":"SKIP","floor":29.0},{"not_picked":["Streamline","Force Field+1"],"picked":"Defragment","floor":35.0},{"not_picked":["Sweeping Beam","Redo","Rebound"],"picked":"SKIP","floor":36.0},{"not_picked":["Sweeping Beam","Redo","Rebound"],"picked":"SKIP","floor":36.0},{"not_picked":["Conserve Battery","Steam Power"],"picked":"Hologram","floor":37.0},{"not_picked":["Redo","Melter","Coolheaded+1"],"picked":"SKIP","floor":39.0},{"not_picked":["Static Discharge","Melter","Hologram+1"],"picked":"SKIP","floor":41.0},{"not_picked":["Gash","Recycle"],"picked":"White Noise+1","floor":44.0},{"not_picked":["Ball Lightning","Stack","Lockon"],"picked":"SKIP","floor":45.0},{"not_picked":["Self Repair","FTL+1","Rebound"],"picked":"SKIP","floor":46.0},{"not_picked":["Tempest","Sweeping Beam"],"picked":"Go for the Eyes","floor":54}],"player_experience":1100254,"relics_obtained":[{"floor":6.0,"key":"Juzu Bracelet"},{"floor":9.0,"key":"Ornamental Fan"},{"floor":12.0,"key":"Potion Belt"},{"floor":23.0,"key":"StoneCalendar"},{"floor":26.0,"key":"Mercury Hourglass"},{"floor":27.0,"key":"Regal Pillow"},{"floor":41.0,"key":"Meat on the Bone"},{"floor":44.0,"key":"Pantograph"},{"floor":46.0,"key":"Darkstone Periapt"},{"floor":54,"key":"Bronze Scales"}],"event_choices":[{"cards_removed":["Strike_B"],"damage_healed":0.0,"max_hp_gain":0.0,"max_hp_loss":0.0,"gold_gain":0.0,"event_name":"Living Wall","player_choice":"Forget","floor":4.0,"gold_loss":0.0,"damage_taken":0.0},{"cards_removed":["Strike_B"],"damage_healed":0.0,"max_hp_gain":0.0,"max_hp_loss":0.0,"gold_gain":0.0,"event_name":"Golden Wing","player_choice":"Card Removal","floor":13.0,"gold_loss":0.0,"damage_taken":7.0},{"damage_healed":0.0,"max_hp_gain":0.0,"max_hp_loss":0.0,"gold_gain":0.0,"event_name":"The Library","player_choice":"Read","floor":19.0,"gold_loss":0.0,"damage_taken":0.0,"cards_obtained":["Glacier"]},{"cards_removed":["Defend_B"],"damage_healed":0.0,"max_hp_gain":0.0,"max_hp_loss":0.0,"gold_gain":0.0,"event_name":"Beggar","player_choice":"Gave Gold","floor":21.0,"gold_loss":75.0,"damage_taken":0.0},{"damage_healed":0.0,"max_hp_gain":0.0,"max_hp_loss":0.0,"gold_gain":0.0,"event_name":"Duplicator","player_choice":"Copied","floor":38.0,"gold_loss":0.0,"damage_taken":0.0,"cards_obtained":["Defragment"]},{"cards_removed":["Go for the Eyes"],"damage_healed":0.0,"max_hp_gain":0.0,"max_hp_loss":0.0,"gold_gain":0.0,"event_name":"Falling","player_choice":"Removed Attack","floor":48.0,"gold_loss":0.0,"damage_taken":0.0}],"is_beta":false,"boss_relics":[{"not_picked":["Philosopher\u0027s Stone","FrozenCore"],"picked":"Astrolabe"},{"not_picked":["Snecko Eye","Runic Dome"],"picked":"Runic Pyramid"}],"items_purged_floors":[3,53],"is_endless":false,"potions_floor_spawned":[5,6,12,16,22,23,35,37,44,46,54],"ascension_level":19}}