{"host":"ugys05tpep779cl6","time":1613733704,"event":{"mods":["AchievementEnabler","Aspiration","BaseMod","Beaked The Cultist","CatGirl Mod","Colored Powertips","HololiveMod","Lobotomy","Minty Spire (QoL Compilation)","Quick Restart","Replay The Spire","Spicy Shops","StSLib","The Druid"],"gold_per_floor":[117,133,133,150,160,188,206,236,263,29,41,41,41,73,73,174,174,191,191,41,53,110,143,153,78,78,78,103,103,131,144,144,248,248,262,162,162,179,25,76,76,101,149,149,24,37,48,62,62,62,62,62,62,94,94],"floor_reached":56,"language":"ENG","playtime":2757,"items_purged":["Strike_R","Strike_R","Defend_R"],"score":1543,"play_id":"015b74f8-f2f4-495b-987e-b0feff416dff","local_time":"20210219122144","is_ascension_mode":true,"campfire_choices":[{"data":"Body Slam","floor":12,"key":"SMITH"},{"data":"Metallicize","floor":15,"key":"SMITH"},{"floor":29,"key":"RECALL"},{"data":"Uppercut","floor":32,"key":"SMITH"},{"floor":41,"key":"DIG"},{"floor":44,"key":"DIG"},{"floor":49,"key":"DIG"},{"floor":52,"key":"DIG"}],"circlet_count":0,"master_deck":["Strike_R","Strike_R","Defend_R","Defend_R","Defend_R+1","Bash","Shrug It Off","Demon Form","Warcry","beaked:WarriorEssence","Metallicize+1","Body Slam+1","Double Tap","Shrug It Off+1","Metallicize","ReplayReversal","Uppercut+1","Iron Wave","Body Slam+1","Impervious","Barricade","Entrench+1"],"relics":["Burning Blood","aspiration:Nostalgia","m_ByrdBlood","Gambling Chip","Calipers","HornCleat","Replay:Rubber Ducky","aspiration:DefectSkillbook","Replay:Bottled Steam","Orrery","Red Skull","Du-Vu Doll","Shovel","ReplayTheSpireMod:TigerMarble","Pet Ghost","Runic Pyramid","Turnip","Bottled Flame","CaptainsWheel","Shuriken","Pen Nib","Centennial Puzzle","BranchBurnRelic","Ornamental Fan","FossilizedHelix"],"acts_visited":["Exordium","TheCity","TheBeyond","TheEnding"],"potions_floor_usage":[7,55,55,55],"damage_taken":[{"damage":0,"enemies":"Small Slimes","floor":1,"turns":3},{"damage":6,"enemies":"Cultist","floor":2,"turns":3},{"damage":0,"enemies":"2 Louse","floor":4,"turns":3},{"damage":15,"enemies":"Exordium Thugs","floor":5,"turns":5},{"damage":31,"enemies":"Lagavulin","floor":6,"turns":7},{"damage":20,"enemies":"Looter","floor":7,"turns":3},{"damage":28,"enemies":"Gremlin Nob","floor":8,"turns":4},{"damage":13,"enemies":"Large Slime","floor":11,"turns":6},{"damage":0,"enemies":"Lagavulin","floor":14,"turns":5},{"damage":20,"enemies":"Hexaghost","floor":16,"turns":8},{"damage":2,"enemies":"2 Thieves","floor":18,"turns":4},{"damage":0,"enemies":"Spheric Guardian","floor":21,"turns":4},{"damage":0,"enemies":"Gremlin Leader","floor":23,"turns":9},{"damage":0,"enemies":"Shelled Parasite and Fungi","floor":24,"turns":4},{"damage":7,"enemies":"Slavers","floor":28,"turns":6},{"damage":0,"enemies":"Replay:Snechameleon","floor":30,"turns":4},{"damage":0,"enemies":"Chosen and Byrds","floor":31,"turns":4},{"damage":0,"enemies":"Automaton","floor":33,"turns":6},{"damage":0,"enemies":"3 Darklings","floor":35,"turns":5},{"damage":0,"enemies":"3 Shapes","floor":38,"turns":5},{"damage":0,"enemies":"R_Hoarder","floor":40,"turns":5},{"damage":0,"enemies":"Nemesis","floor":42,"turns":3},{"damage":0,"enemies":"Maw","floor":46,"turns":3},{"damage":0,"enemies":"Spire Growth","floor":47,"turns":4},{"damage":0,"enemies":"3 Darklings","floor":48,"turns":4},{"damage":2,"enemies":"Awakened One","floor":50,"turns":10},{"damage":6,"enemies":"Shield and Spear","floor":54,"turns":8},{"damage":53,"enemies":"The Heart","floor":55,"turns":10}],"seed_played":"6114070263896290477","potions_obtained":[{"floor":2,"key":"Fruit Juice"},{"floor":4,"key":"ColorlessPotion"},{"floor":5,"key":"Dexterity Potion"},{"floor":11,"key":"ElixirPotion"},{"floor":16,"key":"AttackPotion"},{"floor":22,"key":"Fire Potion"},{"floor":37,"key":"LiquidMemories"},{"floor":37,"key":"LiquidMemories"},{"floor":38,"key":"Elixir"}],"is_trial":false,"path_per_floor":["M","M","?","M","M","E","M","E","T","$","M","R","T","E","R","B",null,"M","?","$","M","?","E","M","?","T","?","E","R","E","M","R","B",null,"M","$","?","M","$","E","R","E","T","R","$","M","M","M","R","B",null,"R","$","E","B",null],"character_chosen":"IRONCLAD","items_purchased":["Metallicize","Orrery","Turnip"],"campfire_rested":0,"item_purchase_floors":[10,20,39],"current_hp_per_floor":[80,80,80,80,80,73,73,69,69,69,85,85,85,85,85,85,85,85,85,85,85,51,85,85,85,85,85,85,85,85,85,85,85,85,85,85,85,85,85,85,85,85,85,85,85,85,85,85,85,85,85,85,85,85,66],"gold":94,"neow_bonus":"NOSTALGIA","is_daily":false,"chose_seed":false,"campfire_upgraded":3,"win_rate":0.0,"timestamp":1613733704,"path_taken":["M","M","?","M","M","E","M","E","T","?","?","R","?","E","R","BOSS","M","?","?","M","?","E","M","?","T","?","E","R","E","?","R","BOSS","M","?","?","M","$","E","R","E","T","R","$","M","?","M","R","BOSS","R","$","E","BOSS"],"items_purchased_type":["Card","Relic","Relic"],"build_version":"2020-12-22","purchased_purges":3,"victory":true,"max_hp_per_floor":[80,80,80,80,80,80,85,85,85,85,85,85,85,85,85,85,85,85,85,85,85,85,85,85,85,85,85,85,85,85,85,85,85,85,85,85,85,85,85,85,85,85,85,85,85,85,85,85,85,85,85,85,85,85,85],"card_choices":[{"not_picked":["Headbutt","ReplayReversal"],"picked":"Shrug It Off","floor":1},{"not_picked":["Heavy Blade","beaked:WarriorEssence"],"picked":"Demon Form","floor":2},{"not_picked":["Wild Strike","beaked:Resilience","Anger"],"picked":"SKIP","floor":4},{"not_picked":["Twin Strike","Second Wind","Battle Trance"],"picked":"SKIP","floor":5},{"not_picked":["Ghostly Armor","Rampage"],"picked":"Warcry","floor":6},{"not_picked":["True Grit","Reaper","Flex"],"picked":"SKIP","floor":7},{"not_picked":["Dropkick","Searing Blow"],"picked":"beaked:WarriorEssence","floor":8},{"not_picked":["Havoc","True Grit"],"picked":"Body Slam","floor":11},{"not_picked":["True Grit","Flex"],"picked":"Double Tap","floor":14},{"not_picked":["Run Through","Cleave","Thunderclap"],"picked":"Shrug It Off+1","floor":18},{"not_picked":["True Grit+1","Body Slam+1","Infernal Blade"],"picked":"Metallicize","floor":20},{"not_picked":["Cleave+1","Armaments+1","Thunderclap"],"picked":"ReplayReversal","floor":20},{"not_picked":["Sentinel","Twin Strike","Feel No Pain+1"],"picked":"Uppercut","floor":21},{"not_picked":["Havoc","Carnage","Sword Boomerang"],"picked":"Iron Wave","floor":22},{"not_picked":["Headbutt","Warcry+1","Twin Strike+1"],"picked":"Body Slam+1","floor":23},{"not_picked":["Carnage","Headbutt","Heavy Blade","Perfected Strike"],"picked":"SKIP","floor":24},{"not_picked":["ReplayTheSpireMod:Stacked","Dropkick","Flame Barrier","Double Tap"],"picked":"SKIP","floor":28},{"not_picked":["Hemokinesis+1","Havoc","Perfected Strike","Dual Wield"],"picked":"SKIP","floor":30},{"not_picked":["Rampage","ReplayTheSpireMod:Strike From Hell","Havoc","Armaments"],"picked":"SKIP","floor":31},{"not_picked":["Demon Form","Eclipse","Feed"],"picked":"Impervious","floor":33},{"not_picked":["ReplayTheSpireMod:Strike From Hell","Body Slam+1","Shrug It Off+1","Perfected Strike"],"picked":"SKIP","floor":35},{"not_picked":["Clash","Intimidate","ReplayTheSpireMod:Strike From Hell+1","Life Link+1"],"picked":"SKIP","floor":38},{"not_picked":["Flex+1","True Grit","Body Slam"],"picked":"Barricade","floor":40},{"not_picked":["Clothesline","Headbutt+1","Life Link","Armaments"],"picked":"SKIP","floor":42},{"not_picked":["Havoc","ReplayTheSpireMod:Stacked","ReplayTheSpireMod:Strike From Hell+1","Replay:Undeath\u0027s Touch"],"picked":"SKIP","floor":46},{"not_picked":["Thunderclap","Cleave","Warcry+1","Impervious"],"picked":"SKIP","floor":47},{"not_picked":["Iron Wave+1","Perfected Strike+1","Clothesline","Body Slam"],"picked":"SKIP","floor":48},{"not_picked":["Body Slam+1","ReplayTheSpireMod:Strike From Hell+1","Uppercut"],"picked":"Entrench+1","floor":54}],"player_experience":758529,"relics_obtained":[{"floor":6,"key":"Gambling Chip"},{"floor":8,"key":"Calipers"},{"floor":13,"key":"HornCleat"},{"floor":14,"key":"Replay:Rubber Ducky"},{"floor":22,"key":"Red Skull"},{"floor":23,"key":"Du-Vu Doll"},{"floor":26,"key":"Shovel"},{"floor":28,"key":"ReplayTheSpireMod:TigerMarble"},{"floor":30,"key":"Pet Ghost"},{"floor":40,"key":"Bottled Flame"},{"floor":41,"key":"CaptainsWheel"},{"floor":42,"key":"Shuriken"},{"floor":43,"key":"Pen Nib"},{"floor":44,"key":"Centennial Puzzle"},{"floor":49,"key":"Dead Branch"},{"floor":52,"key":"Ornamental Fan"},{"floor":54,"key":"FossilizedHelix"}],"event_choices":[{"damage_healed":0,"gold_gain":0,"player_choice":"Forge","damage_taken":0,"max_hp_gain":0,"max_hp_loss":0,"event_name":"Accursed Blacksmith","floor":3,"gold_loss":0,"cards_upgraded":["Defend_R"]},{"damage_healed":0,"gold_gain":0,"player_choice":"Opened","damage_taken":0,"relics_obtained":["Replay:Bottled Steam"],"max_hp_gain":0,"max_hp_loss":0,"event_name":"The Mausoleum","floor":19,"gold_loss":0},{"cards_removed":["Strike_R"],"damage_healed":0,"gold_gain":0,"player_choice":"Gave Gold","damage_taken":0,"max_hp_gain":0,"max_hp_loss":0,"event_name":"Beggar","floor":25,"gold_loss":75},{"damage_healed":0,"gold_gain":0,"player_choice":"Bought 0 Potions","damage_taken":0,"max_hp_gain":0,"max_hp_loss":0,"event_name":"The Woman in Blue","floor":27,"gold_loss":0},{"damage_healed":0,"gold_gain":0,"player_choice":"Got Potions","damage_taken":0,"max_hp_gain":0,"max_hp_loss":0,"event_name":"Lab","floor":37,"gold_loss":0}],"is_beta":false,"boss_relics":[{"not_picked":["Kintsugi","Snecko Heart"],"picked":"aspiration:DefectSkillbook"},{"not_picked":["ChewingGum","Fusion Hammer"],"picked":"Runic Pyramid"}],"items_purged_floors":[20,36,45],"is_endless":false,"potions_floor_spawned":[2,4,5,11,14,16,21,23,28,33,38],"ascension_level":1}}