{"host":"lv7etzzgwahaenh9","time":1613768870,"event":{"mods":["AchievementEnabler","BaseMod","Colored Map","Colored Powertips","Highlight Path","Minty Spire (QoL Compilation)","Permanent Neow","Quick Restart","Random Character Button","StSLib"],"gold_per_floor":[119,131,131,131,147,147,178,178,178,178,222,222,56,56,56,146,146,167,167,167,183,199,239,239,259,282,282,282,316,21,55,55,151,151,174,199,532,550,550,550,577,577,577,603,603,616,641,655,655,655,655,655,420,445,445],"floor_reached":56,"language":"ENG","playtime":2356,"items_purged":["Strike_G"],"score":2180,"play_id":"c7119b13-b8ca-410f-a2d1-3616756d0f88","local_time":"20210219130750","is_ascension_mode":true,"campfire_choices":[{"data":"Footwork","floor":6,"key":"SMITH"},{"floor":8,"key":"REST"},{"data":"Neutralize","floor":12,"key":"SMITH"},{"data":"Dagger Spray","floor":15,"key":"SMITH"},{"data":"Wraith Form v2","floor":24,"key":"SMITH"},{"floor":27,"key":"REST"},{"floor":28,"key":"REST"},{"data":"Cloak And Dagger","floor":32,"key":"SMITH"},{"data":"Predator","floor":40,"key":"SMITH"},{"data":"Burst","floor":42,"key":"SMITH"},{"floor":45,"key":"RECALL"},{"data":"Phantasmal Killer","floor":49,"key":"SMITH"},{"data":"Well Laid Plans","floor":52,"key":"SMITH"}],"circlet_count":0,"master_deck":["AscendersBane","Strike_G","Strike_G","Strike_G","Defend_G","Defend_G","Defend_G","Defend_G","Defend_G","Survivor","Neutralize+1","Predator+1","Footwork+1","Dagger Spray+1","Slice","Slice+1","Skewer+1","Blur","Poisoned Stab+1","Die Die Die+1","Riddle With Holes+1","Necronomicurse","Well Laid Plans+1","Wraith Form v2+1","PiercingWail","Burst+1","Cloak And Dagger+1","Corpse Explosion","Dash+1","Phantasmal Killer+1","Eviscerate+1","Skewer+1","Secret Weapon"],"relics":["Ring of the Snake","Boot","Incense Burner","Nunchaku","Molten Egg 2","Pen Nib","SlaversCollar","WingedGreaves","Necronomicon","MealTicket","Akabeko","Bag of Marbles","Lantern","HandDrill","Ancient Tea Set","Busted Crown","Smiling Mask","Vajra","Regal Pillow","Blood Vial"],"acts_visited":["Exordium","TheCity","TheBeyond","TheEnding"],"potions_floor_usage":[11,16,22,25,55],"damage_taken":[{"damage":1,"enemies":"Small Slimes","floor":1,"turns":4},{"damage":0,"enemies":"2 Louse","floor":2,"turns":3},{"damage":2,"enemies":"Jaw Worm","floor":5,"turns":5},{"damage":15,"enemies":"3 Sentries","floor":7,"turns":7},{"damage":17,"enemies":"Gremlin Nob","floor":11,"turns":5},{"damage":4,"enemies":"Slime Boss","floor":16,"turns":10},{"damage":0,"enemies":"3 Byrds","floor":18,"turns":2},{"damage":0,"enemies":"Chosen","floor":21,"turns":2},{"damage":15,"enemies":"Centurion and Healer","floor":22,"turns":3},{"damage":27,"enemies":"Book of Stabbing","floor":23,"turns":4},{"damage":11,"enemies":"Cultist and Chosen","floor":25,"turns":7},{"damage":0,"enemies":"Gremlin Leader","floor":29,"turns":2},{"damage":0,"enemies":"Book of Stabbing","floor":31,"turns":2},{"damage":25,"enemies":"Automaton","floor":33,"turns":6},{"damage":0,"enemies":"3 Darklings","floor":35,"turns":1},{"damage":0,"enemies":"Orb Walker","floor":36,"turns":1},{"damage":0,"enemies":"3 Darklings","floor":38,"turns":2},{"damage":0,"enemies":"Nemesis","floor":41,"turns":3},{"damage":0,"enemies":"Reptomancer","floor":44,"turns":1},{"damage":0,"enemies":"Sphere and 2 Shapes","floor":46,"turns":3},{"damage":4,"enemies":"Giant Head","floor":47,"turns":5},{"damage":3,"enemies":"Writhing Mass","floor":48,"turns":3},{"damage":0,"enemies":"Time Eater","floor":50,"turns":1},{"damage":21,"enemies":"Shield and Spear","floor":54,"turns":3},{"damage":37,"enemies":"The Heart","floor":55,"turns":8}],"seed_played":"5950975935501571300","potions_obtained":[{"floor":2,"key":"FairyPotion"},{"floor":7,"key":"PowerPotion"},{"floor":11,"key":"SpeedPotion"},{"floor":18,"key":"DistilledChaos"},{"floor":23,"key":"LiquidMemories"},{"floor":31,"key":"Poison Potion"},{"floor":35,"key":"PowerPotion"},{"floor":41,"key":"SteroidPotion"},{"floor":46,"key":"FairyPotion"}],"is_trial":false,"path_per_floor":["M","M","?","?","M","R","E","R","T","?","E","R","$","?","R","B",null,"M","?","?","M","M","E","R","M","T","R","R","E","$","E","R","B",null,"M","M","?","M","?","R","E","R","T","E","R","M","E","M","R","B",null,"R","$","E","B",null],"character_chosen":"THE_SILENT","items_purchased":["Skewer+1","Blur","Poisoned Stab+1","Lantern","HandDrill","Secret Weapon"],"campfire_rested":3,"item_purchase_floors":[13,13,13,30,30,53],"current_hp_per_floor":[62,62,55,38,36,36,21,42,42,35,18,18,18,18,18,14,56,56,56,40,40,25,21,21,10,10,31,52,52,67,67,67,42,63,63,63,63,63,70,70,70,70,70,70,70,70,66,63,63,63,68,68,70,49,14],"gold":445,"neow_bonus":"RANDOM_COMMON_RELIC","is_daily":false,"chose_seed":false,"campfire_upgraded":9,"win_rate":0.0,"timestamp":1613768870,"path_taken":["M","M","?","?","M","R","E","R","T","?","E","R","?","?","R","BOSS","M","?","?","M","M","E","R","M","T","R","R","E","$","E","R","BOSS","M","M","?","M","?","R","E","R","T","E","R","M","E","M","R","BOSS","R","$","E","BOSS"],"items_purchased_type":["Card","Card","Card","Relic","Relic","Card"],"build_version":"2020-12-22","purchased_purges":1,"victory":true,"max_hp_per_floor":[70,70,70,70,70,70,70,70,70,70,70,70,70,70,70,70,70,70,70,70,70,70,70,70,70,70,70,70,70,70,70,70,70,70,70,70,70,70,70,70,70,70,70,70,70,70,70,70,70,70,70,70,70,70,70],"card_choices":[{"not_picked":["Outmaneuver","PiercingWail"],"picked":"Predator","floor":1},{"not_picked":["Bane","Flying Knee"],"picked":"Footwork","floor":2},{"not_picked":["Setup","Poisoned Stab"],"picked":"Dagger Spray","floor":5},{"not_picked":["Bane","Quick Slash"],"picked":"Slice","floor":7},{"not_picked":["Crippling Poison","Grand Finale+1"],"picked":"Slice+1","floor":11},{"not_picked":["Malaise","Unload+1"],"picked":"Die Die Die+1","floor":16},{"not_picked":["Deadly Poison","PiercingWail"],"picked":"Riddle With Holes+1","floor":18},{"not_picked":["Flying Knee+1","Dagger Spray+1","Blade Dance"],"picked":"SKIP","floor":21},{"not_picked":["Escape Plan","Dodge and Roll"],"picked":"Well Laid Plans","floor":22},{"not_picked":["Acrobatics","Deadly Poison"],"picked":"Wraith Form v2","floor":23},{"not_picked":["Deadly Poison+1","Sucker Punch+1"],"picked":"PiercingWail","floor":25},{"not_picked":["Acrobatics","Accuracy"],"picked":"Burst","floor":29},{"not_picked":["Setup","Dagger Throw+1"],"picked":"Cloak And Dagger","floor":31},{"not_picked":["A Thousand Cuts","Unload+1"],"picked":"Corpse Explosion","floor":33},{"not_picked":[],"picked":"Dash+1","floor":35},{"not_picked":["Dagger Throw+1"],"picked":"SKIP","floor":36},{"not_picked":["Cloak And Dagger"],"picked":"SKIP","floor":38},{"not_picked":["Deadly Poison"],"picked":"SKIP","floor":41},{"not_picked":["Distraction"],"picked":"SKIP","floor":44},{"not_picked":[],"picked":"Phantasmal Killer","floor":46},{"not_picked":[],"picked":"Eviscerate+1","floor":47},{"not_picked":[],"picked":"Skewer+1","floor":48},{"not_picked":["Outmaneuver"],"picked":"SKIP","floor":54}],"player_experience":443859,"relics_obtained":[{"floor":7,"key":"Nunchaku"},{"floor":9,"key":"Molten Egg 2"},{"floor":11,"key":"Pen Nib"},{"floor":20,"key":"Necronomicon"},{"floor":23,"key":"MealTicket"},{"floor":26,"key":"Akabeko"},{"floor":29,"key":"Bag of Marbles"},{"floor":31,"key":"Ancient Tea Set"},{"floor":41,"key":"Smiling Mask"},{"floor":44,"key":"Vajra"},{"floor":47,"key":"Regal Pillow"},{"floor":54,"key":"Blood Vial"}],"event_choices":[{"damage_healed":0,"gold_gain":0,"player_choice":"Success","damage_taken":7,"relics_obtained":["Incense Burner"],"max_hp_gain":0,"max_hp_loss":0,"event_name":"Scrap Ooze","floor":3,"gold_loss":0},{"damage_healed":0,"gold_gain":0,"player_choice":"Take Damage","damage_taken":17,"relics_obtained":["Golden Idol"],"max_hp_gain":0,"max_hp_loss":0,"event_name":"Golden Idol","floor":4,"gold_loss":0},{"cards_removed":["Strike_G"],"damage_healed":0,"gold_gain":0,"player_choice":"Card Removal","damage_taken":7,"max_hp_gain":0,"max_hp_loss":0,"event_name":"Golden Wing","floor":10,"gold_loss":0},{"damage_healed":0,"gold_gain":0,"player_choice":"Ignored","damage_taken":0,"max_hp_gain":0,"max_hp_loss":0,"event_name":"Liars Game","floor":14,"gold_loss":0},{"damage_healed":0,"gold_gain":0,"player_choice":"Opened","damage_taken":0,"relics_obtained":["WingedGreaves"],"max_hp_gain":0,"max_hp_loss":0,"event_name":"The Mausoleum","floor":19,"gold_loss":0},{"damage_healed":0,"gold_gain":0,"player_choice":"Obtained Book","damage_taken":16,"max_hp_gain":0,"max_hp_loss":0,"event_name":"Cursed Tome","floor":20,"gold_loss":0},{"damage_healed":0,"gold_gain":333,"player_choice":"Gave Idol","damage_taken":0,"max_hp_gain":0,"max_hp_loss":0,"event_name":"The Moai Head","floor":37,"relics_lost":["Golden Idol"],"gold_loss":0},{"damage_healed":7,"gold_gain":0,"player_choice":"Full Heal","damage_taken":0,"max_hp_gain":0,"max_hp_loss":0,"event_name":"Wheel of Change","floor":39,"gold_loss":0}],"is_beta":false,"boss_relics":[{"not_picked":["Calling Bell","Astrolabe"],"picked":"SlaversCollar"},{"not_picked":["Black Star","HoveringKite"],"picked":"Busted Crown"}],"items_purged_floors":[53],"is_endless":false,"potions_floor_spawned":[2,7,11,18,23,31,35,41,46,54],"ascension_level":13}}