{"host":"g7uq9uzahx9e0kti","time":1613732759,"event":{"mods":["100% Spire Juice","AchievementEnabler","Act Like it!","Arknights","BaseMod","CapriCore","Hermit","Koishi","Minty Spire (QoL Compilation)","Prisma Mod","Quick Restart","StSLib","SuperFastMode","The Bug Knight","The Cursed","The Hierophant","Together in Spire","WarShipGirlsR/??á´Ò³R mod"],"gold_per_floor":[115,130,80,80,80,80,105,51,51,61,72,72,72,91,91,91,91],"floor_reached":16,"language":"KOR","playtime":523,"items_purged":[],"score":125,"play_id":"47826b8e-ab6b-4c61-99b2-979b88c1b41c","local_time":"20210219200559","is_ascension_mode":false,"campfire_choices":[{"data":"Moonworks:CloudOfSeagulls","floor":6,"key":"SMITH"},{"data":"Moonworks:CloudOfSeagulls","floor":12,"key":"SMITH"},{"data":"Moonworks:ImOnFire","floor":15,"key":"SMITH"}],"circlet_count":0,"master_deck":["Moonworks:Strike","Moonworks:Strike","Moonworks:Strike","Moonworks:Defend","Moonworks:Defend","Moonworks:Defend+1","Moonworks:Defend+1","Moonworks:Ambush","Moonworks:LongDistanceShot","Moonworks:CloudOfSeagulls+1","Moonworks:EvilSpyWorkPreparation","Moonworks:ImOnFire+1","Moonworks:JonathanRush+1","Moonworks:LulusLuckyEgg","Moonworks:CloudOfSeagulls+1","Moonworks:TacticalRetreat"],"relics":["Moonworks:BrokenBomb","Moonworks:Homemark","NeowsBlessing","Centennial Puzzle","Akabeko","Eternal Feather"],"acts_visited":["Exordium"],"potions_floor_usage":[16,16],"damage_taken":[{"damage":0,"enemies":"2 Louse","floor":1,"turns":1},{"damage":0,"enemies":"ats:Genji","floor":2,"turns":1},{"damage":0,"enemies":"Gremlin Nob","floor":7,"turns":1},{"damage":3,"enemies":"Small Slimes","floor":10,"turns":2},{"damage":13,"enemies":"Red Slaver","floor":11,"turns":3},{"damage":1,"enemies":"2 Fungi Beasts","floor":14,"turns":3},{"damage":39,"enemies":"Slime Boss","floor":16,"turns":9}],"seed_played":"6280444981001103927","potions_obtained":[{"floor":2,"key":"FearPotion"},{"floor":10,"key":"Ancient Potion"},{"floor":11,"key":"BlessingOfTheForge"}],"is_trial":false,"path_per_floor":["M","M","?","?","?","R","E","$","T","M","M","R","?","M","R","B"],"character_chosen":"THE_STARBREAKER","items_purchased":["Moonworks:JonathanRush"],"campfire_rested":0,"item_purchase_floors":[8],"current_hp_per_floor":[60,60,60,48,36,36,36,36,36,33,20,29,29,28,37,0,0],"gold":91,"neow_bonus":"THREE_ENEMY_KILL","is_daily":false,"chose_seed":false,"campfire_upgraded":3,"win_rate":0.0,"timestamp":1613732759,"path_taken":["M","M","?","?","?","R","E","$","T","M","M","R","?","M","R","BOSS"],"items_purchased_type":["Card"],"build_version":"2020-12-22","purchased_purges":0,"victory":false,"max_hp_per_floor":[60,60,60,60,60,60,60,60,60,60,60,60,60,60,60,60,60],"card_choices":[{"not_picked":["Moonworks:SealedMemories","Moonworks:DeployBits"],"picked":"Moonworks:CloudOfSeagulls","floor":1},{"not_picked":["Moonworks:RagingMadness","Moonworks:MiracleRedBeanIceCream"],"picked":"Moonworks:EvilSpyWorkPreparation","floor":2},{"not_picked":["Moonworks:SweetBattle","Moonworks:BackdoorTrade"],"picked":"Moonworks:ImOnFire","floor":7},{"not_picked":["Moonworks:BigMagnum","Moonworks:CloudOfSeagulls"],"picked":"Moonworks:LulusLuckyEgg","floor":10},{"not_picked":["Moonworks:DeployBits","Moonworks:WindyEnchantment"],"picked":"Moonworks:CloudOfSeagulls","floor":11},{"not_picked":["Moonworks:ImmovableObject","Moonworks:IndiscriminateFireSupport"],"picked":"Moonworks:TacticalRetreat","floor":14}],"player_experience":127972,"relics_obtained":[{"floor":7,"key":"Akabeko"},{"floor":9,"key":"Eternal Feather"}],"event_choices":[{"cards_removed":["Moonworks:Strike"],"damage_healed":0,"gold_gain":0,"player_choice":"Card Removal","damage_taken":0,"max_hp_gain":0,"max_hp_loss":0,"event_name":"The Cleric","floor":3,"gold_loss":50},{"damage_healed":0,"gold_gain":0,"player_choice":"Success","damage_taken":12,"relics_obtained":["Centennial Puzzle"],"max_hp_gain":0,"max_hp_loss":0,"event_name":"Scrap Ooze","floor":4,"gold_loss":0},{"damage_healed":0,"gold_gain":0,"player_choice":"Entered Light","damage_taken":12,"max_hp_gain":0,"max_hp_loss":0,"event_name":"Shining Light","floor":5,"gold_loss":0,"cards_upgraded":["Moonworks:Defend","Moonworks:Defend"]},{"damage_healed":0,"gold_gain":0,"player_choice":"Forge","damage_taken":0,"max_hp_gain":0,"max_hp_loss":0,"event_name":"Accursed Blacksmith","floor":13,"gold_loss":0,"cards_upgraded":["Moonworks:JonathanRush"]}],"is_beta":false,"boss_relics":[],"items_purged_floors":[],"is_endless":false,"potions_floor_spawned":[2,10,11,14],"killed_by":"Slime Boss","ascension_level":0}}