{"host":"08yfhu6uhosdn245","time":1613700563,"event":{"mods":["2.2 Compatiblity","AchievementEnabler","BaseMod","Bestiary","Colored Map","Colored Powertips","Curses Come First","Highlight Path","Minty Spire (QoL Compilation)","Quick Restart","Relic Stats","StSLib"],"gold_per_floor":[366,383,395,395,395,426,439,458,458,458,54,24,58,72,72,198,198,218,236,136,51,28,63,88,121,121,35,35,49,83,103,103,232,232,245,245,245,264,282,282,32,32,32,32,32,57,80,80,80,80],"floor_reached":51,"language":"ENG","playtime":3797,"items_purged":["Strike_R","Strike_R"],"score":784,"play_id":"92396755-53fd-44cd-b746-04cfea15beaf","local_time":"20210218210923","is_ascension_mode":true,"campfire_choices":[{"floor":10.0,"key":"REST"},{"data":"Demon Form","floor":15.0,"key":"SMITH"},{"floor":28.0,"key":"REST"},{"floor":32.0,"key":"REST"},{"floor":40.0,"key":"REST"},{"data":"Feel No Pain","floor":42.0,"key":"SMITH"},{"data":"Anger","floor":45.0,"key":"SMITH"},{"floor":49,"key":"REST"}],"circlet_count":0,"master_deck":["Strike_R","Defend_R","Defend_R","Defend_R","Defend_R","Bash","Shrug It Off","Cleave","Wild Strike","Disarm","Headbutt","Battle Trance","Rampage","Feel No Pain+1","Demon Form+1","Fiend Fire","CurseOfTheBell","Havoc+1","Havoc+1","Fire Breathing","Offering+1","Shrug It Off+1","Feel No Pain+1","Sentinel+1","Anger+1","Berserk+1","True Grit+1","Wild Strike+1","Flame Barrier+1","Dark Embrace+1","Feel No Pain+1","Feel No Pain+1","Flash of Steel","Panacea+1","Warcry+1","Thunderclap+1"],"relics":["Burning Blood","Golden Idol","Pantograph","Akabeko","Shuriken","Bag of Preparation","Calling Bell","Boot","Kunai","Du-Vu Doll","Toxic Egg 2","Paper Frog","TungstenRod","The Courier","Art of War","Frozen Egg 2","Philosopher\u0027s Stone","Molten Egg 2"],"acts_visited":["Exordium","TheCity","TheBeyond"],"potions_floor_usage":[50],"damage_taken":[{"damage":10.0,"enemies":"2 Louse","floor":1.0,"turns":3.0},{"damage":0.0,"enemies":"Small Slimes","floor":2.0,"turns":3.0},{"damage":15.0,"enemies":"Jaw Worm","floor":3.0,"turns":4.0},{"damage":40.0,"enemies":"Lagavulin","floor":6.0,"turns":8.0},{"damage":12.0,"enemies":"Looter","floor":7.0,"turns":3.0},{"damage":8.0,"enemies":"Large Slime","floor":8.0,"turns":4.0},{"damage":9.0,"enemies":"3 Sentries","floor":13.0,"turns":6.0},{"damage":1.0,"enemies":"2 Fungi Beasts","floor":14.0,"turns":4.0},{"damage":40.0,"enemies":"Hexaghost","floor":16.0,"turns":9.0},{"damage":13.0,"enemies":"3 Byrds","floor":18.0,"turns":5.0},{"damage":0.0,"enemies":"Shell Parasite","floor":19.0,"turns":1.0},{"damage":12.0,"enemies":"Gremlin Leader","floor":23.0,"turns":9.0},{"damage":43.0,"enemies":"Centurion and Healer","floor":24.0,"turns":5.0},{"damage":23.0,"enemies":"Slavers","floor":25.0,"turns":5.0},{"damage":5.0,"enemies":"Chosen and Byrds","floor":29.0,"turns":3.0},{"damage":7.0,"enemies":"Book of Stabbing","floor":30.0,"turns":5.0},{"damage":7.0,"enemies":"3 Cultists","floor":31.0,"turns":6.0},{"damage":22.0,"enemies":"Champ","floor":33.0,"turns":9.0},{"damage":28.0,"enemies":"3 Darklings","floor":35.0,"turns":7.0},{"damage":24.0,"enemies":"Orb Walker","floor":38.0,"turns":4.0},{"damage":22.0,"enemies":"Jaw Worm Horde","floor":39.0,"turns":5.0},{"damage":5.0,"enemies":"3 Darklings","floor":46.0,"turns":5.0},{"damage":5.0,"enemies":"Spire Growth","floor":47.0,"turns":2.0},{"damage":31,"enemies":"Awakened One","floor":50,"turns":8}],"seed_played":"4558071980802234428","potions_obtained":[{"floor":2.0,"key":"BloodPotion"},{"floor":6.0,"key":"SkillPotion"},{"floor":8.0,"key":"PowerPotion"},{"floor":13.0,"key":"Energy Potion"},{"floor":23.0,"key":"EssenceOfSteel"},{"floor":25.0,"key":"Block Potion"},{"floor":31.0,"key":"GamblersBrew"},{"floor":39.0,"key":"GamblersBrew"},{"floor":46.0,"key":"DistilledChaos"}],"is_trial":false,"path_per_floor":["M","M","M","?","?","E","M","M","T","R","$","?","E","M","R","B",null,"M","M","$","?","$","E","M","E","T","?","R","M","E","M","R","B",null,"M","?","?","M","M","R","$","R","T","?","R","M","M","?","R","B",null],"character_chosen":"IRONCLAD","items_purchased":["Shuriken","Regen Potion","Havoc+1","Dark Embrace+1","Feel No Pain+1","Feel No Pain+1","Flash of Steel"],"campfire_rested":5,"item_purchase_floors":[11,11,22,41,41,41,41],"current_hp_per_floor":[68,72,63,63,45,25,19,17,17,38,38,38,50,55,55,38,72,65,71,71,71,71,65,28,11,11,11,32,33,32,31,52,56,72,50,50,50,32,16,37,37,37,37,37,37,38,39,39,60,47],"gold":80,"neow_bonus":"TWO_FIFTY_GOLD","is_daily":false,"chose_seed":false,"campfire_upgraded":3,"win_rate":0.0,"timestamp":1613700563,"path_taken":["M","M","M","?","?","E","M","?","T","R","$","?","E","M","R","BOSS","M","M","$","?","$","E","M","E","T","?","R","M","E","M","R","BOSS","M","?","?","?","M","R","$","R","T","?","R","M","?","?","R","BOSS"],"items_purchased_type":["Relic","Potion","Card","Card","Card","Card","Card"],"build_version":"2020-12-22","purchased_purges":2,"victory":true,"max_hp_per_floor":[72,72,72,72,72,72,72,72,72,72,72,72,72,72,72,72,72,72,72,72,72,72,72,72,72,72,72,72,72,72,72,72,72,72,72,72,72,72,72,72,72,72,72,72,72,72,72,72,72,72],"relic_stats":{"counters":[24,123],"Golden Idol":162,"Shuriken":[25],"Pantograph":49,"Bag of Preparation":[34],"Art of War":[3],"Kunai":[24],"Boot":[25],"obtain_stats":[{"Golden Idol":5,"The Courier":26,"Bag of Preparation":13,"Frozen Egg 2":30,"Boot":17,"Burning Blood":0,"Akabeko":9,"Calling Bell":17,"Du-Vu Doll":17,"Shuriken":11,"Pantograph":6,"Philosopher\u0027s Stone":34,"Molten Egg 2":43,"Art of War":27,"Kunai":17,"Toxic Egg 2":21,"TungstenRod":25,"Paper Frog":23},{"Golden Idol":3,"The Courier":14,"Bag of Preparation":7,"Frozen Egg 2":16,"Boot":9,"Burning Blood":0,"Akabeko":6,"Calling Bell":9,"Du-Vu Doll":9,"Shuriken":6,"Pantograph":4,"Philosopher\u0027s Stone":18,"Molten Egg 2":21,"Art of War":14,"Kunai":9,"Toxic Egg 2":11,"TungstenRod":14,"Paper Frog":12},{"Golden Idol":10,"The Courier":69,"Bag of Preparation":31,"Frozen Egg 2":77,"Boot":44,"Burning Blood":0,"Akabeko":25,"Calling Bell":44,"Du-Vu Doll":44,"Shuriken":25,"Pantograph":18,"Philosopher\u0027s Stone":92,"Molten Egg 2":108,"Art of War":69,"Kunai":44,"Toxic Egg 2":50,"TungstenRod":69,"Paper Frog":59}],"Burning Blood":142,"TungstenRod":32},"card_choices":[{"not_picked":["Heavy Blade","Pommel Strike"],"picked":"Shrug It Off","floor":1.0},{"not_picked":["Thunderclap","Armaments"],"picked":"Cleave","floor":2.0},{"not_picked":["Clothesline","Berserk"],"picked":"Wild Strike","floor":3.0},{"not_picked":["Havoc","Pommel Strike"],"picked":"Headbutt","floor":6.0},{"not_picked":["Clash","Perfected Strike"],"picked":"Battle Trance","floor":7.0},{"not_picked":["Infernal Blade","Metallicize"],"picked":"Rampage","floor":8.0},{"not_picked":["Warcry","True Grit"],"picked":"Feel No Pain","floor":13.0},{"not_picked":["Rampage","Whirlwind"],"picked":"Demon Form","floor":14.0},{"not_picked":["Impervious","Limit Break"],"picked":"Fiend Fire","floor":16.0},{"not_picked":["True Grit","Headbutt"],"picked":"Havoc+1","floor":18.0},{"not_picked":["Headbutt","Twin Strike+1","Pommel Strike"],"picked":"SKIP","floor":19.0},{"not_picked":["Infernal Blade+1","Disarm+1"],"picked":"Fire Breathing","floor":23.0},{"not_picked":["Thunderclap+1","Clothesline+1"],"picked":"Offering+1","floor":24.0},{"not_picked":["Havoc+1","Clash"],"picked":"Shrug It Off+1","floor":25.0},{"not_picked":["Intimidate+1","Thunderclap"],"picked":"Feel No Pain+1","floor":29.0},{"not_picked":["True Grit+1","Twin Strike+1"],"picked":"Sentinel+1","floor":30.0},{"not_picked":["Wild Strike","Bloodletting+1"],"picked":"Anger","floor":31.0},{"not_picked":["Offering+1","Bludgeon"],"picked":"Berserk+1","floor":33.0},{"not_picked":["Perfected Strike","Headbutt","Sever Soul"],"picked":"SKIP","floor":35.0},{"not_picked":["Bloodletting+1","Flex+1"],"picked":"Wild Strike+1","floor":38.0},{"not_picked":["Pummel","Headbutt+1"],"picked":"Flame Barrier+1","floor":39.0},{"not_picked":["Twin Strike+1","Hemokinesis+1"],"picked":"Warcry+1","floor":46.0},{"not_picked":["Dropkick+1","Cleave+1"],"picked":"Thunderclap+1","floor":47.0}],"player_experience":415095,"relics_obtained":[{"floor":6.0,"key":"Pantograph"},{"floor":9.0,"key":"Akabeko"},{"floor":13.0,"key":"Bag of Preparation"},{"floor":17.0,"key":"Boot"},{"floor":17.0,"key":"Kunai"},{"floor":17.0,"key":"Du-Vu Doll"},{"floor":23.0,"key":"Paper Frog"},{"floor":25.0,"key":"TungstenRod"},{"floor":26.0,"key":"The Courier"},{"floor":30.0,"key":"Frozen Egg 2"},{"floor":43.0,"key":"Molten Egg 2"}],"event_choices":[{"damage_healed":0.0,"max_hp_gain":0.0,"max_hp_loss":0.0,"gold_gain":0.0,"cards_transformed":["Strike_R"],"event_name":"Living Wall","player_choice":"Change","floor":4.0,"gold_loss":0.0,"damage_taken":0.0,"cards_obtained":["Disarm"]},{"damage_healed":0.0,"max_hp_gain":0.0,"max_hp_loss":0.0,"gold_gain":0.0,"event_name":"Golden Idol","player_choice":"Take Damage","floor":5.0,"gold_loss":0.0,"damage_taken":18.0,"relics_obtained":["Golden Idol"]},{"damage_healed":0.0,"max_hp_gain":0.0,"max_hp_loss":0.0,"gold_gain":0.0,"event_name":"World of Goop","player_choice":"Left Gold","floor":12.0,"gold_loss":30.0,"damage_taken":0.0},{"damage_healed":0.0,"max_hp_gain":0.0,"max_hp_loss":0.0,"gold_gain":0.0,"event_name":"Addict","player_choice":"Obtained Relic","floor":21.0,"gold_loss":85.0,"damage_taken":0.0,"relics_obtained":["Toxic Egg 2"]},{"damage_healed":0.0,"max_hp_gain":0.0,"max_hp_loss":0.0,"gold_gain":0.0,"event_name":"WeMeetAgain","player_choice":"Paid Gold","floor":27.0,"gold_loss":86.0,"damage_taken":0.0,"relics_obtained":["Art of War"]},{"damage_healed":0.0,"max_hp_gain":0.0,"max_hp_loss":0.0,"gold_gain":0.0,"event_name":"Tomb of Lord Red Mask","player_choice":"Ignored","floor":36.0,"gold_loss":0.0,"damage_taken":0.0},{"damage_healed":0.0,"max_hp_gain":0.0,"max_hp_loss":0.0,"gold_gain":0.0,"cards_transformed":["Strike_R"],"event_name":"Transmorgrifier","player_choice":"Transformed","floor":37.0,"gold_loss":0.0,"damage_taken":0.0,"cards_obtained":["True Grit"]},{"damage_healed":0.0,"max_hp_gain":0.0,"max_hp_loss":0.0,"gold_gain":0.0,"event_name":"Match and Keep!","player_choice":"1 cards matched","floor":44.0,"gold_loss":0.0,"damage_taken":0.0,"cards_obtained":["Panacea"]},{"damage_healed":0,"gold_gain":0,"player_choice":"Ignored","damage_taken":0,"max_hp_gain":0,"max_hp_loss":0,"event_name":"Mysterious Sphere","floor":48,"gold_loss":0}],"is_beta":false,"boss_relics":[{"not_picked":["Busted Crown","Mark of Pain"],"picked":"Calling Bell"},{"not_picked":["Black Blood","SlaversCollar"],"picked":"Philosopher\u0027s Stone"}],"items_purged_floors":[11,20],"is_endless":false,"potions_floor_spawned":[2,6,8,13,23,25,31,39,46],"ascension_level":2}}