{"host":"mvk4cyf8p31hksyn","time":1613747816,"event":{"mods":["BaseMod","Block Reminder","Colored Map","Highlight Path","Minty Spire (QoL Compilation)","Relic Sorter"],"gold_per_floor":[110,124,124,124,138,171,171,197,197,220,239,239,239,253,253,352,352,372,389,401,501,511,541,541,552,552,651,651,651,684,570,570,671,671,683,683,276,276,294,326,326,356,383,401,421,421,119,137,137,137],"floor_reached":51,"language":"ENG","playtime":1720,"items_purged":["Pain","Strike_R"],"score":917,"play_id":"6395ed72-19ce-4106-a459-0ec646277f7a","local_time":"20210219161656","is_ascension_mode":true,"campfire_choices":[{"data":"Armaments","floor":7,"key":"SMITH"},{"data":"Spot Weakness","floor":13,"key":"SMITH"},{"floor":15,"key":"RECALL"},{"data":"Limit Break","floor":24,"key":"SMITH"},{"data":"Heavy Blade","floor":28,"key":"SMITH"},{"floor":32,"key":"REST"},{"data":"Strike_R","floor":41,"key":"PURGE"},{"floor":46,"key":"REST"},{"floor":49,"key":"REST"}],"circlet_count":0,"master_deck":["Strike_R","Defend_R","Defend_R","Defend_R","Bash","Armaments+1","Shrug It Off","Clothesline","Spot Weakness+1","Impervious","Heavy Blade+1","Limit Break+1","Whirlwind","Disarm+1","Sword Boomerang"],"relics":["Burning Blood","NeowsBlessing","HornCleat","Sundial","Shuriken","Lantern","WarpedTongs","Cursed Key","Juzu Bracelet","Tiny Chest","Empty Cage","Peace Pipe","Omamori","Pen Nib","Happy Flower","FossilizedHelix","PreservedInsect","Chemical X","Anchor"],"acts_visited":["Exordium","TheCity","TheBeyond"],"potions_floor_usage":[45],"damage_taken":[{"damage":0,"enemies":"Small Slimes","floor":1,"turns":1},{"damage":0,"enemies":"2 Louse","floor":2,"turns":1},{"damage":0,"enemies":"Jaw Worm","floor":5,"turns":1},{"damage":10,"enemies":"Gremlin Nob","floor":6,"turns":4},{"damage":18,"enemies":"Lagavulin","floor":8,"turns":7},{"damage":2,"enemies":"2 Fungi Beasts","floor":11,"turns":4},{"damage":16,"enemies":"Exordium Thugs","floor":14,"turns":4},{"damage":36,"enemies":"The Guardian","floor":16,"turns":9},{"damage":3,"enemies":"Chosen","floor":18,"turns":5},{"damage":3,"enemies":"Shell Parasite","floor":19,"turns":4},{"damage":8,"enemies":"Chosen and Byrds","floor":20,"turns":5},{"damage":12,"enemies":"Snecko","floor":22,"turns":5},{"damage":15,"enemies":"Book of Stabbing","floor":23,"turns":3},{"damage":3,"enemies":"Centurion and Healer","floor":25,"turns":4},{"damage":36,"enemies":"Slavers","floor":30,"turns":6},{"damage":58,"enemies":"Automaton","floor":33,"turns":8},{"damage":2,"enemies":"Orb Walker","floor":35,"turns":3},{"damage":13,"enemies":"3 Darklings","floor":39,"turns":3},{"damage":23,"enemies":"Reptomancer","floor":40,"turns":6},{"damage":32,"enemies":"Giant Head","floor":42,"turns":8},{"damage":3,"enemies":"Maw","floor":44,"turns":7},{"damage":18,"enemies":"4 Shapes","floor":45,"turns":5},{"damage":15,"enemies":"Spire Growth","floor":48,"turns":5},{"damage":27,"enemies":"Awakened One","floor":50,"turns":7}],"seed_played":"-5863099416794682012","potions_obtained":[{"floor":2,"key":"Explosive Potion"},{"floor":6,"key":"ColorlessPotion"},{"floor":11,"key":"EssenceOfSteel"},{"floor":18,"key":"Strength Potion"},{"floor":20,"key":"PowerPotion"},{"floor":40,"key":"ColorlessPotion"},{"floor":48,"key":"Dexterity Potion"}],"is_trial":false,"path_per_floor":["M","M","?","?","M","E","R","E","T","T","M","?","R","M","R","B",null,"M","M","M","?","M","E","R","M","T","?","R","?","E","$","R","B",null,"M","?","$","?","M","E","R","E","T","M","M","R","$","M","R","B",null],"character_chosen":"IRONCLAD","items_purchased":["Whirlwind","Omamori","Pen Nib","Chemical X","Anchor"],"campfire_rested":3,"item_purchase_floors":[31,37,37,47,47],"current_hp_per_floor":[80,80,80,80,80,76,76,64,64,64,68,68,68,58,58,28,80,80,80,78,78,72,63,63,66,66,66,66,66,36,36,60,8,80,80,80,80,80,73,56,56,30,30,33,21,45,45,36,60,39],"gold":137,"neow_bonus":"THREE_ENEMY_KILL","is_daily":false,"chose_seed":false,"campfire_upgraded":4,"win_rate":0.0,"timestamp":1613747816,"path_taken":["M","M","?","?","M","E","R","E","T","?","M","?","R","M","R","BOSS","M","M","M","?","?","E","R","M","T","?","R","?","E","$","R","BOSS","M","?","$","?","M","E","R","E","T","M","M","R","$","M","R","BOSS"],"items_purchased_type":["Card","Relic","Relic","Relic","Relic"],"build_version":"2020-12-22","purchased_purges":2,"victory":true,"max_hp_per_floor":[80,80,80,80,80,80,80,80,80,80,80,80,80,80,80,80,80,80,80,80,80,80,80,80,80,80,80,80,80,80,80,80,80,80,80,80,80,80,80,80,80,80,80,80,80,80,80,80,80,80],"card_choices":[{"not_picked":["Feel No Pain","Sword Boomerang"],"picked":"Armaments","floor":1},{"not_picked":["Clash","Dark Embrace"],"picked":"Shrug It Off","floor":2},{"not_picked":["Flame Barrier","Power Through"],"picked":"Clothesline","floor":5},{"not_picked":["Disarm","Pommel Strike"],"picked":"Spot Weakness","floor":6},{"not_picked":["Feel No Pain","Combust","Hemokinesis"],"picked":"SKIP","floor":8},{"not_picked":["Anger","Combust","Shrug It Off"],"picked":"SKIP","floor":11},{"not_picked":["Wild Strike","Twin Strike","Evolve"],"picked":"SKIP","floor":14},{"not_picked":["Juggernaut","Demon Form"],"picked":"Impervious","floor":16},{"not_picked":["Twin Strike+1","Warcry","Shrug It Off"],"picked":"SKIP","floor":18},{"not_picked":["Perfected Strike","True Grit+1"],"picked":"Heavy Blade","floor":19},{"not_picked":["Clash","Cleave"],"picked":"Sword Boomerang+1","floor":20},{"not_picked":["Seeing Red","Evolve"],"picked":"Limit Break","floor":22},{"not_picked":["Combust+1","Clash","Sword Boomerang"],"picked":"SKIP","floor":23},{"not_picked":["Body Slam","Entrench+1","Thunderclap+1"],"picked":"SKIP","floor":25},{"not_picked":["Sentinel","Pommel Strike","Rage+1"],"picked":"SKIP","floor":30},{"not_picked":["Burning Pact","Heavy Blade"],"picked":"Disarm+1","floor":35},{"not_picked":["Perfected Strike+1","Shrug It Off"],"picked":"Sword Boomerang","floor":39},{"not_picked":["Infernal Blade","Impervious","Dark Embrace"],"picked":"SKIP","floor":40},{"not_picked":["Sword Boomerang+1","Clothesline","Burning Pact"],"picked":"SKIP","floor":42},{"not_picked":["Pummel","Flex","Thunderclap+1"],"picked":"SKIP","floor":44},{"not_picked":["Pommel Strike","Dual Wield","Thunderclap+1"],"picked":"SKIP","floor":45},{"not_picked":["Dual Wield","Pommel Strike+1","Shrug It Off"],"picked":"SKIP","floor":48}],"player_experience":872752,"relics_obtained":[{"floor":6,"key":"HornCleat"},{"floor":8,"key":"Sundial"},{"floor":9,"key":"Shuriken"},{"floor":10,"key":"Lantern"},{"floor":23,"key":"Juzu Bracelet"},{"floor":30,"key":"Tiny Chest"},{"floor":40,"key":"Happy Flower"},{"floor":42,"key":"FossilizedHelix"},{"floor":43,"key":"PreservedInsect"}],"event_choices":[{"damage_healed":0,"gold_gain":0,"player_choice":"Ignored","damage_taken":0,"max_hp_gain":0,"max_hp_loss":0,"event_name":"Liars Game","floor":3,"gold_loss":0},{"cards_removed":["Defend_R"],"damage_healed":0,"gold_gain":0,"player_choice":"Forget","damage_taken":0,"max_hp_gain":0,"max_hp_loss":0,"event_name":"Living Wall","floor":4,"gold_loss":0},{"damage_healed":0,"gold_gain":0,"player_choice":"Rummage","damage_taken":0,"relics_obtained":["WarpedTongs"],"max_hp_gain":0,"max_hp_loss":0,"event_name":"Accursed Blacksmith","floor":12,"gold_loss":0,"cards_obtained":["Pain"]},{"damage_healed":0,"gold_gain":100,"player_choice":"Pray","damage_taken":0,"max_hp_gain":0,"max_hp_loss":0,"event_name":"Golden Shrine","floor":21,"gold_loss":0},{"damage_healed":0,"gold_gain":99,"player_choice":"Stole From Cult","damage_taken":0,"max_hp_gain":0,"max_hp_loss":0,"event_name":"Nest","floor":27,"gold_loss":0},{"damage_healed":0,"gold_gain":0,"player_choice":"0 cards matched","damage_taken":0,"max_hp_gain":0,"max_hp_loss":0,"event_name":"Match and Keep!","floor":29,"gold_loss":0,"cards_obtained":[]},{"damage_healed":0,"gold_gain":0,"player_choice":"Gave Potion","damage_taken":0,"relics_obtained":["Peace Pipe"],"max_hp_gain":0,"max_hp_loss":0,"event_name":"WeMeetAgain","floor":36,"gold_loss":0},{"cards_removed":["Sword Boomerang"],"damage_healed":0,"gold_gain":0,"player_choice":"Removed Attack","damage_taken":0,"max_hp_gain":0,"max_hp_loss":0,"event_name":"Falling","floor":38,"gold_loss":0}],"is_beta":false,"boss_relics":[{"not_picked":["Calling Bell","Black Star"],"picked":"Cursed Key"},{"not_picked":["Black Blood","Velvet Choker"],"picked":"Empty Cage"}],"items_purged_floors":[31,37],"is_endless":false,"potions_floor_spawned":[2,6,11,18,20,23,25,40,44,48],"ascension_level":1}}