{"host":"eglukmwb6rueyn6u","time":1613774990,"event":{"mods":["AchievementEnabler","BaseMod","Colored Powertips","Highlight Path","Minty Spire (QoL Compilation)"],"gold_per_floor":[119,171,185,158,158,158,187,187,187,206,226,0,19,47,47,148,148,166,346,363,363,205,236,236,252,252,252,252,23,41,41,41,143,143,159,178,188,6,21,351,351,0,26,26,26,39,49,49,49],"floor_reached":48,"language":"ENG","playtime":4174,"items_purged":["Defend_P"],"score":613,"play_id":"2c4860ac-ac32-4712-9ec1-ecbc5dd992d7","local_time":"20210220004950","is_ascension_mode":false,"campfire_choices":[{"data":"Eruption","floor":6.0,"key":"SMITH"},{"data":"FollowUp","floor":8.0,"key":"SMITH"},{"data":"DeusExMachina","floor":15.0,"key":"SMITH"},{"data":"MasterReality","floor":24.0,"key":"SMITH"},{"floor":28.0,"key":"REST"},{"data":"DevaForm","floor":32.0,"key":"SMITH"},{"floor":41,"key":"REST"},{"floor":45,"key":"REST"}],"circlet_count":0,"master_deck":["Eruption+1","Vigilance","BowlingBash","JustLucky","FollowUp+1","Protect","Weave","EmptyBody","DeusExMachina+1","DevaForm","DevaForm+1","ClearTheMind","Swivel","FlyingSleeves","MasterReality+1","WreathOfFlame","ReachHeaven","Nirvana","CutThroughFate","ThirdEye","DeceiveReality","Sanctity","Weave","Protect","LikeWater","Scrawl","BattleHymn+1","JustLucky+1","Halt+1","LessonLearned","Adaptation+1","Establishment","Protect","JustLucky","Crescendo+1"],"relics":["PureWater","NeowsBlessing","Tiny Chest","Blood Vial","Ice Cream","Odd Mushroom","Melange","Singing Bowl","Pandora\u0027s Box","Darkstone Periapt","Du-Vu Doll","White Beast Statue","Frozen Eye","SlaversCollar","Membership Card","Old Coin","GoldenEye","Lantern"],"acts_visited":["Exordium","TheCity","TheBeyond"],"potions_floor_usage":[40,40,47,47,48],"damage_taken":[{"damage":0.0,"enemies":"Cultist","floor":1.0,"turns":1.0},{"damage":0.0,"enemies":"Small Slimes","floor":3.0,"turns":1.0},{"damage":0.0,"enemies":"Lagavulin","floor":7.0,"turns":1.0},{"damage":0.0,"enemies":"2 Louse","floor":10.0,"turns":2.0},{"damage":0.0,"enemies":"The Mushroom Lair","floor":11.0,"turns":3.0},{"damage":9.0,"enemies":"Large Slime","floor":13.0,"turns":4.0},{"damage":14.0,"enemies":"Gremlin Nob","floor":14.0,"turns":4.0},{"damage":0.0,"enemies":"Slime Boss","floor":16.0,"turns":7.0},{"damage":7.0,"enemies":"Shell Parasite","floor":18.0,"turns":5.0},{"damage":0.0,"enemies":"Chosen","floor":20.0,"turns":3.0},{"damage":12.0,"enemies":"Gremlin Leader","floor":23.0,"turns":6.0},{"damage":32.0,"enemies":"3 Cultists","floor":25.0,"turns":5.0},{"damage":19.0,"enemies":"Snake Plant","floor":30.0,"turns":3.0},{"damage":25.0,"enemies":"Automaton","floor":33.0,"turns":13.0},{"damage":10.0,"enemies":"Orb Walker","floor":35.0,"turns":5.0},{"damage":5.0,"enemies":"3 Shapes","floor":36.0,"turns":4.0},{"damage":18.0,"enemies":"Spire Growth","floor":37.0,"turns":4.0},{"damage":15.0,"enemies":"Transient","floor":39.0,"turns":5.0},{"damage":33,"enemies":"Giant Head","floor":40,"turns":9},{"damage":28,"enemies":"Jaw Worm Horde","floor":46,"turns":6},{"damage":35,"enemies":"3 Darklings","floor":47,"turns":7},{"damage":4,"enemies":"Maw","floor":48,"turns":4}],"seed_played":"-4080562960163884397","potions_obtained":[{"floor":7.0,"key":"Strength Potion"},{"floor":10.0,"key":"SpeedPotion"},{"floor":14.0,"key":"Block Potion"},{"floor":18.0,"key":"Strength Potion"},{"floor":23.0,"key":"AttackPotion"},{"floor":25.0,"key":"FearPotion"},{"floor":30.0,"key":"DistilledChaos"},{"floor":33.0,"key":"StancePotion"},{"floor":35.0,"key":"DistilledChaos"},{"floor":36.0,"key":"SpeedPotion"},{"floor":37.0,"key":"StancePotion"},{"floor":39.0,"key":"Block Potion"},{"floor":40,"key":"CultistPotion"},{"floor":46,"key":"FearPotion"},{"floor":47,"key":"AttackPotion"}],"is_trial":false,"path_per_floor":["M","T","M","$","?","R","E","R","T","M","?","$","M","E","R","B",null,"M","?","M","T","$","E","R","M","T","?","R","$","M","?","R","B",null,"M","M","M","$","M","E","R","$","T","?","R","M","M","M"],"character_chosen":"WATCHER","items_purchased":["FollowUp","Melange","CutThroughFate","ThirdEye","DeceiveReality","Frozen Eye","Weave","Protect","Membership Card","LessonLearned","GoldenEye","Lantern","Establishment","Worship","Protect","JustLucky"],"campfire_rested":3,"item_purchase_floors":[4,12,22,22,22,29,29,29,38,38,42,42,42,42,42,42],"current_hp_per_floor":[72,72,72,72,77,77,77,77,77,77,77,77,68,56,56,58,77,70,51,55,55,55,47,47,17,17,17,41,41,24,51,51,28,81,71,68,52,52,41,10,34,34,34,34,58,34,1,0,0],"gold":49,"neow_bonus":"THREE_ENEMY_KILL","is_daily":false,"chose_seed":false,"campfire_upgraded":5,"win_rate":0.0,"timestamp":1613774990,"path_taken":["M","?","M","$","?","R","E","R","T","M","?","$","M","E","R","BOSS","M","?","M","?","$","E","R","M","T","?","R","$","M","?","R","BOSS","M","M","M","$","M","E","R","$","T","?","R","M","M","M"],"items_purchased_type":["Card","Relic","Card","Card","Card","Relic","Card","Card","Relic","Card","Relic","Relic","Card","Card","Card","Card"],"build_version":"2020-12-22","purchased_purges":1,"victory":false,"max_hp_per_floor":[72,72,72,72,77,77,77,77,77,77,77,77,77,77,77,77,77,77,77,79,79,79,81,81,81,81,81,81,81,81,81,81,81,81,81,81,81,81,83,83,83,83,83,83,83,85,85,85,85],"card_choices":[{"not_picked":["Conclude","SashWhip"],"picked":"BowlingBash","floor":1.0},{"not_picked":["FlurryOfBlows","EmptyBody"],"picked":"JustLucky","floor":3.0},{"not_picked":["ReachHeaven","FearNoEvil"],"picked":"Protect","floor":7.0},{"not_picked":["ClearTheMind","FlurryOfBlows"],"picked":"Weave","floor":10.0},{"not_picked":["FlyingSleeves","WaveOfTheHand"],"picked":"EmptyBody","floor":11.0},{"not_picked":["Adaptation","BattleHymn","Evaluate"],"picked":"SKIP","floor":13.0},{"not_picked":["SashWhip","ThirdEye"],"picked":"DeusExMachina","floor":14.0},{"not_picked":["Brilliance","Establishment"],"picked":"DevaForm","floor":16.0},{"not_picked":["CrushJoints","FlurryOfBlows"],"picked":"Nirvana","floor":18.0},{"not_picked":["BattleHymn","FlyingSleeves","FlurryOfBlows"],"picked":"Singing Bowl","floor":20.0},{"not_picked":["EmptyFist","FlurryOfBlows","WreathOfFlame"],"picked":"Singing Bowl","floor":23.0},{"not_picked":["PathToVictory+1","EmptyFist+1"],"picked":"Sanctity","floor":25.0},{"not_picked":["Judgement","Evaluate"],"picked":"LikeWater","floor":30.0},{"not_picked":["Brilliance","Vault"],"picked":"Scrawl","floor":33.0},{"not_picked":["TalkToTheHand","SashWhip+1"],"picked":"BattleHymn+1","floor":35.0},{"not_picked":["CarveReality+1","CrushJoints"],"picked":"JustLucky+1","floor":36.0},{"not_picked":["Protect","ClearTheMind"],"picked":"Halt+1","floor":37.0},{"not_picked":["Sanctity+1","BowlingBash+1","Evaluate"],"picked":"Singing Bowl","floor":39.0},{"not_picked":["FlyingSleeves","JustLucky"],"picked":"Adaptation+1","floor":40},{"not_picked":["Pray+1","Weave+1","Sanctity"],"picked":"Singing Bowl","floor":46},{"not_picked":["Perseverance+1","ThirdEye"],"picked":"Crescendo+1","floor":47}],"player_experience":124990,"relics_obtained":[{"floor":2.0,"key":"Tiny Chest"},{"floor":7.0,"key":"Blood Vial"},{"floor":9.0,"key":"Ice Cream"},{"floor":11.0,"key":"Odd Mushroom"},{"floor":14.0,"key":"Singing Bowl"},{"floor":21.0,"key":"Darkstone Periapt"},{"floor":23.0,"key":"Du-Vu Doll"},{"floor":26.0,"key":"White Beast Statue"},{"floor":40,"key":"Old Coin"}],"event_choices":[{"damage_healed":0.0,"max_hp_gain":5.0,"max_hp_loss":0.0,"gold_gain":0.0,"event_name":"Big Fish","player_choice":"Donut","floor":5.0,"gold_loss":0.0,"damage_taken":0.0},{"damage_healed":0.0,"max_hp_gain":0.0,"max_hp_loss":0.0,"gold_gain":0.0,"event_name":"Mushrooms","player_choice":"Fought Mushrooms","floor":11.0,"gold_loss":0.0,"damage_taken":0.0},{"damage_healed":0.0,"max_hp_gain":0.0,"max_hp_loss":0.0,"gold_gain":180.0,"event_name":"Knowing Skull","player_choice":"GOLD GOLD ","floor":19.0,"potions_obtained":[],"gold_loss":0.0,"damage_taken":19.0,"cards_obtained":[]},{"damage_healed":0.0,"max_hp_gain":0.0,"max_hp_loss":0.0,"gold_gain":0.0,"event_name":"Vampires","player_choice":"Ignored","floor":27.0,"gold_loss":0.0,"damage_taken":0.0},{"damage_healed":27.0,"max_hp_gain":0.0,"max_hp_loss":0.0,"gold_gain":0.0,"event_name":"The Library","player_choice":"Heal","floor":31.0,"gold_loss":0.0,"damage_taken":0.0},{"cards_removed":["Worship"],"damage_healed":0,"gold_gain":0,"player_choice":"Removed Skill","damage_taken":0,"max_hp_gain":0,"max_hp_loss":0,"event_name":"Falling","floor":44,"gold_loss":0}],"is_beta":false,"boss_relics":[{"not_picked":["Velvet Choker","Sozu"],"picked":"Pandora\u0027s Box"},{"not_picked":["Philosopher\u0027s Stone","VioletLotus"],"picked":"SlaversCollar"}],"items_purged_floors":[12],"is_endless":false,"potions_floor_spawned":[7,10,14,18,23,25,30,33,35,36,37,39,40,46,47],"killed_by":"Maw","ascension_level":0}}