{"host":"gbbz8f5svnnpwo8d","time":1613753953,"event":{"mods":["AchievementEnabler","AlwaysNeverKeys","BaseMod","Bestiary","Better Altar","Better Match","Better Note","Better Sensory Stone","Better Silent Start","Better Skull","Better Third Choice","Better Vampires","Better-Laid Plans","BetterRewards","Block Reminder","Bossed Relics","Colored Map","Colored Powertips","Curses Come First","Dark Map","Displayed Cursed Tome","GifTheSpireLib","Minty Spire (QoL Compilation)","MonsterHotkey","Permanent Neow","Potion Indicator Mod","Quick Restart","Random Character Button","Rare Cards Sparkle","Relic Stats","Shop Mod","Spicy Shops","Spire Birthday Party","StSLib","Transform Curses"],"gold_per_floor":[117,117,96,107,122,122,138,153,153,153,171,171,190,210,210,314,314,331,92,109,121,141,141,160,160,160,160,193,193,206,206,206,311,311,327,341,341,341,341,341,360,360,360,360,460,225,238,256,256,256,256,256,7,33,33,33],"floor_reached":55,"language":"ENG","playtime":2085,"items_purged":["Strike_P","Strike_P"],"score":958,"play_id":"3897a353-c136-4910-aa3a-508e402a0480","local_time":"20210219095913","is_ascension_mode":false,"campfire_choices":[{"data":"1","floor":6.0,"key":"LIFT"},{"data":"2","floor":12.0,"key":"LIFT"},{"floor":15.0,"key":"REST"},{"data":"3","floor":23.0,"key":"LIFT"},{"data":"LikeWater","floor":25.0,"key":"SMITH"},{"data":"LikeWater","floor":29.0,"key":"SMITH"},{"data":"Wish","floor":32,"key":"SMITH"},{"data":"DevaForm","floor":40,"key":"SMITH"},{"data":"CutThroughFate","floor":42,"key":"SMITH"},{"floor":44,"key":"DIG"},{"floor":49,"key":"DIG"},{"floor":52,"key":"DIG"}],"circlet_count":0,"master_deck":["Strike_P+1","Defend_P+1","Defend_P+1","Defend_P+1","Eruption","Vigilance+1","Dramatic Entrance","FlurryOfBlows","Consecrate","EmptyMind","LikeWater+1","CutThroughFate+1","Tantrum+1","FearNoEvil+1","Tantrum+1","Wish+1","CurseOfTheBell","FlurryOfBlows+1","FearNoEvil+1","LikeWater+1","EmptyFist+1","Consecrate+1","FlurryOfBlows+1","Indignation+1","FlurryOfBlows+1","DevaForm+1","EmptyBody+1","FlurryOfBlows+1","Parasite","Flash of Steel+1","Secret Technique+1","TalkToTheHand+1","Wallop","MentalFortress+1","FearNoEvil+1"],"relics":["HolyWater","Unceasing Top","Vajra","Girya","Bag of Marbles","Frozen Eye","MerchantsRug","Melange","betterThird:SlimedRelic","Centennial Puzzle","Pantograph","TeardropLocket","Ice Cream","Shovel","White Beast Statue","Membership Card","Nunchaku","Kunai","War Paint","TheAbacus","Strawberry","Mercury Hourglass","Boot"],"acts_visited":["Exordium","TheCity","TheBeyond","TheEnding"],"potions_floor_usage":[33,33,50,55,55],"damage_taken":[{"damage":0.0,"enemies":"Small Slimes","floor":1.0,"turns":2.0},{"damage":0.0,"enemies":"Jaw Worm","floor":4.0,"turns":3.0},{"damage":0.0,"enemies":"Cultist","floor":5.0,"turns":3.0},{"damage":0.0,"enemies":"Lots of Slimes","floor":7.0,"turns":1.0},{"damage":0.0,"enemies":"2 Fungi Beasts","floor":8.0,"turns":1.0},{"damage":0.0,"enemies":"Exordium Thugs","floor":11.0,"turns":2.0},{"damage":0.0,"enemies":"3 Louse","floor":13.0,"turns":1.0},{"damage":3.0,"enemies":"Exordium Wildlife","floor":14.0,"turns":2.0},{"damage":7.0,"enemies":"The Guardian","floor":16.0,"turns":8.0},{"damage":7.0,"enemies":"Shell Parasite","floor":18.0,"turns":2.0},{"damage":0.0,"enemies":"Chosen","floor":20.0,"turns":3.0},{"damage":0.0,"enemies":"Centurion and Healer","floor":21.0,"turns":2.0},{"damage":0.0,"enemies":"Snecko","floor":22.0,"turns":3.0},{"damage":0.0,"enemies":"Snake Plant","floor":24.0,"turns":1.0},{"damage":19.0,"enemies":"Slavers","floor":28.0,"turns":2.0},{"damage":10.0,"enemies":"Centurion and Healer","floor":30.0,"turns":2.0},{"damage":3,"enemies":"Collector","floor":33,"turns":4},{"damage":12,"enemies":"3 Shapes","floor":35,"turns":1},{"damage":0,"enemies":"Orb Walker","floor":36,"turns":1},{"damage":0,"enemies":"3 Darklings","floor":41,"turns":1},{"damage":25,"enemies":"Transient","floor":47,"turns":5},{"damage":6,"enemies":"Sphere and 2 Shapes","floor":48,"turns":1},{"damage":35,"enemies":"Donu and Deca","floor":50,"turns":6},{"damage":5,"enemies":"Shield and Spear","floor":54,"turns":3},{"damage":111,"enemies":"The Heart","floor":55,"turns":8}],"seed_played":"-8725032055844248591","potions_obtained":[{"floor":4.0,"key":"BottledMiracle"},{"floor":8.0,"key":"Weak Potion"},{"floor":21.0,"key":"Regen Potion"},{"floor":22.0,"key":"Ambrosia"},{"floor":33,"key":"CultistPotion"},{"floor":47,"key":"LiquidBronze"},{"floor":54,"key":"FearPotion"}],"is_trial":false,"path_per_floor":["M","?","?","M","M","R","M","M","T","?","M","R","M","M","R","B",null,"M","$","M","M","M","R","M","R","T","?","E","R","M","?","R","B",null,"M","M","?","T","?","R","M","R","T","R","?","$","M","M","R","B",null,"R","$","E","B"],"character_chosen":"WATCHER","items_purchased":["Vajra","Girya","Bag of Marbles","Frozen Eye","Dramatic Entrance","FlurryOfBlows","MerchantsRug","Melange","Pantograph","Membership Card","Nunchaku","Lee\u0027s Waffle","Flash of Steel+1","Secret Technique","TalkToTheHand+1","War Paint","TheAbacus","Strawberry","Mercury Hourglass"],"campfire_rested":1,"item_purchase_floors":[0,0,0,0,0,0,0,0,19,46,46,46,46,46,46,53,53,53,53],"current_hp_per_floor":[32,32,21,21,21,21,21,21,21,14,14,14,14,11,32,25,72,65,65,65,65,65,65,65,65,79,79,60,60,50,50,50,84,86,74,74,74,74,74,74,74,74,74,74,74,93,68,62,72,62,103,103,110,105,0,0],"gold":33,"neow_bonus":"","is_daily":false,"chose_seed":false,"campfire_upgraded":5,"win_rate":0.0,"timestamp":1613753953,"path_taken":["M","?","?","M","M","R","M","M","T","?","M","R","?","?","R","BOSS","M","$","M","M","M","R","M","R","T","?","E","R","M","?","R","BOSS","M","M","?","?","?","R","?","R","T","R","?","$","M","M","R","BOSS","R","$","E","BOSS"],"items_purchased_type":["Relic","Relic","Relic","Relic","Card","Card","Relic","Relic","Relic","Relic","Relic","Relic","Card","Card","Card","Relic","Relic","Relic","Relic"],"build_version":"2020-12-22","purchased_purges":2,"victory":false,"max_hp_per_floor":[72,72,72,72,72,72,72,72,72,72,72,72,72,72,72,72,72,72,72,72,72,72,72,72,72,86,86,86,86,86,86,86,86,86,86,86,86,86,86,86,86,86,86,86,86,93,93,93,103,103,103,103,110,110,110,110],"relic_stats":{"counters":[171,696],"Melange":[18],"War Paint":["Vigilance","Secret Technique"],"Boot":[0],"Mercury Hourglass":[33],"Centennial Puzzle":[30],"Nunchaku":[13],"Shovel":3,"TheAbacus":[6],"Pantograph":55,"Kunai":[14],"obtain_stats":[{"Ice Cream":0,"Calipers":0,"Tiny House":34,"Gremlin Horn":43,"Vajra":26,"Ginger":0,"Bottled Tornado":46,"Boot":54,"Old Coin":13,"Sozu":34,"Centennial Puzzle":45,"HornCleat":9,"FaceOfCleric":21,"Strawberry":6,"Prayer Wheel":17,"VioletLotus":34,"Kunai":0,"MerchantsRug":0,"Girya":0,"Pear":0,"Happy Flower":13,"Dead Branch":39,"Blue Candle":17,"Oddly Smooth Stone":38,"Eternal Feather":23,"Pen Nib":9,"War Paint":53,"Question Card":9,"Akabeko":9,"SlaversCollar":17,"Bottled Flame":31,"Shuriken":0,"MutagenicStrength":19,"Molten Egg 2":14,"Nloth\u0027s Gift":21,"Symbiotic Virus":0,"StrikeDummy":6,"Unceasing Top":0,"Meat on the Bone":29,"Regal Pillow":43,"Lantern":7,"Singing Bowl":23,"SacredBark":17,"Melange":0,"Mango":38,"Juzu Bracelet":36,"Bag of Preparation":27,"TeardropLocket":37,"Cursed Key":17,"Ancient Tea Set":7,"Frozen Eye":0,"Dream Catcher":6,"Nunchaku":46,"Matryoshka":6,"Shovel":0,"TheAbacus":53,"Mummified Hand":43,"Gambling Chip":0,"Pantograph":9,"WingedGreaves":23,"Red Mask":45,"Chemical X":31,"Cracked Core":0,"InkBottle":46,"Lee\u0027s Waffle":38,"Golden Idol":2,"Damaru":39,"Thread and Needle":0,"betterThird:NestCultRelic":24,"PreservedInsect":26,"The Courier":43,"Odd Mushroom":7,"Orichalcum":6,"Frozen Egg 2":40,"White Beast Statue":54,"Mercury Hourglass":53,"Peace Pipe":0,"Calling Bell":17,"Strange Spoon":53,"Anchor":54,"CaptainsWheel":0,"Busted Crown":34,"Ornamental Fan":0,"Bloody Idol":21,"betterThird:SlimedRelic":2,"HolyWater":34,"Ectoplasm":17,"Turnip":0,"Art of War":9,"Bag of Marbles":0,"Membership Card":53,"PureWater":0,"TungstenRod":26,"Toy Ornithopter":53,"FossilizedHelix":53},{"Ice Cream":24,"Calipers":46,"Tiny House":61,"Gremlin Horn":141,"Vajra":57,"Ginger":95,"Bottled Tornado":68,"Boot":170,"Old Coin":51,"Sozu":17,"Centennial Puzzle":142,"HornCleat":48,"FaceOfCleric":44,"Strawberry":126,"Prayer Wheel":155,"VioletLotus":138,"Kunai":72,"MerchantsRug":0,"Girya":146,"Pear":46,"Happy Flower":6,"Dead Branch":64,"Blue Candle":155,"Oddly Smooth Stone":19,"Eternal Feather":45,"Pen Nib":99,"War Paint":169,"Question Card":29,"Akabeko":48,"SlaversCollar":32,"Bottled Flame":60,"Shuriken":24,"MutagenicStrength":53,"Molten Egg 2":51,"Nloth\u0027s Gift":10,"Symbiotic Virus":0,"StrikeDummy":76,"Unceasing Top":146,"Meat on the Bone":108,"Regal Pillow":20,"Lantern":39,"Singing Bowl":106,"SacredBark":130,"Melange":146,"Mango":19,"Juzu Bracelet":18,"Bag of Preparation":58,"TeardropLocket":63,"Cursed Key":8,"Ancient Tea Set":98,"Frozen Eye":146,"Dream Catcher":97,"Nunchaku":166,"Matryoshka":48,"Shovel":95,"TheAbacus":169,"Mummified Hand":90,"Gambling Chip":72,"Pantograph":77,"WingedGreaves":56,"Red Mask":21,"Chemical X":85,"Cracked Core":0,"InkBottle":91,"Lee\u0027s Waffle":19,"Golden Idol":36,"Damaru":140,"Thread and Needle":72,"betterThird:NestCultRelic":83,"PreservedInsect":107,"The Courier":114,"Odd Mushroom":4,"Orichalcum":39,"Frozen Egg 2":65,"White Beast Statue":94,"Mercury Hourglass":169,"Peace Pipe":0,"Calling Bell":155,"Strange Spoon":70,"Anchor":71,"CaptainsWheel":122,"Busted Crown":86,"Ornamental Fan":117,"Bloody Idol":34,"betterThird:SlimedRelic":47,"HolyWater":163,"Ectoplasm":80,"Turnip":117,"Art of War":4,"Bag of Marbles":146,"Membership Card":70,"PureWater":0,"TungstenRod":45,"Toy Ornithopter":70,"FossilizedHelix":115},{"Ice Cream":91,"Calipers":191,"Tiny House":250,"Gremlin Horn":590,"Vajra":237,"Ginger":389,"Bottled Tornado":268,"Boot":688,"Old Coin":210,"Sozu":60,"Centennial Puzzle":597,"HornCleat":196,"FaceOfCleric":177,"Strawberry":522,"Prayer Wheel":651,"VioletLotus":578,"Kunai":290,"MerchantsRug":0,"Girya":628,"Pear":191,"Happy Flower":13,"Dead Branch":259,"Blue Candle":651,"Oddly Smooth Stone":68,"Eternal Feather":182,"Pen Nib":405,"War Paint":685,"Question Card":104,"Akabeko":196,"SlaversCollar":123,"Bottled Flame":247,"Shuriken":91,"MutagenicStrength":225,"Molten Egg 2":210,"Nloth\u0027s Gift":29,"Symbiotic Virus":0,"StrikeDummy":305,"Unceasing Top":628,"Meat on the Bone":437,"Regal Pillow":74,"Lantern":149,"Singing Bowl":429,"SacredBark":540,"Melange":628,"Mango":68,"Juzu Bracelet":64,"Bag of Preparation":240,"TeardropLocket":255,"Cursed Key":21,"Ancient Tea Set":403,"Frozen Eye":628,"Dream Catcher":398,"Nunchaku":673,"Matryoshka":196,"Shovel":389,"TheAbacus":685,"Mummified Hand":356,"Gambling Chip":290,"Pantograph":308,"WingedGreaves":233,"Red Mask":79,"Chemical X":340,"Cracked Core":0,"InkBottle":363,"Lee\u0027s Waffle":68,"Golden Idol":137,"Damaru":585,"Thread and Needle":290,"betterThird:NestCultRelic":335,"PreservedInsect":433,"The Courier":465,"Odd Mushroom":9,"Orichalcum":149,"Frozen Egg 2":260,"White Beast Statue":384,"Mercury Hourglass":685,"Peace Pipe":0,"Calling Bell":651,"Strange Spoon":275,"Anchor":279,"CaptainsWheel":505,"Busted Crown":343,"Ornamental Fan":488,"Bloody Idol":130,"betterThird:SlimedRelic":192,"HolyWater":670,"Ectoplasm":324,"Turnip":488,"Art of War":9,"Bag of Marbles":628,"Membership Card":275,"PureWater":0,"TungstenRod":182,"Toy Ornithopter":275,"FossilizedHelix":474}],"Unceasing Top":[3]},"card_choices":[{"not_picked":["ForeignInfluence","ClearTheMind"],"picked":"Consecrate","floor":1.0},{"not_picked":["FlyingSleeves","CutThroughFate"],"picked":"EmptyMind","floor":4.0},{"not_picked":["EmptyFist","ReachHeaven"],"picked":"LikeWater","floor":5.0},{"not_picked":["Study","Worship","CrushJoints"],"picked":"SKIP","floor":7.0},{"not_picked":["JustLucky","SashWhip"],"picked":"CutThroughFate","floor":8.0},{"not_picked":["Meditate","Conclude+1"],"picked":"Tantrum+1","floor":11.0},{"not_picked":["Perseverance","CrushJoints+1"],"picked":"FearNoEvil+1","floor":13.0},{"not_picked":["EmptyBody","Prostrate"],"picked":"Tantrum+1","floor":14.0},{"not_picked":["Judgement","Brilliance+1"],"picked":"Wish","floor":16.0},{"not_picked":["PathToVictory","EmptyFist+1"],"picked":"FlurryOfBlows+1","floor":18.0},{"not_picked":["CarveReality+1","CrushJoints+1"],"picked":"FearNoEvil+1","floor":18.0},{"not_picked":["Halt","SandsOfTime+1"],"picked":"LikeWater","floor":20.0},{"not_picked":["Pray","JustLucky+1"],"picked":"EmptyFist+1","floor":20.0},{"not_picked":["JustLucky+1","Weave+1","ThirdEye"],"picked":"SKIP","floor":21.0},{"not_picked":["Evaluate","Pray","Meditate"],"picked":"SKIP","floor":21.0},{"not_picked":["DevaForm","SandsOfTime+1"],"picked":"Consecrate+1","floor":22.0},{"not_picked":["FlyingSleeves+1","CrushJoints+1","BowlingBash+1"],"picked":"SKIP","floor":22.0},{"not_picked":["Consecrate+1","LessonLearned+1"],"picked":"FlurryOfBlows+1","floor":24.0},{"not_picked":["Meditate","Halt","EmptyBody"],"picked":"SKIP","floor":24.0},{"not_picked":["BowlingBash+1","WheelKick+1","CutThroughFate+1"],"picked":"SKIP","floor":28.0},{"not_picked":["Wireheading","CrushJoints+1"],"picked":"Indignation+1","floor":30.0},{"not_picked":["PathToVictory","MentalFortress"],"picked":"FlurryOfBlows+1","floor":30.0},{"not_picked":["LessonLearned+1","SpiritShield"],"picked":"DevaForm","floor":33},{"not_picked":["Consecrate+1","Crescendo"],"picked":"EmptyBody+1","floor":35},{"not_picked":["SandsOfTime+1","Consecrate+1","ForeignInfluence"],"picked":"SKIP","floor":35},{"not_picked":["Prostrate+1","Meditate+1"],"picked":"FlurryOfBlows+1","floor":36},{"not_picked":["SashWhip+1","Crescendo","BowlingBash+1"],"picked":"SKIP","floor":36},{"not_picked":["Consecrate+1","SashWhip+1","WaveOfTheHand+1"],"picked":"SKIP","floor":41},{"not_picked":["Prostrate+1","Evaluate+1","Perseverance+1"],"picked":"SKIP","floor":41},{"not_picked":["FollowUp+1","WaveOfTheHand"],"picked":"Wallop","floor":47},{"not_picked":["ClearTheMind","Consecrate+1","Vengeance"],"picked":"SKIP","floor":47},{"not_picked":["WindmillStrike+1","LessonLearned"],"picked":"MentalFortress+1","floor":48},{"not_picked":["PathToVictory","Evaluate"],"picked":"FearNoEvil+1","floor":48},{"not_picked":["Consecrate+1","ClearTheMind","Nirvana+1"],"picked":"SKIP","floor":54}],"player_experience":3782308,"relics_obtained":[{"floor":9.0,"key":"Molten Egg 2"},{"floor":17.0,"key":"Centennial Puzzle"},{"floor":17.0,"key":"Blue Candle"},{"floor":17.0,"key":"Prayer Wheel"},{"floor":26.0,"key":"Mango"},{"floor":28.0,"key":"TeardropLocket"},{"floor":38,"key":"Ice Cream"},{"floor":43,"key":"Shovel"},{"floor":44,"key":"White Beast Statue"},{"floor":49,"key":"Pear"},{"floor":52,"key":"Kunai"},{"floor":54,"key":"Boot"}],"event_choices":[{"damage_healed":0.0,"max_hp_gain":0.0,"max_hp_loss":0.0,"gold_gain":0.0,"event_name":"betterThird:BetterScrap","player_choice":"LEAVE","floor":2.0,"gold_loss":0.0,"damage_taken":0.0,"cards_obtained":["Meteor Strike"]},{"damage_healed":0.0,"max_hp_gain":0.0,"max_hp_loss":0.0,"gold_gain":0.0,"event_name":"betterThird:BetterGoop","player_choice":"Slimed","floor":3.0,"gold_loss":21.0,"damage_taken":11.0},{"damage_healed":0.0,"max_hp_gain":0.0,"max_hp_loss":0.0,"gold_gain":0.0,"event_name":"Wheel of Change","player_choice":"Damaged","floor":10.0,"gold_loss":0.0,"damage_taken":7.0},{"cards_removed":["Strike_P"],"damage_healed":0.0,"max_hp_gain":0.0,"max_hp_loss":0.0,"gold_gain":0.0,"event_name":"betterNote:BetterNote","player_choice":"Give","floor":27.0,"gold_loss":0.0,"damage_taken":0.0,"cards_obtained":["Strike_R"]},{"damage_healed":0.0,"max_hp_gain":0.0,"max_hp_loss":6.0,"gold_gain":0.0,"event_name":"betterThird:BetterWriting","player_choice":"Simplicity","floor":31.0,"gold_loss":0.0,"damage_taken":0.0},{"cards_removed":["Defend_P"],"damage_healed":0,"gold_gain":0,"player_choice":"Removed Skill","damage_taken":0,"max_hp_gain":0,"max_hp_loss":0,"event_name":"Falling","floor":37,"gold_loss":0},{"cards_removed":["Strike_P"],"damage_healed":0,"gold_gain":0,"player_choice":"Offered Basic","damage_taken":0,"max_hp_gain":0,"max_hp_loss":0,"event_name":"Bonfire Elementals","floor":39,"gold_loss":0},{"damage_healed":0,"gold_gain":100,"player_choice":"Pray","damage_taken":0,"max_hp_gain":0,"max_hp_loss":0,"event_name":"Golden Shrine","floor":45,"gold_loss":0}],"is_beta":false,"boss_relics":[{"not_picked":["Philosopher\u0027s Stone","Snecko Eye"],"picked":"Calling Bell"},{"not_picked":["Velvet Choker","Coffee Dripper"],"picked":"HolyWater"}],"items_purged_floors":[0,0],"is_endless":false,"potions_floor_spawned":[4,8,11,13,21,22,24,33,47,48,54],"killed_by":"The Heart","ascension_level":0}}