{"host":"ga4s3hj9m6nkn6gp","time":1613768397,"event":{"mods":["AchievementEnabler","BaseMod","Bestiary","Colored Powertips","Highlight Path","Minty Spire (QoL Compilation)","Relic Stats","everything is the same but u backflip on backflip"],"gold_per_floor":[110,110,110,128,53,53,128,154,154,185,202,202,252,252,252,331,331,346,374,374,387,48,48,73,73,141,167,167,190,18,53,53,53,53],"floor_reached":33,"language":"ENG","playtime":1239,"items_purged":["Pain"],"score":760,"play_id":"24f310cf-9773-4bc9-b607-8021459b6afb","local_time":"20210219215957","is_ascension_mode":true,"campfire_choices":[{"data":"Deadly Poison","floor":6.0,"key":"SMITH"},{"data":"Poisoned Stab","floor":12,"key":"SMITH"},{"data":"Neutralize","floor":15,"key":"SMITH"},{"data":"Catalyst","floor":23,"key":"SMITH"},{"floor":25,"key":"REST"},{"data":"Well Laid Plans","floor":32,"key":"SMITH"}],"circlet_count":0,"master_deck":["AscendersBane","Strike_G","Strike_G","Defend_G+1","Defend_G","Defend_G","Defend_G+1","Defend_G","Survivor","Neutralize+1","Dagger Throw","Deadly Poison+1","Poisoned Stab+1","Venomology","Unload","Catalyst+1","Tactician","Prepared+1","Acrobatics+1","Venomology","Bane","Prepared+1","Underhanded Strike+1","PiercingWail","Well Laid Plans+1","Caltrops"],"relics":["Ring of the Snake","NeowsBlessing","WarpedTongs","Toy Ornithopter","HornCleat","Centennial Puzzle","Dream Catcher","HoveringKite","Red Mask","Oddly Smooth Stone","Medical Kit","Paper Crane","Snake Skull","CeramicFish","Orrery","Mummified Hand"],"acts_visited":["Exordium","TheCity"],"potions_floor_usage":[10,16,18,19,19,21,24,27,27,27,27,27,31,31,33,33],"damage_taken":[{"damage":0.0,"enemies":"Small Slimes","floor":1.0,"turns":1.0},{"damage":0.0,"enemies":"Jaw Worm","floor":4.0,"turns":1.0},{"damage":0.0,"enemies":"3 Sentries","floor":8.0,"turns":1.0},{"damage":16,"enemies":"Gremlin Nob","floor":10,"turns":4},{"damage":0,"enemies":"Cultist","floor":11,"turns":2},{"damage":0,"enemies":"Hexaghost","floor":16,"turns":9},{"damage":4,"enemies":"Shell Parasite","floor":18,"turns":6},{"damage":0,"enemies":"Masked Bandits","floor":19,"turns":3},{"damage":16,"enemies":"2 Thieves","floor":21,"turns":3},{"damage":28,"enemies":"Book of Stabbing","floor":24,"turns":5},{"damage":30,"enemies":"Gremlin Leader","floor":27,"turns":5},{"damage":7,"enemies":"Slavers","floor":31,"turns":7},{"damage":65,"enemies":"Collector","floor":33,"turns":5}],"seed_played":"-2575624913853255187","potions_obtained":[{"floor":1.0,"key":"ColorlessPotion"},{"floor":8.0,"key":"Block Potion"},{"floor":10,"key":"Weak Potion"},{"floor":11,"key":"EssenceOfSteel"},{"floor":19,"key":"GamblersBrew"},{"floor":24,"key":"SteroidPotion"},{"floor":31,"key":"AttackPotion"}],"is_trial":false,"path_per_floor":["M","?","?","M","$","R","?","E","T","E","M","R","T","?","R","B",null,"M","?","?","M","$","R","E","R","T","E","?","T","$","E","R","B"],"character_chosen":"THE_SILENT","items_purchased":["Oddly Smooth Stone","Medical Kit","Orrery","Well Laid Plans"],"campfire_rested":1,"item_purchase_floors":[22,22,30,30],"current_hp_per_floor":[59,39,39,39,39,39,28,28,28,17,17,17,17,10,10,15,53,54,64,46,35,35,35,27,48,48,43,43,43,43,46,46,0,0],"gold":53,"neow_bonus":"THREE_ENEMY_KILL","is_daily":false,"chose_seed":false,"campfire_upgraded":5,"win_rate":0.0,"timestamp":1613768397,"path_taken":["M","?","?","?","$","R","?","E","T","E","M","R","?","?","R","BOSS","M","?","?","M","$","R","E","R","T","E","?","?","$","E","R","BOSS"],"items_purchased_type":["Relic","Relic","Relic","Card"],"build_version":"2020-12-22","purchased_purges":1,"victory":false,"max_hp_per_floor":[66,66,66,66,66,66,66,66,66,66,66,66,66,66,66,66,66,66,66,71,71,71,71,71,71,71,71,71,71,71,71,71,71,71],"relic_stats":{"Centennial Puzzle":[18],"Dream Catcher":1,"counters":[13,52],"Mummified Hand":[2],"CeramicFish":45,"HoveringKite":[24],"Snake Skull":[8],"Medical Kit":[7],"obtain_stats":[{"NeowsBlessing":0,"CeramicFish":29,"HoveringKite":17,"Oddly Smooth Stone":22,"Snake Skull":27,"Paper Crane":24,"Medical Kit":22,"WarpedTongs":3,"Centennial Puzzle":10,"Dream Catcher":13,"HornCleat":9,"Mummified Hand":31,"Orrery":30,"Red Mask":19,"Toy Ornithopter":8,"Ring of the Snake":0},{"NeowsBlessing":0,"CeramicFish":11,"HoveringKite":6,"Oddly Smooth Stone":9,"Snake Skull":11,"Paper Crane":10,"Medical Kit":9,"WarpedTongs":1,"Centennial Puzzle":4,"Dream Catcher":5,"HornCleat":3,"Mummified Hand":12,"Orrery":11,"Red Mask":8,"Toy Ornithopter":3,"Ring of the Snake":0},{"NeowsBlessing":0,"CeramicFish":40,"HoveringKite":18,"Oddly Smooth Stone":30,"Snake Skull":40,"Paper Crane":35,"Medical Kit":30,"WarpedTongs":1,"Centennial Puzzle":7,"Dream Catcher":9,"HornCleat":3,"Mummified Hand":47,"Orrery":40,"Red Mask":27,"Toy Ornithopter":3,"Ring of the Snake":0}],"Toy Ornithopter":80,"Ring of the Snake":[26],"WarpedTongs":[51]},"card_choices":[{"not_picked":["Infinite Blades","Dodge and Roll"],"picked":"Dagger Throw","floor":1.0},{"not_picked":["Cloak And Dagger","Dagger Throw"],"picked":"Deadly Poison","floor":4.0},{"not_picked":["Acrobatics","Heel Hook"],"picked":"Poisoned Stab","floor":8.0},{"not_picked":["Riddle With Holes","Flechettes","Expertise"],"picked":"SKIP","floor":10},{"not_picked":["Bane","Dash"],"picked":"Venomology","floor":11},{"not_picked":["Phantasmal Killer","Night Terror"],"picked":"Unload","floor":16},{"not_picked":["Skewer","Endless Agony"],"picked":"Catalyst","floor":18},{"not_picked":["Skewer","Backflip"],"picked":"Tactician","floor":19},{"not_picked":["Poisoned Stab","Cloak And Dagger","Skewer"],"picked":"SKIP","floor":21},{"not_picked":["Envenom","Cloak And Dagger","Outmaneuver"],"picked":"SKIP","floor":24},{"not_picked":["Bane","Cloak And Dagger"],"picked":"Prepared+1","floor":25},{"not_picked":["Heel Hook+1","Cloak And Dagger"],"picked":"Acrobatics+1","floor":27},{"not_picked":["PiercingWail","Deflect"],"picked":"Prepared+1","floor":30},{"not_picked":["Setup","Deflect"],"picked":"Underhanded Strike+1","floor":30},{"not_picked":["Dodge and Roll","Deadly Poison"],"picked":"PiercingWail","floor":30},{"not_picked":["Accuracy","Reflex"],"picked":"Caltrops","floor":31}],"player_experience":784086,"relics_obtained":[{"floor":8.0,"key":"Toy Ornithopter"},{"floor":9.0,"key":"HornCleat"},{"floor":10,"key":"Centennial Puzzle"},{"floor":13,"key":"Dream Catcher"},{"floor":19,"key":"Red Mask"},{"floor":24,"key":"Paper Crane"},{"floor":27,"key":"Snake Skull"},{"floor":29,"key":"CeramicFish"},{"floor":31,"key":"Mummified Hand"}],"event_choices":[{"damage_healed":0.0,"max_hp_gain":0.0,"max_hp_loss":0.0,"gold_gain":0.0,"event_name":"Shining Light","player_choice":"Entered Light","floor":2.0,"gold_loss":0.0,"damage_taken":20.0,"cards_upgraded":["Defend_G","Defend_G"]},{"damage_healed":0.0,"max_hp_gain":0.0,"max_hp_loss":0.0,"gold_gain":0.0,"event_name":"Accursed Blacksmith","player_choice":"Rummage","floor":3.0,"gold_loss":0.0,"damage_taken":0.0,"relics_obtained":["WarpedTongs"],"cards_obtained":["Pain"]},{"damage_healed":0.0,"max_hp_gain":0.0,"max_hp_loss":0.0,"gold_gain":75.0,"event_name":"World of Goop","player_choice":"Gather Gold","floor":7.0,"gold_loss":0.0,"damage_taken":11.0},{"cards_removed":["Strike_G"],"damage_healed":0,"gold_gain":0,"player_choice":"Card Removal","damage_taken":7,"max_hp_gain":0,"max_hp_loss":0,"event_name":"Golden Wing","floor":14,"gold_loss":0},{"damage_healed":0,"gold_gain":0,"player_choice":"Fought Bandits","damage_taken":0,"max_hp_gain":0,"max_hp_loss":0,"event_name":"Masked Bandits","floor":19,"gold_loss":0},{"damage_healed":0,"gold_gain":0,"player_choice":"Shed Blood","damage_taken":23,"max_hp_gain":5,"max_hp_loss":0,"event_name":"Forgotten Altar","floor":20,"gold_loss":0},{"damage_healed":0,"gold_gain":0,"cards_transformed":["Strike_G","Strike_G"],"player_choice":"Became Test Subject","damage_taken":0,"max_hp_gain":0,"max_hp_loss":0,"event_name":"Drug Dealer","floor":28,"gold_loss":0,"cards_obtained":["Venomology","Bane"]}],"is_beta":false,"boss_relics":[{"not_picked":["Snecko Eye","Cursed Key"],"picked":"HoveringKite"}],"items_purged_floors":[5],"is_endless":false,"potions_floor_spawned":[1,8,10,11,19,24,31],"killed_by":"Collector","ascension_level":20}}