{"host":"jngeqill3bw7azzz","time":1613775421,"event":{"mods":["BaseMod","Highlight Path","Minty Spire (QoL Compilation)","Permanent Neow","Relic Stats"],"gold_per_floor":[111,111,124,124,136,136,171,171,171,200,215,248,260,272,272,347,347,360,360,376,50,64,64,95,95,118,118,118],"floor_reached":27,"language":"ENG","playtime":1209,"items_purged":["Defend_R"],"score":506,"play_id":"1ed75b06-1790-4ad6-b6bc-f4d5090a8ef7","local_time":"20210219175701","is_ascension_mode":true,"campfire_choices":[{"data":"Carnage","floor":6,"key":"SMITH"},{"data":"Inflame","floor":15,"key":"SMITH"},{"data":"Disarm","floor":23,"key":"SMITH"}],"circlet_count":0,"master_deck":["AscendersBane","Strike_R","Strike_R","Strike_R","Strike_R","Defend_R+1","Defend_R+1","Defend_R","Bash","Exhume","Carnage+1","Inflame+1","Pommel Strike","Thunderclap+1","Flame Barrier","Iron Wave","Offering+1","Second Wind","Impervious","Pommel Strike+1","True Grit+1","Disarm+1","Burning Pact+1"],"relics":["Burning Blood","Champion Belt","Akabeko","Pantograph","Velvet Choker","Brimstone","Meat on the Bone","Enchiridion","Bag of Preparation"],"acts_visited":["Exordium","TheCity"],"potions_floor_usage":[7,10,16,16,24],"damage_taken":[{"damage":10,"enemies":"Small Slimes","floor":1,"turns":4},{"damage":0,"enemies":"2 Louse","floor":3,"turns":2},{"damage":1,"enemies":"Cultist","floor":5,"turns":3},{"damage":28,"enemies":"Gremlin Nob","floor":7,"turns":4},{"damage":19,"enemies":"Lagavulin","floor":10,"turns":5},{"damage":12,"enemies":"Exordium Wildlife","floor":11,"turns":2},{"damage":15,"enemies":"3 Sentries","floor":12,"turns":5},{"damage":3,"enemies":"Looter","floor":13,"turns":2},{"damage":0,"enemies":"2 Fungi Beasts","floor":14,"turns":2},{"damage":14,"enemies":"Hexaghost","floor":16,"turns":9},{"damage":12,"enemies":"3 Byrds","floor":18,"turns":4},{"damage":6,"enemies":"Chosen","floor":20,"turns":2},{"damage":6,"enemies":"Snecko","floor":22,"turns":2},{"damage":13,"enemies":"Book of Stabbing","floor":24,"turns":3},{"damage":34,"enemies":"Slavers","floor":27,"turns":3}],"seed_played":"-7098531469307441561","potions_obtained":[{"floor":1,"key":"ColorlessPotion"},{"floor":5,"key":"Regen Potion"},{"floor":10,"key":"ColorlessPotion"},{"floor":13,"key":"FearPotion"},{"floor":14,"key":"AttackPotion"},{"floor":18,"key":"FearPotion"}],"is_trial":false,"path_per_floor":["M","?","M","?","M","R","E","?","T","E","M","E","M","M","R","B",null,"M","?","M","$","M","R","E","?","T","E"],"character_chosen":"IRONCLAD","items_purchased":["Brimstone","Disarm"],"campfire_rested":0,"item_purchase_floors":[21,21],"current_hp_per_floor":[64,41,47,40,45,45,23,23,23,24,18,9,12,18,18,35,65,59,59,59,59,59,59,52,31,31,0,0],"gold":118,"neow_bonus":"ONE_RANDOM_RARE_CARD","is_daily":false,"chose_seed":false,"campfire_upgraded":3,"win_rate":0.0,"timestamp":1613775421,"path_taken":["M","?","M","?","M","R","E","?","T","E","M","E","M","M","R","BOSS","M","?","?","$","M","R","E","?","T","E"],"items_purchased_type":["Relic","Card"],"build_version":"2020-12-22","purchased_purges":1,"victory":false,"max_hp_per_floor":[75,75,75,75,75,75,75,75,75,75,75,75,75,75,75,75,75,75,75,75,75,75,75,75,75,75,75,75],"relic_stats":{"counters":[15,52],"Pantograph":25,"Bag of Preparation":[2],"Champion Belt":[21],"obtain_stats":[{"Brimstone":21,"Pantograph":12,"Velvet Choker":17,"Enchiridion":25,"Bag of Preparation":26,"Champion Belt":7,"Burning Blood":0,"Akabeko":10,"Meat on the Bone":24},{"Brimstone":12,"Pantograph":7,"Velvet Choker":10,"Enchiridion":14,"Bag of Preparation":14,"Champion Belt":4,"Burning Blood":0,"Akabeko":5,"Meat on the Bone":14},{"Brimstone":44,"Pantograph":25,"Velvet Choker":38,"Enchiridion":49,"Bag of Preparation":49,"Champion Belt":13,"Burning Blood":0,"Akabeko":18,"Meat on the Bone":49}],"Burning Blood":84,"Meat on the Bone":0},"card_choices":[{"not_picked":["Pummel","Sword Boomerang"],"picked":"Carnage","floor":1},{"not_picked":["True Grit","Sever Soul"],"picked":"Inflame","floor":3},{"not_picked":["Rampage","Sword Boomerang"],"picked":"Pommel Strike","floor":5},{"not_picked":["Burning Pact","Evolve"],"picked":"Thunderclap","floor":7},{"not_picked":["Warcry","Whirlwind"],"picked":"Flame Barrier","floor":10},{"not_picked":["Cleave","Clothesline"],"picked":"Iron Wave","floor":11},{"not_picked":["Dark Embrace","Dropkick"],"picked":"Offering","floor":12},{"not_picked":["Shrug It Off","Body Slam"],"picked":"Second Wind","floor":13},{"not_picked":["Dropkick","Headbutt","Bloodletting"],"picked":"SKIP","floor":14},{"not_picked":["Bludgeon","Immolate"],"picked":"Impervious","floor":16},{"not_picked":["Clash","Dropkick+1"],"picked":"Pommel Strike+1","floor":18},{"not_picked":["Bloodletting","Pommel Strike"],"picked":"True Grit+1","floor":20},{"not_picked":["Infernal Blade","Clothesline","Perfected Strike"],"picked":"SKIP","floor":22},{"not_picked":["Flame Barrier","Pommel Strike"],"picked":"Burning Pact+1","floor":24}],"player_experience":2658672,"relics_obtained":[{"floor":7,"key":"Champion Belt"},{"floor":10,"key":"Akabeko"},{"floor":12,"key":"Pantograph"},{"floor":24,"key":"Meat on the Bone"},{"floor":25,"key":"Enchiridion"},{"floor":26,"key":"Bag of Preparation"}],"event_choices":[{"damage_healed":0,"gold_gain":0,"player_choice":"Entered Light","damage_taken":23,"max_hp_gain":0,"max_hp_loss":0,"event_name":"Shining Light","floor":2,"gold_loss":0,"cards_upgraded":["Defend_R","Defend_R"]},{"cards_removed":["Strike_R"],"damage_healed":0,"gold_gain":0,"player_choice":"Card Removal","damage_taken":7,"max_hp_gain":0,"max_hp_loss":0,"event_name":"Golden Wing","floor":4,"gold_loss":0},{"damage_healed":0,"gold_gain":0,"player_choice":"Grow","damage_taken":0,"max_hp_gain":0,"max_hp_loss":0,"event_name":"Living Wall","floor":8,"gold_loss":0,"cards_upgraded":["Thunderclap"]},{"damage_healed":0,"gold_gain":0,"player_choice":"Upgraded","damage_taken":0,"max_hp_gain":0,"max_hp_loss":0,"event_name":"Upgrade Shrine","floor":19,"gold_loss":0,"cards_upgraded":["Offering"]},{"damage_healed":0,"gold_gain":0,"player_choice":"Obtained Book","damage_taken":21,"max_hp_gain":0,"max_hp_loss":0,"event_name":"Cursed Tome","floor":25,"gold_loss":0}],"is_beta":false,"boss_relics":[{"not_picked":["Runic Dome","Empty Cage"],"picked":"Velvet Choker"}],"items_purged_floors":[21],"is_endless":false,"potions_floor_spawned":[1,5,10,13,14,18],"killed_by":"Slavers","ascension_level":20}}