{"host":"7xbu8gt067z192g2","time":1613711205,"event":{"mods":["BaseMod","Better Note","BetterRewards","Colored Map","Colored Powertips","Decade(???)","Googly Eyes","Highlight Path","Infinite Spire","Jorbs\u0027s Wanderer Trilogy","Minty Spire (QoL Compilation)","Rare Cards Sparkle","Replay The Spire","StSLib","The Bladedancer","The Bug Knight","The Construct","The Cursed","The Hierophant","The Valiant","The Wild Card"],"gold_per_floor":[109,109,123,48,60,90,90,90,143,143,163,183,89,89,89,194,194,205,216,216,227,227,227,255,265,347,347,347],"floor_reached":27,"language":"ENG","playtime":955,"items_purged":["Fire Breathing","Havoc"],"score":316,"play_id":"aef6649c-b8bb-4ca6-a090-fe0951f18509","local_time":"20210219000645","is_ascension_mode":true,"campfire_choices":[{"data":"Bludgeon","floor":7,"key":"SMITH"},{"data":"Carnage","floor":10,"key":"SMITH"},{"floor":15,"key":"REST"},{"floor":23,"key":"REST"}],"circlet_count":0,"master_deck":["Bash","Life Link","Clothesline","Whirlwind+1","Bludgeon+1","Warcry","Offering+1","True Grit","True Grit","Shrug It Off","Carnage+1","Disarm","Shrug It Off","Flame Barrier","Exhume","ReplayTheSpireMod:Strike From Hell","Sentinel","Necronomicurse","Offering"],"relics":["Pandora\u0027s Box","ReplayFunnel","Replay:Baseball","Runic Cube","Necronomicon","Runic Pyramid","Gremlin Horn","Strawberry","Replay:Bottled Flurry"],"acts_visited":["Exordium","TheCity"],"potions_floor_usage":[15],"damage_taken":[{"damage":18,"enemies":"Jaw Worm","floor":1,"turns":1},{"damage":16,"enemies":"infinitespire:Voidling","floor":3,"turns":2},{"damage":12,"enemies":"2 Louse","floor":5,"turns":2},{"damage":22,"enemies":"HollowMod:MossKnight","floor":6,"turns":5},{"damage":6,"enemies":"Exordium Thugs","floor":11,"turns":2},{"damage":6,"enemies":"Looter","floor":12,"turns":2},{"damage":51,"enemies":"Fading Forest","floor":16,"turns":11},{"damage":12,"enemies":"3 Byrds","floor":18,"turns":2},{"damage":23,"enemies":"2 Thieves","floor":19,"turns":2},{"damage":9,"enemies":"Centurion and Healer","floor":21,"turns":2},{"damage":31,"enemies":"HollowMod:Nosk","floor":24,"turns":4},{"damage":6,"enemies":"Chosen and Byrds","floor":25,"turns":2},{"damage":17,"enemies":"Gremlin Leader","floor":27,"turns":2}],"seed_played":"9174612075993332726","potions_obtained":[{"floor":1,"key":"Fruit Juice"},{"floor":3,"key":"Dexterity Potion"},{"floor":6,"key":"Strength Potion"},{"floor":21,"key":"SmokeBomb"}],"is_trial":false,"path_per_floor":["M","?","M","$","M","E","R","?","T","R","M","M","$","?","R","B",null,"M","M","?","M","AVR","R","E","M","T","E"],"character_chosen":"IRONCLAD","items_purchased":["Shrug It Off","Flame Barrier"],"campfire_rested":2,"item_purchase_floors":[13,13],"current_hp_per_floor":[62,90,74,74,62,40,40,40,40,40,34,28,28,28,60,17,76,64,41,25,16,16,44,20,14,14,0,0],"gold":347,"neow_bonus":"BOSS_RELIC","is_daily":false,"chose_seed":false,"campfire_upgraded":2,"win_rate":0.0,"timestamp":1613711205,"path_taken":["M","?","?","$","M","E","R","?","T","R","M","M","?","?","R","BOSS","M","M","?","M","AVR","R","E","M","T","E"],"items_purchased_type":["Card","Card"],"build_version":"2020-12-22","purchased_purges":2,"victory":false,"max_hp_per_floor":[80,90,90,90,90,90,90,90,90,90,90,90,90,90,95,95,95,95,95,95,95,95,95,102,102,102,102,102],"card_choices":[{"not_picked":["Shockwave","Armaments"],"picked":"True Grit","floor":1},{"not_picked":["ReplayTheSpireMod:Corrosion Curse","Second Wind"],"picked":"True Grit","floor":3},{"not_picked":["Anger","Hemokinesis"],"picked":"Shrug It Off","floor":5},{"not_picked":["Dual Wield","Shrug It Off"],"picked":"Carnage","floor":6},{"not_picked":["Heavy Blade","Clash"],"picked":"Disarm","floor":11},{"not_picked":["ReplayTheSpireMod:Strike From Hell","Massacre","Warcry"],"picked":"SKIP","floor":12},{"not_picked":["Replay:Many Hands","Berserk"],"picked":"Exhume","floor":16},{"not_picked":["Heavy Blade","Metallicize+1"],"picked":"ReplayTheSpireMod:Strike From Hell","floor":18},{"not_picked":["Warcry","Clash"],"picked":"Sentinel","floor":19},{"not_picked":["Seeing Red","Run Through+1","Heavy Blade"],"picked":"SKIP","floor":21},{"not_picked":["Twin Strike","Heavy Blade"],"picked":"Offering","floor":24},{"not_picked":["Armaments","Sword Boomerang","infinitespire:OneForAll"],"picked":"SKIP","floor":25}],"player_experience":241762,"relics_obtained":[{"floor":6,"key":"ReplayFunnel"},{"floor":9,"key":"Replay:Baseball"},{"floor":20,"key":"Necronomicon"},{"floor":24,"key":"Strawberry"},{"floor":26,"key":"Replay:Bottled Flurry"}],"event_choices":[{"cards_removed":["Demon Form"],"damage_healed":18,"gold_gain":0,"player_choice":"Offered Rare","damage_taken":0,"max_hp_gain":10,"max_hp_loss":0,"event_name":"Bonfire Elementals","floor":2,"gold_loss":0},{"damage_healed":0,"gold_gain":0,"player_choice":"Upgraded","damage_taken":0,"max_hp_gain":0,"max_hp_loss":0,"event_name":"Upgrade Shrine","floor":8,"gold_loss":0,"cards_upgraded":["Offering"]},{"damage_healed":0,"gold_gain":0,"player_choice":"Grow","damage_taken":0,"max_hp_gain":0,"max_hp_loss":0,"event_name":"Living Wall","floor":14,"gold_loss":0,"cards_upgraded":["Whirlwind"]},{"damage_healed":0,"gold_gain":0,"player_choice":"Obtained Book","damage_taken":16,"max_hp_gain":0,"max_hp_loss":0,"event_name":"Cursed Tome","floor":20,"gold_loss":0}],"is_beta":false,"boss_relics":[{"not_picked":["Snecko Heart","Tiny House"],"picked":"Runic Cube"}],"items_purged_floors":[4,22],"is_endless":false,"potions_floor_spawned":[1,3,6,21,25],"killed_by":"Gremlin Leader","ascension_level":5}}