{"host":"bf5upntvbdompq33","time":1613710107,"event":{"mods":["BaseMod","Bestiary","Colored Map","Colored Powertips","Curses Come First","Highlight Path","Minty Spire (QoL Compilation)","StSLib","ojb\u0027s Info Mod"],"gold_per_floor":[115,11,11,11,11,36,47,372,372,372,372,372],"floor_reached":11,"language":"ENG","playtime":584,"items_purged":[],"score":161,"play_id":"de66bbc1-bba6-402f-9360-5629c726856d","local_time":"20210218214827","is_ascension_mode":true,"campfire_choices":[{"floor":10,"key":"REST"}],"circlet_count":0,"master_deck":["AscendersBane","Strike_G","Strike_G","Strike_G","Defend_G","Defend_G","Defend_G","Defend_G","Defend_G","Survivor","Neutralize","Prepared","Backflip","Sucker Punch","Poisoned Stab","Reflex","Dagger Throw","Distraction"],"relics":["Ring of the Snake","NeowsBlessing","Shuriken","Old Coin","Mercury Hourglass"],"acts_visited":["Exordium"],"potions_floor_usage":[],"damage_taken":[{"damage":0,"enemies":"Jaw Worm","floor":1,"turns":1},{"damage":0,"enemies":"Gremlin Nob","floor":6,"turns":1},{"damage":0,"enemies":"Small Slimes","floor":7,"turns":1},{"damage":51,"enemies":"3 Sentries","floor":8,"turns":16},{"damage":41,"enemies":"Lagavulin","floor":11,"turns":8}],"seed_played":"-8025953604258914407","potions_obtained":[],"is_trial":false,"path_per_floor":["M","$","?","$","?","E","M","E","T","R","E"],"character_chosen":"THE_SILENT","items_purchased":["Backflip","Sucker Punch"],"campfire_rested":1,"item_purchase_floors":[2,2],"current_hp_per_floor":[63,63,63,63,56,56,56,5,5,26,0,0],"gold":372,"neow_bonus":"THREE_ENEMY_KILL","is_daily":false,"chose_seed":false,"campfire_upgraded":0,"win_rate":0.0,"timestamp":1613710107,"path_taken":["M","$","?","$","?","E","M","E","T","R","E"],"items_purchased_type":["Card","Card"],"build_version":"2020-12-22","purchased_purges":0,"victory":false,"max_hp_per_floor":[70,70,70,70,70,70,70,70,70,70,70,70],"card_choices":[{"not_picked":["Bane","Outmaneuver"],"picked":"Prepared","floor":1},{"not_picked":["PiercingWail","Backflip"],"picked":"Reflex","floor":6},{"not_picked":["Quick Slash","Outmaneuver"],"picked":"Dagger Throw","floor":7},{"not_picked":["Infinite Blades","Flechettes"],"picked":"Distraction","floor":8}],"player_experience":1635174,"relics_obtained":[{"floor":6,"key":"Shuriken"},{"floor":8,"key":"Old Coin"},{"floor":9,"key":"Mercury Hourglass"}],"event_choices":[{"damage_healed":0,"gold_gain":0,"cards_transformed":["Strike_G"],"player_choice":"Change","damage_taken":0,"max_hp_gain":0,"max_hp_loss":0,"event_name":"Living Wall","floor":3,"gold_loss":0,"cards_obtained":["Poisoned Stab"]},{"cards_removed":["Strike_G"],"damage_healed":0,"gold_gain":0,"player_choice":"Card Removal","damage_taken":7,"max_hp_gain":0,"max_hp_loss":0,"event_name":"Golden Wing","floor":5,"gold_loss":0}],"is_beta":false,"boss_relics":[],"items_purged_floors":[],"is_endless":false,"potions_floor_spawned":[],"killed_by":"Lagavulin","ascension_level":11}}