{"host":"yqw1zpryoutrnocq","time":1613703566,"event":{"mods":["2.2 Compatiblity","AchievementEnabler","BaseMod","Colored Map","Custom Start","DeckTracker","Minty Spire (QoL Compilation)","StSLib","SuperFastMode"],"gold_per_floor":[13,13,29,29,48,48,48,73,73,73,73],"floor_reached":10,"language":"KOR","playtime":212,"items_purged":[],"score":90,"play_id":"ee5b7060-a475-47c3-9a32-3f3b74b71911","local_time":"20210218205926","is_ascension_mode":true,"campfire_choices":[{"data":"Envenom","floor":6,"key":"SMITH"}],"circlet_count":0,"master_deck":["AscendersBane","Strike_G","Strike_G","Strike_G","Strike_G","Strike_G","Defend_G","Defend_G","Defend_G","Defend_G","Defend_G","Survivor","Neutralize","Grand Finale","Sucker Punch","Envenom+1","Escape Plan"],"relics":["Ring of the Snake","Golden Idol","InkBottle","Nunchaku"],"acts_visited":["Exordium"],"potions_floor_usage":[],"damage_taken":[{"damage":0,"enemies":"2 Louse","floor":1,"turns":4},{"damage":0,"enemies":"Small Slimes","floor":3,"turns":4},{"damage":4,"enemies":"Cultist","floor":5,"turns":5},{"damage":15,"enemies":"Large Slime","floor":8,"turns":11},{"damage":31,"enemies":"Gremlin Nob","floor":10,"turns":4}],"seed_played":"-4943945749428785182","potions_obtained":[{"floor":5,"key":"DistilledChaos"}],"is_trial":false,"path_per_floor":["M","?","M","$","M","R","?","M","T","E"],"character_chosen":"THE_SILENT","items_purchased":[],"campfire_rested":0,"item_purchase_floors":[],"current_hp_per_floor":[63,46,46,46,42,42,42,27,27,0,0],"gold":73,"neow_bonus":"THREE_RARE_CARDS","is_daily":false,"chose_seed":false,"campfire_upgraded":1,"win_rate":0.0,"timestamp":1613703566,"path_taken":["M","?","M","$","M","R","?","M","T","E"],"items_purchased_type":[],"build_version":"2020-12-22","purchased_purges":0,"victory":false,"max_hp_per_floor":[70,70,70,70,70,70,70,70,70,70,70],"card_choices":[{"not_picked":["Phantasmal Killer","Adrenaline"],"picked":"Grand Finale","floor":0},{"not_picked":["Flying Knee","Bane","Deflect"],"picked":"SKIP","floor":1},{"not_picked":["Cloak And Dagger","Outmaneuver"],"picked":"Sucker Punch","floor":3},{"not_picked":["Outmaneuver","Bane"],"picked":"Envenom","floor":5},{"not_picked":["All Out Attack","Poisoned Stab"],"picked":"Escape Plan","floor":8}],"player_experience":346535,"relics_obtained":[{"floor":9,"key":"Nunchaku"}],"event_choices":[{"damage_healed":0,"gold_gain":0,"player_choice":"Take Damage","damage_taken":17,"relics_obtained":["Golden Idol"],"max_hp_gain":0,"max_hp_loss":0,"event_name":"Golden Idol","floor":2,"gold_loss":0},{"damage_healed":0,"gold_gain":0,"player_choice":"Gave Potion","damage_taken":0,"relics_obtained":["InkBottle"],"max_hp_gain":0,"max_hp_loss":0,"event_name":"WeMeetAgain","floor":7,"gold_loss":0}],"is_beta":false,"boss_relics":[],"items_purged_floors":[],"is_endless":false,"potions_floor_spawned":[5],"killed_by":"Gremlin Nob","ascension_level":11}}