{"host":"2l5k2wp87eek7qja","time":1613760394,"event":{"mods":["BaseMod","Colored Map","Minty Spire (QoL Compilation)","Relic Stats"],"gold_per_floor":[115,133,144,144,69,69,98,98,123,133,159,209,221,64,64,64,64],"floor_reached":16,"language":"ENG","playtime":396,"items_purged":["Strike_G"],"score":200,"play_id":"ec0e0d28-dece-4e6b-aae5-ee9399037f16","local_time":"20210219204634","is_ascension_mode":true,"campfire_choices":[{"data":"Blade Dance","floor":6,"key":"SMITH"},{"data":"Wraith Form v2","floor":8,"key":"SMITH"},{"data":"All Out Attack","floor":15,"key":"SMITH"}],"circlet_count":0,"master_deck":["AscendersBane","Strike_G","Strike_G","Strike_G","Defend_G","Defend_G","Defend_G","Defend_G","Defend_G","Survivor","Neutralize","All Out Attack+1","Flying Knee","Slice","Blade Dance+1","Wraith Form v2+1","Flying Knee","Corpse Explosion"],"relics":["Ring of the Snake","Happy Flower","Bag of Marbles","Odd Mushroom","Anchor"],"acts_visited":["Exordium"],"potions_floor_usage":[7,16,16],"damage_taken":[{"damage":0,"enemies":"2 Louse","floor":1,"turns":4},{"damage":2,"enemies":"Jaw Worm","floor":2,"turns":4},{"damage":1,"enemies":"Cultist","floor":3,"turns":3},{"damage":19,"enemies":"3 Sentries","floor":7,"turns":7},{"damage":0,"enemies":"Red Slaver","floor":10,"turns":1},{"damage":8,"enemies":"The Mushroom Lair","floor":11,"turns":4},{"damage":0,"enemies":"Blue Slaver","floor":13,"turns":1},{"damage":37,"enemies":"Slime Boss","floor":16,"turns":7}],"seed_played":"-6678490195540891027","potions_obtained":[{"floor":2,"key":"Dexterity Potion"},{"floor":3,"key":"SpeedPotion"},{"floor":11,"key":"DistilledChaos"}],"is_trial":false,"path_per_floor":["M","M","M","?","$","R","E","R","T","M","?","?","M","$","R","B"],"character_chosen":"THE_SILENT","items_purchased":["Anchor"],"campfire_rested":0,"item_purchase_floors":[14],"current_hp_per_floor":[59,57,56,61,61,61,42,42,42,42,34,34,34,34,34,0,0],"gold":64,"neow_bonus":"TRANSFORM_CARD","is_daily":false,"chose_seed":false,"campfire_upgraded":3,"win_rate":0.0,"timestamp":1613760394,"path_taken":["M","M","M","?","$","R","E","R","T","M","?","?","?","?","R","BOSS"],"items_purchased_type":["Relic"],"build_version":"2020-12-22","purchased_purges":1,"victory":false,"max_hp_per_floor":[66,66,66,71,71,71,71,71,71,71,71,71,71,71,71,71,71],"relic_stats":{"Happy Flower":[4],"counters":[8,31],"obtain_stats":[{"Anchor":14,"Happy Flower":7,"Bag of Marbles":9,"Odd Mushroom":11,"Ring of the Snake":0},{"Anchor":7,"Happy Flower":4,"Bag of Marbles":4,"Odd Mushroom":6,"Ring of the Snake":0},{"Anchor":24,"Happy Flower":18,"Bag of Marbles":18,"Odd Mushroom":23,"Ring of the Snake":0}],"Ring of the Snake":[16]},"card_choices":[{"not_picked":["Expertise","Finisher"],"picked":"Flying Knee","floor":1},{"not_picked":["Bane","PiercingWail"],"picked":"Slice","floor":2},{"not_picked":["Backflip","Dodge and Roll"],"picked":"Blade Dance","floor":3},{"not_picked":["Well Laid Plans","Phantasmal Killer"],"picked":"Wraith Form v2","floor":7},{"not_picked":["Underhanded Strike","Bane"],"picked":"Flying Knee","floor":10},{"not_picked":["Bane","Dodge and Roll"],"picked":"Corpse Explosion","floor":11},{"not_picked":["Reflex","Poisoned Stab","Flying Knee"],"picked":"SKIP","floor":13}],"player_experience":811095,"relics_obtained":[{"floor":7,"key":"Happy Flower"},{"floor":9,"key":"Bag of Marbles"},{"floor":11,"key":"Odd Mushroom"}],"event_choices":[{"damage_healed":0,"gold_gain":0,"player_choice":"Donut","damage_taken":0,"max_hp_gain":5,"max_hp_loss":0,"event_name":"Big Fish","floor":4,"gold_loss":0},{"damage_healed":0,"gold_gain":0,"player_choice":"Fought Mushrooms","damage_taken":0,"max_hp_gain":0,"max_hp_loss":0,"event_name":"Mushrooms","floor":11,"gold_loss":0},{"damage_healed":0,"gold_gain":50,"player_choice":"Pray","damage_taken":0,"max_hp_gain":0,"max_hp_loss":0,"event_name":"Golden Shrine","floor":12,"gold_loss":0}],"is_beta":false,"boss_relics":[],"items_purged_floors":[5],"is_endless":false,"potions_floor_spawned":[2,3,11],"killed_by":"Slime Boss","ascension_level":20}}