{"host":"io90toq331y73m30","time":1613734397,"event":{"mods":["BaseMod","Colored Map","Downfall","Minty Spire (QoL Compilation)","StSLib","The Bug Knight","The Construct","The Cursed","The Disciple","The Necromancer","The Runesmith","The Servant 0.9.4"],"gold_per_floor":[110,110,129,204,102,112,140,152,152,152,152,164,181,181,181,283,283,294,294,294,311,311,344,344,362,411,411,424,68,88,108,108,108,108],"floor_reached":33,"language":"ENG","playtime":1639,"items_purged":["HollowMod:NailStrikeStart","HollowMod:NailStrikeStart"],"score":294,"play_id":"78d1848b-8cd7-470d-9daa-e4a0e4e597b9","local_time":"20210219113317","is_ascension_mode":false,"campfire_choices":[{"data":"HollowMod:CycloneSlash","floor":10,"key":"SMITH"},{"data":"HollowMod:FocusHealStart","floor":15,"key":"SMITH"},{"floor":24,"key":"REST"},{"floor":27,"key":"REST"},{"floor":32,"key":"REST"}],"circlet_count":0,"master_deck":["HollowMod:NailStrikeStart","HollowMod:QuickDashStart+1","HollowMod:QuickDashStart","HollowMod:QuickDashStart","HollowMod:QuickDashStart+1","HollowMod:FocusHealStart+1","HollowMod:PogoStrike","HollowMod:SoulStrike","HollowMod:SoulVessel","HollowMod:CycloneSlash+1","HollowMod:VengefulSpirit","HollowMod:MantisMark+1","HollowMod:Weaversong","HollowMod:GreatSlash","HollowMod:CycloneSlash+1","HollowMod:PureNailStrike+1","HollowMod:CrystalDash","HollowMod:SoulStrike+1"],"relics":["HollowMod:VesselMask","Mango","Darkstone Periapt","Philosopher\u0027s Stone","Bottled Tornado","War Paint","Molten Egg 2"],"acts_visited":["Exordium","TheCity"],"potions_floor_usage":[33,33,33],"damage_taken":[{"damage":6,"enemies":"Jaw Worm","floor":1,"turns":3},{"damage":0,"enemies":"Small Slimes","floor":3,"turns":3},{"damage":1,"enemies":"Cultist","floor":6,"turns":3},{"damage":25,"enemies":"3 Sentries","floor":7,"turns":8},{"damage":12,"enemies":"Large Slime","floor":8,"turns":7},{"damage":6,"enemies":"Exordium Wildlife","floor":12,"turns":3},{"damage":4,"enemies":"3 Louse","floor":13,"turns":3},{"damage":41,"enemies":"Slime Boss","floor":16,"turns":10},{"damage":11,"enemies":"Shell Parasite","floor":18,"turns":4},{"damage":2,"enemies":"Chosen","floor":21,"turns":3},{"damage":93,"enemies":"Book of Stabbing","floor":23,"turns":7},{"damage":22,"enemies":"Snecko","floor":25,"turns":4},{"damage":26,"enemies":"Snake Plant","floor":28,"turns":4},{"damage":9,"enemies":"3 Cultists","floor":30,"turns":3},{"damage":16,"enemies":"Centurion and Healer","floor":31,"turns":5},{"damage":67,"enemies":"Champ","floor":33,"turns":6}],"seed_played":"-8181921138552310423","potions_obtained":[{"floor":3,"key":"SpeedPotion"},{"floor":6,"key":"SmokeBomb"},{"floor":13,"key":"FearPotion"},{"floor":16,"key":"FearPotion"},{"floor":21,"key":"PowerPotion"},{"floor":28,"key":"AttackPotion"}],"is_trial":false,"path_per_floor":["M","?","M","?","$","M","E","M","T","R","?","M","M","?","R","B",null,"M","?","?","M","?","E","R","M","T","R","M","$","M","M","R","B"],"character_chosen":"THE_BUGKNIGHT","items_purchased":["HollowMod:CycloneSlash","Molten Egg 2"],"campfire_rested":3,"item_purchase_floors":[5,29],"current_hp_per_floor":[82,75,81,70,70,69,70,70,70,70,61,61,57,57,57,28,96,91,91,91,95,95,9,37,21,21,49,33,33,30,20,48,0,0],"gold":108,"neow_bonus":"TEN_PERCENT_HP_BONUS","is_daily":false,"chose_seed":false,"campfire_upgraded":2,"win_rate":0.0,"timestamp":1613734397,"path_taken":["M","?","M","?","$","M","E","M","T","R","?","?","M","?","R","BOSS","M","?","?","M","?","E","R","M","T","R","M","$","M","M","R","BOSS"],"items_purchased_type":["Card","Relic"],"build_version":"2020-12-22","purchased_purges":2,"victory":false,"max_hp_per_floor":[82,82,82,82,82,82,96,96,96,96,96,96,96,96,96,96,96,96,96,96,96,96,96,96,96,96,96,96,96,96,96,96,96,96],"card_choices":[{"not_picked":["HollowMod:Grubsong","HollowMod:InfectedCysts"],"picked":"HollowMod:SoulStrike","floor":1},{"not_picked":["HollowMod:SharpenedNail","HollowMod:TaintedHusks"],"picked":"HollowMod:SoulVessel","floor":3},{"not_picked":["HollowMod:DoubleDash","HollowMod:WraithStrike","HollowMod:HowlingWraiths"],"picked":"SKIP","floor":6},{"not_picked":["HollowMod:NewLittleFool","HollowMod:HeavyBlow","HollowMod:theNailsmith"],"picked":"SKIP","floor":7},{"not_picked":["HollowMod:WraithStrike","HollowMod:CornifersMapStart"],"picked":"HollowMod:VengefulSpirit","floor":8},{"not_picked":["HollowMod:NewLittleFool","HollowMod:SiblingsShadow","HollowMod:AbyssShriek"],"picked":"SKIP","floor":12},{"not_picked":["HollowMod:Grubsong","HollowMod:ShadowDash"],"picked":"HollowMod:MantisMark","floor":13},{"not_picked":["HollowMod:theNailsmith","HollowMod:SoulMaster"],"picked":"HollowMod:Weaversong","floor":16},{"not_picked":["HollowMod:ChannelNail","HollowMod:SoulVessel","HollowMod:ShadowDash"],"picked":"SKIP","floor":18},{"not_picked":["HollowMod:LifebloodCocoon","HollowMod:DoubleDash","HollowMod:HeavyBlow"],"picked":"SKIP","floor":21},{"not_picked":["HollowMod:RecoilStrike+1","HollowMod:DungDefenderAura"],"picked":"HollowMod:CycloneSlash+1","floor":23},{"not_picked":["HollowMod:SoulStrike+1","HollowMod:MothsMistake"],"picked":"HollowMod:PureNailStrike+1","floor":25},{"not_picked":["HollowMod:RecoilStrike+1","HollowMod:CycloneSlash"],"picked":"HollowMod:CrystalDash","floor":28},{"not_picked":["HollowMod:CloakDash","HollowMod:NewJinnsSoul","HollowMod:theNailsmith"],"picked":"SKIP","floor":30},{"not_picked":["HollowMod:SharpenedNail+1","HollowMod:SiblingsSouls"],"picked":"HollowMod:SoulStrike+1","floor":31}],"player_experience":72951,"relics_obtained":[{"floor":7,"key":"Mango"},{"floor":9,"key":"Darkstone Periapt"},{"floor":23,"key":"Bottled Tornado"},{"floor":26,"key":"War Paint"}],"event_choices":[{"cards_removed":["HollowMod:NailStrikeStart"],"damage_healed":0,"gold_gain":0,"player_choice":"Card Removal","damage_taken":7,"max_hp_gain":0,"max_hp_loss":0,"event_name":"Golden Wing","floor":2,"gold_loss":0},{"damage_healed":0,"gold_gain":75,"player_choice":"Gather Gold","damage_taken":11,"max_hp_gain":0,"max_hp_loss":0,"event_name":"World of Goop","floor":4,"gold_loss":0},{"damage_healed":0,"gold_gain":0,"player_choice":"Damaged","damage_taken":9,"max_hp_gain":0,"max_hp_loss":0,"event_name":"Wheel of Change","floor":11,"gold_loss":0},{"damage_healed":0,"gold_gain":0,"player_choice":"Grow","damage_taken":0,"max_hp_gain":0,"max_hp_loss":0,"event_name":"Living Wall","floor":14,"gold_loss":0,"cards_upgraded":["HollowMod:MantisMark"]},{"damage_healed":0,"gold_gain":0,"player_choice":"Read","damage_taken":0,"max_hp_gain":0,"max_hp_loss":0,"event_name":"The Library","floor":19,"gold_loss":0,"cards_obtained":["HollowMod:GreatSlash"]},{"damage_healed":0,"gold_gain":0,"player_choice":"Ignored","damage_taken":0,"max_hp_gain":0,"max_hp_loss":0,"event_name":"Ghosts","floor":20,"gold_loss":0}],"is_beta":false,"boss_relics":[{"not_picked":["Ectoplasm","Runesmith:UraniumAnvil"],"picked":"Philosopher\u0027s Stone"}],"items_purged_floors":[5,29],"is_endless":false,"potions_floor_spawned":[3,6,13,16,21,28,31],"killed_by":"Champ","ascension_level":0}}