{"host":"2qyxu97h6u4ukicb","time":1613694213,"event":{"mods":["AchievementEnabler","BaseMod","BetterRewards","Colored Map","Colored Powertips","Minty Spire (QoL Compilation)","Replay The Spire","Shop Mod","StSLib"],"gold_per_floor":[116,116,116,116,116,116,116,116,140,140,157,190,210,221,221,321,371,381,395,395,408,408,408],"floor_reached":22,"language":"ENG","playtime":980,"items_purged":[],"score":209,"play_id":"9cff5a74-72b5-46bc-83ec-90f2c4e54b28","local_time":"20210218182333","is_ascension_mode":false,"campfire_choices":[{"floor":6,"key":"REST"},{"floor":8,"key":"RECALL"},{"floor":15,"key":"REST"}],"circlet_count":0,"master_deck":["Strike_R","Strike_R","Strike_R","Strike_R+1","Strike_R+1","Defend_R","Defend_R","Defend_R+1","Defend_R+1","Bash+1","Parasite","Infernal Blade","Anger","Limit Break","Headbutt","Inflame+1","Flex+1"],"relics":["Burning Blood","NeowsBlessing","Question Card","Gremlin Food","Tiny House"],"acts_visited":["Exordium","TheCity"],"potions_floor_usage":[14,16,18,18,18,18,19,19,21,21],"damage_taken":[{"damage":0,"enemies":"Jaw Worm","floor":1,"turns":1},{"damage":0,"enemies":"2 Louse","floor":11,"turns":1},{"damage":0,"enemies":"3 Sentries","floor":12,"turns":1},{"damage":7,"enemies":"Small Slimes","floor":13,"turns":3},{"damage":21,"enemies":"Exordium Wildlife","floor":14,"turns":2},{"damage":54,"enemies":"Hexaghost","floor":16,"turns":9},{"damage":27,"enemies":"Shell Parasite","floor":18,"turns":5},{"damage":21,"enemies":"3 Byrds","floor":19,"turns":6},{"damage":18,"enemies":"Snake Plant","floor":21,"turns":4},{"damage":0,"enemies":"Centurion and Healer","floor":22,"turns":1}],"seed_played":"-2884653254999596906","potions_obtained":[{"floor":1,"key":"DistilledChaos"},{"floor":11,"key":"Energy Potion"},{"floor":13,"key":"PowerPotion"},{"floor":17,"key":"EntropicBrew"},{"floor":18,"key":"EssenceOfSteel"},{"floor":20,"key":"Weak Potion"},{"floor":20,"key":"Fire Potion"},{"floor":20,"key":"CultistPotion"}],"is_trial":false,"path_per_floor":["M","?","?","$","T","R","?","R","T","?","M","E","M","M","R","B",null,"M","M","?","M","M"],"character_chosen":"IRONCLAD","items_purchased":[],"campfire_rested":2,"item_purchase_floors":[],"current_hp_per_floor":[80,64,64,64,64,80,80,80,80,80,80,80,79,64,80,32,85,64,49,49,37,37,37],"gold":408,"neow_bonus":"THREE_ENEMY_KILL","is_daily":false,"chose_seed":false,"campfire_upgraded":0,"win_rate":0.0,"timestamp":1613694213,"path_taken":["M","?","?","$","?","R","?","R","T","?","M","E","M","?","R","BOSS","M","M","?","?","M"],"items_purchased_type":[],"build_version":"2020-12-22","purchased_purges":0,"victory":false,"max_hp_per_floor":[80,80,80,80,80,80,80,80,80,80,80,80,80,80,80,80,85,85,85,85,85,85,85],"card_choices":[{"not_picked":["Perfected Strike","Pommel Strike","Entrench"],"picked":"SKIP","floor":1},{"not_picked":["Heavy Blade","Sentinel","Shrug It Off"],"picked":"Infernal Blade","floor":11},{"not_picked":["Flame Barrier","Dark Embrace","Clothesline","Reckless Charge"],"picked":"SKIP","floor":12},{"not_picked":["Perfected Strike","Sever Soul","Body Slam","Searing Blow"],"picked":"SKIP","floor":13},{"not_picked":["Body Slam","Havoc","Battle Trance"],"picked":"Anger","floor":14},{"not_picked":["Eclipse","Fiend Fire","Feed"],"picked":"Limit Break","floor":16},{"not_picked":["Second Wind","Clash","Ghostly Armor"],"picked":"Headbutt","floor":17},{"not_picked":["Clothesline","Flex","ReplayReversal"],"picked":"Inflame+1","floor":18},{"not_picked":["Warcry","Havoc","Wild Strike"],"picked":"Flex+1","floor":19},{"not_picked":["Ghostly Armor+1","Anger","Shrug It Off+1","Havoc"],"picked":"SKIP","floor":21}],"player_experience":836831,"relics_obtained":[{"floor":5,"key":"Question Card"},{"floor":12,"key":"Gremlin Food"}],"event_choices":[{"damage_healed":0,"gold_gain":0,"player_choice":"Entered Light","damage_taken":16,"max_hp_gain":0,"max_hp_loss":0,"event_name":"Shining Light","floor":2,"gold_loss":0,"cards_upgraded":["Strike_R","Defend_R"]},{"damage_healed":0,"gold_gain":0,"player_choice":"Grow","damage_taken":0,"max_hp_gain":0,"max_hp_loss":0,"event_name":"Living Wall","floor":3,"gold_loss":0,"cards_upgraded":["Bash"]},{"damage_healed":0,"gold_gain":0,"player_choice":"Leave","damage_taken":0,"max_hp_gain":0,"max_hp_loss":0,"event_name":"The Cleric","floor":7,"gold_loss":0},{"damage_healed":20,"gold_gain":0,"player_choice":"Healed and dodged fight","damage_taken":0,"max_hp_gain":0,"max_hp_loss":0,"event_name":"Mushrooms","floor":10,"gold_loss":0,"cards_obtained":["Parasite"]},{"damage_healed":0,"gold_gain":0,"player_choice":"Got Potions","damage_taken":0,"max_hp_gain":0,"max_hp_loss":0,"event_name":"Lab","floor":20,"gold_loss":0}],"is_beta":false,"boss_relics":[{"not_picked":["Runic Dome","Coffee Dripper"],"picked":"Tiny House"}],"items_purged_floors":[],"is_endless":false,"potions_floor_spawned":[1,11,13,18],"killed_by":"Centurion and Healer","ascension_level":0}}