{"host":"d6oxvn0vsgxeumax","time":1613712917,"event":{"mods":["BaseMod","Better Altar","Better Match","Better Note","Better Sensory Stone","Better Skull","Better Third Choice","BetterRewards","Bossed Relics","Colored Map","Colored Powertips","Defuse TimeMaze Blight","Downfall","Hubris","Infinite Spire","Minty Spire (QoL Compilation)","Relic Sorter","Replay The Spire","Shop Mod","Spicy Shops","Spire Arcade","StSLib","The Bug Knight","Uncapped"],"gold_per_floor":[0,19,32,46,46,31,109,49,49,65,90,90,90,117,137,232,232,232,251,266,316,316,316,339,365,265,282,282,315,331,331,343,439,439,439,456,456,456,474,474,474,501,501,129,143,143,143,143,143],"floor_reached":47,"language":"ENG","playtime":2711,"items_purged":["Delirium"],"score":652,"play_id":"e0b41cde-0290-454e-815a-d8c43957e366","local_time":"20210218233517","is_ascension_mode":true,"campfire_choices":[{"data":"bronze:InfiniteLoop","floor":1.0,"key":"SMITH"},{"data":"bronze:Break","floor":13.0,"key":"SMITH"},{"data":"bronze:Iterate","floor":18.0,"key":"SMITH"},{"data":"infinitespire:TheBestDefense","floor":26.0,"key":"SMITH"},{"data":"bronze:HyperBeam","floor":35.0,"key":"SMITH"}],"circlet_count":0,"master_deck":["infinitespire:Fortify+1","bronze:Strike","bronze:Strike","bronze:Strike","bronze:Strike","bronze:Defend","bronze:Defend+1","bronze:Defend","bronze:Replicate","bronze:Goto","bronze:InfiniteLoop+1","bronze:WhirlingStrike","bronze:Iterate","bronze:BronzeOrb","bronze:Iterate+1","bronze:Philosophize","bronze:Format+1","bronze:FineTuning","infinitespire:Fortify+1","bronze:FineTuning","infinitespire:TheBestDefense+1","bronze:ChosenStrike+1","bronze:Allocate+1","bronze:Iterate","bronze:HyperBeam+1","bronze:Terminator","hubris:NaturalOne"],"relics":["bronze:BronzeCore","hubris:Icosahedron","InkBottle","Bottled Flame","hubris:ToyBattleship","ReplayTheSpireMod:Ninjato","Coffee Dripper","Toy Ornithopter","Blue Doll","hubris:SlimyHat","downfall:HeartBlessingBlue","Chameleon Ring","MealTicket","sneckomod:SneckoTalon","Dream Catcher","Replay:Bottled Snecko","Juzu Bracelet","MerchantsRug","Sling","Singing Bowl"],"acts_visited":["Exordium","TheCity","TheBeyond"],"potions_floor_usage":[],"damage_taken":[{"damage":0.0,"enemies":"2 Louse","floor":2.0,"turns":2.0},{"damage":0.0,"enemies":"Small Slimes","floor":3.0,"turns":3.0},{"damage":0.0,"enemies":"Cultist","floor":4.0,"turns":3.0},{"damage":10.0,"enemies":"downfall:FleeingMerchant","floor":6.0,"turns":4.0},{"damage":17.0,"enemies":"downfall:FleeingMerchant","floor":8.0,"turns":4.0},{"damage":4.0,"enemies":"downfall:LooterAlt","floor":10.0,"turns":2.0},{"damage":11.0,"enemies":"Replay:BlueRogue","floor":11.0,"turns":4.0},{"damage":17.0,"enemies":"3 Sentries","floor":14.0,"turns":5.0},{"damage":6.0,"enemies":"Exordium Thugs","floor":15.0,"turns":2.0},{"damage":3.0,"enemies":"WA_ARCHETYPE_RETAIN","floor":16.0,"turns":4.0},{"damage":4.0,"enemies":"Shell Parasite","floor":19.0,"turns":2.0},{"damage":5.0,"enemies":"downfall:LooterAlt2","floor":20.0,"turns":3.0},{"damage":24.0,"enemies":"downfall:LadyInBlue","floor":21.0,"turns":8.0},{"damage":25.0,"enemies":"Book of Stabbing","floor":25.0,"turns":6.0},{"damage":2.0,"enemies":"Chosen and Byrds","floor":27.0,"turns":3.0},{"damage":0.0,"enemies":"Gremlin Leader","floor":29.0,"turns":5.0},{"damage":0.0,"enemies":"Snecko","floor":30.0,"turns":2.0},{"damage":0.0,"enemies":"Sentry and Sphere","floor":32.0,"turns":6.0},{"damage":42.0,"enemies":"SI_MIRROR_ARCHETYPE","floor":33.0,"turns":7.0},{"damage":5.0,"enemies":"3 Shapes","floor":36.0,"turns":3.0},{"damage":0.0,"enemies":"3 Darklings","floor":39.0,"turns":3.0},{"damage":35.0,"enemies":"R_Hoarder","floor":42.0,"turns":5.0},{"damage":0.0,"enemies":"downfall:FleeingMerchant","floor":44.0,"turns":4.0},{"damage":20,"enemies":"Spire Growth","floor":45,"turns":3},{"damage":0,"enemies":"Giant Head","floor":47,"turns":1}],"seed_played":"-541797625817938214","potions_obtained":[{"floor":3.0,"key":"SteroidPotion"},{"floor":10.0,"key":"sneckomod:MuddlingPotion"},{"floor":11.0,"key":"Dexterity Potion"},{"floor":14.0,"key":"SteroidPotion"},{"floor":15.0,"key":"Elixir"},{"floor":16.0,"key":"Ancient Potion"},{"floor":21.0,"key":"SteroidPotion"},{"floor":21.0,"key":"Swift Potion"},{"floor":21.0,"key":"Ancient Potion"},{"floor":27.0,"key":"DuplicationPotion"},{"floor":30.0,"key":"Regen Potion"},{"floor":32.0,"key":"bronze:FreeFunctionsPotion"},{"floor":42.0,"key":"SmokeBomb"}],"is_trial":false,"path_per_floor":["R","M","M","M","?","$","T","$","?","M","E","?","R","E","M","B",null,"R","M","M","?","?","AVR","T","E","R","M","T","E","M","?","M","B",null,"R","M","?","AVR","M","?","T","E","?","$","M","?","E"],"character_chosen":"THE_AUTOMATON","items_purchased":["bronze:Iterate","Juzu Bracelet","MerchantsRug","Sling","Singing Bowl"],"campfire_rested":0,"item_purchase_floors":[8,44,44,44,44],"current_hp_per_floor":[70,70,70,70,70,60,60,43,43,39,28,28,28,11,5,2,70,70,66,61,37,37,37,37,17,27,25,25,25,25,17,47,20,80,80,75,90,90,90,90,90,55,100,100,82,81,81,81,81],"gold":143,"neow_bonus":"THREE_RARE_CARDS","is_daily":false,"chose_seed":false,"campfire_upgraded":5,"win_rate":0.0,"timestamp":1613712917,"path_taken":["R","M","M","M","?","$","T","$","?","?","E","?","R","E","M","BOSS","R","M","M","?","?","AVR","T","E","R","?","?","E","?","?","M","BOSS","R","M","?","AVR","?","?","T","E","?","$","M","?","E"],"items_purchased_type":["Card","Relic","Relic","Relic","Relic"],"build_version":"2020-12-22","purchased_purges":1,"victory":false,"max_hp_per_floor":[70,70,70,70,70,70,70,70,70,70,70,70,70,70,70,70,70,70,70,70,70,70,70,70,70,80,80,80,80,80,80,80,80,80,80,80,90,90,90,90,90,90,100,100,102,102,102,102,102],"card_choices":[{"not_picked":["bronze:BurnOut","bronze:Mutator"],"picked":"bronze:InfiniteLoop","floor":0.0},{"not_picked":["bronze:Frontload","bronze:BronzeArmor"],"picked":"bronze:WhirlingStrike","floor":2.0},{"not_picked":["bronze:DelayedSlice","bronze:GetLatest"],"picked":"bronze:Iterate","floor":3.0},{"not_picked":["bronze:MaxOutput","bronze:DarkDash","bronze:Repulsor"],"picked":"SKIP","floor":4.0},{"not_picked":["bronze:Invalidate","bronze:ForceShield"],"picked":"bronze:Break","floor":6.0},{"not_picked":["bronze:ForceShield","bronze:DelayedGuard"],"picked":"bronze:BronzeOrb","floor":8.0},{"not_picked":["bronze:NullPointer","bronze:Frontload","bronze:DarkDash"],"picked":"SKIP","floor":10.0},{"not_picked":["bronze:Boost","bronze:Allocate"],"picked":"bronze:Philosophize","floor":11.0},{"not_picked":["bronze:Shell","bronze:Frontload","bronze:DelayedGuard"],"picked":"SKIP","floor":14.0},{"not_picked":["bronze:ClassDefault","bronze:DigitalCarnage","bronze:DelayedGuard"],"picked":"SKIP","floor":15.0},{"not_picked":["bronze:SpaghettiCode","bronze:FindAndReplace"],"picked":"bronze:Format","floor":16.0},{"not_picked":["bronze:GetLatest","bronze:Frontload","bronze:BitShift"],"picked":"SKIP","floor":19.0},{"not_picked":["bronze:WhirlingStrike+1","bronze:GetLatest"],"picked":"bronze:FineTuning","floor":20.0},{"not_picked":["bronze:GetLatest","bronze:ForLoop+1"],"picked":"bronze:ChosenStrike+1","floor":25.0},{"not_picked":["bronze:ChosenStrike","bronze:CutThrough+1","bronze:ThunderWave"],"picked":"SKIP","floor":27.0},{"not_picked":["bronze:Philosophize","bronze:Hardcode"],"picked":"bronze:Allocate+1","floor":29.0},{"not_picked":["bronze:CloningBeam","bronze:Invalidate"],"picked":"bronze:Iterate","floor":30.0},{"not_picked":["bronze:DelayedSlice","bronze:Repulsor","bronze:Allocate"],"picked":"SKIP","floor":32.0},{"not_picked":["bronze:Virus","bronze:Hardcode"],"picked":"bronze:HyperBeam","floor":33.0},{"not_picked":["bronze:WildBeam+1","bronze:Iterate","bronze:ChildClass"],"picked":"SKIP","floor":36.0},{"not_picked":["bronze:Turbo+1","bronze:Invalidate+1"],"picked":"bronze:Terminator","floor":39.0},{"not_picked":["Blind","Replay:Sssssssssstrike"],"picked":"hubris:EnhanceAbility","floor":40.0},{"not_picked":["bronze:DelayedGuard+1","bronze:Overheat+1","bronze:Philosophize"],"picked":"SKIP","floor":42.0},{"not_picked":["bronze:Optimize","bronze:ChildClass","bronze:ForLoop"],"picked":"Singing Bowl","floor":45}],"player_experience":1109534,"relics_obtained":[{"floor":5.0,"key":"InkBottle"},{"floor":7.0,"key":"Bottled Flame"},{"floor":11.0,"key":"hubris:ToyBattleship"},{"floor":14.0,"key":"ReplayTheSpireMod:Ninjato"},{"floor":21.0,"key":"Toy Ornithopter"},{"floor":25.0,"key":"hubris:SlimyHat"},{"floor":28.0,"key":"Chameleon Ring"},{"floor":29.0,"key":"MealTicket"},{"floor":41.0,"key":"Replay:Bottled Snecko"}],"event_choices":[{"cards_removed":["bronze:Break"],"damage_healed":5.0,"max_hp_gain":10.0,"max_hp_loss":0.0,"gold_gain":0.0,"event_name":"Bonfire Elementals","player_choice":"Offered Rare","floor":37.0,"gold_loss":0.0,"damage_taken":0.0},{"damage_healed":0.0,"max_hp_gain":0.0,"max_hp_loss":0.0,"gold_gain":3.0,"event_name":"betterStone:BetterStone","player_choice":"1","floor":40.0,"gold_loss":0.0,"damage_taken":0.0}],"is_beta":false,"boss_relics":[{"not_picked":["Runic Dome","hubris:VirtuousBlindfold"],"picked":"Coffee Dripper"},{"not_picked":["Abe\u0027s Treasure","Honey Jar"],"picked":"sneckomod:SneckoTalon"}],"items_purged_floors":[23],"is_endless":false,"potions_floor_spawned":[3,10,11,14,15,16,21,27,30,32,42],"killed_by":"Giant Head","ascension_level":1}}