{"host":"ssceekdvsvld625r","time":1613752916,"event":{"mods":["AchievementEnabler","BaseMod","Better Third Choice","Block Reminder","Colored Map","Colored Powertips","Highlight Path","Minty Spire (QoL Compilation)","Permanent Neow","Quick Restart","Rare Cards Sparkle","Relic Stats","Shop Mod","StSLib"],"gold_per_floor":[114,114,129,129,144,144,144,159,159,159,159,159,174,24,24,124,124,139,154,154,169,169,169,19,34,59,89,89,104,119,119,119,219,219,259,274,24,24,39,39,54,54],"floor_reached":41,"language":"ENG","playtime":2351,"items_purged":[],"score":455,"play_id":"8ce87ca9-3105-40db-9a94-4bbb158c3b77","local_time":"20210219094156","daily_mods":["Specialized","ControlledChaos","Lethality"],"is_ascension_mode":false,"campfire_choices":[{"data":"CutThroughFate","floor":6.0,"key":"SMITH"},{"floor":12.0,"key":"REST"},{"floor":15.0,"key":"REST"},{"floor":23.0,"key":"REST"},{"data":"Eruption","floor":28.0,"key":"SMITH"},{"floor":32.0,"key":"REST"},{"floor":40.0,"key":"REST"}],"circlet_count":0,"master_deck":["Strike_P","Strike_P","Strike_P","Strike_P","Defend_P","Defend_P","Defend_P+1","Eruption+1","Vigilance","Pray+1","Pray","Pray","Pray","Pray","FollowUp","CutThroughFate+1","Scrawl","FlurryOfBlows","Study","DevaForm","FollowUp","JustLucky+1","WheelKick+1","Crescendo+1","ClearTheMind+1","LikeWater","Wish","FlurryOfBlows+1","Secret Weapon","FlurryOfBlows"],"relics":["HolyWater","Frozen Eye","Omamori","War Paint","Bag of Preparation","Yang","Bag of Marbles","Gambling Chip","Nilry\u0027s Codex","Toolbox","Tiny Chest","TeardropLocket","Sozu","StrikeDummy"],"acts_visited":["Exordium","TheCity","TheBeyond"],"potions_floor_usage":[],"damage_taken":[{"damage":0.0,"enemies":"Small Slimes","floor":1.0,"turns":1.0},{"damage":9.0,"enemies":"Jaw Worm","floor":3.0,"turns":3.0},{"damage":9.0,"enemies":"Cultist","floor":5.0,"turns":3.0},{"damage":14.0,"enemies":"3 Louse","floor":8.0,"turns":3.0},{"damage":0.0,"enemies":"2 Fungi Beasts","floor":13.0,"turns":1.0},{"damage":62.0,"enemies":"The Guardian","floor":16.0,"turns":5.0},{"damage":10.0,"enemies":"Shell Parasite","floor":18.0,"turns":3.0},{"damage":0.0,"enemies":"Spheric Guardian","floor":19.0,"turns":2.0},{"damage":0.0,"enemies":"Snake Plant","floor":21.0,"turns":1.0},{"damage":11.0,"enemies":"Shelled Parasite and Fungi","floor":25.0,"turns":2.0},{"damage":0.0,"enemies":"Gremlin Leader","floor":27.0,"turns":2.0},{"damage":32.0,"enemies":"Cultist and Chosen","floor":29.0,"turns":2.0},{"damage":15.0,"enemies":"Centurion and Healer","floor":30.0,"turns":3.0},{"damage":19.0,"enemies":"Champ","floor":33.0,"turns":5.0},{"damage":36.0,"enemies":"3 Darklings","floor":35.0,"turns":6.0},{"damage":0.0,"enemies":"Orb Walker","floor":36.0,"turns":1.0},{"damage":22.0,"enemies":"Writhing Mass","floor":39.0,"turns":2.0},{"damage":26.0,"enemies":"Maw","floor":41.0,"turns":5.0}],"seed_played":"2711566965655028651","potions_obtained":[{"floor":1.0,"key":"PowerPotion"},{"floor":3.0,"key":"PowerPotion"},{"floor":13.0,"key":"Swift Potion"},{"floor":16.0,"key":"Strength Potion"},{"floor":19.0,"key":"DistilledChaos"}],"is_trial":false,"path_per_floor":["M","?","M","T","M","R","?","M","T","?","?","R","M","$","R","B",null,"M","M","?","M","?","R","$","M","T","E","R","M","M","$","R","B",null,"M","M","$","?","M","R","M"],"character_chosen":"WATCHER","items_purchased":["Bag of Marbles","Toolbox","StrikeDummy"],"campfire_rested":5,"item_purchase_floors":[14,24,37],"current_hp_per_floor":[72,72,63,63,54,54,54,40,40,28,21,42,42,42,63,1,72,62,62,62,62,46,67,67,56,56,56,56,24,9,9,30,11,72,36,36,36,36,14,35,9,9],"gold":54,"neow_bonus":"","is_daily":true,"chose_seed":false,"campfire_upgraded":2,"win_rate":0.0,"timestamp":1613752916,"path_taken":["M","?","M","?","M","R","?","?","T","?","?","R","M","?","R","BOSS","M","?","?","M","?","R","$","M","T","E","R","?","M","$","R","BOSS","M","?","$","?","M","R","M"],"items_purchased_type":["Relic","Relic","Relic"],"build_version":"2020-12-22","purchased_purges":0,"victory":false,"max_hp_per_floor":[72,72,72,72,72,72,72,72,72,72,72,72,72,72,72,72,72,72,72,72,72,72,72,72,72,72,72,72,72,72,72,72,72,72,72,72,72,72,72,72,72,72],"relic_stats":{"Sozu":1,"counters":[18,50],"Gambling Chip":[15],"Yang":[139],"Tiny Chest":0,"Bag of Preparation":[19],"War Paint":["Pray","Defend_P"],"obtain_stats":[{"Nilry\u0027s Codex":22,"Yang":10,"Omamori":2,"Bag of Preparation":9,"TeardropLocket":27,"War Paint":4,"Sozu":34,"Frozen Eye":0,"Gambling Chip":20,"HolyWater":17,"Toolbox":24,"Tiny Chest":26,"Bag of Marbles":14,"PureWater":0,"StrikeDummy":37},{"Nilry\u0027s Codex":9,"Yang":4,"Omamori":1,"Bag of Preparation":4,"TeardropLocket":11,"War Paint":2,"Sozu":14,"Frozen Eye":0,"Gambling Chip":8,"HolyWater":6,"Toolbox":9,"Tiny Chest":10,"Bag of Marbles":5,"PureWater":0,"StrikeDummy":16},{"Nilry\u0027s Codex":22,"Yang":10,"Omamori":1,"Bag of Preparation":10,"TeardropLocket":26,"War Paint":4,"Sozu":36,"Frozen Eye":0,"Gambling Chip":21,"HolyWater":16,"Toolbox":22,"Tiny Chest":24,"Bag of Marbles":11,"PureWater":0,"StrikeDummy":43}]},"card_choices":[{"not_picked":["DeceiveReality","ForeignInfluence"],"picked":"FollowUp","floor":1.0},{"not_picked":["CrushJoints","FearNoEvil","ThirdEye"],"picked":"SKIP","floor":3.0},{"not_picked":["ClearTheMind","SignatureMove"],"picked":"CutThroughFate","floor":5.0},{"not_picked":["SandsOfTime","EmptyFist"],"picked":"FlurryOfBlows","floor":8.0},{"not_picked":["PathToVictory","Wallop"],"picked":"Study","floor":13.0},{"not_picked":["Alpha","MasterReality"],"picked":"DevaForm","floor":16.0},{"not_picked":["ThirdEye+1","EmptyMind","SashWhip"],"picked":"SKIP","floor":18.0},{"not_picked":["BowlingBash","Protect"],"picked":"FollowUp","floor":19.0},{"not_picked":["Protect","Tantrum"],"picked":"JustLucky+1","floor":21.0},{"not_picked":["EmptyFist","SignatureMove"],"picked":"WheelKick+1","floor":25.0},{"not_picked":["SashWhip+1","DevaForm"],"picked":"Crescendo+1","floor":27.0},{"not_picked":["DeceiveReality+1","EmptyBody"],"picked":"ClearTheMind+1","floor":29.0},{"not_picked":["SignatureMove","CarveReality"],"picked":"LikeWater","floor":30.0},{"not_picked":["Scrawl","SpiritShield"],"picked":"Wish","floor":33.0},{"not_picked":["DeceiveReality","FlyingSleeves","JustLucky+1"],"picked":"SKIP","floor":35.0},{"not_picked":["Study+1","ClearTheMind+1"],"picked":"FlurryOfBlows+1","floor":36.0},{"not_picked":["Dark Shackles","Good Instincts"],"picked":"Secret Weapon","floor":38.0},{"not_picked":["ReachHeaven+1","Crescendo"],"picked":"FlurryOfBlows","floor":39.0}],"player_experience":49287,"relics_obtained":[{"floor":4.0,"key":"War Paint"},{"floor":9.0,"key":"Bag of Preparation"},{"floor":22.0,"key":"Nilry\u0027s Codex"},{"floor":26.0,"key":"Tiny Chest"},{"floor":27.0,"key":"TeardropLocket"}],"event_choices":[{"damage_healed":0.0,"max_hp_gain":0.0,"max_hp_loss":0.0,"gold_gain":0.0,"event_name":"Big Fish","player_choice":"Box","floor":2.0,"gold_loss":0.0,"damage_taken":0.0,"relics_obtained":["Omamori"],"cards_obtained":["Regret"]},{"damage_healed":0.0,"max_hp_gain":0.0,"max_hp_loss":0.0,"gold_gain":0.0,"cards_transformed":["Defend_P"],"event_name":"Transmorgrifier","player_choice":"Transformed","floor":7.0,"gold_loss":0.0,"damage_taken":0.0,"cards_obtained":["Scrawl"]},{"damage_healed":0.0,"max_hp_gain":0.0,"max_hp_loss":0.0,"gold_gain":0.0,"event_name":"betterThird:BetterScrap","player_choice":"Relic ","floor":10.0,"gold_loss":0.0,"damage_taken":12.0,"cards_obtained":["Seek"]},{"cards_removed":["Regret"],"damage_healed":0.0,"max_hp_gain":0.0,"max_hp_loss":0.0,"gold_gain":0.0,"event_name":"Golden Wing","player_choice":"Card Removal","floor":11.0,"gold_loss":0.0,"damage_taken":7.0},{"damage_healed":0.0,"max_hp_gain":0.0,"max_hp_loss":0.0,"gold_gain":0.0,"event_name":"The Mausoleum","player_choice":"Opened","floor":20.0,"gold_loss":0.0,"damage_taken":0.0,"relics_obtained":["Gambling Chip"]},{"damage_healed":0.0,"max_hp_gain":0.0,"max_hp_loss":0.0,"gold_gain":0.0,"event_name":"Cursed Tome","player_choice":"Obtained Book","floor":22.0,"gold_loss":0.0,"damage_taken":16.0},{"damage_healed":0.0,"max_hp_gain":0.0,"max_hp_loss":0.0,"gold_gain":0.0,"event_name":"SensoryStone","player_choice":"Memory 1","floor":38.0,"gold_loss":0.0,"damage_taken":0.0}],"is_beta":false,"boss_relics":[{"not_picked":["Black Star","Calling Bell"],"picked":"HolyWater"},{"not_picked":["Astrolabe","Cursed Key"],"picked":"Sozu"}],"items_purged_floors":[],"is_endless":false,"potions_floor_spawned":[1,3,13,16,19,25,35],"killed_by":"Maw","ascension_level":0}}