{"host":"qiddgr1lyn3b7c88","time":1613770516,"event":{"mods":["Aspiration","BaseMod","Colored Map","Highlight Path","Minty Spire (QoL Compilation)","Replay The Spire","Shop Mod","StSLib","Synergy Search","The Alterego","egg"],"gold_per_floor":[116,134,147,147,97,97,125,142,142,160,175,175,194,225,225,323,323,334,351,369,369,22,22,49,62,62,62,62,78,78,121,121,121,121],"floor_reached":33,"language":"ENG","playtime":1581,"items_purged":[],"score":424,"play_id":"ed955abd-3569-430c-8463-b6658451775d","local_time":"20210219163516","is_ascension_mode":true,"campfire_choices":[{"data":"Chill","floor":6,"key":"SMITH"},{"data":"Tantrum","floor":15,"key":"SMITH"},{"floor":23,"key":"REST"},{"data":"ReplayTheSpireMod:Calculation Training","floor":27,"key":"SMITH"},{"floor":30,"key":"REST"},{"floor":32,"key":"DIG"}],"circlet_count":0,"master_deck":["Strike_B","Strike_B","Strike_B","Defend_B+1","Defend_B+1","Defend_B","Defend_B","Zap+1","Dualcast","Sweeping Beam+1","Beam Cell","Chill+1","Undo","Crystallizer","FlyingSleeves","Ball Lightning","Whirlwind","Tantrum+1","Echo Form","Compile Driver","Steam","BasicCrystalCard","Hallucinations","ReplayTheSpireMod:Calculation Training+1","Streamline+1","Coolheaded","Heatsinks+1","Cold Snap","FTL+1"],"relics":["Cracked Core","aspiration:Nostalgia","Replay:M_SmolderingBlood","War Paint","Replay:Towering Pillar of Hats","Counterbalance","Philosopher\u0027s Stone","Solar Panel","Ice Cream","Carrot","Torii","alterego_mod:SomeoneToFightFor","Ancient Tea Set","Oddly Smooth Stone"],"acts_visited":["Exordium","TheCity"],"potions_floor_usage":[12,12,14,14,16,24,24],"damage_taken":[{"damage":2,"enemies":"2 Louse","floor":1,"turns":4},{"damage":7,"enemies":"Small Slimes","floor":2,"turns":2},{"damage":1,"enemies":"Cultist","floor":3,"turns":3},{"damage":21,"enemies":"Lagavulin","floor":7,"turns":6},{"damage":0,"enemies":"3 Louse","floor":8,"turns":3},{"damage":0,"enemies":"Blue Slaver","floor":10,"turns":3},{"damage":2,"enemies":"Exordium Thugs","floor":11,"turns":4},{"damage":0,"enemies":"Gremlin Nob","floor":12,"turns":2},{"damage":0,"enemies":"3 Louse","floor":13,"turns":3},{"damage":0,"enemies":"3 Sentries","floor":14,"turns":6},{"damage":11,"enemies":"Hexaghost","floor":16,"turns":9},{"damage":24,"enemies":"Chosen","floor":18,"turns":6},{"damage":0,"enemies":"Spheric Guardian","floor":19,"turns":3},{"damage":12,"enemies":"Snecko","floor":20,"turns":4},{"damage":28,"enemies":"Gremlin Leader","floor":24,"turns":7},{"damage":2,"enemies":"Shelled Parasite and Fungi","floor":25,"turns":5},{"damage":19,"enemies":"Snake Plant","floor":29,"turns":4},{"damage":48,"enemies":"Champ","floor":33,"turns":8}],"seed_played":"-2815299713175652638","potions_obtained":[{"floor":3,"key":"SmokeBomb"},{"floor":8,"key":"AttackPotion"},{"floor":10,"key":"GamblersBrew"},{"floor":13,"key":"Regen Potion"},{"floor":14,"key":"SkillPotion"},{"floor":19,"key":"BlessingOfTheForge"},{"floor":20,"key":"Swift Potion"},{"floor":29,"key":"Explosive Potion"},{"floor":31,"key":"Explosive Potion"}],"is_trial":false,"path_per_floor":["M","M","M","?","?","R","E","M","T","M","M","E","M","E","R","B",null,"M","M","M","?","$","R","E","M","T","R","?","M","R","?","R_BF","B"],"character_chosen":"DEFECT","items_purchased":["Ice Cream","ReplayTheSpireMod:Calculation Training"],"campfire_rested":2,"item_purchase_floors":[22,22],"current_hp_per_floor":[66,59,58,43,43,43,22,22,22,22,20,20,20,35,35,24,62,38,38,26,26,26,48,24,26,26,26,26,16,38,38,38,0,0],"gold":121,"neow_bonus":"NOSTALGIA","is_daily":false,"chose_seed":false,"campfire_upgraded":3,"win_rate":0.0,"timestamp":1613770516,"path_taken":["M","M","M","?","?","R","E","M","T","M","M","E","M","E","R","BOSS","M","M","M","?","$","R","E","?","T","R","?","M","R","?","R_BF","BOSS"],"items_purchased_type":["Relic","Card"],"build_version":"2020-12-22","purchased_purges":0,"victory":false,"max_hp_per_floor":[75,75,75,75,75,75,75,75,75,75,75,75,75,75,75,75,75,75,75,75,75,75,75,75,75,75,75,75,75,75,75,75,75,75],"card_choices":[{"not_picked":["Gash","Turbo"],"picked":"Sweeping Beam","floor":1},{"not_picked":["Steam Power","Redo"],"picked":"Beam Cell","floor":2},{"not_picked":["Beam Cell","Darkness"],"picked":"Chill","floor":3},{"not_picked":["Blizzard","ReplayTheSpireMod:GoodbyeWorld"],"picked":"Undo","floor":7},{"not_picked":["Aggregate","BasicCrystalCard"],"picked":"Crystallizer","floor":8},{"not_picked":["Skim","Clash"],"picked":"FlyingSleeves","floor":10},{"not_picked":["Skim","Gash"],"picked":"Ball Lightning","floor":11},{"not_picked":["Skim","Panic Button"],"picked":"Whirlwind","floor":13},{"not_picked":["Creative AI","EmptyFist"],"picked":"Tantrum","floor":14},{"not_picked":["Hyperbeam","Bludgeon"],"picked":"Echo Form","floor":16},{"not_picked":["Conserve Battery","Leap"],"picked":"Compile Driver","floor":18},{"not_picked":["Conserve Battery+1","Redo"],"picked":"Steam","floor":19},{"not_picked":["Gash","Fission"],"picked":"BasicCrystalCard","floor":20},{"not_picked":["Compile Driver","Go for the Eyes"],"picked":"Streamline+1","floor":24},{"not_picked":["Barrage","Redo"],"picked":"Coolheaded","floor":25},{"not_picked":["Skim","Panic Button"],"picked":"Heatsinks+1","floor":29},{"not_picked":["Steam Power","Conserve Battery+1"],"picked":"Cold Snap","floor":31},{"not_picked":["Force Field","Compile Driver+1"],"picked":"FTL+1","floor":31}],"player_experience":1049716,"relics_obtained":[{"floor":7,"key":"War Paint"},{"floor":9,"key":"Replay:Towering Pillar of Hats"},{"floor":14,"key":"Counterbalance"},{"floor":24,"key":"Carrot"},{"floor":26,"key":"Torii"},{"floor":31,"key":"Ancient Tea Set"},{"floor":32,"key":"Oddly Smooth Stone"}],"event_choices":[{"damage_healed":0,"gold_gain":0,"player_choice":"Entered Light","damage_taken":15,"max_hp_gain":0,"max_hp_loss":0,"event_name":"Shining Light","floor":4,"gold_loss":0,"cards_upgraded":["Zap","Sweeping Beam"]},{"cards_removed":["Strike_B"],"damage_healed":0,"gold_gain":0,"player_choice":"Card Removal","damage_taken":0,"max_hp_gain":0,"max_hp_loss":0,"event_name":"The Cleric","floor":5,"gold_loss":50},{"damage_healed":0,"gold_gain":0,"player_choice":"Choice 2","damage_taken":0,"relics_obtained":["alterego_mod:SomeoneToFightFor"],"max_hp_gain":0,"max_hp_loss":0,"event_name":"Secret Garden","floor":28,"gold_loss":0}],"is_beta":false,"boss_relics":[{"not_picked":["Kintsugi","Runic Pyramid"],"picked":"Philosopher\u0027s Stone"}],"items_purged_floors":[],"is_endless":false,"potions_floor_spawned":[3,8,10,12,13,14,19,20,29],"killed_by":"Champ","ascension_level":7}}