{"host":"htvce8wym9d6pe5b","time":1613754103,"event":{"mods":["Act Like it!","BaseMod","Colored Map","Conspire","Downfall","Duelist Mod","Hermit","Highlight Path","Hubris","Infinite Spire","Jorbs\u0027s Wanderer Trilogy","Minty Spire (QoL Compilation)","Replay The Spire","StSLib","The Bug Knight","The Cursed","The Disciple","The Hierophant","The Runesmith"],"gold_per_floor":[109,137,162,162,181,177,197,197,197,197,213,218,239,239,239,351,351,401,401,470,547,117,105,105],"floor_reached":23,"language":"ENG","playtime":2320,"items_purged":[],"score":247,"play_id":"8597874c-00cd-4749-9bc9-04b7e927cb6d","local_time":"20210219110143","is_ascension_mode":false,"campfire_choices":[{"floor":8,"key":"REST"},{"floor":10,"key":"REST"},{"floor":15,"key":"DIG"}],"circlet_count":0,"master_deck":["hierophant:Strike_Hierophant","hierophant:Strike_Hierophant","hierophant:Strike_Hierophant","hierophant:Strike_Hierophant","hierophant:Punish","hierophant:Defend_Hierophant","hierophant:Defend_Hierophant","hierophant:Defend_Hierophant","hierophant:Defend_Hierophant","hierophant:ChurchCoffers","hierophant:Doubloon+1","hierophant:RecallFunds","hierophant:Smite","hierophant:ThreeLashes","hierophant:FlamingChariot","hierophant:Flagellation","hierophant:ThreeLashes","hierophant:Patience","hierophant:RepressedViolence","hierophant:FieryStrike","hierophant:BulkyChest","hierophant:Doubloon","hierophant:ConvertCurrency","infinitespire:Execution","infinitespire:FutureSight","hierophant:TollTheBells+1","hierophant:Doubloon+1","hierophant:RustyCrate","hierophant:Doubloon","hierophant:Doubloon","hierophant:ArchangelShield","Mayhem","ReplayTheSpireMod:Necrogeddon","Secret Technique","Deep Breath"],"relics":["hierophant:PropheticMaskRelic","NeowsBlessing","hubris:BundleOfHerbs","infinitespire:Bottled Soul","hubris:Metronome","hubris:Backtick","Ring of the Snake","ReplayTheSpireMod:ShopPack"],"acts_visited":["Exordium","TheCity"],"potions_floor_usage":[],"damage_taken":[{"damage":0,"enemies":"Small Slimes","floor":1,"turns":1},{"damage":0,"enemies":"Cultist","floor":2,"turns":1},{"damage":0,"enemies":"infinitespire:Voidling","floor":3,"turns":1},{"damage":21,"enemies":"Lots of Slimes","floor":5,"turns":3},{"damage":26,"enemies":"3 Sentries","floor":6,"turns":7},{"damage":18,"enemies":"Exordium Wildlife","floor":7,"turns":3},{"damage":6,"enemies":"Large Slime","floor":11,"turns":2},{"damage":5,"enemies":"Looter","floor":12,"turns":2},{"damage":0,"enemies":"3 Louse","floor":13,"turns":1},{"damage":96,"enemies":"Slime Boss","floor":16,"turns":16},{"damage":24,"enemies":"Shell Parasite","floor":18,"turns":3},{"damage":9,"enemies":"conspire:FuzzyDice","floor":20,"turns":6},{"damage":17,"enemies":"3 Cultists","floor":21,"turns":5},{"damage":26,"enemies":"Nightmare","floor":23,"turns":4}],"seed_played":"-7607937332531345614","potions_obtained":[{"floor":3,"key":"CultistPotion"},{"floor":5,"key":"LiquidBronze"},{"floor":7,"key":"Strength Potion"},{"floor":18,"key":"SkillPotion"}],"is_trial":false,"path_per_floor":["M","M","M","?","M","E","M","R","T","R","M","M","M","?","R_BF","B",null,"M","AVR","M","M","$","NM"],"character_chosen":"HIEROPHANT","items_purchased":["ReplayTheSpireMod:ShopPack","hierophant:RustyCrate","hierophant:ArchangelShield","Mayhem"],"campfire_rested":2,"item_purchase_floors":[22,22,22,22],"current_hp_per_floor":[75,75,75,75,54,28,10,32,32,54,48,43,43,43,43,40,75,51,51,42,25,25,0,0],"gold":105,"neow_bonus":"THREE_ENEMY_KILL","is_daily":false,"chose_seed":false,"campfire_upgraded":0,"win_rate":0.0,"timestamp":1613754103,"path_taken":["M","M","M","?","?","E","M","R","T","R","M","M","?","?","R_BF","BOSS","M","AVR","M","?","?","NM"],"items_purchased_type":["Relic","Card","Card","Card"],"build_version":"2020-12-22","purchased_purges":0,"victory":false,"max_hp_per_floor":[75,75,75,75,75,75,75,75,75,75,75,75,75,75,75,75,75,75,75,75,75,75,75,75],"card_choices":[{"not_picked":["hierophant:SecretStash","hierophant:OrnateJavelin"],"picked":"hierophant:RecallFunds","floor":1},{"not_picked":["hierophant:AuricBeam","hierophant:Purify"],"picked":"hierophant:Smite","floor":2},{"not_picked":["hierophant:Smite","hierophant:Patience"],"picked":"hierophant:ThreeLashes","floor":3},{"not_picked":["hierophant:FieryStrike","hierophant:Encroach"],"picked":"hierophant:FlamingChariot","floor":5},{"not_picked":["hierophant:Levitation","hierophant:Purify"],"picked":"hierophant:Flagellation","floor":6},{"not_picked":["hierophant:Rebuild","hierophant:Doubloon"],"picked":"hierophant:ThreeLashes","floor":7},{"not_picked":["hierophant:Empathy","hierophant:HolyVerse"],"picked":"hierophant:Patience","floor":11},{"not_picked":["hierophant:Purify","hierophant:Refuge"],"picked":"hierophant:RepressedViolence","floor":12},{"not_picked":["hierophant:Purify","hierophant:Zeal"],"picked":"hierophant:FieryStrike","floor":13},{"not_picked":["hierophant:DivineIntervention","hierophant:Levitation"],"picked":"hierophant:BulkyChest","floor":16},{"not_picked":["hierophant:Zeal","hierophant:OrnateJavelin"],"picked":"hierophant:ConvertCurrency","floor":18},{"not_picked":["hierophant:OrnateJavelin","hierophant:DisplayOfPower"],"picked":"hierophant:TollTheBells+1","floor":20},{"not_picked":["hierophant:Encroach","hierophant:Flagellation"],"picked":"hierophant:Doubloon+1","floor":21},{"not_picked":["Secret Technique","The Bomb"],"picked":"ReplayTheSpireMod:Necrogeddon","floor":22},{"not_picked":["Replay:Bootleg Shield Generator","hubris:Ssssneak"],"picked":"Secret Technique","floor":22},{"not_picked":["Impatience","Magnetism"],"picked":"Deep Breath","floor":22}],"player_experience":11898,"relics_obtained":[{"floor":6,"key":"hubris:BundleOfHerbs"},{"floor":9,"key":"infinitespire:Bottled Soul"},{"floor":15,"key":"hubris:Metronome"}],"event_choices":[{"damage_healed":0,"gold_gain":0,"player_choice":"Bought 0 Potions","damage_taken":0,"max_hp_gain":0,"max_hp_loss":0,"event_name":"The Woman in Blue","floor":4,"gold_loss":0},{"damage_healed":0,"gold_gain":0,"player_choice":"Upgraded","damage_taken":0,"max_hp_gain":0,"max_hp_loss":0,"event_name":"Upgrade Shrine","floor":14,"gold_loss":0,"cards_upgraded":["hierophant:Doubloon"]}],"is_beta":false,"boss_relics":[{"not_picked":["Painkiller Herb","hubris:VirtuousBlindfold"],"picked":"hubris:Backtick"}],"items_purged_floors":[],"is_endless":false,"potions_floor_spawned":[3,5,7,13,18,21],"killed_by":"Nightmare","ascension_level":0}}