{"host":"dr01x95rw3kaiuk5","time":1613753715,"event":{"mods":["ATMod(°¢èªMod)","Act Like it!","Arknights","BaseMod","Colored Powertips","Conspire","Energized Spire","Friendly Minions","Gensokyo","GifTheSpireLib","Minty Spire (QoL Compilation)","MostiFishMod","Reliquary","Remilia£¨ÀÙÃ×ÀòÑÇ£©","Replay The Spire","Shop Mod","Spicy Shops","StSLib","TestMod","UnlockEverythingMod","[IsaacMod]ÒÔÈö¼âËþ","¡¾ÒÅÎï¿¨ÅÆ¡¿REMEMod"],"gold_per_floor":[118,118,118,134,534,534,549,549,549,321,321,112,149,172,172,174,174],"floor_reached":16,"language":"ZHS","playtime":857,"items_purged":["Defend_B","Normality"],"score":196,"play_id":"0f8e4bde-8549-4c0e-bd4e-8551f487e945","local_time":"20210220005515","is_ascension_mode":true,"campfire_choices":[{"data":"AT_WaterDrop","floor":6.0,"key":"SMITH"},{"data":"Dualcast","floor":8.0,"key":"SMITH"},{"data":"MostiFishMod:KingOfFree","floor":15,"key":"SMITH"}],"circlet_count":0,"master_deck":["AscendersBane","Strike_B","Strike_B","Strike_B","Defend_B","Defend_B","Defend_B","Zap","Dualcast+1","AT_WaterDrop+1","MostiFishMod:KingOfFree+1","Thinking Ahead","FIFO Queue","Defragment","Coolheaded"],"relics":["Cracked Core","HushsDoor","AT_ATBox","DaveBox","REME_ComplimentaryCards","ImprovedEquipment","SteamSale","testmod-IWantAll","SynthV:TestCard","BookofShadows","Civilization","ReplayTheSpireMod:ShopPack","Smiling Mask","CeramicFish","White Beast Statue","Eternal Feather"],"acts_visited":["Exordium"],"potions_floor_usage":[16],"damage_taken":[{"damage":3.0,"enemies":"Jaw Worm","floor":1.0,"turns":4.0},{"damage":0.0,"enemies":"2 Louse","floor":4.0,"turns":3.0},{"damage":4.0,"enemies":"Small Slimes","floor":7.0,"turns":4.0},{"damage":17,"enemies":"Gremlin Nob","floor":13,"turns":4},{"damage":8,"enemies":"Red Slaver","floor":14,"turns":3},{"damage":0,"enemies":"Hexaghost","floor":16,"turns":7}],"seed_played":"8021329818926413560","potions_obtained":[{"floor":1.0,"key":"Regen Potion"},{"floor":13,"key":"Fire Potion"},{"floor":14,"key":"Dexterity Potion"}],"is_trial":false,"path_per_floor":["M","?","?","M","?","R","M","R","T","$","?","$","E","M","R","B"],"character_chosen":"DEFECT","items_purchased":["Civilization","ReplayTheSpireMod:ShopPack","FIFO Queue","CeramicFish","Defragment","White Beast Statue"],"campfire_rested":0,"item_purchase_floors":[10,10,10,12,12,12],"current_hp_per_floor":[68,64,64,64,64,64,60,60,60,60,60,60,46,42,51,53,53],"gold":174,"neow_bonus":"TEN_PERCENT_HP_BONUS","is_daily":false,"chose_seed":false,"campfire_upgraded":3,"win_rate":0.0,"timestamp":1613753715,"path_taken":["M","?","?","?","?","R","M","R","T","$","?","$","E","M","R","BOSS"],"items_purchased_type":["Relic","Relic","Card","Relic","Card","Relic"],"build_version":"2020-12-22","purchased_purges":2,"victory":false,"max_hp_per_floor":[78,78,78,78,78,78,78,78,78,78,78,78,79,81,81,81,81],"card_choices":[{"not_picked":[],"picked":"ChaosCard","floor":0.0},{"not_picked":["Chaos","FTL","Time Bomb"],"picked":"SKIP","floor":1.0},{"not_picked":["Compile Driver","Reprogram","BasicCrystalCard","Barrage","AT_HeatAcrobatics"],"picked":"SKIP","floor":4.0},{"not_picked":["MostiFishMod:ActiveDefenseSystem","Redo","Leap","Meteor Strike"],"picked":"Bomb","floor":7.0},{"not_picked":["AT_TearsDenial","MostiFishMod:Galeforce","testmod-TradeIn","Secret Weapon"],"picked":"MostiFishMod:KingOfFree","floor":10.0},{"not_picked":["Jack Of All Trades","testmod-FightingIntention","testmod-ConditionedReflex","Impatience"],"picked":"Thinking Ahead","floor":10.0},{"not_picked":["Double Energy","MostiFishMod:TalkingToTheRain","Rebound","AT_HeatAcrobatics","Consume"],"picked":"SKIP","floor":13},{"not_picked":["Rebound","BasicCrystalCard","Leap","MostiFishMod:PushDownKick"],"picked":"Coolheaded","floor":14}],"player_experience":226717,"relics_obtained":[{"floor":1.0,"key":"SynthV:TestCard"},{"floor":9.0,"key":"BookofShadows"},{"floor":13,"key":"Eternal Feather"}],"event_choices":[{"damage_healed":0.0,"max_hp_gain":0.0,"max_hp_loss":0.0,"gold_gain":0.0,"event_name":"conspire:Investor","player_choice":"Leave","floor":2.0,"gold_loss":0.0,"damage_taken":0.0},{"damage_healed":0.0,"max_hp_gain":0.0,"max_hp_loss":0.0,"gold_gain":400.0,"event_name":"¶÷ÂåË¹µÄÅÌ×Ó","player_choice":"Sell","floor":5.0,"relics_lost":["testmod-TestBox"],"gold_loss":0.0,"damage_taken":0.0},{"damage_healed":0,"gold_gain":0,"player_choice":"Gave Potion","damage_taken":0,"relics_obtained":["Smiling Mask"],"max_hp_gain":0,"max_hp_loss":0,"event_name":"WeMeetAgain","floor":11,"gold_loss":0}],"is_beta":false,"boss_relics":[],"items_purged_floors":[10,12],"is_endless":false,"potions_floor_spawned":[1,13,14],"killed_by":"Hexaghost","ascension_level":20}}