{"host":"vk2xyavtylxbvrfq","time":1613700102,"event":{"mods":["Bard","BaseMod","Bestiary","Better Altar","Better Match","Better Note","Better Sensory Stone","Better Skull","Better Vampires","Block Reminder","Bossed Relics","Colored Map","Curses Come First","Displayed Cursed Tome","Downfall","Fox Events","Hermit","Ironclad Rager","Marked Mod","Minty Spire (QoL Compilation)","Quick Restart","Rare Cards Sparkle","Relic Sorter","Reliquary","Robot Space Explorer","StSLib","The Hayseed","The Runesmith","TheSurvivalist","Unceasing Turn Reminder"],"gold_per_floor":[110,1,1,15,15,15,50,50,101,131,177,189,236,268,280,392,404,432,444,426,363,375,387,399,430,469,481,10,10,22,22,22,121,121,137,137,1,17,36,36,66,76,103,103,103],"floor_reached":44,"language":"ENG","playtime":1347,"items_purged":[],"score":703,"play_id":"df4bf2e9-b5e7-46c4-8f3d-437bdaced45e","local_time":"20210218210142","is_ascension_mode":true,"campfire_choices":[{"data":"hermit:HighCaliber","floor":6,"key":"SMITH"},{"data":"hermit:Snapshot","floor":8,"key":"SMITH"},{"floor":12,"key":"REST"},{"data":"hermit:Vantage","floor":15,"key":"SMITH"},{"data":"hermit:LuckOfTheDraw","floor":23,"key":"SMITH"},{"data":"hermit:CursedWeapon","floor":27,"key":"SMITH"},{"data":"Mind Blast","floor":32,"key":"SMITH"},{"floor":40,"key":"REST"}],"circlet_count":0,"master_deck":["hermit:Strike_Hermit","hermit:Strike_Hermit","hermit:Strike_Hermit","hermit:Strike_Hermit","hermit:Defend_Hermit","hermit:Defend_Hermit","hermit:Defend_Hermit","hermit:Defend_Hermit","hermit:Snapshot+1","hermit:Covet","hermit:HighCaliber+1","hermit:Determination","hermit:LuckOfTheDraw+1","hermit:Virtue","hermit:CursedWeapon+1","hermit:FromBeyond","hermit:Enervate","hermit:Headshot","hermit:Vantage+1","hermit:FromBeyond","hermit:Vantage+1","hermit:Glare+1","hermit:Enervate","Good Instincts","Blind","Mind Blast+1","hermit:Determination","hermit:HighNoon","hermit:Deadeye+1","Good Instincts","hermit:Headshot+1","hermit:Brawl+1","hermit:FromBeyond","hermit:BodyArmor","downfall:Aged"],"relics":["hermit:Momento","NeowsBlessing","FaceOfCleric","Art of War","MawBank","MealTicket","reliquary:ExpiredCoupon","reliquary:RedCape","WarpedTongs","Tiny Chest","hermit:Horseshoe","Frozen Eye","Cursed Key","Orichalcum","reliquary:TatteredRug"],"acts_visited":["Exordium","TheCity","TheBeyond"],"potions_floor_usage":[11,14,14,25,30,33,33,33,33,39,41,41],"damage_taken":[{"damage":0,"enemies":"Small Slimes","floor":1,"turns":1},{"damage":0,"enemies":"Cultist","floor":4,"turns":1},{"damage":0,"enemies":"3 Sentries","floor":7,"turns":1},{"damage":13,"enemies":"Jaw Worm","floor":10,"turns":4},{"damage":2,"enemies":"Gremlin Nob","floor":11,"turns":2},{"damage":12,"enemies":"3 Sentries","floor":13,"turns":6},{"damage":7,"enemies":"Lots of Slimes","floor":14,"turns":2},{"damage":35,"enemies":"Slime Boss","floor":16,"turns":8},{"damage":9,"enemies":"Chosen","floor":18,"turns":3},{"damage":3,"enemies":"2 Thieves","floor":25,"turns":3},{"damage":24,"enemies":"Sentry and Sphere","floor":30,"turns":4},{"damage":80,"enemies":"Automaton","floor":33,"turns":12},{"damage":4,"enemies":"3 Shapes","floor":35,"turns":3},{"damage":11,"enemies":"3 Darklings","floor":38,"turns":4},{"damage":22,"enemies":"Jaw Worm Horde","floor":39,"turns":3},{"damage":65,"enemies":"Reptomancer","floor":41,"turns":5},{"damage":3,"enemies":"Sphere and 2 Shapes","floor":42,"turns":4},{"damage":14,"enemies":"Writhing Mass","floor":44,"turns":2}],"seed_played":"8811348819603747877","potions_obtained":[{"floor":7,"key":"ColorlessPotion"},{"floor":11,"key":"LiquidMemories"},{"floor":13,"key":"Energy Potion"},{"floor":18,"key":"ColorlessPotion"},{"floor":20,"key":"EntropicBrew"},{"floor":20,"key":"Ancient Potion"},{"floor":25,"key":"SneckoOil"},{"floor":30,"key":"FairyPotion"},{"floor":35,"key":"champ:CounterPotion"},{"floor":39,"key":"Weak Potion"}],"is_trial":false,"path_per_floor":["M","$","?","M","?","R","E","R","T","M","E","R","E","M","R","B",null,"M","$","?","?","?","R","?","M","T","R","$","?","M","T","R","B",null,"M","?","$","M","M","R","E","M","T","M"],"character_chosen":"HERMIT","items_purchased":["hermit:Determination","hermit:LuckOfTheDraw","hermit:Horseshoe","Frozen Eye","Good Instincts","Good Instincts","ColorlessPotion"],"campfire_rested":2,"item_purchase_floors":[2,2,28,28,28,37,37],"current_hp_per_floor":[68,68,68,68,68,68,69,69,69,57,56,78,67,61,61,27,68,60,75,75,75,75,75,75,73,73,73,83,83,60,60,60,18,68,65,65,80,70,49,75,11,9,9,0,0],"gold":103,"neow_bonus":"THREE_ENEMY_KILL","is_daily":false,"chose_seed":false,"campfire_upgraded":6,"win_rate":0.0,"timestamp":1613700102,"path_taken":["M","$","?","?","?","R","E","R","T","?","E","R","E","M","R","BOSS","M","$","?","?","?","R","?","M","T","R","?","?","?","?","R","BOSS","M","?","$","M","?","R","E","M","T","M"],"items_purchased_type":["Card","Card","Relic","Relic","Card","Card","Potion"],"build_version":"2020-12-22","purchased_purges":0,"victory":false,"max_hp_per_floor":[75,75,75,75,75,75,76,76,76,77,78,78,79,80,80,81,81,82,82,82,82,82,82,82,83,83,83,83,83,84,84,84,85,85,86,86,86,87,88,88,89,90,90,90,90],"card_choices":[{"not_picked":["hermit:Ricochet","hermit:LoneWolf"],"picked":"hermit:HighCaliber","floor":1},{"not_picked":["hermit:TakeAim","hermit:Roulette"],"picked":"hermit:Virtue","floor":4},{"not_picked":["hermit:Manifest","hermit:NoHoldsBarred"],"picked":"hermit:CursedWeapon","floor":7},{"not_picked":["hermit:FullyLoaded","hermit:Snipe"],"picked":"hermit:FromBeyond","floor":10},{"not_picked":["hermit:Spite","hermit:ItchyTrigger"],"picked":"hermit:Enervate","floor":11},{"not_picked":["hermit:CursedWeapon","hermit:HoleUp"],"picked":"hermit:Headshot","floor":13},{"not_picked":["hermit:Feint","hermit:HighCaliber"],"picked":"hermit:Vantage","floor":14},{"not_picked":["hermit:EternalForm","hermit:Roughhouse"],"picked":"hermit:FromBeyond","floor":16},{"not_picked":["hermit:Roulette","hermit:WideOpen"],"picked":"hermit:Vantage+1","floor":18},{"not_picked":["hermit:Desperado+1","hermit:CalledShot+1"],"picked":"hermit:Glare+1","floor":21},{"not_picked":["hermit:Manifest","hermit:HoleUp"],"picked":"hermit:Enervate","floor":25},{"not_picked":["Enlightenment","Good Instincts"],"picked":"Blind","floor":29},{"not_picked":["Forethought","Sadistic Nature"],"picked":"Mind Blast","floor":29},{"not_picked":["hermit:Quickdraw+1","hermit:Manifest"],"picked":"hermit:Determination","floor":30},{"not_picked":["hermit:RoundhouseKick","hermit:EternalForm"],"picked":"hermit:HighNoon","floor":33},{"not_picked":["hermit:Dive+1","hermit:Misfire+1"],"picked":"hermit:Deadeye+1","floor":35},{"not_picked":["hermit:NoHoldsBarred","hermit:Ricochet"],"picked":"hermit:Headshot+1","floor":38},{"not_picked":["hermit:BodyArmor","hermit:Manifest"],"picked":"hermit:Brawl+1","floor":39},{"not_picked":["hermit:Ricochet+1","hermit:Snipe"],"picked":"hermit:FromBeyond","floor":41},{"not_picked":["hermit:CalledShot","hermit:Roulette+1"],"picked":"hermit:BodyArmor","floor":42}],"player_experience":1433138,"relics_obtained":[{"floor":7,"key":"Art of War"},{"floor":9,"key":"MawBank"},{"floor":11,"key":"MealTicket"},{"floor":13,"key":"reliquary:ExpiredCoupon"},{"floor":26,"key":"Tiny Chest"},{"floor":41,"key":"Orichalcum"},{"floor":43,"key":"reliquary:TatteredRug"}],"event_choices":[{"damage_healed":0,"gold_gain":0,"player_choice":"Cursed","damage_taken":0,"max_hp_gain":0,"max_hp_loss":0,"event_name":"Wheel of Change","floor":3,"gold_loss":0,"cards_obtained":["Decay"]},{"damage_healed":0,"gold_gain":0,"player_choice":"Trade","damage_taken":0,"relics_obtained":["FaceOfCleric"],"max_hp_gain":0,"max_hp_loss":0,"event_name":"FaceTrader","floor":5,"gold_loss":0},{"damage_healed":0,"gold_gain":0,"player_choice":"Bought 2 Potions","damage_taken":0,"max_hp_gain":0,"max_hp_loss":0,"event_name":"The Woman in Blue","floor":20,"gold_loss":0},{"damage_healed":0,"gold_gain":0,"player_choice":"2","damage_taken":0,"max_hp_gain":0,"max_hp_loss":0,"event_name":"betterMatch:BetterMatch","floor":21,"gold_loss":0,"cards_obtained":["betterMatch:CommonCard"]},{"damage_healed":0,"gold_gain":0,"player_choice":"Rummage","damage_taken":0,"relics_obtained":["WarpedTongs"],"max_hp_gain":0,"max_hp_loss":0,"event_name":"Accursed Blacksmith","floor":22,"gold_loss":0,"cards_obtained":["Pain"]},{"cards_removed":["Pain","Decay"],"damage_healed":0,"gold_gain":0,"player_choice":"Removed Curses","damage_taken":0,"max_hp_gain":0,"max_hp_loss":0,"event_name":"Fountain of Cleansing","floor":24,"gold_loss":0},{"damage_healed":0,"gold_gain":2,"player_choice":"1","damage_taken":0,"max_hp_gain":0,"max_hp_loss":0,"event_name":"betterStone:BetterStone","floor":29,"gold_loss":0},{"damage_healed":0,"gold_gain":0,"player_choice":"Ignored","damage_taken":0,"max_hp_gain":0,"max_hp_loss":0,"event_name":"SecretPortal","floor":36,"gold_loss":0}],"is_beta":false,"boss_relics":[{"not_picked":["Runic Dome","Busted Crown"],"picked":"reliquary:RedCape"},{"not_picked":["Snecko Eye","Philosopher\u0027s Stone"],"picked":"Cursed Key"}],"items_purged_floors":[],"is_endless":false,"potions_floor_spawned":[7,11,13,18,25,30,35,39],"killed_by":"Writhing Mass","ascension_level":6}}