{"host":"v6biu77h43umse0l","time":1613729565,"event":{"mods":["BaseMod","DeckTracker","Lobotomy","Minty Spire (QoL Compilation)","StSLib","SuperFastMode"],"gold_per_floor":[111,124,139,158,175,207,219,256,295,307,394,406,406],"floor_reached":12,"language":"KOR","playtime":418,"items_purged":[],"score":113,"play_id":"3e13bafe-e2a3-49a3-bb08-aad397a84d3a","local_time":"20210219191245","is_ascension_mode":true,"campfire_choices":[{"floor":7,"key":"REST"},{"floor":10,"key":"REST"}],"circlet_count":0,"master_deck":["Strike_G","Strike_G","Strike_G","Strike_G","Strike_G","Defend_G","Defend_G","Defend_G","Defend_G","Defend_G","Survivor","Neutralize","SingingMachine","Bouncing Flask","SpiderBud","Cloak And Dagger","OldLady","Deadly Poison","Scorched","Deadly Poison","CrumblingArmor","Freischutz","Catalyst","Scarecrow","Tactician"],"relics":["Ring of the Snake","CogitoBucket","MawBank","Oddly Smooth Stone","CeramicFish"],"acts_visited":["Exordium"],"potions_floor_usage":[8,8],"damage_taken":[{"damage":19,"enemies":"Jaw Worm","floor":1,"turns":7},{"damage":4,"enemies":"Small Slimes","floor":2,"turns":3},{"damage":8,"enemies":"2 Louse","floor":3,"turns":3},{"damage":8,"enemies":"Large Slime","floor":4,"turns":5},{"damage":0,"enemies":"2 Fungi Beasts","floor":5,"turns":1},{"damage":14,"enemies":"Gremlin Nob","floor":6,"turns":3},{"damage":34,"enemies":"Lagavulin","floor":8,"turns":5},{"damage":25,"enemies":"Gremlin Nob","floor":12,"turns":2}],"seed_played":"6597727173217789739","potions_obtained":[{"floor":2,"key":"Swift Potion"},{"floor":4,"key":"SteroidPotion"},{"floor":6,"key":"Weak Potion"}],"is_trial":false,"path_per_floor":["M","M","M","M","M","E","R","E","T","R","?","E"],"character_chosen":"THE_SILENT","items_purchased":[],"campfire_rested":2,"item_purchase_floors":[],"current_hp_per_floor":[51,47,39,31,31,17,38,4,4,25,14,0,0],"gold":406,"neow_bonus":"","is_daily":false,"chose_seed":false,"campfire_upgraded":0,"win_rate":0.0,"timestamp":1613729565,"path_taken":["M","M","M","M","M","E","R","E","T","R","?","E"],"items_purchased_type":[],"build_version":"2020-12-22","purchased_purges":0,"victory":false,"max_hp_per_floor":[70,70,70,70,70,70,70,70,70,70,70,70,70],"card_choices":[{"not_picked":["Scorched","GalaxyChild"],"picked":"SingingMachine","floor":1},{"not_picked":["Slice","PiercingWail"],"picked":"Bouncing Flask","floor":1},{"not_picked":["BeautyBeast","CrumblingArmor"],"picked":"SpiderBud","floor":2},{"not_picked":["Sucker Punch","Acrobatics"],"picked":"Cloak And Dagger","floor":2},{"not_picked":["WallGazer","UniverseFragment"],"picked":"OldLady","floor":3},{"not_picked":["Finisher","Deflect"],"picked":"Deadly Poison","floor":3},{"not_picked":["ShyLook","CrumblingArmor"],"picked":"Scorched","floor":4},{"not_picked":["Bouncing Flask","Masterful Stab"],"picked":"Deadly Poison","floor":4},{"not_picked":["UniverseFragment","Murderer"],"picked":"CrumblingArmor","floor":5},{"not_picked":["Cloak And Dagger","Underhanded Strike","Deadly Poison"],"picked":"SKIP","floor":5},{"not_picked":["Cloak And Dagger","Underhanded Strike","Deadly Poison"],"picked":"SKIP","floor":5},{"not_picked":["RedShoes","LaLuna"],"picked":"Freischutz","floor":6},{"not_picked":["Slice","Bane"],"picked":"Catalyst","floor":6},{"not_picked":["BigBadWolf","ShyLook"],"picked":"Scarecrow","floor":8},{"not_picked":["Eviscerate","Outmaneuver"],"picked":"Tactician","floor":8}],"player_experience":382859,"relics_obtained":[{"floor":6,"key":"MawBank"},{"floor":8,"key":"Oddly Smooth Stone"},{"floor":9,"key":"CeramicFish"}],"event_choices":[{"damage_healed":0,"gold_gain":75,"player_choice":"Gather Gold","damage_taken":11,"max_hp_gain":0,"max_hp_loss":0,"event_name":"World of Goop","floor":11,"gold_loss":0}],"is_beta":false,"boss_relics":[],"items_purged_floors":[],"is_endless":false,"potions_floor_spawned":[2,4,6],"killed_by":"Gremlin Nob","ascension_level":5}}