{"host":"5td1gsj4mnrioltg","time":1613723967,"event":{"mods":["2.2 Compatiblity","AchievementEnabler","Act Like it!","Aspiration","BaseMod","Beaked The Cultist","Better Altar","Better Match","Better Note","Better Sensory Stone","Better Silent Start","Better Skull","Better Third Choice","Better Vampires","BetterRewards","Bossed Relics","Colored Map","Colored Powertips","Displayed Cursed Tome","Downfall","Emptier Cage","Evolution","Friendly Minions","GifTheSpireLib","Highlight Path","Ironclad Rager","Jedi Mod","JesterMod","Mad Scientist","Menagerie","Minty Spire (QoL Compilation)","Permanent Neow","Quick Restart","Reliquary","Replay The Spire","Reworked Bosses","Shade Mod","Shapeshifter Mod","Spicy Shops","StSLib","The Blue Laboratory","The Dragon Tamer","The Dragonkin","The Druid","The Elementalist","The Marked","The Necromancer","The Runesmith","Thieving Mod","Transform Curses","Wandering Minibosses"],"gold_per_floor":[113,113,132,148,148,148,98,173,245,91,91,65,81,116,116,239,239,272,272,98,197,72,72,90,117,163,163,163,179,199,199,199,305,305,336,370,45,45,57,76,76,112,136,143,143],"floor_reached":44,"language":"ENG","playtime":1586,"items_purged":["StSShapeShifter:ShapeShifter_Defend","StSShapeShifter:ShapeShifter_Defend","StSShapeShifter:ShapeShifter_Defend","StSShapeShifter:ShapeShifter_Defend","StSShapeShifter:BarkSkin+1"],"score":517,"play_id":"c63fa44e-5784-44bd-8448-695a1d50a4a0","local_time":"20210219003927","is_ascension_mode":true,"campfire_choices":[{"data":"StSShapeShifter:FoxForm","floor":6,"key":"SMITH"},{"data":"StSShapeShifter:HummingbirdForm","floor":11,"key":"SMITH"},{"data":"StSShapeShifter:BarkSkin","floor":15,"key":"SMITH"},{"data":"StSShapeShifter:Spring","floor":23,"key":"SMITH"},{"floor":27,"key":"REST"},{"floor":32,"key":"REST"}],"circlet_count":0,"master_deck":["StSShapeShifter:ShiftingStrike","StSShapeShifter:ShiftingStrike","StSShapeShifter:FoxForm+1","StSShapeShifter:HummingbirdForm+1","StSShapeShifter:RockSlide","StSShapeShifter:ReplenishingNectar","StSShapeShifter:PhoenixForm","StSShapeShifter:Spring+1"],"relics":["StSShapeShifter:AnimalHeart","StSShapeShifter:TheShapeShiftersMagnolia","EVO:Axolotl","reliquary:FeatherDuster","aspiration:PoetsPen_weak","reliquary:TatteredRug","Busted Crown","StSShapeShifter:Fertilizer","Ginger","TungstenRod","Art of War"],"acts_visited":["Exordium","TheCity","TheBeyond"],"potions_floor_usage":[16,16,30,44],"damage_taken":[{"damage":0,"enemies":"2 Louse","floor":1,"turns":3},{"damage":0,"enemies":"Jaw Worm","floor":3,"turns":3},{"damage":0,"enemies":"Small Slimes","floor":4,"turns":3},{"damage":0,"enemies":"2 Fungi Beasts","floor":13,"turns":1},{"damage":11,"enemies":"Looter","floor":14,"turns":4},{"damage":5,"enemies":"Hexaghost","floor":16,"turns":8},{"damage":16,"enemies":"Spheric Guardian","floor":18,"turns":4},{"damage":31,"enemies":"2 Thieves","floor":24,"turns":3},{"damage":6,"enemies":"Centurion and Healer","floor":25,"turns":5},{"damage":12,"enemies":"3 Cultists","floor":29,"turns":3},{"damage":49,"enemies":"Shelled Parasite and Fungi","floor":30,"turns":5},{"damage":13,"enemies":"bossMod:newChamp","floor":33,"turns":7},{"damage":21,"enemies":"Orb Walker","floor":35,"turns":3},{"damage":28,"enemies":"3 Shapes","floor":36,"turns":3},{"damage":19,"enemies":"Transient","floor":39,"turns":5},{"damage":40,"enemies":"Maw","floor":40,"turns":4},{"damage":9,"enemies":"Reptomancer","floor":42,"turns":3},{"damage":74,"enemies":"Nemesis","floor":44,"turns":4}],"seed_played":"6401412050391808633","potions_obtained":[{"floor":1,"key":"Weak Potion"},{"floor":3,"key":"LiquidBronze"},{"floor":4,"key":"EssenceOfSteel"},{"floor":18,"key":"Elixir"},{"floor":33,"key":"SteroidPotion"},{"floor":35,"key":"Cursed Concoction"}],"is_trial":false,"path_per_floor":["M","?","M","M","?","R","?","?","T","$","R","$","M","M","R","B",null,"M","?","$","?","$","R","M","M","T","R","?","M","M","?","R","B",null,"M","M","$","?","M","M","T","E","T","E"],"character_chosen":"SHAPESHIFTER","items_purchased":["StSShapeShifter:HummingbirdForm","StSShapeShifter:RockSlide","StSShapeShifter:Spring"],"campfire_rested":2,"item_purchase_floors":[10,12,20],"current_hp_per_floor":[78,78,78,78,78,78,78,67,67,67,67,67,67,57,57,54,78,62,62,62,62,62,62,35,34,34,57,57,51,10,10,33,30,78,57,41,41,41,35,9,9,30,30,0,0],"gold":143,"neow_bonus":"REMOVE_CARD","is_daily":false,"chose_seed":false,"campfire_upgraded":4,"win_rate":0.0,"timestamp":1613723967,"path_taken":["M","?","M","M","?","R","?","?","T","$","R","$","?","M","R","BOSS","M","?","$","?","$","R","M","M","T","R","?","M","?","?","R","BOSS","M","M","$","?","?","M","?","E","T","E"],"items_purchased_type":["Card","Card","Card"],"build_version":"2020-12-22","purchased_purges":5,"victory":false,"max_hp_per_floor":[78,78,78,78,78,78,78,78,78,78,78,78,78,78,78,78,78,78,78,78,78,78,78,78,78,78,78,78,78,78,78,78,78,78,78,78,78,78,78,78,78,78,78,78,78],"card_choices":[{"not_picked":["StSShapeShifter:OpportuneSwoop","StSShapeShifter:FlowerShield","StSShapeShifter:CursedApple"],"picked":"SKIP","floor":1},{"not_picked":["StSShapeShifter:ThornToss","StSShapeShifter:FesteringBite","StSShapeShifter:Sapling"],"picked":"SKIP","floor":3},{"not_picked":["StSShapeShifter:Bonk","StSShapeShifter:Maul"],"picked":"StSShapeShifter:FoxForm","floor":4},{"not_picked":["StSShapeShifter:Rest","StSShapeShifter:ShiftingStrike"],"picked":"StSShapeShifter:ReplenishingNectar","floor":13},{"not_picked":["StSShapeShifter:SquirrelForm","StSShapeShifter:Maul"],"picked":"StSShapeShifter:BarkSkin","floor":14},{"not_picked":["StSShapeShifter:Tornado","StSShapeShifter:Forgiveness"],"picked":"StSShapeShifter:PhoenixForm","floor":16},{"not_picked":["StSShapeShifter:ReplenishingNectar","StSShapeShifter:Rest","StSShapeShifter:WaspSwarmForm"],"picked":"SKIP","floor":18},{"not_picked":["StSShapeShifter:DeepWound","StSShapeShifter:SpiritOfTheEarth","StSShapeShifter:Sapling+1"],"picked":"SKIP","floor":24},{"not_picked":["StSShapeShifter:Roar","StSShapeShifter:FlowerShield","StSShapeShifter:ShiftingStrike"],"picked":"SKIP","floor":25},{"not_picked":["StSShapeShifter:RitualOfTheElders","StSShapeShifter:Rabid","StSShapeShifter:CursedApple"],"picked":"SKIP","floor":29},{"not_picked":["StSShapeShifter:Guard","StSShapeShifter:FlamingoForm","StSShapeShifter:VineHandcuffs+1"],"picked":"SKIP","floor":30},{"not_picked":["StSShapeShifter:ThornToss"],"picked":"SKIP","floor":35},{"not_picked":["StSShapeShifter:Sapling+1"],"picked":"SKIP","floor":36},{"not_picked":["StSShapeShifter:MagicMushrooms"],"picked":"SKIP","floor":39},{"not_picked":["StSShapeShifter:FesteringBite"],"picked":"SKIP","floor":40},{"not_picked":["StSShapeShifter:DeerForm+1"],"picked":"SKIP","floor":42}],"player_experience":1378366,"relics_obtained":[{"floor":9,"key":"reliquary:FeatherDuster"},{"floor":26,"key":"reliquary:TatteredRug"},{"floor":38,"key":"StSShapeShifter:Fertilizer"},{"floor":41,"key":"Ginger"},{"floor":42,"key":"TungstenRod"},{"floor":43,"key":"Art of War"}],"event_choices":[{"cards_removed":["StSShapeShifter:ShapeShifter_Strike"],"damage_healed":0,"gold_gain":0,"player_choice":"Card Removal","damage_taken":0,"max_hp_gain":0,"max_hp_loss":0,"event_name":"The Cleric","floor":7,"gold_loss":50},{"damage_healed":0,"gold_gain":75,"player_choice":"Gold","damage_taken":11,"max_hp_gain":0,"max_hp_loss":0,"event_name":"betterThird:BetterGoop","floor":8,"gold_loss":0},{"damage_healed":0,"gold_gain":99,"player_choice":"Steal","damage_taken":0,"max_hp_gain":0,"max_hp_loss":0,"event_name":"betterThird:BetterNest","floor":21,"gold_loss":0},{"damage_healed":0,"gold_gain":0,"player_choice":"Relic","damage_taken":0,"max_hp_gain":0,"max_hp_loss":0,"event_name":"Wheel of Change","floor":38,"gold_loss":0}],"is_beta":false,"boss_relics":[{"not_picked":["Honey Jar","Replay:Grab Bag"],"picked":"aspiration:PoetsPen_weak"},{"not_picked":["Fusion Hammer","aspiration:SecretTechniqueScroll"],"picked":"Busted Crown"}],"items_purged_floors":[10,20,22,37,37],"is_endless":false,"potions_floor_spawned":[1,3,4,13,18,33,35,40],"killed_by":"Nemesis","ascension_level":3}}