{"host":"p7dn4l5818biq9as","time":1613758792,"event":{"mods":["2.2 Compatiblity","ATMod(°¢èªMod)","Act Like it!","Arknights","BaseMod","Better Third Choice","Custom Start","Gensokyo","KinomotoSakuraMod(Ä¾Ö®±¾Ó£)","Minty Spire (QoL Compilation)","Quick Restart","Rare Cards Sparkle","Spicy Shops","StSLib","The Mystic","The Senshi"],"gold_per_floor":[111,128,148,158,176,209,222,256,256,55,85,97,97,97,97,200,200,220,135,57,71,90,90,117,117,143,193,209,228,4,23,23,125,125,143,159,171,171,183,183,194,226,226,72,72,92,139,158,158,158,158,158,49,78,78],"floor_reached":56,"language":"ZHS","playtime":4524,"items_purged":["theSenshi:SailorBlock"],"score":1225,"play_id":"060a4ab7-709d-4f64-8489-88a276f7e4bb","local_time":"20210220021952","is_ascension_mode":false,"campfire_choices":[{"floor":15.0,"key":"REST"},{"floor":23.0,"key":"RECALL"},{"data":"AT_LightSaberMaster","floor":25.0,"key":"SMITH"},{"data":"theSenshi:MoonlightKnight","floor":32,"key":"SMITH"},{"data":"theSenshi:GlimpseOfThePast","floor":40,"key":"SMITH"},{"data":"theSenshi:StudyParty","floor":45,"key":"SMITH"},{"data":"theSenshi:SchoolBag","floor":49,"key":"SMITH"},{"data":"theSenshi:MoonHealingEscalation","floor":52,"key":"SMITH"}],"circlet_count":0,"master_deck":["theSenshi:SailorKick","theSenshi:SailorKick","theSenshi:SailorKick+1","theSenshi:SailorKick","theSenshi:SailorBlock","theSenshi:SailorBlock","theSenshi:SailorBlock","theSenshi:RoseThrow","theSenshi:MoonPrismPowerMakeUp","AT_LightSaberMaster+1","theSenshi:SailorVenusAssists","theSenshi:TallSilhouette","theSenshi:SchoolBag","theSenshi:MoonPrincessHalation","theSenshi:TallSilhouette","theSenshi:MoonlightKnight+1","theSenshi:SailorVenusAssists","theSenshi:MoonHealingEscalation+1","theSenshi:VenusGlamour+1","theSenshi:SchoolBag","theSenshi:MercurysCunning","theSenshi:StudyParty+1","theSenshi:LateForSchool+1","theSenshi:SteeledNerves","theSenshi:LateForSchool","theSenshi:JupitersPower","theSenshi:NeptunesGrace","theSenshi:LateForSchool","theSenshi:JupitersPower","theSenshi:MoonPunch+1","theSenshi:MoonKick+1","theSenshi:GlimpseOfThePast+1","theSenshi:SchoolBag","theSenshi:LateForSchool","theSenshi:SchoolBag+1","theSenshi:MoonPunch+1","theSenshi:MoonPrincessHalation","theSenshi:MoonCrisisMakeUp","theSenshi:LateForSchool+1"],"relics":["theSenshi:TransformationBroochRelic","AT_ATBox","NeowsBlessing","Ornamental Fan","theSenshi:CrescentMoonWandRelic","theSenshi:EternalTiareRelic","AT_ImmortalShieldbow","Runic Pyramid","AT_ForceNature","Tiny Chest","Omamori","Akabeko","AT_BladeRuinedKing","OrangePellets","Philosopher\u0027s Stone","Unceasing Top","Centennial Puzzle","AT_GoldPhoenixTree","Pen Nib","FossilizedHelix","Mercury Hourglass"],"acts_visited":["Exordium","TheCity","TheBeyond","TheEnding"],"potions_floor_usage":[29,33,50,55],"damage_taken":[{"damage":0.0,"enemies":"Cultist","floor":1.0,"turns":1.0},{"damage":0.0,"enemies":"Jaw Worm","floor":2.0,"turns":1.0},{"damage":0.0,"enemies":"2 Louse","floor":3.0,"turns":1.0},{"damage":3.0,"enemies":"Blue Slaver","floor":4.0,"turns":4.0},{"damage":9.0,"enemies":"Red Slaver","floor":5.0,"turns":5.0},{"damage":34.0,"enemies":"3 Sentries","floor":6.0,"turns":12.0},{"damage":0.0,"enemies":"Exordium Wildlife","floor":7.0,"turns":5.0},{"damage":5.0,"enemies":"Lagavulin","floor":8.0,"turns":7.0},{"damage":7.0,"enemies":"Gremlin Nob","floor":11.0,"turns":3.0},{"damage":13.0,"enemies":"Looter","floor":12.0,"turns":4.0},{"damage":7.0,"enemies":"Hexaghost","floor":16.0,"turns":11.0},{"damage":11.0,"enemies":"2 Thieves","floor":18.0,"turns":4.0},{"damage":7.0,"enemies":"Shell Parasite","floor":21.0,"turns":3.0},{"damage":8.0,"enemies":"Cultist and Chosen","floor":22.0,"turns":8.0},{"damage":43.0,"enemies":"Slavers","floor":24.0,"turns":6.0},{"damage":29.0,"enemies":"Centurion and Healer","floor":28.0,"turns":7.0},{"damage":18,"enemies":"Sentry and Sphere","floor":29,"turns":5},{"damage":11,"enemies":"Shelled Parasite and Fungi","floor":31,"turns":4},{"damage":7,"enemies":"Champ","floor":33,"turns":6},{"damage":5,"enemies":"3 Shapes","floor":35,"turns":5},{"damage":12,"enemies":"3 Darklings","floor":36,"turns":5},{"damage":1,"enemies":"Transient","floor":37,"turns":5},{"damage":12,"enemies":"Sphere and 2 Shapes","floor":39,"turns":4},{"damage":0,"enemies":"4 Shapes","floor":41,"turns":6},{"damage":8,"enemies":"Reptomancer","floor":42,"turns":4},{"damage":8,"enemies":"Maw","floor":46,"turns":4},{"damage":33,"enemies":"2 Orb Walkers","floor":47,"turns":6},{"damage":12,"enemies":"3 Darklings","floor":48,"turns":4},{"damage":13,"enemies":"Donu and Deca","floor":50,"turns":4},{"damage":69,"enemies":"Shield and Spear","floor":54,"turns":5},{"damage":51,"enemies":"The Heart","floor":55,"turns":8}],"seed_played":"-414260045914126383","potions_obtained":[{"floor":2.0,"key":"PowerPotion"},{"floor":5.0,"key":"Fire Potion"},{"floor":6.0,"key":"LiquidBronze"},{"floor":12.0,"key":"Strength Potion"},{"floor":16.0,"key":"Swift Potion"},{"floor":18.0,"key":"ColorlessPotion"},{"floor":28.0,"key":"Weak Potion"},{"floor":33,"key":"Ancient Potion"},{"floor":37,"key":"EssenceOfSteel"},{"floor":42,"key":"SteroidPotion"},{"floor":54,"key":"LiquidMemories"}],"is_trial":false,"path_per_floor":["M","M","M","M","M","E","M","E","T","$","E","M","?","?","R","B",null,"M","?","$","M","M","R","E","R","T","?","M","M","$","M","R","B",null,"M","M","M","T","M","R","M","E","T","$","R","M","?","M","R","B",null,"R","$","E","B",null],"character_chosen":"THE_SENSHI","items_purchased":["theSenshi:EternalTiareRelic","theSenshi:MoonHealingEscalation","theSenshi:VenusGlamour","Tiny Chest","AT_BladeRuinedKing","OrangePellets","Pen Nib","theSenshi:MoonCrisisMakeUp"],"campfire_rested":1,"item_purchase_floors":[10,10,10,20,30,30,44,53],"current_hp_per_floor":[75,75,75,72,63,29,29,24,24,24,17,17,2,2,24,32,75,64,64,64,62,64,64,36,36,36,36,37,30,30,34,34,37,75,75,70,74,74,67,67,75,75,75,75,75,67,54,42,42,34,75,75,75,51,75],"gold":78,"neow_bonus":"THREE_ENEMY_KILL","is_daily":false,"chose_seed":false,"campfire_upgraded":6,"win_rate":0.0,"timestamp":1613758792,"path_taken":["M","M","M","M","M","E","M","E","T","$","E","M","?","?","R","BOSS","M","?","$","M","M","R","E","R","T","?","?","M","$","M","R","BOSS","M","M","?","?","?","R","M","E","T","$","R","M","?","M","R","BOSS","R","$","E","BOSS"],"items_purchased_type":["Relic","Card","Card","Relic","Relic","Relic","Relic","Card"],"build_version":"2020-12-22","purchased_purges":1,"victory":true,"max_hp_per_floor":[75,75,75,75,75,75,75,75,75,75,75,75,75,75,75,75,75,75,75,75,75,75,75,75,75,75,75,75,75,75,75,75,75,75,75,75,75,75,75,75,75,75,75,75,75,75,75,75,75,75,75,75,75,75,75],"card_choices":[{"not_picked":["theSenshi:EncouragingSpeech","theSenshi:MoonTiaraMagic"],"picked":"theSenshi:SailorVenusAssists","floor":1.0},{"not_picked":["theSenshi:SupersonicWaves","theSenshi:MoonsReflection"],"picked":"theSenshi:TallSilhouette","floor":2.0},{"not_picked":["theSenshi:TallSilhouette","theSenshi:SailorMarsAssists"],"picked":"theSenshi:SchoolBag","floor":3.0},{"not_picked":["theSenshi:IWillPunishYou","theSenshi:MoonPunch"],"picked":"theSenshi:MoonPrincessHalation","floor":4.0},{"not_picked":["theSenshi:MoonPunch","theSenshi:LunasBite"],"picked":"theSenshi:TallSilhouette","floor":5.0},{"not_picked":["theSenshi:LateForSchool","theSenshi:LunasBite"],"picked":"theSenshi:MoonlightKnight","floor":6.0},{"not_picked":["theSenshi:SailorChibiMoonAssists","theSenshi:LateForSchool"],"picked":"theSenshi:SailorVenusAssists","floor":7.0},{"not_picked":["theSenshi:SailorPlanetPower","theSenshi:MoonsReflection","theSenshi:Sidestep"],"picked":"SKIP","floor":8.0},{"not_picked":["theSenshi:Sidestep","theSenshi:SailorMercuryAssists"],"picked":"theSenshi:SchoolBag","floor":11.0},{"not_picked":["theSenshi:Sidestep","theSenshi:TallSilhouette"],"picked":"theSenshi:MercurysCunning","floor":12.0},{"not_picked":["theSenshi:SilverMoonCrystalPowerKiss","theSenshi:LunaSensingAllies"],"picked":"theSenshi:StudyParty","floor":16.0},{"not_picked":["theSenshi:CrisisMakeUp","theSenshi:LunasBite+1"],"picked":"theSenshi:LateForSchool+1","floor":18.0},{"not_picked":["theSenshi:TallSilhouette","theSenshi:MoonPunch"],"picked":"theSenshi:SteeledNerves","floor":21.0},{"not_picked":["theSenshi:SchoolBag","theSenshi:LunaWiseMentor+1"],"picked":"theSenshi:LateForSchool","floor":22.0},{"not_picked":["theSenshi:LunasBite+1","theSenshi:DramaticEntrance"],"picked":"theSenshi:JupitersPower","floor":24.0},{"not_picked":["theSenshi:SailorVenusAssists","theSenshi:YouCanTalk+1"],"picked":"theSenshi:NeptunesGrace","floor":28.0},{"not_picked":["theSenshi:LunaWiseMentor","theSenshi:MoonlightKnight+1"],"picked":"theSenshi:LateForSchool","floor":29},{"not_picked":["theSenshi:TuxedoSmokingBomber","theSenshi:SailorChibiMoonAssists","theSenshi:UranusStrength"],"picked":"SKIP","floor":31},{"not_picked":["theSenshi:MoonGorgeousMeditation","theSenshi:StudyParty"],"picked":"theSenshi:JupitersPower","floor":33},{"not_picked":["theSenshi:SupersonicWaves","theSenshi:MoonsReflection"],"picked":"theSenshi:MoonPunch+1","floor":35},{"not_picked":["theSenshi:MoonHealingEscalation+1","theSenshi:SailorChibiMoonAssists+1"],"picked":"theSenshi:MoonKick+1","floor":36},{"not_picked":["theSenshi:SailorVenusAssists","theSenshi:MoonKick+1"],"picked":"theSenshi:GlimpseOfThePast","floor":37},{"not_picked":["theSenshi:TallSilhouette","theSenshi:SailorVenusAssists"],"picked":"theSenshi:SchoolBag","floor":39},{"not_picked":["theSenshi:SailorChibiMoonAssists","theSenshi:SailorMarsAssists","theSenshi:LunaWiseMentor+1"],"picked":"SKIP","floor":41},{"not_picked":["theSenshi:MoonGorgeousMeditation","theSenshi:GatheringStrength+1"],"picked":"theSenshi:LateForSchool","floor":42},{"not_picked":["theSenshi:MoonsReflection+1","theSenshi:SailorChibiMoonAssists+1"],"picked":"theSenshi:SchoolBag","floor":46},{"not_picked":["theSenshi:TallSilhouette+1","theSenshi:StudyParty"],"picked":"theSenshi:MoonPunch+1","floor":47},{"not_picked":["theSenshi:SteeledNerves+1","theSenshi:LunaWiseMentor+1"],"picked":"theSenshi:MoonPrincessHalation","floor":48},{"not_picked":["theSenshi:SailorVenusAssists","theSenshi:TuxedoSmokingBomber+1"],"picked":"theSenshi:LateForSchool+1","floor":54}],"player_experience":90863,"relics_obtained":[{"floor":6.0,"key":"Ornamental Fan"},{"floor":8.0,"key":"theSenshi:CrescentMoonWandRelic"},{"floor":11.0,"key":"AT_ImmortalShieldbow"},{"floor":24.0,"key":"Omamori"},{"floor":26.0,"key":"Akabeko"},{"floor":38,"key":"Unceasing Top"},{"floor":42,"key":"Centennial Puzzle"},{"floor":43,"key":"AT_GoldPhoenixTree"},{"floor":47,"key":"FossilizedHelix"},{"floor":54,"key":"Mercury Hourglass"}],"event_choices":[{"damage_healed":17.0,"max_hp_gain":0.0,"max_hp_loss":75.0,"gold_gain":0.0,"event_name":"betterThird:BetterShining","player_choice":"Upgrade","floor":13.0,"gold_loss":0.0,"damage_taken":15.0,"cards_upgraded":["theSenshi:VenusGlamour","theSenshi:SailorKick"]},{"damage_healed":0.0,"max_hp_gain":0.0,"max_hp_loss":0.0,"gold_gain":0.0,"event_name":"betterThird:BetterScrap","player_choice":"LEAVE","floor":14.0,"gold_loss":0.0,"damage_taken":0.0,"cards_obtained":["Unload"]},{"damage_healed":0.0,"max_hp_gain":0.0,"max_hp_loss":0.0,"gold_gain":0.0,"event_name":"Addict","player_choice":"Obtained Relic","floor":19.0,"gold_loss":85.0,"damage_taken":0.0,"relics_obtained":["AT_ForceNature"]},{"damage_healed":0.0,"max_hp_gain":0.0,"max_hp_loss":0.0,"gold_gain":100.0,"event_name":"The Joust","player_choice":"Bet on Murderer","floor":27.0,"gold_loss":50.0,"damage_taken":0.0},{"damage_healed":0,"gold_gain":0,"player_choice":"Fight","damage_taken":0,"max_hp_gain":0,"max_hp_loss":0,"event_name":"Mysterious Sphere","floor":47,"gold_loss":0}],"is_beta":false,"boss_relics":[{"not_picked":["Runic Dome","Snecko Eye"],"picked":"Runic Pyramid"},{"not_picked":["Busted Crown","SacredBark"],"picked":"Philosopher\u0027s Stone"}],"items_purged_floors":[53],"is_endless":false,"potions_floor_spawned":[2,5,6,12,16,18,28,33,37,42,46,47,54],"ascension_level":0}}