{"host":"hg2vyukq38ky973l","time":1613763552,"event":{"mods":["AchievementEnabler","BaseMod","Minty Spire (QoL Compilation)"],"gold_per_floor":[114,39,55,74,74,74,103,103,103,123,136,152,152,186,186,186,186],"floor_reached":16,"language":"ENG","playtime":811,"items_purged":["Strike_P"],"score":112,"play_id":"b4a2e8fc-115d-4545-9acc-6b0d7cf7c5a3","local_time":"20210220053912","is_ascension_mode":false,"campfire_choices":[{"data":"Eruption","floor":6,"key":"SMITH"},{"floor":8,"key":"REST"},{"data":"JustLucky","floor":13,"key":"SMITH"},{"data":"Vigilance","floor":15,"key":"SMITH"}],"circlet_count":0,"master_deck":["Strike_P","Strike_P","Strike_P","Defend_P","Defend_P","Defend_P","Defend_P","Eruption+1","Vigilance+1","Weave","FearNoEvil","EmptyBody+1","Crescendo+1","JustLucky+1","Halt+1"],"relics":["PureWater","Pantograph","Toxic Egg 2","Incense Burner","Mummified Hand"],"acts_visited":["Exordium"],"potions_floor_usage":[7,16],"damage_taken":[{"damage":2,"enemies":"Cultist","floor":1,"turns":3},{"damage":0,"enemies":"Jaw Worm","floor":3,"turns":3},{"damage":7,"enemies":"2 Louse","floor":4,"turns":2},{"damage":27,"enemies":"3 Sentries","floor":7,"turns":8},{"damage":2,"enemies":"Blue Slaver","floor":10,"turns":4},{"damage":1,"enemies":"Exordium Thugs","floor":11,"turns":5},{"damage":0,"enemies":"Gremlin Gang","floor":12,"turns":5},{"damage":22,"enemies":"Gremlin Nob","floor":14,"turns":4},{"damage":59,"enemies":"Hexaghost","floor":16,"turns":9}],"seed_played":"3601408953507587129","potions_obtained":[{"floor":1,"key":"DistilledChaos"},{"floor":7,"key":"DistilledChaos"}],"is_trial":false,"path_per_floor":["M","$","M","M","T","R","E","R","T","M","M","M","R","E","R","B"],"character_chosen":"WATCHER","items_purchased":[],"campfire_rested":1,"item_purchase_floors":[],"current_hp_per_floor":[70,70,70,63,63,63,36,57,57,55,54,54,54,32,32,0,0],"gold":186,"neow_bonus":"THREE_CARDS","is_daily":false,"chose_seed":false,"campfire_upgraded":3,"win_rate":0.0,"timestamp":1613763552,"path_taken":["M","$","M","M","?","R","E","R","T","M","M","M","R","E","R","BOSS"],"items_purchased_type":[],"build_version":"2020-12-22","purchased_purges":1,"victory":false,"max_hp_per_floor":[72,72,72,72,72,72,72,72,72,72,72,72,72,72,72,72,72],"card_choices":[{"not_picked":["PathToVictory","LikeWater"],"picked":"Weave","floor":0},{"not_picked":["Tantrum","Consecrate","Crescendo"],"picked":"SKIP","floor":1},{"not_picked":["BowlingBash","Evaluate","PathToVictory"],"picked":"SKIP","floor":3},{"not_picked":["Conclude","FlyingSleeves"],"picked":"FearNoEvil","floor":4},{"not_picked":["Swivel+1","Wallop"],"picked":"EmptyBody+1","floor":7},{"not_picked":["ReachHeaven","Swivel+1"],"picked":"Crescendo+1","floor":10},{"not_picked":["Weave","Halt+1"],"picked":"JustLucky","floor":11},{"not_picked":["Ragnarok","TalkToTheHand","Evaluate+1"],"picked":"SKIP","floor":12},{"not_picked":["WindmillStrike","Study"],"picked":"Halt+1","floor":14}],"player_experience":312585,"relics_obtained":[{"floor":5,"key":"Pantograph"},{"floor":7,"key":"Toxic Egg 2"},{"floor":9,"key":"Incense Burner"},{"floor":14,"key":"Mummified Hand"}],"event_choices":[],"is_beta":false,"boss_relics":[],"items_purged_floors":[2],"is_endless":false,"potions_floor_spawned":[1,7],"killed_by":"Hexaghost","ascension_level":0}}