{"host":"b34lfm0pg36jv5no","time":1613697821,"event":{"mods":["BaseMod","Bestiary","Colored Map","Dark Map","Minty Spire (QoL Compilation)","Relic Stats","ojb\u0027s Info Mod"],"gold_per_floor":[109,109,129,129,139,139,139,139,162,189,189,222,237,237,237,341,341,353,364,98,98,118,153,170,201,201,201,220,220,248,248,248,348,348,362,58,58,76,0,0,33,52,77,102,120,130,156,205,205,205,205,205,80,109,109],"floor_reached":56,"language":"ENG","playtime":5650,"items_purged":["Strike_B"],"score":1576,"play_id":"c089caf7-c5c4-4708-81c0-491e523996b5","local_time":"20210219012341","is_ascension_mode":true,"campfire_choices":[{"data":"Reinforced Body","floor":6,"key":"SMITH"},{"floor":8,"key":"REST"},{"data":"BootSequence","floor":11,"key":"SMITH"},{"data":"Biased Cognition","floor":15,"key":"SMITH"},{"floor":27,"key":"REST"},{"data":"Go for the Eyes","floor":29,"key":"SMITH"},{"data":"White Noise","floor":32,"key":"SMITH"},{"floor":49,"key":"RECALL"},{"floor":52,"key":"REST"}],"circlet_count":0,"master_deck":["Defend_B","Defend_B","Defend_B","Zap","Dualcast","Core Surge+1","BootSequence+1","Reinforced Body+1","Static Discharge","White Noise+1","Biased Cognition+1","Electrodynamics","Skim","Skim+1","Defragment+1","Cold Snap+1","Ball Lightning","Go for the Eyes+1","Echo Form","Echo Form","Genetic Algorithm","Conserve Battery+1","Defragment+1","Cold Snap+1","Force Field","Compile Driver+1","Storm","Reboot","Steam+1","Turbo"],"relics":["Cracked Core","Strawberry","StoneCalendar","Kunai","Runic Dome","OrangePellets","Ginger","Bird Faced Urn","HornCleat","Shuriken","Fusion Hammer","Chemical X","PreservedInsect","Red Mask","Akabeko","Boot","DataDisk","Du-Vu Doll","Blood Vial"],"acts_visited":["Exordium","TheCity","TheBeyond","TheEnding"],"potions_floor_usage":[12,18,25,25,42,46,47,55,55,55],"damage_taken":[{"damage":2,"enemies":"Jaw Worm","floor":1,"turns":3},{"damage":0,"enemies":"2 Louse","floor":3,"turns":2},{"damage":0,"enemies":"Cultist","floor":5,"turns":2},{"damage":25,"enemies":"Gremlin Nob","floor":10,"turns":4},{"damage":2,"enemies":"Lagavulin","floor":12,"turns":6},{"damage":0,"enemies":"Red Slaver","floor":13,"turns":3},{"damage":14,"enemies":"Hexaghost","floor":16,"turns":7},{"damage":0,"enemies":"Spheric Guardian","floor":18,"turns":3},{"damage":0,"enemies":"3 Byrds","floor":19,"turns":3},{"damage":6,"enemies":"3 Cultists","floor":22,"turns":2},{"damage":29,"enemies":"Book of Stabbing","floor":23,"turns":5},{"damage":29,"enemies":"Shelled Parasite and Fungi","floor":24,"turns":7},{"damage":9,"enemies":"Slavers","floor":25,"turns":4},{"damage":0,"enemies":"Snecko","floor":28,"turns":3},{"damage":0,"enemies":"Gremlin Leader","floor":30,"turns":5},{"damage":0,"enemies":"Collector","floor":33,"turns":7},{"damage":0,"enemies":"3 Shapes","floor":35,"turns":2},{"damage":0,"enemies":"Orb Walker","floor":38,"turns":3},{"damage":0,"enemies":"Giant Head","floor":41,"turns":7},{"damage":0,"enemies":"Maw","floor":42,"turns":5},{"damage":0,"enemies":"Nemesis","floor":44,"turns":5},{"damage":0,"enemies":"4 Shapes","floor":45,"turns":3},{"damage":0,"enemies":"Transient","floor":46,"turns":5},{"damage":31,"enemies":"Reptomancer","floor":47,"turns":5},{"damage":9,"enemies":"2 Orb Walkers","floor":48,"turns":4},{"damage":0,"enemies":"Time Eater","floor":50,"turns":6},{"damage":30,"enemies":"Shield and Spear","floor":54,"turns":5},{"damage":61,"enemies":"The Heart","floor":55,"turns":7}],"seed_played":"1191875234863196933","potions_obtained":[{"floor":1,"key":"FearPotion"},{"floor":5,"key":"EssenceOfDarkness"},{"floor":16,"key":"Fire Potion"},{"floor":22,"key":"FocusPotion"},{"floor":23,"key":"Energy Potion"},{"floor":30,"key":"AttackPotion"},{"floor":35,"key":"ColorlessPotion"},{"floor":42,"key":"Energy Potion"},{"floor":46,"key":"Dexterity Potion"},{"floor":47,"key":"Weak Potion"}],"is_trial":false,"path_per_floor":["M","?","M","?","M","R","?","R","T","E","R","E","M","?","R","B",null,"M","M","$","?","M","E","M","E","T","R","M","R","E","?","R","B",null,"M","$","?","M","?","?","E","M","T","E","M","M","E","?","R","B",null,"R","$","E","B",null],"character_chosen":"DEFECT","items_purchased":["OrangePellets","Defragment","Chemical X","PreservedInsect","PotionOfCapacity","Turbo"],"campfire_rested":3,"item_purchase_floors":[20,20,36,36,53,53],"current_hp_per_floor":[52,37,37,30,30,30,30,52,59,34,34,32,32,32,32,18,82,82,82,82,82,76,47,18,9,9,33,41,41,49,76,76,82,82,82,82,82,82,82,82,82,82,82,82,82,82,71,76,76,82,82,82,82,58,27],"gold":109,"neow_bonus":"THREE_RARE_CARDS","is_daily":false,"chose_seed":false,"campfire_upgraded":5,"win_rate":0.0,"timestamp":1613697821,"path_taken":["M","?","M","?","M","R","?","R","T","E","R","E","M","?","R","BOSS","M","M","$","?","M","E","M","E","T","R","?","R","E","?","R","BOSS","M","$","?","?","?","?","E","M","T","E","?","M","E","?","R","BOSS","R","$","E","BOSS"],"items_purchased_type":["Relic","Card","Relic","Relic","Potion","Card"],"build_version":"2020-12-22","purchased_purges":1,"victory":true,"max_hp_per_floor":[75,75,75,75,75,75,75,75,82,82,82,82,82,82,82,82,82,82,82,82,82,82,82,82,82,82,82,82,82,82,82,82,82,82,82,82,82,82,82,82,82,82,82,82,82,82,82,82,82,82,82,82,82,82,82],"relic_stats":{"Blood Vial":2,"OrangePellets":[15],"counters":[28,123],"Shuriken":[15],"Bird Faced Urn":[96],"StoneCalendar":[115],"PreservedInsect":296,"Kunai":[16],"Ginger":[14],"Chemical X":[10],"Boot":[4],"obtain_stats":[{"StoneCalendar":10,"PreservedInsect":36,"Ginger":23,"Boot":44,"Akabeko":41,"Du-Vu Doll":48,"Blood Vial":54,"Runic Dome":17,"OrangePellets":20,"DataDisk":47,"HornCleat":26,"Shuriken":30,"Strawberry":9,"Bird Faced Urn":25,"Fusion Hammer":34,"Red Mask":39,"Kunai":12,"Chemical X":36,"Cracked Core":0},{"StoneCalendar":4,"PreservedInsect":17,"Ginger":11,"Boot":21,"Akabeko":19,"Du-Vu Doll":25,"Blood Vial":27,"Runic Dome":7,"OrangePellets":9,"DataDisk":24,"HornCleat":13,"Shuriken":15,"Strawberry":3,"Bird Faced Urn":13,"Fusion Hammer":16,"Red Mask":18,"Kunai":5,"Chemical X":17,"Cracked Core":0},{"StoneCalendar":11,"PreservedInsect":68,"Ginger":40,"Boot":88,"Akabeko":78,"Du-Vu Doll":105,"Blood Vial":116,"Runic Dome":27,"OrangePellets":33,"DataDisk":101,"HornCleat":51,"Shuriken":59,"Strawberry":7,"Bird Faced Urn":51,"Fusion Hammer":66,"Red Mask":71,"Kunai":17,"Chemical X":68,"Cracked Core":0}]},"card_choices":[{"not_picked":["Creative AI","Hyperbeam"],"picked":"Core Surge","floor":0},{"not_picked":["Darkness","Cold Snap"],"picked":"BootSequence","floor":1},{"not_picked":["Conserve Battery","BootSequence","Redo"],"picked":"SKIP","floor":3},{"not_picked":["Leap","Melter"],"picked":"Reinforced Body","floor":5},{"not_picked":["Reprogram","Amplify","Turbo"],"picked":"SKIP","floor":10},{"not_picked":["Heatsinks","Tempest"],"picked":"Static Discharge","floor":12},{"not_picked":["Coolheaded","Steam"],"picked":"White Noise","floor":13},{"not_picked":["Fission","Seek"],"picked":"Electrodynamics","floor":16},{"not_picked":["Leap+1","Streamline+1"],"picked":"Skim","floor":18},{"not_picked":["Stack+1","Go for the Eyes"],"picked":"Skim+1","floor":19},{"not_picked":["Barrage","Fusion","Loop"],"picked":"SKIP","floor":22},{"not_picked":["Barrage","Fusion","Loop"],"picked":"SKIP","floor":22},{"not_picked":["Turbo","Steam","Chaos"],"picked":"SKIP","floor":23},{"not_picked":["Hologram","Beam Cell+1"],"picked":"Cold Snap+1","floor":24},{"not_picked":["Electrodynamics","Redo"],"picked":"Ball Lightning","floor":25},{"not_picked":["Ball Lightning+1","Reprogram"],"picked":"Go for the Eyes","floor":28},{"not_picked":["Go for the Eyes+1","Redo"],"picked":"Echo Form","floor":30},{"not_picked":["Reboot","Rainbow"],"picked":"Echo Form","floor":33},{"not_picked":["Beam Cell","Auto Shields","Sweeping Beam"],"picked":"SKIP","floor":35},{"not_picked":["Self Repair","Hello World"],"picked":"Conserve Battery+1","floor":38},{"not_picked":["Barrage","Hologram+1"],"picked":"Defragment+1","floor":41},{"not_picked":["Recycle","Redo"],"picked":"Cold Snap+1","floor":42},{"not_picked":["Rebound","Heatsinks"],"picked":"Force Field","floor":44},{"not_picked":["Sweeping Beam","Glacier"],"picked":"Compile Driver+1","floor":45},{"not_picked":["Chaos+1","All For One"],"picked":"Storm","floor":46},{"not_picked":["Compile Driver","Heatsinks"],"picked":"Reboot","floor":47},{"not_picked":["Scrape+1","BootSequence+1"],"picked":"Steam+1","floor":48},{"not_picked":["Conserve Battery","Beam Cell","Rebound"],"picked":"SKIP","floor":54}],"player_experience":2652021,"relics_obtained":[{"floor":9,"key":"Strawberry"},{"floor":10,"key":"StoneCalendar"},{"floor":12,"key":"Kunai"},{"floor":23,"key":"Ginger"},{"floor":25,"key":"Bird Faced Urn"},{"floor":26,"key":"HornCleat"},{"floor":30,"key":"Shuriken"},{"floor":41,"key":"Akabeko"},{"floor":44,"key":"Boot"},{"floor":47,"key":"DataDisk"},{"floor":48,"key":"Du-Vu Doll"},{"floor":54,"key":"Blood Vial"}],"event_choices":[{"damage_healed":0,"gold_gain":0,"player_choice":"Entered Light","damage_taken":15,"max_hp_gain":0,"max_hp_loss":0,"event_name":"Shining Light","floor":2,"gold_loss":0,"cards_upgraded":["Core Surge","Strike_B"]},{"cards_removed":["Strike_B"],"damage_healed":0,"gold_gain":0,"player_choice":"Card Removal","damage_taken":7,"max_hp_gain":0,"max_hp_loss":0,"event_name":"Golden Wing","floor":4,"gold_loss":0},{"damage_healed":0,"gold_gain":0,"player_choice":"Ignored","damage_taken":0,"max_hp_gain":0,"max_hp_loss":0,"event_name":"Liars Game","floor":7,"gold_loss":0},{"damage_healed":0,"gold_gain":0,"cards_transformed":["Defend_B"],"player_choice":"Transformed","damage_taken":0,"max_hp_gain":0,"max_hp_loss":0,"event_name":"Transmorgrifier","floor":14,"gold_loss":0,"cards_obtained":["Biased Cognition"]},{"damage_healed":0,"gold_gain":0,"player_choice":"Upgraded","damage_taken":0,"max_hp_gain":0,"max_hp_loss":0,"event_name":"Upgrade Shrine","floor":21,"gold_loss":0,"cards_upgraded":["Defragment"]},{"damage_healed":27,"gold_gain":0,"player_choice":"Heal","damage_taken":0,"max_hp_gain":0,"max_hp_loss":0,"event_name":"The Library","floor":31,"gold_loss":0},{"damage_healed":0,"gold_gain":0,"cards_transformed":["Strike_B"],"player_choice":"Transformed","damage_taken":0,"max_hp_gain":0,"max_hp_loss":0,"event_name":"Transmorgrifier","floor":37,"gold_loss":0,"cards_obtained":["Genetic Algorithm"]},{"damage_healed":0,"gold_gain":0,"player_choice":"Paid","damage_taken":0,"relics_obtained":["Red Mask"],"max_hp_gain":0,"max_hp_loss":0,"event_name":"Tomb of Lord Red Mask","floor":39,"gold_loss":76},{"cards_removed":["Strike_B"],"damage_healed":0,"gold_gain":0,"player_choice":"Purged","damage_taken":0,"max_hp_gain":0,"max_hp_loss":0,"event_name":"Purifier","floor":40,"gold_loss":0},{"damage_healed":0,"gold_gain":0,"player_choice":"Fight","damage_taken":0,"max_hp_gain":0,"max_hp_loss":0,"event_name":"Mysterious Sphere","floor":48,"gold_loss":0}],"is_beta":false,"boss_relics":[{"not_picked":["Tiny House","SacredBark"],"picked":"Runic Dome"},{"not_picked":["Sozu","Runic Pyramid"],"picked":"Fusion Hammer"}],"items_purged_floors":[20],"is_endless":false,"potions_floor_spawned":[1,5,16,22,23,30,35,42,46,47],"ascension_level":3}}