{"host":"n1v11un6j7y72mz7","time":1613729964,"event":{"mods":["Act Like it!","BaseMod","Downfall","Minty Spire (QoL Compilation)","Reliquary","StSLib","The Animator","Waifu the Spire"],"gold_per_floor":[113,188,19,19,38,49,49,49,65,89,89,89,101,101,126,136,136,232,232,251,270,98,98,116,116,141,141,168,180,192,192],"floor_reached":30,"language":"ZHS","playtime":638,"items_purged":["Strike_R","Strike_R"],"score":273,"play_id":"d156cb43-58bf-4d1f-b3ae-1ef83dc1807c","local_time":"20210219181924","is_ascension_mode":true,"campfire_choices":[{"data":"Armaments","floor":7.0,"key":"SMITH"},{"data":"Rupture","floor":12.0,"key":"SMITH"},{"data":"Body Slam","floor":14.0,"key":"SMITH"},{"data":"Rupture","floor":17.0,"key":"SMITH"},{"data":"Dark Embrace","floor":25.0,"key":"SMITH"}],"circlet_count":0,"master_deck":["Strike_R","Strike_R","Defend_R","Defend_R","Defend_R","Defend_R","Bash","Immolate","Battle Trance","Armaments+1","Second Wind","Pain","Body Slam+1","Rupture+1","Hemokinesis","Rupture+1","Second Wind","Feed","Evolve","Dark Embrace+1","Inflame"],"relics":["Burning Blood","WarpedTongs","reliquary:TatteredRug","Self Forming Clay","Guardian:PocketSentry","Coffee Dripper","reliquary:WeakTea","Nilry\u0027s Codex","MawBank","Mercury Hourglass"],"acts_visited":["Exordium","TheCity"],"potions_floor_usage":[],"damage_taken":[{"damage":7.0,"enemies":"Jaw Worm","floor":1.0,"turns":2.0},{"damage":7.0,"enemies":"Small Slimes","floor":5.0,"turns":2.0},{"damage":2.0,"enemies":"Cultist","floor":6.0,"turns":3.0},{"damage":13.0,"enemies":"Large Slime","floor":9.0,"turns":2.0},{"damage":0.0,"enemies":"Lots of Slimes","floor":13.0,"turns":1.0},{"damage":14.0,"enemies":"Lagavulin","floor":15.0,"turns":4.0},{"damage":3.0,"enemies":"Exordium Wildlife","floor":16.0,"turns":2.0},{"damage":12.0,"enemies":"Hexaghost","floor":18.0,"turns":6.0},{"damage":20.0,"enemies":"Spheric Guardian","floor":20.0,"turns":4.0},{"damage":9.0,"enemies":"Chosen","floor":21.0,"turns":3.0},{"damage":20.0,"enemies":"Snake Plant","floor":24.0,"turns":3.0},{"damage":21,"enemies":"Slavers","floor":26,"turns":4},{"damage":2,"enemies":"Cultist and Chosen","floor":30,"turns":1}],"seed_played":"-1293386739482570050","potions_obtained":[{"floor":1.0,"key":"Fire Potion"},{"floor":13.0,"key":"Fire Potion"},{"floor":15.0,"key":"HeartOfIron"},{"floor":16.0,"key":"Energy Potion"},{"floor":20.0,"key":"Swift Potion"},{"floor":21.0,"key":"Guardian:BlockOnCardUsePotion"}],"is_trial":false,"path_per_floor":["M","?","$","?","M","M","R","$","M","T","T","R","M","R","E","M","R","B",null,"M","M","$","?","M","R","E","?","T","T","M"],"character_chosen":"IRONCLAD","items_purchased":["Armaments","Second Wind","Dark Embrace"],"campfire_rested":0,"item_purchase_floors":[3,3,22],"current_hp_per_floor":[71,60,60,60,59,63,63,63,56,56,56,56,62,62,54,57,57,51,72,58,55,55,55,41,41,26,10,10,10,8,8],"gold":192,"neow_bonus":"THREE_RARE_CARDS","is_daily":false,"chose_seed":false,"campfire_upgraded":5,"win_rate":0.0,"timestamp":1613729964,"path_taken":["M","?","$","?","M","M","R","$","M","T","T","R","M","R","E","?","R","BOSS","M","M","$","?","?","R","E","?","T","T","M"],"items_purchased_type":["Card","Card","Card"],"build_version":"2020-12-22","purchased_purges":2,"victory":false,"max_hp_per_floor":[72,72,72,72,72,72,72,72,72,72,72,72,72,72,72,72,72,72,72,72,72,72,72,72,72,72,72,72,72,72,72],"card_choices":[{"not_picked":["Limit Break","Offering"],"picked":"Immolate","floor":0.0},{"not_picked":["Shockwave","Shrug It Off"],"picked":"Battle Trance","floor":1.0},{"not_picked":["Flex","Hemokinesis"],"picked":"Body Slam","floor":5.0},{"not_picked":["Spot Weakness","Entrench","Rage"],"picked":"SKIP","floor":6.0},{"not_picked":["Dropkick","Clothesline"],"picked":"Rupture","floor":9.0},{"not_picked":["Perfected Strike","Dropkick"],"picked":"Hemokinesis","floor":13.0},{"not_picked":["Dual Wield","Rage"],"picked":"Rupture","floor":15.0},{"not_picked":["Headbutt","Cleave"],"picked":"Second Wind","floor":16.0},{"not_picked":["Fiend Fire","Juggernaut"],"picked":"Feed","floor":18.0},{"not_picked":["Sword Boomerang+1","Whirlwind"],"picked":"Evolve","floor":20.0},{"not_picked":["Inflame","Clothesline","Armaments"],"picked":"SKIP","floor":21.0},{"not_picked":["Thunderclap","Perfected Strike","Whirlwind"],"picked":"SKIP","floor":24.0},{"not_picked":["Shrug It Off","Dark Embrace","Cleave+1"],"picked":"SKIP","floor":26}],"player_experience":216745,"relics_obtained":[{"floor":10.0,"key":"reliquary:TatteredRug"},{"floor":11.0,"key":"Self Forming Clay"},{"floor":15.0,"key":"Guardian:PocketSentry"},{"floor":26,"key":"reliquary:WeakTea"},{"floor":27,"key":"Nilry\u0027s Codex"},{"floor":28,"key":"MawBank"},{"floor":29,"key":"Mercury Hourglass"}],"event_choices":[{"damage_healed":0.0,"max_hp_gain":0.0,"max_hp_loss":0.0,"gold_gain":75.0,"event_name":"World of Goop","player_choice":"Gather Gold","floor":2.0,"gold_loss":0.0,"damage_taken":11.0},{"damage_healed":0.0,"max_hp_gain":0.0,"max_hp_loss":0.0,"gold_gain":0.0,"event_name":"Accursed Blacksmith","player_choice":"Rummage","floor":4.0,"gold_loss":0.0,"damage_taken":0.0,"relics_obtained":["WarpedTongs"],"cards_obtained":["Pain"]},{"damage_healed":0.0,"max_hp_gain":0.0,"max_hp_loss":0.0,"gold_gain":0.0,"cards_transformed":["Strike_R"],"event_name":"Transmorgrifier","player_choice":"Transformed","floor":23.0,"gold_loss":0.0,"damage_taken":0.0,"cards_obtained":["Inflame"]},{"damage_healed":0,"gold_gain":0,"player_choice":"Obtained Book","damage_taken":16,"max_hp_gain":0,"max_hp_loss":0,"event_name":"Cursed Tome","floor":27,"gold_loss":0}],"is_beta":false,"boss_relics":[{"not_picked":["Astrolabe","Sozu"],"picked":"Coffee Dripper"}],"items_purged_floors":[3,22],"is_endless":false,"potions_floor_spawned":[1,13,15,16,20,21],"killed_by":"Cultist and Chosen","ascension_level":2}}