{"host":"y087t2reloz9bi43","time":1613751862,"event":{"mods":["2.2 Compatiblity","AchievementEnabler","BaseMod","Bestiary","Better Note","Better Vampires","BetterRewards","Colored Map","Conspire","Downfall","GifTheSpireLib","Gold Saver","Halation","Hubris","Infinite Spire","Jedi Mod","Mimic Mod","Minty Spire (QoL Compilation)","Permanent Neow","Rare Cards Sparkle","Relic Stats","Reliquary","Replay The Spire","Shop Mod","StSLib","Transform Curses","Uncapped","everything is the same but u backflip on backflip"],"gold_per_floor":[166,181,232,232,248,248,262,262,262,67,67,87,116,66,66,166,166,176,226,246,0,19,53,73,73,107,107,107,107,107,121,121,222,322,337,337,356,356,373,373,385,385,412,446,446,457,457,487,487,487,487,487,362,387,387],"floor_reached":56,"language":"ENG","playtime":3016,"items_purged":["ReplayTheSpireMod:Uncanny Aura","Strike_G","Defend_G","Deadly Poison"],"score":1275,"play_id":"75724960-6727-4946-829f-160b9a79d435","local_time":"20210219162422","is_ascension_mode":false,"campfire_choices":[{"data":"conspire:PoisonWeapons","floor":6.0,"key":"SMITH"},{"data":"Draining Mist","floor":8.0,"key":"SMITH"},{"floor":11.0,"key":"REST"},{"data":"Distraction","floor":15.0,"key":"SMITH"},{"data":"Poison Darts","floor":28.0,"key":"SMITH"},{"data":"Poison Darts","floor":30.0,"key":"SMITH"},{"data":"Draining Mist","floor":32.0,"key":"SMITH"},{"floor":40,"key":"RECALL"},{"data":"Footwork","floor":47,"key":"SMITH"},{"data":"Grand Finale","floor":52,"key":"SMITH"}],"circlet_count":0,"master_deck":["Defend_G","Defend_G","Defend_G","Survivor","Neutralize","Draining Mist+1","Footwork+1","Blur","Die Die Die+1","Distraction+1","Grand Finale+1","Draining Mist+1","Poison Darts+1","Tools of the Trade+1","CurseOfTheBell","CurseOfTheBell","hubris:DuctTapeCard"],"relics":["Ring of the Snake","hubris:MysteriousPyramids","TwistedFunnel","Orichalcum","Omamori","Pocketwatch","jedi:rubbersling","Kintsugi","Chemical X","Tingsha","jedi:firstaidkit","reliquary:RustamsPendant","Replay:Wanted Poster","Replay:Mystery Machine","reliquary:TridentHead","hubris:Towel","infinitespire:Satchel","downfall:ExtraCursedBell","ReplayTheSpireMod:Lightbulb","hubris:FunFungus","hubris:DuctTape","hubris:MobiusCoin"],"acts_visited":["Exordium","TheCity","TheBeyond","TheEnding"],"potions_floor_usage":[48,50,50,50],"damage_taken":[{"damage":0.0,"enemies":"Cultist","floor":1.0,"turns":3.0},{"damage":0.0,"enemies":"2 Louse","floor":2.0,"turns":4.0},{"damage":0.0,"enemies":"Jaw Worm","floor":5.0,"turns":4.0},{"damage":11.0,"enemies":"Gremlin Gang","floor":7.0,"turns":4.0},{"damage":0.0,"enemies":"3 Louse","floor":12.0,"turns":2.0},{"damage":0.0,"enemies":"Lagavulin","floor":13.0,"turns":6.0},{"damage":5.0,"enemies":"The Guardian","floor":16.0,"turns":9.0},{"damage":11.0,"enemies":"Chosen","floor":18.0,"turns":5.0},{"damage":14.0,"enemies":"2 Thieves","floor":20.0,"turns":2.0},{"damage":0.0,"enemies":"3 Cultists","floor":22.0,"turns":3.0},{"damage":9.0,"enemies":"conspire:SneckoGhost","floor":23.0,"turns":6.0},{"damage":0.0,"enemies":"Centurion and Healer","floor":24.0,"turns":5.0},{"damage":0.0,"enemies":"Snake Plant","floor":26.0,"turns":4.0},{"damage":0.0,"enemies":"Snake Plant","floor":31.0,"turns":2.0},{"damage":6.0,"enemies":"Collector","floor":33.0,"turns":5.0},{"damage":4.0,"enemies":"3 Darklings","floor":35.0,"turns":3.0},{"damage":0,"enemies":"Orb Walker","floor":37,"turns":2},{"damage":3,"enemies":"Writhing Mass","floor":39,"turns":3},{"damage":4,"enemies":"Spire Growth","floor":41,"turns":2},{"damage":0,"enemies":"Nemesis","floor":44,"turns":3},{"damage":0,"enemies":"4 Shapes","floor":46,"turns":2},{"damage":0,"enemies":"R_Hoarder","floor":48,"turns":4},{"damage":45,"enemies":"Awakened One","floor":50,"turns":5},{"damage":7,"enemies":"Shield and Spear","floor":54,"turns":4},{"damage":30,"enemies":"The Heart","floor":55,"turns":6}],"seed_played":"833575897244048429","potions_obtained":[{"floor":1.0,"key":"FearPotion"},{"floor":13.0,"key":"GhostInAJar"},{"floor":20.0,"key":"Ancient Potion"},{"floor":29.0,"key":"Regen Potion"},{"floor":29.0,"key":"SpeedPotion"},{"floor":29.0,"key":"BlessingOfTheForge"},{"floor":33.0,"key":"BlessingOfTheForge"},{"floor":35.0,"key":"champ:CounterPotion"},{"floor":44,"key":"DuplicationPotion"},{"floor":46,"key":"Swift Potion"},{"floor":48,"key":"sneckomod:MuddlingPotion"},{"floor":54,"key":"GhostInAJar"}],"is_trial":false,"path_per_floor":["M","M","?","$","M","R","M","R","T","$","R","M","E","?","R","B",null,"M","?","M","$","M","E","M","AVR","MIM","?","R","?","R","M","R","B",null,"M","?","M","?","M","R","M","?","T","E","?","M","R","E","R_BF","B",null,"R","$","E","B",null],"character_chosen":"THE_SILENT","items_purchased":["TwistedFunnel","Orichalcum","Omamori","Die Die Die+1","Chemical X"],"campfire_rested":1,"item_purchase_floors":[4,4,4,10,21],"current_hp_per_floor":[70,70,70,40,40,40,29,29,29,29,50,50,50,50,50,45,70,59,59,45,45,45,36,36,36,36,36,36,36,36,36,36,48,70,68,68,68,68,67,67,63,63,63,63,63,63,63,63,63,26,70,70,70,66,38],"gold":387,"neow_bonus":"COLORLESS_CARD","is_daily":false,"chose_seed":false,"campfire_upgraded":8,"win_rate":0.0,"timestamp":1613751862,"path_taken":["M","M","?","?","M","R","M","R","T","$","R","M","E","?","R","BOSS","M","?","M","$","M","E","M","AVR","MIM","?","R","?","R","?","R","BOSS","M","?","M","?","?","R","M","?","T","E","?","M","R","E","R_BF","BOSS","R","$","E","BOSS"],"items_purchased_type":["Relic","Relic","Relic","Card","Relic"],"build_version":"2020-12-22","purchased_purges":4,"victory":true,"max_hp_per_floor":[70,70,70,70,70,70,70,70,70,70,70,70,70,70,70,70,70,70,70,70,70,70,70,70,70,70,70,70,70,70,70,70,70,70,70,70,70,70,70,70,70,70,70,70,70,70,70,70,70,70,70,70,70,70,70],"relic_stats":{"counters":[25,98],"Tingsha":[61],"Chemical X":[73],"Orichalcum":[216],"obtain_stats":[{"TwistedFunnel":4,"hubris:MobiusCoin":54,"hubris:DuctTape":49,"Tingsha":23,"Omamori":4,"hubris:MysteriousPyramids":3,"Orichalcum":4,"Replay:Mystery Machine":43,"hubris:Towel":45,"Replay:Wanted Poster":34,"reliquary:RustamsPendant":25,"reliquary:TridentHead":44,"jedi:firstaidkit":25,"jedi:rubbersling":13,"infinitespire:Satchel":48,"hubris:FunFungus":49,"Chemical X":21,"Kintsugi":17,"downfall:ExtraCursedBell":49,"ReplayTheSpireMod:Lightbulb":49,"Ring of the Snake":0,"Pocketwatch":9},{"TwistedFunnel":2,"hubris:MobiusCoin":24,"hubris:DuctTape":22,"Tingsha":11,"Omamori":2,"hubris:MysteriousPyramids":2,"Orichalcum":2,"Replay:Mystery Machine":19,"hubris:Towel":20,"Replay:Wanted Poster":15,"reliquary:RustamsPendant":12,"reliquary:TridentHead":20,"jedi:firstaidkit":12,"jedi:rubbersling":6,"infinitespire:Satchel":22,"hubris:FunFungus":22,"Chemical X":9,"Kintsugi":7,"downfall:ExtraCursedBell":22,"ReplayTheSpireMod:Lightbulb":22,"Ring of the Snake":0,"Pocketwatch":4},{"TwistedFunnel":7,"hubris:MobiusCoin":92,"hubris:DuctTape":83,"Tingsha":48,"Omamori":7,"hubris:MysteriousPyramids":7,"Orichalcum":7,"Replay:Mystery Machine":74,"hubris:Towel":77,"Replay:Wanted Poster":64,"reliquary:RustamsPendant":53,"reliquary:TridentHead":77,"jedi:firstaidkit":53,"jedi:rubbersling":23,"infinitespire:Satchel":83,"hubris:FunFungus":83,"Chemical X":39,"Kintsugi":32,"downfall:ExtraCursedBell":83,"ReplayTheSpireMod:Lightbulb":83,"Ring of the Snake":0,"Pocketwatch":15}],"Ring of the Snake":[58],"Pocketwatch":[87]},"card_choices":[{"not_picked":["Slice","Poisoned Stab"],"picked":"Deadly Poison","floor":1.0},{"not_picked":["Underhanded Strike","Concentrate"],"picked":"Draining Mist","floor":2.0},{"not_picked":["ReplayTheSpireMod:Speed Training","Crippling Poison"],"picked":"Footwork","floor":3.0},{"not_picked":["Dagger Throw","Bane"],"picked":"Blur","floor":3.0},{"not_picked":["jedi:pocketpoison","Prepared"],"picked":"conspire:PoisonWeapons","floor":5.0},{"not_picked":["Dodge and Roll","Riddle With Holes","jedi:pocketpoison"],"picked":"SKIP","floor":7.0},{"not_picked":["Prepared","hubris:SlightOfHand"],"picked":"Distraction","floor":12.0},{"not_picked":["Dagger Throw","Blade Dance"],"picked":"Poison Darts","floor":13.0},{"not_picked":["Envenom","jedi:brewingpoison"],"picked":"Grand Finale","floor":16.0},{"not_picked":["Heel Hook","Infinite Blades","Hidden Blade"],"picked":"SKIP","floor":18.0},{"not_picked":["Dagger Spray","Accuracy+1","hubris:SlightOfHand"],"picked":"SKIP","floor":20.0},{"not_picked":["Deadly Poison","Flechettes"],"picked":"Draining Mist","floor":22.0},{"not_picked":["Backflip","Dagger Throw+1"],"picked":"Poison Darts","floor":23.0},{"not_picked":["Outmaneuver","Sucker Punch","Backstab"],"picked":"SKIP","floor":24.0},{"not_picked":["Dagger Throw","conspire:PoisonWeapons","Prepared"],"picked":"SKIP","floor":31.0},{"not_picked":["Bullet Time","After Image"],"picked":"Tools of the Trade","floor":33.0},{"not_picked":["jedi:unstablefumes","All Out Attack+1","Blade Dance"],"picked":"SKIP","floor":35.0},{"not_picked":["Bane+1","Flying Knee","Hidden Blade+1"],"picked":"SKIP","floor":37},{"not_picked":["Finisher+1","Acrobatics+1","Underhanded Strike"],"picked":"SKIP","floor":39},{"not_picked":["hubris:SlightOfHand+1","Heel Hook+1","Deflect"],"picked":"SKIP","floor":41},{"not_picked":["Riddle With Holes+1","Dagger Throw+1","Slice+1"],"picked":"SKIP","floor":44},{"not_picked":["Envenom","Deadly Poison","Acrobatics+1"],"picked":"SKIP","floor":46},{"not_picked":["Cloak And Dagger+1","Terror+1","Blur"],"picked":"SKIP","floor":48},{"not_picked":["Deflect+1","ReplayTheSpireMod:Exploit Weakness","Poisoned Stab"],"picked":"SKIP","floor":54}],"player_experience":322664,"relics_obtained":[{"floor":3.0,"key":"hubris:MysteriousPyramids"},{"floor":9.0,"key":"Pocketwatch"},{"floor":13.0,"key":"jedi:rubbersling"},{"floor":23.0,"key":"Tingsha"},{"floor":43,"key":"Replay:Mystery Machine"},{"floor":44,"key":"reliquary:TridentHead"},{"floor":48,"key":"infinitespire:Satchel"},{"floor":49,"key":"ReplayTheSpireMod:Lightbulb"},{"floor":49,"key":"hubris:FunFungus"},{"floor":49,"key":"hubris:DuctTape"},{"floor":54,"key":"hubris:MobiusCoin"}],"event_choices":[{"cards_removed":["Defend_G"],"damage_healed":0.0,"max_hp_gain":0.0,"max_hp_loss":0.0,"gold_gain":0.0,"event_name":"The Cleric","player_choice":"Card Removal","floor":14.0,"gold_loss":50.0,"damage_taken":0.0},{"damage_healed":0.0,"max_hp_gain":0.0,"max_hp_loss":0.0,"gold_gain":100.0,"event_name":"The Joust","player_choice":"Bet on Murderer","floor":19.0,"gold_loss":50.0,"damage_taken":0.0},{"damage_healed":0.0,"max_hp_gain":0.0,"max_hp_loss":0.0,"gold_gain":0.0,"event_name":"The Woman in Blue","player_choice":"Bought 0 Potions","floor":27.0,"gold_loss":0.0,"damage_taken":0.0},{"damage_healed":0.0,"max_hp_gain":0.0,"max_hp_loss":0.0,"gold_gain":0.0,"event_name":"Lab","player_choice":"Got Potions","floor":29.0,"gold_loss":0.0,"damage_taken":0.0},{"damage_healed":0,"gold_gain":0,"player_choice":"Ignored","damage_taken":0,"max_hp_gain":0,"max_hp_loss":0,"event_name":"Tomb of Lord Red Mask","floor":36,"gold_loss":0},{"damage_healed":0,"gold_gain":0,"player_choice":"Copied","damage_taken":0,"max_hp_gain":0,"max_hp_loss":0,"event_name":"Duplicator","floor":38,"gold_loss":0,"cards_obtained":["Poison Darts"]}],"is_beta":false,"boss_relics":[{"not_picked":["ReplayTheSpireMod:SealedPack","halation:PlatinumPhoenix"],"picked":"Kintsugi"},{"not_picked":["Abe\u0027s Treasure","Calling Bell"],"picked":"Replay:Wanted Poster"}],"items_purged_floors":[10,21,25,53],"is_endless":false,"potions_floor_spawned":[1,13,20,33,35,44,46,48,54],"ascension_level":0}}