{"host":"avybiddlniqinkgc","time":1613732685,"event":{"mods":["AchievementEnabler","BaseMod","Colored Map","DeckTracker","Highlight Path","KOR Keyword Fix","Keyboard Shortcuts","Minty Spire (QoL Compilation)","Permanent Neow","Quick Restart","Random Character Button","Rare Cards Sparkle","StSLib","SuperFastMode"],"gold_per_floor":[116,116,132,196,44,44,94,94,119,130,180,180,257,269,269,366,366,379,429,439,361,411,411,421,432,457,457,487,195,195,205,205,306,306,319,369,471,521,538,538,556,568,568,581,591,641,653,39,39,39],"floor_reached":51,"language":"KOR","playtime":1758,"items_purged":["Strike_G","Strike_G","Strike_G"],"score":709,"play_id":"56a74173-3837-4b1d-9380-eec1f22866c2","local_time":"20210219200445","is_ascension_mode":false,"campfire_choices":[{"data":"Neutralize","floor":6.0,"key":"SMITH"},{"data":"Dagger Spray","floor":8.0,"key":"SMITH"},{"data":"Quick Slash","floor":12.0,"key":"SMITH"},{"data":"Dagger Spray","floor":15.0,"key":"SMITH"},{"data":"Calculated Gamble","floor":23.0,"key":"SMITH"},{"data":"After Image","floor":27.0,"key":"SMITH"},{"data":"Prepared","floor":30.0,"key":"SMITH"},{"data":"Reflex","floor":32.0,"key":"SMITH"},{"floor":40.0,"key":"REST"},{"floor":49.0,"key":"REST"}],"circlet_count":0,"master_deck":["Strike_G","Strike_G","Defend_G","Defend_G","Defend_G","Defend_G","Survivor","Neutralize+1","Dagger Spray+1","Quick Slash+1","Dagger Throw","Escape Plan","Dagger Spray+1","After Image+1","Prepared+1","Underhanded Strike+1","Calculated Gamble+1","Reflex+1","Master of Strategy","Tools of the Trade","PiercingWail","Acrobatics","Calculated Gamble+1","Tactician+1","Underhanded Strike","Underhanded Strike","Footwork","Master of Strategy"],"relics":["Ring of the Serpent","NeowsBlessing","SsserpentHead","Omamori","Orichalcum","HoveringKite","Letter Opener","Bronze Scales","Anchor","TungstenRod","Paper Crane","Mummified Hand"],"acts_visited":["Exordium","TheCity","TheBeyond"],"potions_floor_usage":[50,50],"damage_taken":[{"damage":0.0,"enemies":"Small Slimes","floor":1.0,"turns":1.0},{"damage":0.0,"enemies":"Cultist","floor":3.0,"turns":1.0},{"damage":0.0,"enemies":"2 Louse","floor":4.0,"turns":1.0},{"damage":0.0,"enemies":"Blue Slaver","floor":10.0,"turns":4.0},{"damage":2.0,"enemies":"Looter","floor":14.0,"turns":3.0},{"damage":52.0,"enemies":"The Guardian","floor":16.0,"turns":15.0},{"damage":5.0,"enemies":"Shell Parasite","floor":18.0,"turns":7.0},{"damage":11.0,"enemies":"2 Thieves","floor":20.0,"turns":2.0},{"damage":5.0,"enemies":"Cultist and Chosen","floor":24.0,"turns":6.0},{"damage":9.0,"enemies":"Centurion and Healer","floor":25.0,"turns":4.0},{"damage":0.0,"enemies":"Slavers","floor":28.0,"turns":4.0},{"damage":0.0,"enemies":"Shelled Parasite and Fungi","floor":31.0,"turns":3.0},{"damage":30.0,"enemies":"Collector","floor":33.0,"turns":10.0},{"damage":12.0,"enemies":"3 Shapes","floor":35.0,"turns":4.0},{"damage":46.0,"enemies":"2 Orb Walkers","floor":37.0,"turns":6.0},{"damage":0.0,"enemies":"3 Darklings","floor":39.0,"turns":4.0},{"damage":4.0,"enemies":"Spire Growth","floor":41.0,"turns":6.0},{"damage":9.0,"enemies":"4 Shapes","floor":42.0,"turns":4.0},{"damage":6.0,"enemies":"Transient","floor":44.0,"turns":5.0},{"damage":0.0,"enemies":"Maw","floor":45.0,"turns":6.0},{"damage":5.0,"enemies":"Writhing Mass","floor":47.0,"turns":6.0},{"damage":53,"enemies":"Time Eater","floor":50,"turns":14}],"seed_played":"-124140211381451062","potions_obtained":[{"floor":3.0,"key":"GhostInAJar"},{"floor":10.0,"key":"FairyPotion"},{"floor":16.0,"key":"DuplicationPotion"},{"floor":18.0,"key":"LiquidMemories"},{"floor":24.0,"key":"Regen Potion"},{"floor":31.0,"key":"Block Potion"},{"floor":37.0,"key":"Dexterity Potion"},{"floor":42.0,"key":"ColorlessPotion"},{"floor":45.0,"key":"Fire Potion"}],"is_trial":false,"path_per_floor":["M","?","M","M","$","R","?","R","T","M","?","R","T","M","R","B",null,"M","?","M","$","?","R","M","M","T","R","E","$","R","M","R","B",null,"M","?","?","?","M","R","M","M","T","M","M","?","M","$","R","B",null],"character_chosen":"THE_SILENT","items_purchased":["Escape Plan","Calculated Gamble","Master of Strategy","Underhanded Strike","Footwork","Mummified Hand","Master of Strategy"],"campfire_rested":2,"item_purchase_floors":[5,21,29,48,48,48,48],"current_hp_per_floor":[70,70,70,70,70,70,75,75,75,75,68,68,68,66,66,14,75,70,70,59,59,59,59,54,57,57,57,57,57,57,57,57,27,75,63,63,17,17,17,39,35,26,26,20,20,20,15,15,37,12],"gold":39,"neow_bonus":"THREE_ENEMY_KILL","is_daily":false,"chose_seed":false,"campfire_upgraded":8,"win_rate":0.0,"timestamp":1613732685,"path_taken":["M","?","M","?","$","R","?","R","T","M","?","R","?","M","R","BOSS","M","?","M","$","?","R","M","M","T","R","E","$","R","M","R","BOSS","M","?","?","?","M","R","M","M","T","M","M","?","M","?","R","BOSS"],"items_purchased_type":["Card","Card","Card","Card","Card","Relic","Card"],"build_version":"2020-12-22","purchased_purges":3,"victory":true,"max_hp_per_floor":[70,70,70,70,70,70,75,75,75,75,75,75,75,75,75,75,75,75,75,75,75,75,75,75,75,75,75,75,75,75,75,75,75,75,75,75,75,75,75,75,75,75,75,75,75,75,75,75,75,75],"card_choices":[{"not_picked":["Acrobatics","Endless Agony"],"picked":"Dagger Spray","floor":1.0},{"not_picked":["Heel Hook","Sucker Punch"],"picked":"Quick Slash","floor":3.0},{"not_picked":["Calculated Gamble","Finisher"],"picked":"Dagger Throw","floor":4.0},{"not_picked":["Underhanded Strike","Prepared"],"picked":"Flying Knee","floor":10.0},{"not_picked":["Calculated Gamble","PiercingWail"],"picked":"Dagger Spray","floor":14.0},{"not_picked":["Night Terror","Envenom"],"picked":"After Image","floor":16.0},{"not_picked":["Blade Dance+1","Dash"],"picked":"Prepared","floor":18.0},{"not_picked":["PiercingWail+1","Blade Dance"],"picked":"Underhanded Strike+1","floor":20.0},{"not_picked":["Blade Dance","Outmaneuver","Sucker Punch+1"],"picked":"SKIP","floor":24.0},{"not_picked":["Dagger Spray","Finisher","Poisoned Stab"],"picked":"SKIP","floor":25.0},{"not_picked":["Venomology","Underhanded Strike"],"picked":"Reflex","floor":28.0},{"not_picked":["Flying Knee","Calculated Gamble","Skewer"],"picked":"SKIP","floor":31.0},{"not_picked":["Die Die Die","Glass Knife"],"picked":"Tools of the Trade","floor":33.0},{"not_picked":["Masterful Stab+1","Dagger Spray+1"],"picked":"PiercingWail","floor":35.0},{"not_picked":["Terror+1","Slice"],"picked":"Acrobatics","floor":37.0},{"not_picked":["Quick Slash","Flying Knee+1","Skewer+1"],"picked":"SKIP","floor":39.0},{"not_picked":["Deadly Poison+1","Venomology","Distraction+1"],"picked":"SKIP","floor":41.0},{"not_picked":["Quick Slash","Bouncing Flask"],"picked":"Calculated Gamble+1","floor":42.0},{"not_picked":["PiercingWail","Poisoned Stab"],"picked":"Tactician+1","floor":44.0},{"not_picked":["Blade Dance+1","Poisoned Stab","Calculated Gamble+1"],"picked":"SKIP","floor":45.0},{"not_picked":["Dash+1","Quick Slash"],"picked":"Underhanded Strike","floor":47.0}],"player_experience":7619,"relics_obtained":[{"floor":9.0,"key":"Omamori"},{"floor":13.0,"key":"Orichalcum"},{"floor":26.0,"key":"Bronze Scales"},{"floor":28.0,"key":"Anchor"},{"floor":37.0,"key":"TungstenRod"},{"floor":43.0,"key":"Paper Crane"}],"event_choices":[{"damage_healed":0.0,"max_hp_gain":0.0,"max_hp_loss":0.0,"gold_gain":0.0,"event_name":"FaceTrader","player_choice":"Trade","floor":2.0,"gold_loss":0.0,"damage_taken":0.0,"relics_obtained":["SsserpentHead"]},{"damage_healed":0.0,"max_hp_gain":5.0,"max_hp_loss":0.0,"gold_gain":0.0,"event_name":"Big Fish","player_choice":"Donut","floor":7.0,"gold_loss":0.0,"damage_taken":0.0},{"cards_removed":["Defend_G"],"damage_healed":0.0,"max_hp_gain":0.0,"max_hp_loss":0.0,"gold_gain":0.0,"event_name":"Golden Wing","player_choice":"Card Removal","floor":11.0,"gold_loss":0.0,"damage_taken":7.0},{"damage_healed":0.0,"max_hp_gain":0.0,"max_hp_loss":0.0,"gold_gain":0.0,"event_name":"The Mausoleum","player_choice":"Opened","floor":19.0,"gold_loss":0.0,"damage_taken":0.0,"relics_obtained":["Letter Opener"]},{"damage_healed":0.0,"max_hp_gain":0.0,"max_hp_loss":0.0,"gold_gain":0.0,"event_name":"Vampires","player_choice":"Ignored","floor":22.0,"gold_loss":0.0,"damage_taken":0.0},{"damage_healed":0.0,"max_hp_gain":0.0,"max_hp_loss":0.0,"gold_gain":0.0,"event_name":"Tomb of Lord Red Mask","player_choice":"Ignored","floor":36.0,"gold_loss":0.0,"damage_taken":0.0},{"damage_healed":0.0,"max_hp_gain":0.0,"max_hp_loss":0.0,"gold_gain":0.0,"event_name":"Mysterious Sphere","player_choice":"Fight","floor":37.0,"gold_loss":0.0,"damage_taken":0.0},{"damage_healed":0.0,"max_hp_gain":0.0,"max_hp_loss":0.0,"gold_gain":0.0,"event_name":"SensoryStone","player_choice":"Memory 1","floor":38.0,"gold_loss":0.0,"damage_taken":0.0},{"cards_removed":["Flying Knee"],"damage_healed":0.0,"max_hp_gain":0.0,"max_hp_loss":0.0,"gold_gain":0.0,"event_name":"Falling","player_choice":"Removed Attack","floor":46.0,"gold_loss":0.0,"damage_taken":0.0}],"is_beta":false,"boss_relics":[{"not_picked":["Runic Dome","Black Star"],"picked":"HoveringKite"},{"not_picked":["SlaversCollar","Snecko Eye"],"picked":"Ring of the Serpent"}],"items_purged_floors":[5,29,48],"is_endless":false,"potions_floor_spawned":[3,10,16,18,24,31,37,42,44,45],"ascension_level":0}}