{"host":"y0i0tbisecj7yjyn","time":1613717650,"event":{"mods":["2.2 Compatiblity","AchievementEnabler","AlwaysNeverKeys","BaseMod","Better Third Choice","BetterRewards","Colored Map","Colored Powertips","Curses Come First","Disable Question Mark Monsters","Displayed Cursed Tome","Highlight Path","Keyboard Shortcuts","Minty Spire (QoL Compilation)","Quick Restart","Random Character Button","Rare Cards Sparkle","Relic Stats","Reliquary","Smile Girya","StSLib","SuperFastMode","The Marked","Transform Curses","Weighted Paths"],"gold_per_floor":[118,118,118,138,138,172,172,206,232,232,245,264,264,280,280,385,435,450,450,64,75,94,122,122,148,148,148,160,215,215,233,233,328,328,346,363,211,261,273,303,303,303,328,355,355,355],"floor_reached":45,"language":"ENG","playtime":1868,"items_purged":["Regret"],"score":655,"play_id":"757c57c5-c9f7-49ac-b724-60e09f3b16cc","local_time":"20210219005410","is_ascension_mode":true,"campfire_choices":[{"data":"White Noise","floor":7.0,"key":"SMITH"},{"data":"Electrodynamics","floor":10.0,"key":"SMITH"},{"data":"Echo Form","floor":13.0,"key":"SMITH"},{"floor":15.0,"key":"REST"},{"floor":24,"key":"REST"},{"floor":27,"key":"REST"},{"floor":32,"key":"REST"},{"floor":41,"key":"REST"}],"circlet_count":0,"master_deck":["Strike_B+1","Strike_B","Strike_B","Strike_B+1","Defend_B+1","Defend_B","Defend_B","Zap","Dualcast","White Noise+1","Static Discharge","Leap","Electrodynamics+1","Cold Snap","Echo Form+1","Redo+1","Ball Lightning","Thunder Strike","Conserve Battery","Defragment","Ball Lightning","Cold Snap+1","Chaos+1","Leap+1","Conserve Battery","Zap","Blind","Creative AI+1","Beam Cell","Conserve Battery+1","Loop"],"relics":["Cracked Core","NeowsBlessing","Anchor","Strawberry","reliquary:Stiletto","Dream Catcher","Tiny House","Ice Cream","FossilizedHelix","Orichalcum","Regal Pillow","Vajra","reliquary:Craggleroot","Bronze Scales","TungstenRod","Letter Opener","reliquary:Buckler","Happy Flower"],"acts_visited":["Exordium","TheCity","TheBeyond"],"potions_floor_usage":[22,23,33,40,40,45],"damage_taken":[{"damage":0.0,"enemies":"2 Louse","floor":1.0,"turns":1.0},{"damage":0.0,"enemies":"Small Slimes","floor":4.0,"turns":1.0},{"damage":0.0,"enemies":"3 Sentries","floor":6.0,"turns":1.0},{"damage":15.0,"enemies":"Lagavulin","floor":8.0,"turns":7.0},{"damage":3.0,"enemies":"Jaw Worm","floor":11.0,"turns":3.0},{"damage":4.0,"enemies":"2 Fungi Beasts","floor":12.0,"turns":2.0},{"damage":13.0,"enemies":"Exordium Thugs","floor":14.0,"turns":3.0},{"damage":40.0,"enemies":"Slime Boss","floor":16.0,"turns":5.0},{"damage":3.0,"enemies":"Chosen","floor":18.0,"turns":4.0},{"damage":12.0,"enemies":"Shell Parasite","floor":21.0,"turns":3.0},{"damage":0,"enemies":"Centurion and Healer","floor":22,"turns":2},{"damage":58,"enemies":"Book of Stabbing","floor":23,"turns":6},{"damage":21,"enemies":"Gremlin Leader","floor":25,"turns":6},{"damage":18,"enemies":"Snecko","floor":28,"turns":4},{"damage":0,"enemies":"Chosen and Byrds","floor":31,"turns":4},{"damage":49,"enemies":"Automaton","floor":33,"turns":7},{"damage":32,"enemies":"3 Shapes","floor":35,"turns":4},{"damage":0,"enemies":"Orb Walker","floor":36,"turns":3},{"damage":0,"enemies":"Mind Bloom Boss Battle","floor":38,"turns":5},{"damage":23,"enemies":"4 Shapes","floor":39,"turns":4},{"damage":31,"enemies":"Reptomancer","floor":40,"turns":5},{"damage":39,"enemies":"Nemesis","floor":44,"turns":5},{"damage":18,"enemies":"Maw","floor":45,"turns":5}],"seed_played":"8662579967613410513","potions_obtained":[{"floor":1.0,"key":"SkillPotion"},{"floor":6.0,"key":"Explosive Potion"},{"floor":14.0,"key":"SmokeBomb"},{"floor":17.0,"key":"FearPotion"},{"floor":21.0,"key":"FocusPotion"},{"floor":22,"key":"LiquidMemories"},{"floor":25,"key":"Energy Potion"},{"floor":31,"key":"CultistPotion"},{"floor":35,"key":"Energy Potion"},{"floor":36,"key":"Explosive Potion"},{"floor":38,"key":"Fire Potion"}],"is_trial":false,"path_per_floor":["M","?","?","M","?","E","R","E","T","R","M","M","R","M","R","B",null,"M","?","$","M","M","E","R","E","T","R","M","T","?","M","R","B",null,"M","M","$","?","M","E","R","?","T","E","M"],"character_chosen":"DEFECT","items_purchased":["Ice Cream","Bronze Scales"],"campfire_rested":5,"item_purchase_floors":[20,37],"current_hp_per_floor":[75,60,60,60,60,67,67,52,52,52,49,45,45,32,56,16,87,84,84,84,72,72,14,40,19,19,60,42,42,42,42,83,34,87,55,55,55,55,32,1,42,42,42,3,0,0],"gold":355,"neow_bonus":"THREE_ENEMY_KILL","is_daily":false,"chose_seed":false,"campfire_upgraded":3,"win_rate":0.0,"timestamp":1613717650,"path_taken":["M","?","?","M","?","E","R","E","T","R","M","M","R","?","R","BOSS","M","?","$","M","M","E","R","E","T","R","M","?","?","?","R","BOSS","M","M","$","?","M","E","R","?","T","E","M"],"items_purchased_type":["Relic","Relic"],"build_version":"2020-12-22","purchased_purges":1,"victory":false,"max_hp_per_floor":[75,75,75,75,75,82,82,82,82,82,82,82,82,82,82,82,87,87,87,87,87,87,87,87,87,87,87,87,87,87,87,87,87,87,87,87,87,87,87,87,87,87,87,87,87,87],"relic_stats":{"Dream Catcher":5,"Regal Pillow":45,"Happy Flower":[1],"counters":[41,155],"Bronze Scales":[46],"Letter Opener":[6],"Orichalcum":[66],"obtain_stats":[{"Ice Cream":20,"Regal Pillow":26,"Tiny House":17,"reliquary:PartyBalloon":12,"Vajra":29,"Ancient Tea Set":24,"Centennial Puzzle":9,"Dream Catcher":9,"Strawberry":6,"Philosopher\u0027s Stone":17,"reliquary:Buckler":43,"Red Mask":19,"Cracked Core":0,"NeowsBlessing":0,"Happy Flower":44,"Golden Idol":2,"Letter Opener":40,"Orichalcum":25,"Mercury Hourglass":4,"Anchor":5,"Bronze Scales":37,"reliquary:Craggleroot":34,"reliquary:Stiletto":8,"reliquary:TuningFork":6,"Nloth\u0027s Gift":20,"reliquary:Ember":0,"FossilizedHelix":23,"TungstenRod":38},{"Ice Cream":27,"Regal Pillow":31,"Tiny House":26,"reliquary:PartyBalloon":5,"Vajra":32,"Ancient Tea Set":12,"Centennial Puzzle":3,"Dream Catcher":22,"Strawberry":21,"Philosopher\u0027s Stone":6,"reliquary:Buckler":39,"Red Mask":8,"Cracked Core":0,"NeowsBlessing":18,"Happy Flower":40,"Golden Idol":1,"Letter Opener":39,"Orichalcum":31,"Mercury Hourglass":1,"Anchor":20,"Bronze Scales":36,"reliquary:Craggleroot":34,"reliquary:Stiletto":22,"reliquary:TuningFork":2,"Nloth\u0027s Gift":8,"reliquary:Ember":13,"FossilizedHelix":30,"TungstenRod":37},{"Ice Cream":92,"Regal Pillow":109,"Tiny House":88,"reliquary:PartyBalloon":14,"Vajra":113,"Ancient Tea Set":44,"Centennial Puzzle":10,"Dream Catcher":75,"Strawberry":68,"Philosopher\u0027s Stone":21,"reliquary:Buckler":145,"Red Mask":27,"Cracked Core":0,"NeowsBlessing":65,"Happy Flower":150,"Golden Idol":2,"Letter Opener":145,"Orichalcum":109,"Mercury Hourglass":2,"Anchor":67,"Bronze Scales":131,"reliquary:Craggleroot":124,"reliquary:Stiletto":75,"reliquary:TuningFork":8,"Nloth\u0027s Gift":27,"reliquary:Ember":47,"FossilizedHelix":103,"TungstenRod":136}],"TungstenRod":10},"card_choices":[{"not_picked":["Sunder","Redo"],"picked":"White Noise","floor":1.0},{"not_picked":["Steam","Cold Snap"],"picked":"Static Discharge","floor":4.0},{"not_picked":["Turbo","Barrage"],"picked":"Leap","floor":6.0},{"not_picked":["Lockon","Sweeping Beam"],"picked":"Electrodynamics","floor":8.0},{"not_picked":["Hologram","Barrage"],"picked":"Cold Snap","floor":11.0},{"not_picked":["Coolheaded","Streamline"],"picked":"Echo Form","floor":12.0},{"not_picked":["Gash","Lockon"],"picked":"Redo","floor":14.0},{"not_picked":["Stack","Rebound"],"picked":"Ball Lightning","floor":15.0},{"not_picked":["Electrodynamics","Reboot"],"picked":"Thunder Strike","floor":16.0},{"not_picked":["Turbo","Leap"],"picked":"Conserve Battery","floor":17.0},{"not_picked":["Turbo","Hello World","Skim+1"],"picked":"SKIP","floor":18.0},{"not_picked":["Skim","Gash"],"picked":"Defragment","floor":21.0},{"not_picked":["Compile Driver","Gash+1"],"picked":"Ball Lightning","floor":22},{"not_picked":["Fission","Stack"],"picked":"Cold Snap+1","floor":23},{"not_picked":["Rip and Tear","Steam Power"],"picked":"Chaos+1","floor":24},{"not_picked":["Blizzard","Seek","Compile Driver+1"],"picked":"SKIP","floor":25},{"not_picked":["Streamline+1","Hello World"],"picked":"Leap+1","floor":27},{"not_picked":["Ball Lightning","Reinforced Body"],"picked":"Conserve Battery","floor":28},{"not_picked":["Double Energy","Glacier","Steam Power+1"],"picked":"SKIP","floor":31},{"not_picked":["Machine Learning","Buffer"],"picked":"Creative AI","floor":33},{"not_picked":["Steam+1","Gash","Skim"],"picked":"SKIP","floor":35},{"not_picked":["Turbo+1","Sweeping Beam"],"picked":"Beam Cell","floor":36},{"not_picked":["Compile Driver+1","Scrape","Sunder"],"picked":"SKIP","floor":39},{"not_picked":["Machine Learning","Capacitor","Glacier+1"],"picked":"SKIP","floor":40},{"not_picked":["Steam+1","Rebound"],"picked":"Conserve Battery+1","floor":41},{"not_picked":["Heatsinks+1","Darkness+1"],"picked":"Loop","floor":44}],"player_experience":482958,"relics_obtained":[{"floor":6.0,"key":"Strawberry"},{"floor":8.0,"key":"reliquary:Stiletto"},{"floor":9.0,"key":"Dream Catcher"},{"floor":23,"key":"FossilizedHelix"},{"floor":25,"key":"Orichalcum"},{"floor":26,"key":"Regal Pillow"},{"floor":29,"key":"Vajra"},{"floor":38,"key":"TungstenRod"},{"floor":40,"key":"Letter Opener"},{"floor":43,"key":"reliquary:Buckler"},{"floor":44,"key":"Happy Flower"}],"event_choices":[{"damage_healed":75.0,"max_hp_gain":0.0,"max_hp_loss":75.0,"gold_gain":0.0,"event_name":"betterThird:BetterShining","player_choice":"Upgrade","floor":2.0,"gold_loss":0.0,"damage_taken":15.0,"cards_upgraded":["Defend_B","Strike_B"]},{"damage_healed":0.0,"max_hp_gain":0.0,"max_hp_loss":0.0,"gold_gain":0.0,"event_name":"Golden Wing","player_choice":"Ignored","floor":3.0,"gold_loss":0.0,"damage_taken":0.0},{"damage_healed":0.0,"max_hp_gain":0.0,"max_hp_loss":0.0,"gold_gain":0.0,"event_name":"Big Fish","player_choice":"Box","floor":5.0,"gold_loss":0.0,"damage_taken":0.0,"relics_obtained":["Anchor"],"cards_obtained":["Regret"]},{"damage_healed":0.0,"max_hp_gain":0.0,"max_hp_loss":0.0,"gold_gain":0.0,"event_name":"Vampires","player_choice":"Ignored","floor":19.0,"gold_loss":0.0,"damage_taken":0.0},{"damage_healed":0,"gold_gain":0,"player_choice":"2 cards matched","damage_taken":0,"max_hp_gain":0,"max_hp_loss":0,"event_name":"Match and Keep!","floor":30,"gold_loss":0,"cards_obtained":["Zap","Blind"]},{"damage_healed":0,"gold_gain":0,"player_choice":"Fight","damage_taken":0,"max_hp_gain":0,"max_hp_loss":0,"event_name":"MindBloom","floor":38,"gold_loss":0},{"cards_removed":["Defend_B"],"damage_healed":0,"gold_gain":0,"player_choice":"Removed Skill","damage_taken":0,"max_hp_gain":0,"max_hp_loss":0,"event_name":"Falling","floor":42,"gold_loss":0}],"is_beta":false,"boss_relics":[{"not_picked":["Velvet Choker","Runic Dome"],"picked":"Tiny House"},{"not_picked":["Inserter","reliquary:RedPaperclip"],"picked":"reliquary:Craggleroot"}],"items_purged_floors":[20],"is_endless":false,"potions_floor_spawned":[1,6,14,21,22,25,31,35,36,38],"killed_by":"Maw","ascension_level":4}}