{"host":"vhifjdba66khcqwn","time":1613716749,"event":{"mods":["AchievementEnabler","BaseMod","Bestiary","Minty Spire (QoL Compilation)","Practice Mode","Relic Stats","Spicy Shops","StSLib","slay the spire mod where everything is the same but ironclad has a cowboy hat"],"gold_per_floor":[116,116,134,134,147,147,75,109,124,124,206,239,239,252,252,272,289,289,363,363,376,403,403,419,419,14,60,60,98,127,155,181,181,198,198,218,218,249,249,249,249],"floor_reached":40,"language":"ENG","playtime":1463,"items_purged":["Shame"],"score":690,"play_id":"6c5b47d6-45b9-4675-a42f-cfe338eecbb6","local_time":"20210218223909","is_ascension_mode":true,"campfire_choices":[{"data":"Sword Boomerang","floor":6,"key":"SMITH"},{"data":"True Grit","floor":13,"key":"SMITH"},{"data":"Shockwave","floor":18,"key":"SMITH"},{"data":"Inflame","floor":28,"key":"SMITH"},{"floor":37,"key":"REST"},{"data":"Spot Weakness","floor":39,"key":"SMITH"}],"circlet_count":0,"master_deck":["AscendersBane","Strike_R","Strike_R","Strike_R","Strike_R","Strike_R","Defend_R+1","Defend_R","Defend_R","Defend_R+1","Bash+1","Sword Boomerang","Shrug It Off","Sword Boomerang+1","True Grit+1","Spot Weakness+1","Clothesline","Shockwave+1","Heavy Blade","Fiend Fire","Infernal Blade+1","Twin Strike","Whirlwind","Inflame+1","Cleave","Reaper","True Grit"],"relics":["Burning Blood","Bag of Marbles","Shuriken","Boot","StrikeDummy","Gambling Chip","Snecko Eye","Red Mask","Anchor","Membership Card","Matryoshka","Bottled Tornado","CeramicFish","White Beast Statue","Regal Pillow","Pen Nib","MealTicket","Juzu Bracelet","Nilry\u0027s Codex","War Paint"],"acts_visited":["Exordium","TheCity"],"potions_floor_usage":[8,9,19,19,22,29,31,31,38,38],"damage_taken":[{"damage":7,"enemies":"Jaw Worm","floor":1,"turns":3},{"damage":1,"enemies":"Cultist","floor":3,"turns":3},{"damage":2,"enemies":"2 Louse","floor":5,"turns":2},{"damage":32,"enemies":"Lagavulin","floor":8,"turns":5},{"damage":0,"enemies":"Looter","floor":9,"turns":1},{"damage":17,"enemies":"3 Sentries","floor":12,"turns":6},{"damage":8,"enemies":"Large Slime","floor":14,"turns":3},{"damage":3,"enemies":"Blue Slaver","floor":16,"turns":2},{"damage":11,"enemies":"Exordium Thugs","floor":17,"turns":3},{"damage":30,"enemies":"The Guardian","floor":19,"turns":12},{"damage":16,"enemies":"Spheric Guardian","floor":21,"turns":4},{"damage":19,"enemies":"Masked Bandits","floor":22,"turns":3},{"damage":0,"enemies":"3 Byrds","floor":24,"turns":3},{"damage":17,"enemies":"Slavers","floor":29,"turns":4},{"damage":3,"enemies":"Cultist and Chosen","floor":30,"turns":5},{"damage":12,"enemies":"Gremlin Leader","floor":31,"turns":4},{"damage":0,"enemies":"Centurion and Healer","floor":34,"turns":3},{"damage":0,"enemies":"Shelled Parasite and Fungi","floor":36,"turns":2},{"damage":21,"enemies":"Book of Stabbing","floor":38,"turns":3},{"damage":70,"enemies":"Collector","floor":40,"turns":6}],"seed_played":"8786970310697140315","potions_obtained":[{"floor":3,"key":"Regen Potion"},{"floor":5,"key":"Energy Potion"},{"floor":8,"key":"Fire Potion"},{"floor":17,"key":"Ancient Potion"},{"floor":19,"key":"Fire Potion"},{"floor":21,"key":"Swift Potion"},{"floor":29,"key":"Strength Potion"},{"floor":30,"key":"SkillPotion"},{"floor":31,"key":"SkillPotion"},{"floor":34,"key":"SteroidPotion"},{"floor":38,"key":"SpeedPotion"}],"is_trial":false,"path_per_floor":["M","?","M","$","M","R","?","E","M","T","T","E","R","M","?","M","M","R","B",null,"M","?","?","M","?","$","T","R","E","M","E","T","T","M","?","M","R","E","R","B"],"character_chosen":"IRONCLAD","items_purchased":["Membership Card","Inflame","Cleave","Matryoshka"],"campfire_rested":1,"item_purchase_floors":[26,26,26,26],"current_hp_per_floor":[74,74,79,79,82,82,82,56,62,62,62,51,51,49,49,52,47,47,38,71,61,48,48,54,54,54,54,54,43,52,46,46,46,52,31,37,76,69,69,12,12],"gold":249,"neow_bonus":"TEN_PERCENT_HP_BONUS","is_daily":false,"chose_seed":false,"campfire_upgraded":5,"win_rate":0.0,"timestamp":1613716749,"path_taken":["M","?","M","$","M","R","?","E","M","T","T","E","R","?","?","M","M","R","BOSS","M","?","?","M","?","$","?","R","E","?","E","T","T","M","?","M","R","E","R","BOSS"],"items_purchased_type":["Relic","Card","Card","Relic"],"build_version":"2020-12-22","purchased_purges":1,"victory":false,"max_hp_per_floor":[82,82,82,82,82,82,82,82,82,82,82,82,82,82,82,82,82,82,82,82,82,82,82,82,82,82,82,82,82,82,82,82,82,82,82,82,82,82,82,82,82],"relic_stats":{"Regal Pillow":15,"counters":[20,77],"CeramicFish":18,"Pen Nib":[2],"Juzu Bracelet":0,"War Paint":["Defend_R","Defend_R"],"Boot":[40],"Burning Blood":113,"Shuriken":[13],"Gambling Chip":[59],"Snecko Eye":[61,63,90,79],"MealTicket":0,"obtain_stats":[{"Regal Pillow":31,"Nilry\u0027s Codex":35,"CeramicFish":27,"Pen Nib":32,"Juzu Bracelet":33,"Bottled Tornado":27,"War Paint":38,"Boot":10,"Burning Blood":0,"White Beast Statue":29,"Anchor":25,"Matryoshka":26,"Shuriken":8,"Gambling Chip":12,"Snecko Eye":20,"MealTicket":32,"Bag of Marbles":7,"Red Mask":22,"Membership Card":26,"StrikeDummy":11},{"Regal Pillow":16,"Nilry\u0027s Codex":17,"CeramicFish":13,"Pen Nib":16,"Juzu Bracelet":16,"Bottled Tornado":13,"War Paint":19,"Boot":5,"Burning Blood":0,"White Beast Statue":14,"Anchor":13,"Matryoshka":13,"Shuriken":4,"Gambling Chip":6,"Snecko Eye":10,"MealTicket":16,"Bag of Marbles":3,"Red Mask":12,"Membership Card":13,"StrikeDummy":5},{"Regal Pillow":63,"Nilry\u0027s Codex":66,"CeramicFish":50,"Pen Nib":63,"Juzu Bracelet":63,"Bottled Tornado":50,"War Paint":71,"Boot":14,"Burning Blood":0,"White Beast Statue":54,"Anchor":50,"Matryoshka":50,"Shuriken":13,"Gambling Chip":20,"Snecko Eye":40,"MealTicket":63,"Bag of Marbles":8,"Red Mask":47,"Membership Card":50,"StrikeDummy":14}]},"card_choices":[{"not_picked":["Flex","Pommel Strike"],"picked":"Sword Boomerang","floor":1},{"not_picked":["Second Wind","Feel No Pain"],"picked":"Shrug It Off","floor":3},{"not_picked":["Flex","Armaments"],"picked":"Sword Boomerang","floor":5},{"not_picked":["Burning Pact","Clash"],"picked":"True Grit","floor":8},{"not_picked":["Metallicize","Headbutt"],"picked":"Spot Weakness","floor":9},{"not_picked":["Power Through","Exhume"],"picked":"Clothesline","floor":12},{"not_picked":["True Grit","Anger"],"picked":"Shockwave","floor":14},{"not_picked":["Body Slam","Entrench"],"picked":"Heavy Blade","floor":16},{"not_picked":["Dropkick","Clash","Anger"],"picked":"SKIP","floor":17},{"not_picked":["Juggernaut","Impervious"],"picked":"Fiend Fire","floor":19},{"not_picked":["Pommel Strike","Body Slam"],"picked":"Infernal Blade+1","floor":21},{"not_picked":["Warcry","Fire Breathing"],"picked":"Whirlwind","floor":24},{"not_picked":["Heavy Blade","Flame Barrier"],"picked":"Reaper","floor":29},{"not_picked":["Body Slam","Thunderclap"],"picked":"True Grit","floor":30},{"not_picked":["Thunderclap+1","Havoc","Iron Wave"],"picked":"SKIP","floor":31},{"not_picked":["Cleave","Blood for Blood","Armaments"],"picked":"SKIP","floor":34},{"not_picked":["Body Slam","Clash+1","Hemokinesis"],"picked":"SKIP","floor":36},{"not_picked":["Pommel Strike","Fire Breathing","Shrug It Off"],"picked":"SKIP","floor":38}],"player_experience":1218633,"relics_obtained":[{"floor":8,"key":"Shuriken"},{"floor":10,"key":"Boot"},{"floor":11,"key":"StrikeDummy"},{"floor":12,"key":"Gambling Chip"},{"floor":22,"key":"Red Mask"},{"floor":27,"key":"Bottled Tornado"},{"floor":27,"key":"CeramicFish"},{"floor":29,"key":"White Beast Statue"},{"floor":31,"key":"Regal Pillow"},{"floor":32,"key":"Pen Nib"},{"floor":32,"key":"MealTicket"},{"floor":33,"key":"Juzu Bracelet"},{"floor":35,"key":"Nilry\u0027s Codex"},{"floor":38,"key":"War Paint"}],"event_choices":[{"damage_healed":0,"gold_gain":0,"player_choice":"Grow","damage_taken":0,"max_hp_gain":0,"max_hp_loss":0,"event_name":"Living Wall","floor":2,"gold_loss":0,"cards_upgraded":["Bash"]},{"damage_healed":0,"gold_gain":0,"player_choice":"Paid Gold","damage_taken":0,"relics_obtained":["Bag of Marbles"],"max_hp_gain":0,"max_hp_loss":0,"event_name":"WeMeetAgain","floor":7,"gold_loss":72},{"damage_healed":0,"gold_gain":0,"player_choice":"Ignored","damage_taken":0,"max_hp_gain":0,"max_hp_loss":0,"event_name":"Shining Light","floor":15,"gold_loss":0},{"damage_healed":0,"gold_gain":0,"player_choice":"Fought Bandits","damage_taken":0,"max_hp_gain":0,"max_hp_loss":0,"event_name":"Masked Bandits","floor":22,"gold_loss":0},{"damage_healed":0,"gold_gain":0,"player_choice":"Read","damage_taken":0,"max_hp_gain":0,"max_hp_loss":0,"event_name":"The Library","floor":23,"gold_loss":0,"cards_obtained":["Twin Strike"]},{"damage_healed":0,"gold_gain":0,"player_choice":"Stole Relic","damage_taken":0,"relics_obtained":["Anchor"],"max_hp_gain":0,"max_hp_loss":0,"event_name":"Addict","floor":25,"gold_loss":0,"cards_obtained":["Shame"]},{"damage_healed":0,"gold_gain":0,"player_choice":"Obtained Book","damage_taken":21,"max_hp_gain":0,"max_hp_loss":0,"event_name":"Cursed Tome","floor":35,"gold_loss":0}],"is_beta":false,"boss_relics":[{"not_picked":["Runic Cube","Black Blood"],"picked":"Snecko Eye"}],"items_purged_floors":[26],"is_endless":false,"potions_floor_spawned":[3,5,8,17,19,21,29,30,31,34,36,38],"killed_by":"Collector","ascension_level":19}}