{"host":"v7dcfm09mlh04wa7","time":1613769210,"event":{"mods":["BaseMod","Minty Spire (QoL Compilation)"],"gold_per_floor":[111,9,9,9,29,29,64,64,64,64,64,82,112,130,130,233,233,253,271,296,314,314,314,346,346,346,445,461,477,577,587,587,690,690,705,719,731,105,105,105,105,105,105,105,125,175,222,234,234,234,234,234,79,79,79],"floor_reached":54,"language":"ENG","playtime":3453,"items_purged":["Strike_P"],"score":630,"play_id":"7e7b855d-2f11-47c6-8c56-011fac1ec896","local_time":"20210219161330","is_ascension_mode":false,"campfire_choices":[{"data":"CutThroughFate","floor":6,"key":"SMITH"},{"data":"Conclude","floor":8,"key":"SMITH"},{"floor":11,"key":"RECALL"},{"data":"ThirdEye","floor":15,"key":"SMITH"},{"floor":23,"key":"REST"},{"floor":25,"key":"REST"},{"floor":32,"key":"REST"},{"floor":40,"key":"REST"},{"data":"Scrawl","floor":42,"key":"SMITH"},{"floor":44,"key":"REST"},{"data":"DevaForm","floor":49,"key":"SMITH"},{"data":"Establishment","floor":52,"key":"SMITH"}],"circlet_count":0,"master_deck":["Strike_P","Strike_P","Strike_P","Defend_P","Defend_P","Defend_P","Defend_P","Eruption+1","Vigilance","Indignation","CutThroughFate+1","FollowUp","Conclude+1","ThirdEye+1","Pray","DevaForm+1","Establishment+1","SashWhip+1","FlurryOfBlows","Adaptation+1","EmptyFist+1","Collect+1","Scrawl+1","CutThroughFate+1","Adaptation+1","TalkToTheHand+1","FollowUp+1"],"relics":["PureWater","Bronze Scales","Letter Opener","Shuriken","Odd Mushroom","Philosopher\u0027s Stone","Red Mask","Tiny Chest","GoldenEye","Pear","SacredBark","DollysMirror","Happy Flower","Bag of Preparation","Pantograph","HornCleat","Unceasing Top","Ice Cream","Medical Kit"],"acts_visited":["Exordium","TheCity","TheBeyond","TheEnding"],"potions_floor_usage":[18,20,24,30,50,50,50,50,54],"damage_taken":[{"damage":0,"enemies":"2 Louse","floor":1,"turns":2},{"damage":0,"enemies":"Cultist","floor":5,"turns":2},{"damage":31,"enemies":"Lagavulin","floor":7,"turns":4},{"damage":6,"enemies":"Jaw Worm","floor":12,"turns":3},{"damage":3,"enemies":"The Mushroom Lair","floor":13,"turns":2},{"damage":0,"enemies":"Looter","floor":14,"turns":2},{"damage":17,"enemies":"The Guardian","floor":16,"turns":7},{"damage":33,"enemies":"Shell Parasite","floor":18,"turns":6},{"damage":0,"enemies":"Spheric Guardian","floor":19,"turns":2},{"damage":0,"enemies":"Masked Bandits","floor":20,"turns":2},{"damage":4,"enemies":"Snake Plant","floor":21,"turns":4},{"damage":17,"enemies":"Slavers","floor":24,"turns":3},{"damage":8,"enemies":"Cultist and Chosen","floor":28,"turns":2},{"damage":1,"enemies":"Centurion and Healer","floor":29,"turns":3},{"damage":14,"enemies":"Colosseum Slavers","floor":30,"turns":3},{"damage":14,"enemies":"Colosseum Nobs","floor":30,"turns":3},{"damage":3,"enemies":"Chosen and Byrds","floor":31,"turns":3},{"damage":29,"enemies":"Automaton","floor":33,"turns":6},{"damage":18,"enemies":"3 Darklings","floor":35,"turns":3},{"damage":11,"enemies":"3 Shapes","floor":36,"turns":2},{"damage":28,"enemies":"Writhing Mass","floor":37,"turns":5},{"damage":0,"enemies":"Sphere and 2 Shapes","floor":45,"turns":2},{"damage":5,"enemies":"Mind Bloom Boss Battle","floor":46,"turns":3},{"damage":5,"enemies":"2 Orb Walkers","floor":47,"turns":3},{"damage":11,"enemies":"Maw","floor":48,"turns":6},{"damage":71,"enemies":"Donu and Deca","floor":50,"turns":7},{"damage":81,"enemies":"Shield and Spear","floor":54,"turns":2}],"seed_played":"-6782001729268128736","potions_obtained":[{"floor":1,"key":"LiquidBronze"},{"floor":7,"key":"LiquidBronze"},{"floor":19,"key":"DistilledChaos"},{"floor":21,"key":"Explosive Potion"},{"floor":24,"key":"StancePotion"},{"floor":30,"key":"BlessingOfTheForge"},{"floor":37,"key":"ColorlessPotion"},{"floor":47,"key":"Regen Potion"}],"is_trial":false,"path_per_floor":["M","$","?","$","M","R","E","R","T","$","R","M","?","M","R","B",null,"M","M","?","M","?","R","E","R","T","?","M","M","?","M","R","B",null,"M","M","M","$","?","R","T","R","T","R","M","?","?","M","R","B",null,"R","$","E"],"character_chosen":"WATCHER","items_purchased":["CutThroughFate","BlessingOfTheForge","DollysMirror","Happy Flower","Bag of Preparation","EntropicBrew","Medical Kit"],"campfire_rested":5,"item_purchase_floors":[2,2,38,38,38,38,53],"current_hp_per_floor":[72,72,72,72,72,72,41,41,41,41,41,35,32,32,32,15,72,39,39,39,35,35,56,39,60,60,60,52,51,33,30,54,25,82,64,53,25,25,25,48,48,48,48,71,71,73,68,57,57,47,78,78,78,0,0],"gold":79,"neow_bonus":"RANDOM_COMMON_RELIC","is_daily":false,"chose_seed":false,"campfire_upgraded":6,"win_rate":0.0,"timestamp":1613769210,"path_taken":["M","$","?","$","?","R","E","R","T","?","R","M","?","M","R","BOSS","M","M","?","M","?","R","E","R","T","?","M","M","?","M","R","BOSS","M","M","M","$","?","R","?","R","T","R","M","?","?","M","R","BOSS","R","$","E"],"items_purchased_type":["Card","Potion","Relic","Relic","Relic","Potion","Relic"],"build_version":"2020-12-22","purchased_purges":1,"victory":false,"max_hp_per_floor":[72,72,72,72,72,72,72,72,72,72,72,72,72,72,72,72,72,72,72,72,72,72,72,72,72,72,72,72,72,82,82,82,82,82,82,82,82,82,78,78,78,78,78,78,78,78,78,78,78,78,78,78,78,78,78],"card_choices":[{"not_picked":["Swivel","BowlingBash"],"picked":"Indignation","floor":1},{"not_picked":["CarveReality","Fasting2"],"picked":"FollowUp","floor":5},{"not_picked":["WindmillStrike","Protect"],"picked":"Conclude","floor":7},{"not_picked":["JustLucky","CrushJoints"],"picked":"ThirdEye","floor":12},{"not_picked":["ClearTheMind","Wallop"],"picked":"Pray","floor":13},{"not_picked":["Worship","ClearTheMind"],"picked":"DevaForm","floor":14},{"not_picked":["Omniscience","MasterReality"],"picked":"Establishment","floor":16},{"not_picked":["ThirdEye+1","JustLucky"],"picked":"SashWhip+1","floor":18},{"not_picked":["FlyingSleeves+1","BattleHymn"],"picked":"FlurryOfBlows","floor":19},{"not_picked":["SashWhip","Crescendo","Consecrate+1"],"picked":"SKIP","floor":21},{"not_picked":["Vengeance","SashWhip+1"],"picked":"Adaptation+1","floor":24},{"not_picked":["Protect","DeceiveReality","Establishment"],"picked":"SKIP","floor":28},{"not_picked":["EmptyBody","Prostrate","Halt"],"picked":"SKIP","floor":29},{"not_picked":["Evaluate","JustLucky"],"picked":"EmptyFist+1","floor":30},{"not_picked":["Tantrum+1","CrushJoints"],"picked":"Collect+1","floor":31},{"not_picked":["Omniscience","LessonLearned"],"picked":"Scrawl","floor":33},{"not_picked":["FlyingSleeves+1","EmptyBody+1"],"picked":"CutThroughFate+1","floor":35},{"not_picked":["SashWhip","Protect","EmptyBody"],"picked":"SKIP","floor":36},{"not_picked":["BowlingBash","Wallop","EmptyFist+1"],"picked":"SKIP","floor":37},{"not_picked":["Crescendo+1","JustLucky+1","Judgement"],"picked":"SKIP","floor":45},{"not_picked":["BowlingBash","FlyingSleeves+1"],"picked":"TalkToTheHand+1","floor":46},{"not_picked":["LikeWater+1","Perseverance+1"],"picked":"FollowUp+1","floor":47},{"not_picked":["EmptyBody","ThirdEye+1","BowlingBash"],"picked":"SKIP","floor":48}],"player_experience":227652,"relics_obtained":[{"floor":7,"key":"Letter Opener"},{"floor":9,"key":"Shuriken"},{"floor":13,"key":"Odd Mushroom"},{"floor":20,"key":"Red Mask"},{"floor":24,"key":"Tiny Chest"},{"floor":30,"key":"GoldenEye"},{"floor":30,"key":"Pear"},{"floor":41,"key":"Pantograph"},{"floor":43,"key":"HornCleat"},{"floor":46,"key":"Unceasing Top"},{"floor":47,"key":"Ice Cream"}],"event_choices":[{"damage_healed":0,"gold_gain":0,"player_choice":"Forge","damage_taken":0,"max_hp_gain":0,"max_hp_loss":0,"event_name":"Accursed Blacksmith","floor":3,"gold_loss":0,"cards_upgraded":["Eruption"]},{"damage_healed":0,"gold_gain":0,"player_choice":"Fought Mushrooms","damage_taken":0,"max_hp_gain":0,"max_hp_loss":0,"event_name":"Mushrooms","floor":13,"gold_loss":0},{"damage_healed":0,"gold_gain":0,"player_choice":"Fought Bandits","damage_taken":0,"max_hp_gain":0,"max_hp_loss":0,"event_name":"Masked Bandits","floor":20,"gold_loss":0},{"damage_healed":0,"gold_gain":0,"player_choice":"Ignored","damage_taken":0,"max_hp_gain":0,"max_hp_loss":0,"event_name":"Vampires","floor":22,"gold_loss":0},{"damage_healed":0,"gold_gain":99,"player_choice":"Stole From Cult","damage_taken":0,"max_hp_gain":0,"max_hp_loss":0,"event_name":"Nest","floor":27,"gold_loss":0},{"damage_healed":0,"gold_gain":0,"player_choice":"Fight","damage_taken":0,"max_hp_gain":0,"max_hp_loss":0,"event_name":"Colosseum","floor":30,"gold_loss":0},{"damage_healed":0,"gold_gain":0,"player_choice":"Fought Nobs","damage_taken":0,"max_hp_gain":0,"max_hp_loss":0,"event_name":"Colosseum","floor":30,"gold_loss":0},{"damage_healed":0,"gold_gain":0,"player_choice":"Max HP","damage_taken":0,"max_hp_gain":0,"max_hp_loss":4,"event_name":"Winding Halls","floor":39,"gold_loss":0},{"damage_healed":0,"gold_gain":0,"player_choice":"Fight","damage_taken":0,"max_hp_gain":0,"max_hp_loss":0,"event_name":"MindBloom","floor":46,"gold_loss":0},{"damage_healed":0,"gold_gain":0,"player_choice":"Fight","damage_taken":0,"max_hp_gain":0,"max_hp_loss":0,"event_name":"Mysterious Sphere","floor":47,"gold_loss":0}],"is_beta":false,"boss_relics":[{"not_picked":["VioletLotus","Coffee Dripper"],"picked":"Philosopher\u0027s Stone"},{"not_picked":["Pandora\u0027s Box","Snecko Eye"],"picked":"SacredBark"}],"items_purged_floors":[38],"is_endless":false,"potions_floor_spawned":[1,7,16,19,21,24,30,30,37,47,48],"killed_by":"Shield and Spear","ascension_level":0}}