{"host":"agl6880ykeaxaurv","time":1613771584,"event":{"mods":["AchievementEnabler","BaseMod","Colored Map","Colored Powertips","Downfall","Hermit","Highlight Path","Infinite Spire","Minty Spire (QoL Compilation)","Robot Space Explorer","StSLib","The Cursed","The Disciple","The Runesmith","The Servant 0.9.4"],"gold_per_floor":[19,34,7,24,42,59,90,90,90,153,229,243,243,261,261,261,261],"floor_reached":16,"language":"ENG","playtime":753,"items_purged":[],"score":104,"play_id":"6a234853-a279-4d3f-803f-03c23cfecff7","local_time":"20210219215304","is_ascension_mode":false,"campfire_choices":[{"floor":15,"key":"REST"}],"circlet_count":0,"master_deck":["Runesmith:Strike_RS","Runesmith:Strike_RS","Runesmith:Strike_RS","Runesmith:Strike_RS","Runesmith:Defend_RS","Runesmith:Defend_RS","Runesmith:Defend_RS","Runesmith:Defend_RS","Runesmith:CraftFirestone","Runesmith:Fortify","Runesmith:ChaoticBlast","Runesmith:Empowerment+1","Runesmith:UnstableHammer","Runesmith:HammerThrow","Runesmith:CraftProtectio","Runesmith:ShiftingStrike","Runesmith:RuneHurl+1","Runesmith:Repurpose","Runesmith:HeatExchange+1","Runesmith:BackupBattery"],"relics":["Runesmith:BrokenRuby","Dead Branch","Molten Egg 2","Sundial","The Courier"],"acts_visited":["Exordium"],"potions_floor_usage":[5,7,16,16],"damage_taken":[{"damage":0,"enemies":"Cultist","floor":1,"turns":4},{"damage":0,"enemies":"2 Louse","floor":2,"turns":2},{"damage":0,"enemies":"Jaw Worm","floor":4,"turns":4},{"damage":0,"enemies":"3 Louse","floor":5,"turns":4},{"damage":0,"enemies":"2 Fungi Beasts","floor":6,"turns":3},{"damage":41,"enemies":"Lagavulin","floor":7,"turns":6},{"damage":20,"enemies":"Gremlin Nob","floor":10,"turns":4},{"damage":3,"enemies":"Looter","floor":12,"turns":3},{"damage":3,"enemies":"3 Louse","floor":14,"turns":3},{"damage":24,"enemies":"The Guardian","floor":16,"turns":6}],"seed_played":"-1663728527648607655","potions_obtained":[{"floor":1,"key":"BlessingOfTheForge"},{"floor":4,"key":"hexamod:SoulburnPotion"},{"floor":5,"key":"PowerPotion"},{"floor":12,"key":"SmokeBomb"},{"floor":14,"key":"ColorlessPotion"}],"is_trial":false,"path_per_floor":["M","M","$","M","M","M","E","?","T","?","T","M","?","M","R","B"],"character_chosen":"RUNESMITH_CLASS","items_purchased":["Runesmith:UnstableHammer"],"campfire_rested":1,"item_purchase_floors":[3],"current_hp_per_floor":[70,70,70,70,70,70,29,29,29,9,9,6,6,3,24,0,0],"gold":261,"neow_bonus":"ONE_RARE_RELIC","is_daily":false,"chose_seed":false,"campfire_upgraded":0,"win_rate":0.0,"timestamp":1613771584,"path_taken":["M","M","$","M","M","M","E","?","T","?","?","M","?","M","R","BOSS"],"items_purchased_type":["Card"],"build_version":"2020-12-22","purchased_purges":0,"victory":false,"max_hp_per_floor":[70,70,70,70,70,70,70,70,70,70,70,70,70,70,70,70,70],"card_choices":[{"not_picked":["Runesmith:Repurpose","Runesmith:StaticCage"],"picked":"Runesmith:ChaoticBlast","floor":1},{"not_picked":["Runesmith:EarthShield","Runesmith:Electrocute"],"picked":"Runesmith:Empowerment","floor":2},{"not_picked":["Runesmith:HeatedChisel","Runesmith:Grindstone"],"picked":"Runesmith:HammerThrow","floor":4},{"not_picked":["Runesmith:Electrocute","Runesmith:LithiumIon"],"picked":"Runesmith:CraftProtectio","floor":5},{"not_picked":["Runesmith:EnergizedChisel","Runesmith:ChiselStab"],"picked":"Runesmith:ShiftingStrike","floor":6},{"not_picked":["Runesmith:NanitesCloud","Runesmith:FrozenChisel+1"],"picked":"Runesmith:RuneHurl+1","floor":7},{"not_picked":["Runesmith:UnstableHammer+1","Runesmith:ChiselStab+1"],"picked":"Runesmith:Repurpose","floor":10},{"not_picked":["Runesmith:Repurpose","Runesmith:ShiftingStrike+1"],"picked":"Runesmith:HeatExchange+1","floor":12},{"not_picked":["Runesmith:Grindstone","Runesmith:ChiselStab+1"],"picked":"Runesmith:BackupBattery","floor":14}],"player_experience":303607,"relics_obtained":[{"floor":7,"key":"Molten Egg 2"},{"floor":10,"key":"Sundial"},{"floor":11,"key":"The Courier"}],"event_choices":[{"damage_healed":0,"gold_gain":0,"player_choice":"Grow","damage_taken":0,"max_hp_gain":0,"max_hp_loss":0,"event_name":"Living Wall","floor":8,"gold_loss":0,"cards_upgraded":["Runesmith:Empowerment"]},{"damage_healed":0,"gold_gain":0,"player_choice":"Searched \u00271\u0027 times","damage_taken":0,"max_hp_gain":0,"max_hp_loss":0,"event_name":"Dead Adventurer","floor":10,"gold_loss":0}],"is_beta":false,"boss_relics":[],"items_purged_floors":[],"is_endless":false,"potions_floor_spawned":[1,4,5,12,14],"killed_by":"The Guardian","ascension_level":0}}