{"host":"nj4msrt0z6tj4wtb","time":1613753970,"event":{"mods":["AchievementEnabler","BaseMod","Colored Map","Colored Powertips","DeckTracker","Highlight Path","Keyboard Shortcuts","Minty Spire (QoL Compilation)","Quick Restart","Random Character Button","StSLib","SuperFastMode"],"gold_per_floor":[115,125,135,135,146,178,178,195,195,10,10,10,44,44,44,145,145,164,175,26,44,58,58,88,88,137,137,137,148,168,183,183,288,288,301,301,112,130,150,183,183,215,215,230,3,16,16,51,51,51,51,51,20,55,55],"floor_reached":56,"language":"KOR","playtime":4502,"items_purged":["Strike_G","Strike_G","Pain","Defend_G"],"score":1623,"play_id":"0331dd72-d34e-4611-b1ed-2bd41768c7f2","local_time":"20210220015930","is_ascension_mode":true,"campfire_choices":[{"data":"Accuracy","floor":7.0,"key":"SMITH"},{"data":"Footwork","floor":12.0,"key":"SMITH"},{"data":"Neutralize","floor":15.0,"key":"SMITH"},{"data":"Calculated Gamble","floor":23.0,"key":"SMITH"},{"data":"Cloak And Dagger","floor":25.0,"key":"SMITH"},{"data":"Noxious Fumes","floor":28.0,"key":"SMITH"},{"floor":32.0,"key":"REST"},{"data":"1","floor":41.0,"key":"LIFT"},{"floor":47,"key":"REST"},{"floor":49,"key":"RECALL"},{"data":"2","floor":52,"key":"LIFT"}],"circlet_count":0,"master_deck":["Strike_G+1","Defend_G","Defend_G","Defend_G","Defend_G","Survivor","Neutralize+1","Blur","Infinite Blades+1","Choke","Accuracy+1","Acrobatics","Footwork+1","Noxious Fumes+1","After Image","Blade Dance","Calculated Gamble+1","Finisher+1","Reflex","Cloak And Dagger+1","Footwork+1","Adrenaline","Tactician+1","Accuracy","Tactician","Malaise","Deep Breath","Calculated Gamble+1","Terror+1","A Thousand Cuts"],"relics":["Ring of the Snake","Nunchaku","The Courier","Membership Card","Vajra","Lizard Tail","HoveringKite","Kunai","Dream Catcher","Whetstone","WarpedTongs","Runic Pyramid","Girya","Blue Candle","TungstenRod","Bronze Scales","Molten Egg 2","CaptainsWheel"],"acts_visited":["Exordium","TheCity","TheBeyond","TheEnding"],"potions_floor_usage":[44,55,55,55],"damage_taken":[{"damage":0.0,"enemies":"Jaw Worm","floor":1.0,"turns":5.0},{"damage":0.0,"enemies":"Small Slimes","floor":2.0,"turns":3.0},{"damage":4.0,"enemies":"2 Louse","floor":3.0,"turns":4.0},{"damage":7.0,"enemies":"Red Slaver","floor":5.0,"turns":5.0},{"damage":12.0,"enemies":"3 Sentries","floor":6.0,"turns":14.0},{"damage":3.0,"enemies":"Looter","floor":8.0,"turns":4.0},{"damage":0.0,"enemies":"Lagavulin","floor":13.0,"turns":7.0},{"damage":0.0,"enemies":"The Guardian","floor":16.0,"turns":12.0},{"damage":1.0,"enemies":"Shell Parasite","floor":18.0,"turns":6.0},{"damage":7.0,"enemies":"3 Byrds","floor":19.0,"turns":5.0},{"damage":7.0,"enemies":"Snake Plant","floor":21.0,"turns":6.0},{"damage":7.0,"enemies":"Centurion and Healer","floor":22.0,"turns":5.0},{"damage":0.0,"enemies":"Gremlin Leader","floor":24.0,"turns":6.0},{"damage":11.0,"enemies":"Snecko","floor":29.0,"turns":4.0},{"damage":8.0,"enemies":"Snake Plant","floor":30.0,"turns":3.0},{"damage":3.0,"enemies":"Centurion and Healer","floor":31.0,"turns":5.0},{"damage":30.0,"enemies":"Collector","floor":33.0,"turns":9.0},{"damage":23.0,"enemies":"3 Shapes","floor":35.0,"turns":4.0},{"damage":2.0,"enemies":"Orb Walker","floor":38.0,"turns":4.0},{"damage":2.0,"enemies":"Sphere and 2 Shapes","floor":39.0,"turns":4.0},{"damage":0.0,"enemies":"Giant Head","floor":40.0,"turns":5.0},{"damage":5.0,"enemies":"Nemesis","floor":42.0,"turns":7.0},{"damage":0,"enemies":"Jaw Worm Horde","floor":44,"turns":4},{"damage":3,"enemies":"3 Darklings","floor":46,"turns":4},{"damage":0,"enemies":"Reptomancer","floor":48,"turns":4},{"damage":22,"enemies":"Donu and Deca","floor":50,"turns":7},{"damage":30,"enemies":"Shield and Spear","floor":54,"turns":2},{"damage":0,"enemies":"The Heart","floor":55,"turns":6}],"seed_played":"8742162960294411885","potions_obtained":[{"floor":1.0,"key":"Poison Potion"},{"floor":2.0,"key":"Fire Potion"},{"floor":3.0,"key":"SmokeBomb"},{"floor":13.0,"key":"Fire Potion"},{"floor":16.0,"key":"DistilledChaos"},{"floor":21.0,"key":"AttackPotion"},{"floor":22.0,"key":"Energy Potion"},{"floor":30.0,"key":"EssenceOfSteel"},{"floor":33.0,"key":"GhostInAJar"},{"floor":42.0,"key":"SkillPotion"}],"is_trial":false,"path_per_floor":["M","M","M","?","M","E","R","M","T","$","?","R","E","?","R","B",null,"M","M","$","M","M","R","E","R","T","?","R","M","M","M","R","B",null,"M","?","$","M","M","E","R","E","T","M","$","M","R","E","R","B",null,"R","$","E","B",null],"character_chosen":"THE_SILENT","items_purchased":["Membership Card","Footwork","Kunai","Girya","Malaise","Deep Breath","Bronze Scales","DuplicationPotion"],"campfire_rested":2,"item_purchase_floors":[10,10,20,37,45,45,45,53],"current_hp_per_floor":[70,70,66,59,52,40,40,37,37,37,37,37,37,34,34,34,70,69,62,62,55,48,48,48,48,48,48,48,37,29,26,47,17,70,47,47,47,45,43,43,43,38,38,38,38,35,56,56,56,34,70,70,70,40,40],"gold":55,"neow_bonus":"REMOVE_CARD","is_daily":false,"chose_seed":false,"campfire_upgraded":6,"win_rate":0.0,"timestamp":1613753970,"path_taken":["M","M","M","?","M","E","R","M","T","$","?","R","E","?","R","BOSS","M","M","$","M","M","R","E","R","T","?","R","M","?","M","R","BOSS","M","?","$","M","M","E","R","E","T","M","$","M","R","E","R","BOSS","R","$","E","BOSS"],"items_purchased_type":["Relic","Card","Relic","Relic","Card","Card","Relic","Potion"],"build_version":"2020-12-22","purchased_purges":4,"victory":true,"max_hp_per_floor":[70,70,70,70,70,70,70,70,70,70,70,70,70,70,70,70,70,70,70,70,70,70,70,70,70,70,70,70,70,70,70,70,70,70,70,70,70,70,70,70,70,70,70,70,70,70,70,70,70,70,70,70,70,70,70],"card_choices":[{"not_picked":["Blade Dance","Backstab"],"picked":"Blur","floor":1.0},{"not_picked":["Slice","Sucker Punch"],"picked":"Infinite Blades","floor":2.0},{"not_picked":["Setup","Infinite Blades"],"picked":"Choke","floor":3.0},{"not_picked":["Concentrate","Dagger Spray","Slice"],"picked":"SKIP","floor":5.0},{"not_picked":["Riddle With Holes","Deflect"],"picked":"Accuracy","floor":6.0},{"not_picked":["Dodge and Roll","Deadly Poison"],"picked":"Acrobatics","floor":8.0},{"not_picked":["Endless Agony","Acrobatics"],"picked":"Noxious Fumes","floor":13.0},{"not_picked":["Storm of Steel","Tools of the Trade"],"picked":"After Image","floor":16.0},{"not_picked":["Bane","Slice"],"picked":"Blade Dance","floor":18.0},{"not_picked":["Noxious Fumes","Predator"],"picked":"Calculated Gamble","floor":19.0},{"not_picked":["Terror","Outmaneuver"],"picked":"Finisher","floor":21.0},{"not_picked":["Concentrate","Dash"],"picked":"Reflex","floor":22.0},{"not_picked":["Deflect","Finisher"],"picked":"Cloak And Dagger","floor":24.0},{"not_picked":["Slice","Caltrops","Prepared"],"picked":"SKIP","floor":29.0},{"not_picked":["Deadly Poison+1","Flying Knee","Riddle With Holes+1"],"picked":"SKIP","floor":30.0},{"not_picked":["Leg Sweep","Flying Knee"],"picked":"Tactician","floor":31.0},{"not_picked":["Dagger Throw","Poisoned Stab"],"picked":"Footwork+1","floor":32.0},{"not_picked":["Tools of the Trade","Doppelganger"],"picked":"Adrenaline","floor":33.0},{"not_picked":["Poisoned Stab","Flying Knee+1"],"picked":"Tactician+1","floor":35.0},{"not_picked":["Eviscerate","Tactician","Concentrate+1"],"picked":"SKIP","floor":38.0},{"not_picked":["Dodge and Roll","Bane+1","Underhanded Strike"],"picked":"SKIP","floor":39.0},{"not_picked":["Dodge and Roll+1","Slice","Bullet Time"],"picked":"SKIP","floor":40.0},{"not_picked":["Predator+1","Sucker Punch+1"],"picked":"Accuracy","floor":42.0},{"not_picked":["Dagger Throw","Slice"],"picked":"Tactician","floor":44},{"not_picked":["Poisoned Stab","Endless Agony+1"],"picked":"Calculated Gamble+1","floor":46},{"not_picked":["Dagger Spray","Backflip"],"picked":"Terror+1","floor":47},{"not_picked":["Malaise","Deflect"],"picked":"A Thousand Cuts","floor":48},{"not_picked":["Masterful Stab+1","Dagger Throw+1","Predator+1"],"picked":"SKIP","floor":54}],"player_experience":667517,"relics_obtained":[{"floor":6.0,"key":"Nunchaku"},{"floor":9.0,"key":"The Courier"},{"floor":13.0,"key":"Vajra"},{"floor":24.0,"key":"Dream Catcher"},{"floor":26.0,"key":"Whetstone"},{"floor":40.0,"key":"Blue Candle"},{"floor":42.0,"key":"TungstenRod"},{"floor":48,"key":"Molten Egg 2"},{"floor":54,"key":"CaptainsWheel"}],"event_choices":[{"cards_removed":["Strike_G"],"damage_healed":0.0,"max_hp_gain":0.0,"max_hp_loss":0.0,"gold_gain":0.0,"event_name":"Golden Wing","player_choice":"Card Removal","floor":4.0,"gold_loss":0.0,"damage_taken":7.0},{"damage_healed":0.0,"max_hp_gain":0.0,"max_hp_loss":0.0,"gold_gain":0.0,"event_name":"Living Wall","player_choice":"Grow","floor":11.0,"gold_loss":0.0,"damage_taken":0.0,"cards_upgraded":["Infinite Blades"]},{"damage_healed":0.0,"max_hp_gain":0.0,"max_hp_loss":0.0,"gold_gain":0.0,"event_name":"Scrap Ooze","player_choice":"Success","floor":14.0,"gold_loss":0.0,"damage_taken":3.0,"relics_obtained":["Lizard Tail"]},{"damage_healed":0.0,"max_hp_gain":0.0,"max_hp_loss":0.0,"gold_gain":0.0,"event_name":"Accursed Blacksmith","player_choice":"Rummage","floor":27.0,"gold_loss":0.0,"damage_taken":0.0,"relics_obtained":["WarpedTongs"],"cards_obtained":["Pain"]},{"cards_removed":["Tactician"],"damage_healed":0.0,"max_hp_gain":0.0,"max_hp_loss":0.0,"gold_gain":0.0,"event_name":"Falling","player_choice":"Removed Skill","floor":36.0,"gold_loss":0.0,"damage_taken":0.0}],"is_beta":false,"boss_relics":[{"not_picked":["Coffee Dripper","Runic Dome"],"picked":"HoveringKite"},{"not_picked":["SacredBark","Pandora\u0027s Box"],"picked":"Runic Pyramid"}],"items_purged_floors":[10,20,37,45],"is_endless":false,"potions_floor_spawned":[1,2,3,13,16,21,22,30,31,33,35,42,54],"ascension_level":4}}