{"host":"x4954lblgztusody","time":1613712257,"event":{"mods":["BaseMod","Clockwork Mod","Colored Map","Curses Come First","Minty Spire (QoL Compilation)","Rare Cards Sparkle","Shop Mod","StSLib","The Animator","WarShipGirlsR/战舰少女R mod"],"gold_per_floor":[110,123,137,162,175,175,275,275,275,290,304,304,322,340,340,450,450,423,444,354,371,398,398,418,433,433,433,79,100,0,0,0,125,125,151,151,5,5,0,0,0],"floor_reached":40,"language":"ENG","playtime":4598,"items_purged":["animator:Strike","animator:Defend"],"score":422,"play_id":"746ada33-090d-40ca-94e5-ee1d0da7653b","local_time":"20210218212417","is_ascension_mode":true,"campfire_choices":[{"data":"animator:Demiurge","floor":6,"key":"SMITH"},{"data":"animator:Mikaela","floor":8,"key":"SMITH"},{"data":"animator:Verdia","floor":15,"key":"SMITH"},{"data":"animator:Entoma+1","floor":23,"key":"SMITH"},{"floor":27,"key":"REST"},{"data":"animator:Demiurge","floor":32,"key":"SMITH"}],"circlet_count":0,"master_deck":["animator:Strike+1","animator:Defend+1","animator:Defend+1","animator:Cocytus","animator:Demiurge+1","animator:DolaCouronne","animator:Verdia+1","animator:Shigure","animator:Entoma+3","animator:Chris","animator:Rimuru","CurseOfTheBell","animator:Demiurge+1","animator:GazelDwargon+1","animator:Shuna","animator:Souei+1","animator:Demiurge+1","animator:Shalltear","animator:WinryRockbell","animator:Verdia+1","animator:Rimuru"],"relics":["animator:LivingPicture","animator:TheMissingPiece","animator:PurgingStone","CloakClasp","Calling Bell","animator:WornHelmet","Ornamental Fan","Lizard Tail","Toxic Egg 2","Eternal Feather","Empty Cage","Mummified Hand","DollysMirror","Philosopher\u0027s Stone"],"acts_visited":["Exordium","TheCity","TheBeyond"],"potions_floor_usage":[16,16,24,25,33,40,40],"damage_taken":[{"damage":0,"enemies":"Small Slimes","floor":1,"turns":4},{"damage":4,"enemies":"Cultist","floor":2,"turns":5},{"damage":2,"enemies":"Jaw Worm","floor":3,"turns":3},{"damage":0,"enemies":"Large Slime","floor":4,"turns":6},{"damage":6,"enemies":"Red Slaver","floor":5,"turns":5},{"damage":0,"enemies":"Blue Slaver","floor":10,"turns":5},{"damage":1,"enemies":"3 Louse","floor":11,"turns":4},{"damage":0,"enemies":"2 Fungi Beasts","floor":13,"turns":4},{"damage":0,"enemies":"Blue Slaver","floor":14,"turns":3},{"damage":12,"enemies":"Hexaghost","floor":16,"turns":12},{"damage":3,"enemies":"2 Thieves","floor":18,"turns":5},{"damage":16,"enemies":"Chosen","floor":19,"turns":9},{"damage":9,"enemies":"Shelled Parasite and Fungi","floor":21,"turns":8},{"damage":10,"enemies":"Centurion and Healer","floor":22,"turns":8},{"damage":6,"enemies":"Cultist and Chosen","floor":24,"turns":7},{"damage":16,"enemies":"Snecko","floor":25,"turns":7},{"damage":7,"enemies":"Centurion and Healer","floor":29,"turns":13},{"damage":35,"enemies":"Automaton","floor":33,"turns":16},{"damage":3,"enemies":"3 Shapes","floor":35,"turns":8},{"damage":65,"enemies":"Reptomancer","floor":40,"turns":4}],"seed_played":"8846379224940865746","potions_obtained":[{"floor":2,"key":"Regen Potion"},{"floor":3,"key":"SmokeBomb"},{"floor":13,"key":"animator:GrowthPotion"},{"floor":14,"key":"SkillPotion"},{"floor":21,"key":"Dexterity Potion"},{"floor":22,"key":"Fire Potion"},{"floor":24,"key":"Swift Potion"},{"floor":29,"key":"SpeedPotion"},{"floor":35,"key":"Ancient Potion"}],"is_trial":false,"path_per_floor":["M","M","M","M","M","R","?","R","T","M","M","?","M","M","R","B",null,"M","M","?","M","M","R","M","M","T","R","$","M","$","?","R","B",null,"M","T","$","?","?","E"],"character_chosen":"THE_ANIMATOR","items_purchased":["Eternal Feather","animator:Souei+1","DollysMirror"],"campfire_rested":1,"item_purchase_floors":[28,28,37],"current_hp_per_floor":[66,62,60,60,54,54,54,54,54,54,53,40,40,42,42,30,68,65,49,49,40,30,30,29,13,13,33,33,26,26,26,38,3,68,68,68,68,68,69,0,0],"gold":0,"neow_bonus":"THREE_CARDS","is_daily":false,"chose_seed":false,"campfire_upgraded":5,"win_rate":0.0,"timestamp":1613712257,"path_taken":["M","M","M","M","M","R","?","R","T","?","M","?","M","M","R","BOSS","M","M","?","?","M","R","M","M","T","R","$","M","$","?","R","BOSS","M","?","$","?","?","E"],"items_purchased_type":["Relic","Card","Relic"],"build_version":"2020-12-22","purchased_purges":2,"victory":false,"max_hp_per_floor":[66,66,66,66,66,66,66,66,66,66,66,66,66,68,68,68,68,68,68,68,68,68,68,68,68,68,68,68,68,68,68,68,68,68,71,71,71,71,72,41,41],"card_choices":[{"not_picked":["animator:Verdia","animator:Shinoa"],"picked":"animator:Mikaela","floor":0},{"not_picked":["animator:Laby","animator:Shinoa"],"picked":"animator:DolaCouronne","floor":1},{"not_picked":["animator:Rena","animator:NarberalGamma"],"picked":"animator:Verdia","floor":2},{"not_picked":["animator:ZankiKiguchi","animator:Shion"],"picked":"animator:Shigure","floor":3},{"not_picked":["animator:Sebas","animator:Cocytus"],"picked":"animator:Entoma","floor":4},{"not_picked":["animator:ZankiKiguchi","animator:Chung","animator:Emonzaemon"],"picked":"SKIP","floor":5},{"not_picked":["animator:KrulTepes","animator:Pride","animator:Shigure"],"picked":"SKIP","floor":10},{"not_picked":["animator:Kazuma","animator:ElricEdward"],"picked":"animator:Chris","floor":11},{"not_picked":["animator:Shichika","animator:Yuuichirou","animator:RoyMustang"],"picked":"SKIP","floor":14},{"not_picked":["animator:Elesis","animator:Eve"],"picked":"animator:Rimuru","floor":16},{"not_picked":["animator:Tet","animator:Mikaela","animator:Megumin"],"picked":"SKIP","floor":18},{"not_picked":["animator:RoyMustang","animator:LeleiLaLalena","animator:Togame"],"picked":"SKIP","floor":19},{"not_picked":["animator:PandorasActor","animator:Cocytus"],"picked":"animator:Demiurge","floor":21},{"not_picked":["animator:Shion","animator:Aisha+1","animator:Mikaela"],"picked":"SKIP","floor":22},{"not_picked":["animator:FielNirvalen","animator:Megumin"],"picked":"animator:GazelDwargon+1","floor":24},{"not_picked":["animator:Shichika","animator:RoyMustang"],"picked":"animator:Shuna","floor":25},{"not_picked":["animator:Cocytus","animator:NarberalGamma+1"],"picked":"animator:Demiurge+1","floor":29},{"not_picked":["animator:Wiz+1","animator:Greed"],"picked":"animator:Father+1","floor":33},{"not_picked":["animator:Shion","animator:Shuna+1"],"picked":"animator:Shalltear","floor":35},{"not_picked":[],"picked":"animator:WinryRockbell","floor":39},{"not_picked":[],"picked":"animator:Verdia","floor":39},{"not_picked":[],"picked":"animator:Rimuru","floor":39}],"player_experience":83747,"relics_obtained":[{"floor":9,"key":"CloakClasp"},{"floor":17,"key":"animator:WornHelmet"},{"floor":17,"key":"Ornamental Fan"},{"floor":17,"key":"Lizard Tail"},{"floor":26,"key":"Toxic Egg 2"},{"floor":36,"key":"Mummified Hand"}],"event_choices":[{"damage_healed":0,"gold_gain":100,"player_choice":"Pray","damage_taken":0,"max_hp_gain":0,"max_hp_loss":0,"event_name":"Golden Shrine","floor":7,"gold_loss":0},{"damage_healed":0,"gold_gain":0,"player_choice":"Entered Light","damage_taken":13,"max_hp_gain":0,"max_hp_loss":0,"event_name":"Shining Light","floor":12,"gold_loss":0,"cards_upgraded":["animator:Defend","animator:Defend"]},{"cards_removed":["animator:Strike"],"damage_healed":0,"gold_gain":0,"player_choice":"Upgrade and Remove","damage_taken":0,"max_hp_gain":0,"max_hp_loss":0,"event_name":"Designer","floor":20,"gold_loss":90,"cards_upgraded":["animator:Strike"]},{"damage_healed":0,"gold_gain":0,"player_choice":"Ignored","damage_taken":0,"max_hp_gain":0,"max_hp_loss":0,"event_name":"N\u0027loth","floor":31,"gold_loss":0},{"cards_removed":["animator:Mikaela"],"damage_healed":0,"gold_gain":0,"player_choice":"Removed Attack","damage_taken":0,"max_hp_gain":0,"max_hp_loss":0,"event_name":"Falling","floor":38,"gold_loss":0}],"is_beta":false,"boss_relics":[{"not_picked":["Astrolabe","animator:CursedBlade"],"picked":"Calling Bell"},{"not_picked":["Velvet Choker","animator:RacePiece"],"picked":"Empty Cage"}],"items_purged_floors":[28,30],"is_endless":false,"potions_floor_spawned":[2,3,13,14,21,22,24,29,35],"killed_by":"Reptomancer","ascension_level":2}}