{"host":"89iuq2p5kwriuwfq","time":1613749627,"event":{"mods":["BaseMod","Curses Come First","Minty Spire (QoL Compilation)","Permanent Neow","StSLib"],"gold_per_floor":[110,125,145,163,238,270,235,235,235,253,287,13,47,64,64,64,64],"floor_reached":16,"language":"ENG","playtime":807,"items_purged":["Strike_R"],"score":201,"play_id":"1e9c56f7-e104-412a-8310-f167cd910744","local_time":"20210219154707","is_ascension_mode":true,"campfire_choices":[{"data":"Flame Barrier","floor":8,"key":"SMITH"},{"data":"Inflame","floor":15,"key":"SMITH"}],"circlet_count":0,"master_deck":["AscendersBane","Strike_R","Strike_R","Strike_R","Defend_R","Defend_R","Defend_R","Bash","Flame Barrier+1","Thunderclap","Sword Boomerang","Hemokinesis","Evolve","Spot Weakness","Inflame+1","Offering","True Grit"],"relics":["Burning Blood","Bag of Marbles","Akabeko","StrikeDummy","Anchor"],"acts_visited":["Exordium"],"potions_floor_usage":[6,11,16],"damage_taken":[{"damage":14,"enemies":"Small Slimes","floor":1,"turns":5},{"damage":0,"enemies":"Jaw Worm","floor":2,"turns":4},{"damage":0,"enemies":"Cultist","floor":3,"turns":4},{"damage":25,"enemies":"Gremlin Gang","floor":4,"turns":5},{"damage":23,"enemies":"Gremlin Nob","floor":6,"turns":4},{"damage":2,"enemies":"Large Slime","floor":10,"turns":1},{"damage":19,"enemies":"Lagavulin","floor":11,"turns":5},{"damage":13,"enemies":"3 Sentries","floor":13,"turns":5},{"damage":6,"enemies":"Exordium Wildlife","floor":14,"turns":3},{"damage":12,"enemies":"Hexaghost","floor":16,"turns":7}],"seed_played":"-5315685722401384431","potions_obtained":[{"floor":3,"key":"SteroidPotion"},{"floor":6,"key":"Fire Potion"},{"floor":14,"key":"Dexterity Potion"}],"is_trial":false,"path_per_floor":["M","M","M","M","?","E","?","R","T","M","E","$","E","M","R","B"],"character_chosen":"IRONCLAD","items_purchased":["Inflame","Offering"],"campfire_rested":0,"item_purchase_floors":[12,12],"current_hp_per_floor":[43,49,55,36,25,8,28,28,28,32,19,19,12,12,12,0,0],"gold":64,"neow_bonus":"REMOVE_TWO","is_daily":false,"chose_seed":false,"campfire_upgraded":2,"win_rate":0.0,"timestamp":1613749627,"path_taken":["M","M","M","M","?","E","?","R","T","M","E","$","E","M","R","BOSS"],"items_purchased_type":["Card","Card"],"build_version":"2020-12-22","purchased_purges":1,"victory":false,"max_hp_per_floor":[80,80,80,80,80,80,80,80,80,80,80,80,80,80,80,80,80],"card_choices":[{"not_picked":["Thunderclap","Seeing Red"],"picked":"Flame Barrier","floor":1},{"not_picked":["Intimidate","Havoc","Clash"],"picked":"SKIP","floor":2},{"not_picked":["Seeing Red","Wild Strike"],"picked":"Thunderclap","floor":3},{"not_picked":["Clash","Battle Trance"],"picked":"Sword Boomerang","floor":4},{"not_picked":["Bludgeon","Dual Wield"],"picked":"Hemokinesis","floor":6},{"not_picked":["Havoc","Heavy Blade"],"picked":"Evolve","floor":10},{"not_picked":["True Grit","Headbutt"],"picked":"Spot Weakness","floor":11},{"not_picked":["Intimidate","Body Slam","Entrench"],"picked":"SKIP","floor":13},{"not_picked":["Entrench","Dark Embrace"],"picked":"True Grit","floor":14}],"player_experience":733810,"relics_obtained":[{"floor":6,"key":"Bag of Marbles"},{"floor":9,"key":"Akabeko"},{"floor":11,"key":"StrikeDummy"},{"floor":13,"key":"Anchor"}],"event_choices":[{"damage_healed":0,"gold_gain":75,"player_choice":"Gather Gold","damage_taken":11,"max_hp_gain":0,"max_hp_loss":0,"event_name":"World of Goop","floor":5,"gold_loss":0},{"damage_healed":20,"gold_gain":0,"player_choice":"Healed","damage_taken":0,"max_hp_gain":0,"max_hp_loss":0,"event_name":"The Cleric","floor":7,"gold_loss":35}],"is_beta":false,"boss_relics":[],"items_purged_floors":[12],"is_endless":false,"potions_floor_spawned":[3,6,14],"killed_by":"Hexaghost","ascension_level":13}}