{"host":"dlqyscxstsnu98l1","time":1613697109,"event":{"mods":["AchievementEnabler","BaseMod","Colored Map","Colored Powertips","GifTheSpireLib","Highlight Path","Minty Spire (QoL Compilation)","Random Character Button","SacredBarkPlus","StSLib","everything is the same but u backflip on backflip"],"gold_per_floor":[116,116,116,130,145,174,174,174,174,174,187,204,204,204,204,204,204],"floor_reached":16,"language":"ENG","playtime":1146,"items_purged":[],"score":100,"play_id":"48c85a87-ce5e-4fde-a2bc-1b24b0e69d7b","local_time":"20210218191149","is_ascension_mode":false,"campfire_choices":[{"floor":7,"key":"REST"},{"floor":15,"key":"REST"}],"circlet_count":0,"master_deck":["Strike_R","Strike_R","Strike_R","Strike_R","Defend_R","Defend_R","Defend_R","Defend_R","Shrug It Off","Shrug It Off","Perfected Strike","Anger","Flex","Anger","Barricade","Twin Strike","Thunderclap"],"relics":["Burning Blood","Dream Catcher","Kunai","Golden Idol"],"acts_visited":["Exordium"],"potions_floor_usage":[],"damage_taken":[{"damage":15,"enemies":"Jaw Worm","floor":1,"turns":4},{"damage":9,"enemies":"2 Louse","floor":4,"turns":3},{"damage":13,"enemies":"Cultist","floor":5,"turns":5},{"damage":28,"enemies":"Gremlin Nob","floor":6,"turns":4},{"damage":0,"enemies":"Large Slime","floor":11,"turns":5},{"damage":7,"enemies":"Blue Slaver","floor":12,"turns":4},{"damage":85,"enemies":"Slime Boss","floor":16,"turns":13}],"seed_played":"-3228215477476532434","potions_obtained":[{"floor":4,"key":"BlessingOfTheForge"},{"floor":6,"key":"Swift Potion"},{"floor":11,"key":"FearPotion"}],"is_trial":false,"path_per_floor":["M","?","?","M","M","E","R","$","T","?","M","M","?","$","R","B"],"character_chosen":"IRONCLAD","items_purchased":[],"campfire_rested":2,"item_purchase_floors":[],"current_hp_per_floor":[79,76,76,73,66,44,70,70,70,63,69,68,68,68,81,0,0],"gold":204,"neow_bonus":"TEN_PERCENT_HP_BONUS","is_daily":false,"chose_seed":false,"campfire_upgraded":0,"win_rate":0.0,"timestamp":1613697109,"path_taken":["M","?","?","?","M","E","R","$","T","?","M","M","?","$","R","BOSS"],"items_purchased_type":[],"build_version":"2020-12-22","purchased_purges":0,"victory":false,"max_hp_per_floor":[88,88,88,88,88,88,88,88,88,88,88,88,81,81,81,81,81],"card_choices":[{"not_picked":["Pommel Strike","Iron Wave"],"picked":"Shrug It Off","floor":1},{"not_picked":["Thunderclap","Flame Barrier"],"picked":"Perfected Strike","floor":4},{"not_picked":["Wild Strike","Clothesline"],"picked":"Anger","floor":5},{"not_picked":["Power Through","Evolve"],"picked":"Flex","floor":6},{"not_picked":["Warcry","Second Wind"],"picked":"Anger","floor":7},{"not_picked":["Wild Strike","Rage"],"picked":"Barricade","floor":11},{"not_picked":["Armaments","Clash"],"picked":"Twin Strike","floor":12},{"not_picked":["Anger","Dark Embrace"],"picked":"Thunderclap","floor":15}],"player_experience":228771,"relics_obtained":[{"floor":6,"key":"Dream Catcher"},{"floor":9,"key":"Kunai"}],"event_choices":[{"damage_healed":0,"gold_gain":0,"player_choice":"Fled","damage_taken":3,"max_hp_gain":0,"max_hp_loss":0,"event_name":"Scrap Ooze","floor":2,"gold_loss":0},{"damage_healed":0,"gold_gain":0,"cards_transformed":["Strike_R"],"player_choice":"Transformed","damage_taken":0,"max_hp_gain":0,"max_hp_loss":0,"event_name":"Transmorgrifier","floor":3,"gold_loss":0,"cards_obtained":["Shrug It Off"]},{"cards_removed":["Bash"],"damage_healed":0,"gold_gain":0,"player_choice":"Card Removal","damage_taken":7,"max_hp_gain":0,"max_hp_loss":0,"event_name":"Golden Wing","floor":10,"gold_loss":0},{"damage_healed":0,"gold_gain":0,"player_choice":"Lose Max HP","damage_taken":0,"relics_obtained":["Golden Idol"],"max_hp_gain":0,"max_hp_loss":7,"event_name":"Golden Idol","floor":13,"gold_loss":0}],"is_beta":false,"boss_relics":[],"items_purged_floors":[],"is_endless":false,"potions_floor_spawned":[4,6,11],"killed_by":"Slime Boss","ascension_level":0}}