{"host":"siagz6a7l016lv9o","time":1613774799,"event":{"mods":["AchievementEnabler","BaseMod","Colored Map","Downfall","Minty Spire (QoL Compilation)","Quick Restart","StSLib"],"gold_per_floor":[117,136,136,160,110,110,30,30,30,70,93,93,93,126,126,256,256,277,291,304,379,54,97,134,146,210,255,288,300,325,371,383,516,528,560,590,602,315,378,417,417,750,775,786,801,801,24,55,55,55],"floor_reached":51,"language":"ENG","playtime":2666,"items_purged":["Strike_G","Strike_G","Strike_G"],"score":1018,"play_id":"0a858c08-92e3-42bc-bfb6-d6bf2752e94f","local_time":"20210219234639","is_ascension_mode":true,"campfire_choices":[{"data":"Crippling Poison","floor":6.0,"key":"SMITH"},{"data":"Noxious Fumes","floor":8.0,"key":"SMITH"},{"data":"Deadly Poison","floor":15.0,"key":"SMITH"},{"data":"Footwork","floor":25.0,"key":"SMITH"},{"data":"Catalyst","floor":29.0,"key":"SMITH"},{"floor":32,"key":"REST"},{"data":"Burst","floor":41,"key":"SMITH"},{"data":"Backflip","floor":46,"key":"SMITH"},{"data":"Neutralize","floor":49,"key":"SMITH"}],"circlet_count":0,"master_deck":["Defend_G+1","Defend_G","Defend_G+1","Defend_G","Defend_G","Survivor","Neutralize+1","Crippling Poison","Crippling Poison+1","Deadly Poison+1","Noxious Fumes+1","Backflip+1","Burst+1","Leg Sweep","Noxious Fumes+1","PiercingWail","Footwork+1","Backflip+1","Catalyst+1","Escape Plan","Deadly Poison+1","Caltrops+1"],"relics":["SacredBark","InkBottle","Kunai","Bronze Scales","War Paint","Philosopher\u0027s Stone","TwistedFunnel","MawBank","Snake Skull","Shuriken","Ninja Scroll","SlaversCollar","Anchor","Mango","Oddly Smooth Stone","MealTicket","Molten Egg 2","Regal Pillow","Sling","Darkstone Periapt"],"acts_visited":["Exordium","TheCity","TheBeyond"],"potions_floor_usage":[31,31,36,50],"damage_taken":[{"damage":0.0,"enemies":"Small Slimes","floor":1.0,"turns":5.0},{"damage":0.0,"enemies":"2 Louse","floor":2.0,"turns":2.0},{"damage":0.0,"enemies":"Jaw Worm","floor":4.0,"turns":4.0},{"damage":12.0,"enemies":"3 Sentries","floor":10.0,"turns":6.0},{"damage":2.0,"enemies":"3 Louse","floor":11.0,"turns":3.0},{"damage":18.0,"enemies":"Gremlin Nob","floor":14.0,"turns":4.0},{"damage":0.0,"enemies":"The Guardian","floor":16.0,"turns":7.0},{"damage":8.0,"enemies":"Spheric Guardian","floor":18.0,"turns":4.0},{"damage":2.0,"enemies":"Shell Parasite","floor":19.0,"turns":4.0},{"damage":5.0,"enemies":"Centurion and Healer","floor":20.0,"turns":7.0},{"damage":15.0,"enemies":"Slavers","floor":23.0,"turns":4.0},{"damage":0.0,"enemies":"Snake Plant","floor":24.0,"turns":4.0},{"damage":0.0,"enemies":"Book of Stabbing","floor":27.0,"turns":5.0},{"damage":0.0,"enemies":"Snecko","floor":28.0,"turns":4.0},{"damage":0.0,"enemies":"Sentry and Sphere","floor":30.0,"turns":3.0},{"damage":0,"enemies":"Slavers","floor":31,"turns":2},{"damage":12,"enemies":"Collector","floor":33,"turns":5},{"damage":0,"enemies":"Orb Walker","floor":35,"turns":2},{"damage":6,"enemies":"3 Darklings","floor":36,"turns":4},{"damage":0,"enemies":"Mind Bloom Boss Battle","floor":39,"turns":3},{"damage":0,"enemies":"Giant Head","floor":40,"turns":6},{"damage":10,"enemies":"Spire Growth","floor":44,"turns":4},{"damage":0,"enemies":"Sphere and 2 Shapes","floor":45,"turns":4},{"damage":0,"enemies":"Nemesis","floor":48,"turns":3},{"damage":19,"enemies":"Time Eater","floor":50,"turns":5}],"seed_played":"-3639035415147286604","potions_obtained":[{"floor":4.0,"key":"CultistPotion"},{"floor":10.0,"key":"Fire Potion"},{"floor":11.0,"key":"AttackPotion"},{"floor":14.0,"key":"CunningPotion"},{"floor":23.0,"key":"Explosive Potion"},{"floor":24.0,"key":"Explosive Potion"},{"floor":33,"key":"PowerPotion"},{"floor":35,"key":"Energy Potion"}],"is_trial":false,"path_per_floor":["M","M","?","M","?","R","$","R","T","E","M","?","?","E","R","B",null,"M","M","M","?","$","E","M","R","T","E","M","R","M","E","R","B",null,"M","M","?","$","?","E","R","?","T","M","M","R","$","E","R","B",null],"character_chosen":"THE_SILENT","items_purchased":["Noxious Fumes","TwistedFunnel","PiercingWail","Footwork","Anchor","Block Potion","FairyPotion","Molten Egg 2","Regal Pillow","Sling"],"campfire_rested":1,"item_purchase_floors":[7,22,22,22,38,38,47,47,47,47],"current_hp_per_floor":[70,70,65,65,65,65,65,65,65,53,51,44,44,26,26,26,65,57,55,50,44,44,29,29,29,29,29,29,29,29,29,48,36,65,65,59,59,59,73,73,73,73,73,63,63,63,78,78,78,59],"gold":55,"neow_bonus":"BOSS_RELIC","is_daily":false,"chose_seed":false,"campfire_upgraded":8,"win_rate":0.0,"timestamp":1613774799,"path_taken":["M","M","?","M","?","R","$","R","T","E","M","?","?","E","R","BOSS","M","M","M","?","$","E","M","R","T","E","M","R","?","E","R","BOSS","M","M","?","$","?","E","R","?","T","M","M","R","?","E","R","BOSS"],"items_purchased_type":["Card","Relic","Card","Card","Relic","Potion","Potion","Relic","Relic","Relic"],"build_version":"2020-12-22","purchased_purges":3,"victory":true,"max_hp_per_floor":[70,70,65,65,65,65,65,65,65,65,65,65,65,65,65,65,65,65,65,65,65,65,65,65,65,65,65,65,65,65,65,65,65,65,65,65,65,65,79,79,79,79,79,79,79,79,79,79,79,79],"card_choices":[{"not_picked":["Quick Slash","Acrobatics"],"picked":"Crippling Poison","floor":1.0},{"not_picked":["Deflect","Bane"],"picked":"Crippling Poison","floor":2.0},{"not_picked":["Underhanded Strike","Tactician"],"picked":"Deadly Poison","floor":4.0},{"not_picked":["Dagger Throw","Deadly Poison"],"picked":"Backflip","floor":10.0},{"not_picked":["Dodge and Roll","Dagger Throw","Heel Hook"],"picked":"SKIP","floor":11.0},{"not_picked":["Dodge and Roll","Underhanded Strike","Outmaneuver"],"picked":"SKIP","floor":14.0},{"not_picked":["Bullet Time","Tools of the Trade"],"picked":"Burst","floor":16.0},{"not_picked":["Infinite Blades","Distraction","Underhanded Strike"],"picked":"SKIP","floor":18.0},{"not_picked":["Choke","Well Laid Plans"],"picked":"Leg Sweep","floor":19.0},{"not_picked":["Blade Dance","Sucker Punch"],"picked":"Noxious Fumes+1","floor":20.0},{"not_picked":["Leg Sweep","Predator"],"picked":"Backflip+1","floor":23.0},{"not_picked":["Quick Slash+1","Backflip","Riddle With Holes"],"picked":"SKIP","floor":24.0},{"not_picked":["Tactician","Blade Dance+1","PiercingWail+1"],"picked":"SKIP","floor":27.0},{"not_picked":["Prepared","Blur"],"picked":"Catalyst","floor":28.0},{"not_picked":["Backflip","Flying Knee"],"picked":"Escape Plan","floor":30},{"not_picked":["Caltrops","Predator"],"picked":"Deadly Poison+1","floor":31},{"not_picked":["Riddle With Holes+1","PiercingWail"],"picked":"Caltrops+1","floor":35},{"not_picked":["Prepared","Reflex+1","Slice+1"],"picked":"SKIP","floor":36},{"not_picked":["Endless Agony+1","Night Terror","Deadly Poison"],"picked":"SKIP","floor":40},{"not_picked":["Sucker Punch+1","Predator+1","Flying Knee+1"],"picked":"SKIP","floor":44},{"not_picked":["Outmaneuver+1","Crippling Poison+1","Distraction"],"picked":"SKIP","floor":45},{"not_picked":["Skewer+1","Distraction+1","Dagger Throw+1"],"picked":"SKIP","floor":48}],"player_experience":7504,"relics_obtained":[{"floor":9.0,"key":"InkBottle"},{"floor":10.0,"key":"Kunai"},{"floor":14.0,"key":"War Paint"},{"floor":23.0,"key":"MawBank"},{"floor":26.0,"key":"Snake Skull"},{"floor":27.0,"key":"Shuriken"},{"floor":31,"key":"Ninja Scroll"},{"floor":39,"key":"Mango"},{"floor":40,"key":"Oddly Smooth Stone"},{"floor":43,"key":"MealTicket"},{"floor":48,"key":"Darkstone Periapt"}],"event_choices":[{"damage_healed":0.0,"max_hp_gain":0.0,"max_hp_loss":5.0,"gold_gain":0.0,"event_name":"Golden Idol","player_choice":"Lose Max HP","floor":3.0,"gold_loss":0.0,"damage_taken":0.0,"relics_obtained":["Golden Idol"]},{"cards_removed":["Strike_G"],"damage_healed":0.0,"max_hp_gain":0.0,"max_hp_loss":0.0,"gold_gain":0.0,"event_name":"The Cleric","player_choice":"Card Removal","floor":5.0,"gold_loss":50.0,"damage_taken":0.0},{"damage_healed":0.0,"max_hp_gain":0.0,"max_hp_loss":0.0,"gold_gain":0.0,"event_name":"Scrap Ooze","player_choice":"Success","floor":12.0,"gold_loss":0.0,"damage_taken":7.0,"relics_obtained":["Bronze Scales"]},{"damage_healed":0.0,"max_hp_gain":0.0,"max_hp_loss":0.0,"gold_gain":0.0,"event_name":"Liars Game","player_choice":"Ignored","floor":13.0,"gold_loss":0.0,"damage_taken":0.0},{"damage_healed":0.0,"max_hp_gain":0.0,"max_hp_loss":0.0,"gold_gain":75.0,"event_name":"FaceTrader","player_choice":"Touch","floor":21.0,"gold_loss":0.0,"damage_taken":6.0},{"cards_removed":["Strike_G"],"damage_healed":0,"gold_gain":0,"player_choice":"Removed Attack","damage_taken":0,"max_hp_gain":0,"max_hp_loss":0,"event_name":"Falling","floor":37,"gold_loss":0},{"damage_healed":0,"gold_gain":0,"player_choice":"Fight","damage_taken":0,"max_hp_gain":0,"max_hp_loss":0,"event_name":"MindBloom","floor":39,"gold_loss":0},{"damage_healed":0,"gold_gain":333,"player_choice":"Gave Idol","damage_taken":0,"max_hp_gain":0,"max_hp_loss":0,"event_name":"The Moai Head","floor":42,"relics_lost":["Golden Idol"],"gold_loss":0}],"is_beta":false,"boss_relics":[{"not_picked":["Runic Pyramid","Sozu"],"picked":"Philosopher\u0027s Stone"},{"not_picked":["Velvet Choker","Runic Dome"],"picked":"SlaversCollar"}],"items_purged_floors":[22,38,47],"is_endless":false,"potions_floor_spawned":[4,10,11,14,23,24,27,33,35,39,40,45],"ascension_level":1}}