{"host":"pxmwci5ksxda8grt","time":1613721663,"event":{"mods":["BaseMod","Bestiary","Better Synergies","Better Third Choice","BetterRewards","Block Reminder","Colored Map","Colored Powertips","DeckTracker","Defuse TimeMaze Blight","Energized Spire","GifTheSpireLib","Minty Spire (QoL Compilation)","Quick Restart","Rare Cards Sparkle","Relic Stats","Spire Birthday Party","StSLib","SuperFastMode","Synergy Search","Unceasing Turn Reminder"],"gold_per_floor":[118,118,136,136,146,175,175,191,191,203,56,66,100,118,118,219,219,235,235,249,276,276,306,306,335,335,335,348,373,373,407,407,508,508,521,521,521,521,571,599,599,631,631,665,220,268,268,280,280,280],"floor_reached":51,"language":"ENG","playtime":1764,"items_purged":["Strike_R","Strike_R"],"score":1903,"play_id":"a9161113-b38e-45c8-945d-985a201e4b9a","local_time":"20210219210103","is_ascension_mode":true,"campfire_choices":[{"data":"Armaments","floor":7,"key":"SMITH"},{"data":"Whirlwind","floor":15,"key":"SMITH"},{"floor":24,"key":"DIG"},{"floor":27,"key":"DIG"},{"data":"Offering","floor":30,"key":"SMITH"},{"floor":32,"key":"DIG"},{"floor":41,"key":"RECALL"},{"data":"Demon Form","floor":47,"key":"SMITH"},{"floor":49,"key":"DIG"}],"circlet_count":0,"master_deck":["AscendersBane","Strike_R","Strike_R","Strike_R","Defend_R","Defend_R+1","Defend_R","Bash","Rage","Pommel Strike","Shrug It Off+1","Whirlwind+1","Armaments+1","Skim+1","Thunderclap","Rupture","Infernal Blade","Pummel","Double Tap","Offering+1","Inflame","Barricade","Necronomicurse","Evolve","Hemokinesis","Metallicize","Demon Form+1","Demon Form","CurseOfTheBell","Flex+1","Spot Weakness","Flex","Inflame+1","Body Slam+1","Body Slam+1"],"relics":["Burning Blood","FossilizedHelix","Chemical X","Shovel","MealTicket","Pen Nib","Orrery","Thread and Needle","Matryoshka","Medical Kit","Champion Belt","Darkstone Periapt","War Paint","Eternal Feather","TungstenRod","Du-Vu Doll","Tiny Chest","Bird Faced Urn","Sling","Mummified Hand","energizedSpire:CursedPentagram","Necronomicon","Regal Pillow","MutagenicStrength","Orichalcum","Anchor","Juzu Bracelet","Bag of Marbles","Dream Catcher","Bottled Lightning","Potion Belt","Centennial Puzzle","Calling Bell","Boot","Letter Opener","Peace Pipe","Spirit Poop","Molten Egg 2","Torii","Strawberry","Paper Frog","Bottled Flame","Omamori","Membership Card","Lantern","Unceasing Top","Prayer Wheel","Blood Vial"],"acts_visited":["Exordium","TheCity","TheBeyond"],"potions_floor_usage":[],"damage_taken":[{"damage":0,"enemies":"2 Louse","floor":1,"turns":1},{"damage":0,"enemies":"Jaw Worm","floor":3,"turns":3},{"damage":0,"enemies":"Cultist","floor":5,"turns":3},{"damage":0,"enemies":"3 Sentries","floor":6,"turns":4},{"damage":0,"enemies":"Blue Slaver","floor":8,"turns":3},{"damage":0,"enemies":"3 Louse","floor":10,"turns":3},{"damage":0,"enemies":"Exordium Thugs","floor":12,"turns":3},{"damage":2,"enemies":"Lagavulin","floor":13,"turns":6},{"damage":0,"enemies":"Lots of Slimes","floor":14,"turns":2},{"damage":7,"enemies":"The Guardian","floor":16,"turns":8},{"damage":3,"enemies":"2 Thieves","floor":18,"turns":3},{"damage":0,"enemies":"3 Byrds","floor":20,"turns":2},{"damage":26,"enemies":"Gremlin Leader","floor":23,"turns":3},{"damage":13,"enemies":"Book of Stabbing","floor":25,"turns":4},{"damage":0,"enemies":"Snake Plant","floor":28,"turns":3},{"damage":0,"enemies":"Slavers","floor":29,"turns":2},{"damage":0,"enemies":"Book of Stabbing","floor":31,"turns":1},{"damage":45,"enemies":"Champ","floor":33,"turns":5},{"damage":8,"enemies":"3 Shapes","floor":35,"turns":3},{"damage":1,"enemies":"Mind Bloom Boss Battle","floor":39,"turns":5},{"damage":0,"enemies":"Nemesis","floor":40,"turns":1},{"damage":1,"enemies":"Giant Head","floor":42,"turns":4},{"damage":0,"enemies":"Reptomancer","floor":44,"turns":1},{"damage":0,"enemies":"2 Orb Walkers","floor":46,"turns":1},{"damage":0,"enemies":"Orb Walker","floor":48,"turns":1},{"damage":0,"enemies":"Donu and Deca","floor":50,"turns":1}],"seed_played":"-7215938293310542112","potions_obtained":[{"floor":1,"key":"Weak Potion"},{"floor":3,"key":"SteroidPotion"},{"floor":5,"key":"AttackPotion"},{"floor":31,"key":"Explosive Potion"},{"floor":35,"key":"Regen Potion"},{"floor":37,"key":"ColorlessPotion"},{"floor":37,"key":"HeartOfIron"}],"is_trial":false,"path_per_floor":["M","?","M","T","M","E","R","M","T","M","$","M","E","M","R","B",null,"M","?","M","T","?","E","R","E","T","R","M","E","R","E","R","B",null,"M","?","?","T","?","E","R","E","T","E","$","?","R","M","R","B",null],"character_chosen":"IRONCLAD","items_purchased":["FossilizedHelix","Chemical X","MealTicket","Pen Nib","Orrery","Matryoshka","Medical Kit","Darkstone Periapt","Sling","Membership Card","Lantern","Unceasing Top","Flex"],"campfire_rested":0,"item_purchase_floors":[0,0,0,0,0,0,0,0,11,45,45,45,45],"current_hp_per_floor":[78,69,75,75,80,80,80,80,80,80,80,80,80,80,80,79,80,80,74,84,84,84,66,81,79,79,86,86,86,86,86,86,56,89,96,96,96,96,98,105,105,105,105,105,105,105,105,105,105,105],"gold":280,"neow_bonus":"","is_daily":false,"chose_seed":false,"campfire_upgraded":4,"win_rate":0.0,"timestamp":1613721663,"path_taken":["M","?","M","?","M","E","R","M","T","M","?","M","E","?","R","BOSS","M","?","M","?","?","E","R","E","T","R","M","E","R","E","R","BOSS","M","?","?","?","?","E","R","E","T","E","$","?","R","M","R","BOSS"],"items_purchased_type":["Relic","Relic","Relic","Relic","Relic","Relic","Relic","Relic","Relic","Relic","Relic","Relic","Card"],"build_version":"2020-12-22","purchased_purges":2,"victory":true,"max_hp_per_floor":[80,80,80,80,80,80,80,80,80,80,80,80,80,80,80,80,80,80,86,86,86,86,86,86,86,86,86,86,86,86,86,86,92,98,98,98,98,98,98,105,105,105,105,105,105,105,105,105,105,105],"relic_stats":{"Darkstone Periapt":18,"Regal Pillow":0,"Torii":0,"Juzu Bracelet":1,"Boot":[34],"Burning Blood":359,"Blood Vial":56,"Dream Catcher":0,"Centennial Puzzle":[27],"Shovel":4,"Mummified Hand":[251],"MealTicket":55,"Tiny Chest":2,"Prayer Wheel":40,"Necronomicon":[13],"Chemical X":[32],"counters":[150,403],"Eternal Feather":22,"Pen Nib":[13],"Letter Opener":[70],"War Paint":["Defend_R","Defend_R","Shrug It Off","Defend_R"],"Orichalcum":[18],"Medical Kit":[68],"Peace Pipe":0,"Bird Faced Urn":[30],"Champion Belt":[51],"obtain_stats":[{"Spirit Poop":36,"Whetstone":48,"Ginger":54,"Bottled Tornado":22,"Sling":0,"Boot":46,"Blood Vial":0,"Sundial":26,"MealTicket":0,"HandDrill":0,"Necronomicon":19,"Kunai":32,"Pear":0,"Blue Candle":0,"Eternal Feather":0,"Pen Nib":0,"Bird Faced Urn":25,"MutagenicStrength":22,"Pandora\u0027s Box":17,"Mark of Pain":17,"energizedSpire:MagnifyingGlass":34,"Unceasing Top":0,"Lantern":0,"Regal Pillow":6,"Torii":44,"Singing Bowl":0,"Magic Flower":7,"StoneCalendar":0,"Bag of Preparation":0,"Smiling Mask":43,"Ancient Tea Set":0,"Burning Blood":0,"Shovel":0,"Matryoshka":0,"Toolbox":0,"Chemical X":48,"InkBottle":0,"Paper Frog":0,"Potion Belt":0,"Lee\u0027s Waffle":0,"Self Forming Clay":0,"energizedSpire:EnergizedDie":34,"Thread and Needle":36,"PreservedInsect":11,"betterThird:NestCultRelic":28,"The Courier":43,"Omamori":27,"Frozen Egg 2":0,"MawBank":23,"Ornamental Fan":0,"Orrery":0,"Turnip":12,"Art of War":0,"Champion Belt":0,"Bottled Lightning":30,"Toy Ornithopter":23,"Ice Cream":28,"Calipers":44,"Gremlin Horn":0,"Vajra":0,"Lizard Tail":0,"Centennial Puzzle":40,"HornCleat":42,"Strawberry":0,"Philosopher\u0027s Stone":17,"Prayer Wheel":34,"Toxic Egg 2":0,"Happy Flower":0,"Dead Branch":0,"Oddly Smooth Stone":0,"Charon\u0027s Ashes":0,"Letter Opener":9,"War Paint":4,"Question Card":30,"WarpedTongs":13,"Du-Vu Doll":0,"OrangePellets":0,"Bottled Flame":43,"Shuriken":0,"Brimstone":0,"Bronze Scales":0,"Molten Egg 2":0,"Nloth\u0027s Gift":19,"Pocketwatch":0,"Meat on the Bone":48,"Darkstone Periapt":0,"Mango":0,"Juzu Bracelet":0,"Incense Burner":0,"ClockworkSouvenir":0,"Frozen Eye":0,"Nunchaku":0,"Dream Catcher":0,"TheAbacus":0,"energizedSpire:CursedPentagram":17,"Mummified Hand":0,"Pantograph":0,"Gambling Chip":13,"Tiny Chest":31,"Red Mask":21,"Red Skull":28,"Orichalcum":0,"Medical Kit":0,"White Beast Statue":53,"Mercury Hourglass":34,"Peace Pipe":0,"Calling Bell":34,"Cauldron":0,"CaptainsWheel":0,"Anchor":0,"Bag of Marbles":0,"Membership Card":0,"FossilizedHelix":0,"TungstenRod":37},{"Spirit Poop":143,"Whetstone":29,"Ginger":52,"Bottled Tornado":90,"Sling":0,"Boot":28,"Blood Vial":0,"Sundial":16,"MealTicket":0,"HandDrill":0,"Necronomicon":135,"Kunai":43,"Pear":30,"Blue Candle":30,"Eternal Feather":0,"Pen Nib":0,"Bird Faced Urn":16,"MutagenicStrength":136,"Pandora\u0027s Box":61,"Mark of Pain":10,"energizedSpire:MagnifyingGlass":20,"Unceasing Top":0,"Lantern":0,"Regal Pillow":33,"Torii":27,"Singing Bowl":30,"Magic Flower":33,"StoneCalendar":0,"Bag of Preparation":0,"Smiling Mask":27,"Ancient Tea Set":30,"Burning Blood":0,"Shovel":30,"Matryoshka":30,"Toolbox":0,"Chemical X":29,"InkBottle":30,"Paper Frog":0,"Potion Belt":0,"Lee\u0027s Waffle":0,"Self Forming Clay":30,"energizedSpire:EnergizedDie":71,"Thread and Needle":22,"PreservedInsect":7,"betterThird:NestCultRelic":110,"The Courier":118,"Omamori":17,"Frozen Egg 2":30,"MawBank":15,"Ornamental Fan":0,"Orrery":30,"Turnip":7,"Art of War":30,"Champion Belt":0,"Bottled Lightning":112,"Toy Ornithopter":38,"Ice Cream":17,"Calipers":47,"Gremlin Horn":30,"Vajra":0,"Lizard Tail":0,"Centennial Puzzle":26,"HornCleat":27,"Strawberry":30,"Philosopher\u0027s Stone":37,"Prayer Wheel":44,"Toxic Egg 2":0,"Happy Flower":30,"Dead Branch":30,"Oddly Smooth Stone":30,"Charon\u0027s Ashes":30,"Letter Opener":5,"War Paint":2,"Question Card":18,"WarpedTongs":59,"Du-Vu Doll":30,"OrangePellets":0,"Bottled Flame":77,"Shuriken":0,"Brimstone":0,"Bronze Scales":0,"Molten Egg 2":0,"Nloth\u0027s Gift":38,"Pocketwatch":0,"Meat on the Bone":29,"Darkstone Periapt":30,"Mango":0,"Juzu Bracelet":0,"Incense Burner":0,"ClockworkSouvenir":0,"Frozen Eye":0,"Nunchaku":0,"Dream Catcher":0,"TheAbacus":0,"energizedSpire:CursedPentagram":134,"Mummified Hand":0,"Pantograph":30,"Gambling Chip":87,"Tiny Chest":19,"Red Mask":65,"Red Skull":17,"Orichalcum":0,"Medical Kit":0,"White Beast Statue":122,"Mercury Hourglass":44,"Peace Pipe":0,"Calling Bell":44,"Cauldron":0,"CaptainsWheel":0,"Anchor":0,"Bag of Marbles":30,"Membership Card":0,"FossilizedHelix":0,"TungstenRod":23},{"Spirit Poop":389,"Whetstone":64,"Ginger":112,"Bottled Tornado":247,"Sling":0,"Boot":58,"Blood Vial":0,"Sundial":28,"MealTicket":0,"HandDrill":0,"Necronomicon":366,"Kunai":93,"Pear":68,"Blue Candle":68,"Eternal Feather":0,"Pen Nib":0,"Bird Faced Urn":28,"MutagenicStrength":368,"Pandora\u0027s Box":140,"Mark of Pain":18,"energizedSpire:MagnifyingGlass":37,"Unceasing Top":0,"Lantern":0,"Regal Pillow":74,"Torii":55,"Singing Bowl":68,"Magic Flower":74,"StoneCalendar":0,"Bag of Preparation":0,"Smiling Mask":55,"Ancient Tea Set":68,"Burning Blood":0,"Shovel":68,"Matryoshka":68,"Toolbox":0,"Chemical X":64,"InkBottle":68,"Paper Frog":0,"Potion Belt":0,"Lee\u0027s Waffle":0,"Self Forming Clay":68,"energizedSpire:EnergizedDie":171,"Thread and Needle":40,"PreservedInsect":12,"betterThird:NestCultRelic":296,"The Courier":308,"Omamori":29,"Frozen Egg 2":68,"MawBank":27,"Ornamental Fan":0,"Orrery":68,"Turnip":12,"Art of War":68,"Champion Belt":0,"Bottled Lightning":298,"Toy Ornithopter":87,"Ice Cream":29,"Calipers":101,"Gremlin Horn":68,"Vajra":0,"Lizard Tail":0,"Centennial Puzzle":51,"HornCleat":55,"Strawberry":68,"Philosopher\u0027s Stone":85,"Prayer Wheel":96,"Toxic Egg 2":0,"Happy Flower":68,"Dead Branch":68,"Oddly Smooth Stone":68,"Charon\u0027s Ashes":68,"Letter Opener":8,"War Paint":4,"Question Card":32,"WarpedTongs":133,"Du-Vu Doll":68,"OrangePellets":0,"Bottled Flame":189,"Shuriken":0,"Brimstone":0,"Bronze Scales":0,"Molten Egg 2":0,"Nloth\u0027s Gift":87,"Pocketwatch":0,"Meat on the Bone":64,"Darkstone Periapt":68,"Mango":0,"Juzu Bracelet":0,"Incense Burner":0,"ClockworkSouvenir":0,"Frozen Eye":0,"Nunchaku":0,"Dream Catcher":0,"TheAbacus":0,"energizedSpire:CursedPentagram":363,"Mummified Hand":0,"Pantograph":68,"Gambling Chip":230,"Tiny Chest":33,"Red Mask":148,"Red Skull":29,"Orichalcum":0,"Medical Kit":0,"White Beast Statue":321,"Mercury Hourglass":96,"Peace Pipe":0,"Calling Bell":96,"Cauldron":0,"CaptainsWheel":0,"Anchor":0,"Bag of Marbles":68,"Membership Card":0,"FossilizedHelix":0,"TungstenRod":42}],"TungstenRod":26,"Unceasing Top":[0]},"card_choices":[{"not_picked":["Battle Trance","Impervious"],"picked":"Rage","floor":0},{"not_picked":["Iron Wave","Intimidate"],"picked":"Pommel Strike","floor":0},{"not_picked":["Infernal Blade","Anger"],"picked":"Shrug It Off","floor":0},{"not_picked":["Corruption","Rage"],"picked":"Whirlwind","floor":0},{"not_picked":["Twin Strike","Thunderclap"],"picked":"Armaments","floor":1},{"not_picked":["Anger","Whirlwind","Intimidate"],"picked":"SKIP","floor":3},{"not_picked":["Sword Boomerang","Shrug It Off"],"picked":"Thunderclap","floor":5},{"not_picked":["Intimidate","Wild Strike"],"picked":"Rupture","floor":6},{"not_picked":["Perfected Strike","Shockwave"],"picked":"Infernal Blade","floor":8},{"not_picked":["Clash","Uppercut"],"picked":"Pummel","floor":10},{"not_picked":["Sword Boomerang","Pommel Strike"],"picked":"Double Tap","floor":12},{"not_picked":["Iron Wave","Armaments"],"picked":"Offering","floor":13},{"not_picked":["Sword Boomerang","Twin Strike"],"picked":"Inflame","floor":14},{"not_picked":["Offering","Juggernaut"],"picked":"Barricade","floor":16},{"not_picked":["Clash","Perfected Strike+1","Headbutt+1"],"picked":"SKIP","floor":18},{"not_picked":["Rampage","Cleave"],"picked":"Evolve","floor":20},{"not_picked":["Infernal Blade","Clash","Twin Strike"],"picked":"SKIP","floor":23},{"not_picked":["Evolve","Cleave+1"],"picked":"Hemokinesis","floor":25},{"not_picked":["Sword Boomerang+1","Clash"],"picked":"Metallicize","floor":28},{"not_picked":["Metallicize","Warcry"],"picked":"Demon Form","floor":29},{"not_picked":["Headbutt","Dropkick","Warcry+1"],"picked":"SKIP","floor":31},{"not_picked":["Immolate","Feed"],"picked":"Demon Form","floor":33},{"not_picked":["Shrug It Off","Twin Strike"],"picked":"Flex+1","floor":35},{"not_picked":["Evolve","Intimidate"],"picked":"Spot Weakness","floor":39},{"not_picked":["Ghostly Armor","Rampage+1","Armaments+1"],"picked":"SKIP","floor":40},{"not_picked":["Carnage+1","Disarm","Cleave+1"],"picked":"SKIP","floor":42},{"not_picked":["Shrug It Off+1","Perfected Strike+1","Searing Blow+1"],"picked":"SKIP","floor":44},{"not_picked":["Perfected Strike+1","Heavy Blade+1"],"picked":"Inflame+1","floor":46},{"not_picked":["Infernal Blade","Cleave+1"],"picked":"Body Slam+1","floor":48},{"not_picked":["Sever Soul+1","Body Slam+1","Iron Wave+1"],"picked":"SKIP","floor":48},{"not_picked":["Sever Soul+1","Iron Wave+1"],"picked":"Body Slam+1","floor":48}],"player_experience":585804,"relics_obtained":[{"floor":4,"key":"Eternal Feather"},{"floor":4,"key":"TungstenRod"},{"floor":6,"key":"Du-Vu Doll"},{"floor":9,"key":"Tiny Chest"},{"floor":9,"key":"Bird Faced Urn"},{"floor":13,"key":"Mummified Hand"},{"floor":19,"key":"Necronomicon"},{"floor":21,"key":"Regal Pillow"},{"floor":23,"key":"Orichalcum"},{"floor":24,"key":"Anchor"},{"floor":25,"key":"Juzu Bracelet"},{"floor":26,"key":"Bag of Marbles"},{"floor":27,"key":"Dream Catcher"},{"floor":29,"key":"Bottled Lightning"},{"floor":31,"key":"Potion Belt"},{"floor":32,"key":"Centennial Puzzle"},{"floor":34,"key":"Boot"},{"floor":34,"key":"Letter Opener"},{"floor":34,"key":"Peace Pipe"},{"floor":38,"key":"Molten Egg 2"},{"floor":39,"key":"Torii"},{"floor":40,"key":"Strawberry"},{"floor":42,"key":"Paper Frog"},{"floor":43,"key":"Bottled Flame"},{"floor":44,"key":"Omamori"},{"floor":46,"key":"Prayer Wheel"},{"floor":49,"key":"Blood Vial"}],"event_choices":[{"damage_healed":0,"gold_gain":0,"player_choice":"Obtained Book","damage_taken":16,"max_hp_gain":0,"max_hp_loss":0,"event_name":"Cursed Tome","floor":19,"gold_loss":0},{"damage_healed":0,"gold_gain":0,"player_choice":"Inject Mutagens","damage_taken":0,"relics_obtained":["MutagenicStrength"],"max_hp_gain":0,"max_hp_loss":0,"event_name":"Drug Dealer","floor":22,"gold_loss":0},{"cards_removed":["Decay"],"damage_healed":0,"gold_gain":0,"player_choice":"Offered Curse","damage_taken":0,"relics_obtained":["Spirit Poop"],"max_hp_gain":0,"max_hp_loss":0,"event_name":"Bonfire Elementals","floor":36,"gold_loss":0},{"damage_healed":0,"gold_gain":0,"player_choice":"Got Potions","damage_taken":0,"max_hp_gain":0,"max_hp_loss":0,"event_name":"Lab","floor":37,"gold_loss":0},{"damage_healed":0,"gold_gain":0,"player_choice":"Fight","damage_taken":0,"max_hp_gain":0,"max_hp_loss":0,"event_name":"MindBloom","floor":39,"gold_loss":0},{"damage_healed":0,"gold_gain":0,"player_choice":"Fight","damage_taken":0,"max_hp_gain":0,"max_hp_loss":0,"event_name":"Mysterious Sphere","floor":46,"gold_loss":0}],"is_beta":false,"boss_relics":[{"not_picked":["energizedSpire:TabascoSauce","energizedSpire:EnergizedDie"],"picked":"energizedSpire:CursedPentagram"},{"not_picked":["energizedSpire:OgreHead","energizedSpire:HugeHouse"],"picked":"Calling Bell"}],"items_purged_floors":[0,45],"is_endless":false,"potions_floor_spawned":[1,3,5,8,12,13,20,28,31,35],"ascension_level":10}}