{"host":"jgl9m63d23sfproq","time":1613718038,"event":{"mods":["Act Like it!","Aspiration","BaseMod","Colored Map","Conspire","Downfall","Hermit","Minty Spire (QoL Compilation)","Replay The Spire","Robot Space Explorer","StSLib","The Bug Knight","The Cursed","The Runesmith","The Servant 0.9.4"],"gold_per_floor":[111,111,61,61,76,76,94,128,152,181,201,225,252,252,252,279,279,298,298],"floor_reached":18,"language":"ZHS","playtime":644,"items_purged":[],"score":116,"play_id":"85c174eb-f010-41a0-8f6f-a7aa3d4fbd45","local_time":"20210219150038","is_ascension_mode":false,"campfire_choices":[{"floor":6,"key":"RECALL"},{"floor":17,"key":"REST"}],"circlet_count":0,"master_deck":["Strike_G","Strike_G","Strike_G","Strike_G","Strike_G","Defend_G","Defend_G","Defend_G","Defend_G","Defend_G","Survivor","Footwork","ReplayTheSpireMod:The Works+1","conspire:SpireCoStock","Blade Dance","Toxin Wave","Poisoned Stab","conspire:DoublingDagger","Deadly Poison"],"relics":["Ring of the Snake","NeowsBlessing","Lantern"],"acts_visited":["Exordium"],"potions_floor_usage":[8,8,13,16],"damage_taken":[{"damage":0,"enemies":"Small Slimes","floor":1,"turns":1},{"damage":0,"enemies":"conspire:RoseBush","floor":5,"turns":1},{"damage":0,"enemies":"Cultist","floor":7,"turns":2},{"damage":18,"enemies":"Gremlin Gang","floor":8,"turns":2},{"damage":13,"enemies":"Replay:BlueRogue","floor":10,"turns":9},{"damage":3,"enemies":"Looter","floor":11,"turns":3},{"damage":25,"enemies":"Exordium Thugs","floor":12,"turns":6},{"damage":4,"enemies":"conspire:2 RoseBushes","floor":13,"turns":7},{"damage":0,"enemies":"3 Louse","floor":16,"turns":2},{"damage":60,"enemies":"Fading Forest","floor":18,"turns":7}],"seed_played":"-5113591963551348917","potions_obtained":[{"floor":1,"key":"Fire Potion"},{"floor":5,"key":"Venom Potion"},{"floor":7,"key":"LiquidBronze"},{"floor":12,"key":"SteroidPotion"}],"is_trial":false,"path_per_floor":["M","?","?","?","M","R","M","M","T","E","M","M","M","PTL","PTL","M","R_BF","B"],"character_chosen":"THE_SILENT","items_purchased":[],"campfire_rested":1,"item_purchase_floors":[],"current_hp_per_floor":[70,70,70,70,70,70,70,52,52,39,36,11,7,7,7,7,28,0,0],"gold":298,"neow_bonus":"THREE_ENEMY_KILL","is_daily":false,"chose_seed":false,"campfire_upgraded":0,"win_rate":0.0,"timestamp":1613718038,"path_taken":["M","?","?","?","?","R","M","M","T","E","?","M","M","PTL","PTL","M","R_BF","BOSS"],"items_purchased_type":[],"build_version":"2020-12-22","purchased_purges":0,"victory":false,"max_hp_per_floor":[70,70,70,70,70,70,70,70,70,70,70,70,70,70,70,70,70,70,70],"card_choices":[{"not_picked":["Tactician","Eviscerate"],"picked":"Footwork","floor":1},{"not_picked":["Flying Knee","Poisoned Stab"],"picked":"Blade Dance","floor":5},{"not_picked":["Backflip","Prepared"],"picked":"Toxin Wave","floor":7},{"not_picked":["Backflip","Dagger Spray","Dagger Throw"],"picked":"SKIP","floor":8},{"not_picked":["Bane","Skewer","Outmaneuver"],"picked":"SKIP","floor":10},{"not_picked":["Predator","Expertise"],"picked":"Poisoned Stab","floor":11},{"not_picked":["Dash","Choke","Grand Finale"],"picked":"SKIP","floor":12},{"not_picked":["Predator","PiercingWail"],"picked":"conspire:DoublingDagger","floor":13},{"not_picked":["Dagger Throw","Deflect"],"picked":"Deadly Poison","floor":16}],"player_experience":33134,"relics_obtained":[{"floor":10,"key":"Lantern"}],"event_choices":[{"damage_healed":0,"gold_gain":0,"player_choice":"Invest 1","damage_taken":0,"max_hp_gain":0,"max_hp_loss":0,"event_name":"conspire:Investor","floor":3,"gold_loss":0},{"damage_healed":0,"gold_gain":0,"player_choice":"Full Heal","damage_taken":0,"max_hp_gain":0,"max_hp_loss":0,"event_name":"Wheel of Change","floor":4,"gold_loss":0}],"is_beta":false,"boss_relics":[],"items_purged_floors":[],"is_endless":false,"potions_floor_spawned":[1,5,7,12],"killed_by":"Fading Forest","ascension_level":0}}