{"host":"6z6y4ky8uzsz1dpj","time":1613745174,"event":{"mods":["AchievementEnabler","BaseMod","BetterRewards","Challenge The Spire","Colored Map","Hubris","Minty Spire (QoL Compilation)","Quick Restart","Relic Stats","Replay The Spire","StSLib"],"gold_per_floor":[117,117,127,139,153,188,23,23,23,54,54,89,87,104,104,203,203,223,234,149,149,74,104,117,165,188,213,213,245,55,73,73,169,169,180,196,44,44,54,54,80,98,98,123,173,173,203,215,215,215],"floor_reached":51,"language":"ENG","playtime":1421,"items_purged":["Strike_R"],"score":1413,"play_id":"df2c5e28-3d70-4a2c-ae83-b3d2b954045a","local_time":"20210219093254","is_ascension_mode":true,"campfire_choices":[{"data":"Massacre","floor":8,"key":"SMITH"},{"data":"Inflame","floor":11,"key":"SMITH"},{"data":"Whirlwind","floor":15,"key":"SMITH"},{"data":"Pummel","floor":28,"key":"SMITH"},{"data":"ReplayTheSpireMod:Limb From Limb","floor":32,"key":"SMITH"},{"data":"Limit Break","floor":40,"key":"SMITH"},{"data":"Demon Form","floor":49,"key":"SMITH"}],"circlet_count":0,"master_deck":["Strike_R","Strike_R","Strike_R","Defend_R+1","Defend_R","Defend_R","Defend_R","Bash","Inflame+1","Pummel+1","Twin Strike","Iron Wave","Massacre+1","Flex+1","Cleave","ReplayTheSpireMod:Muscle Training","Dramatic Entrance","Whirlwind+1","Seeing Red","Injury","Flex","Sword Boomerang","Demonic Infusion+1","Spot Weakness","Shockwave+1","Shrug It Off","Flex","Pommel Strike","Fiend Fire+1","ReplayTheSpireMod:Limb From Limb+1","Cleave+1","Iron Wave+1","Hemogenesis","Spot Weakness","Shrug It Off+1","Flex+1","Pommel Strike","Demon Form+1","Inflame","Limit Break+1","Twin Strike+1","Uppercut+1","Uppercut+1","Armaments+1","Shrug It Off+1","Flex+1"],"relics":["Burning Blood","Prayer Wheel","NlothsMask","White Beast Statue","Centennial Puzzle","Replay:Baseball","ReplayTheSpireMod:CursedCoin","War Paint","Painkiller Herb","HornCleat","Enchiridion","ReplayTheSpireMod:Shallot","Bag of Marbles","hubris:TenFootPole","Paper Frog","Tiny Chest","Guide Book","SlaversCollar","Self Forming Clay","Toxic Egg 2","Bottled Tornado","Thread and Needle","hubris:Reverence"],"acts_visited":["Exordium","TheCity","TheBeyond"],"potions_floor_usage":[5,6,12,19,24,27,29,33,36,39,41,41,44,45,47,50,50],"damage_taken":[{"damage":4,"enemies":"2 Louse","floor":1,"turns":3},{"damage":1,"enemies":"Cultist","floor":3,"turns":3},{"damage":0,"enemies":"Small Slimes","floor":4,"turns":2},{"damage":0,"enemies":"3 Louse","floor":5,"turns":3},{"damage":28,"enemies":"Lagavulin","floor":6,"turns":7},{"damage":16,"enemies":"3 Sentries","floor":10,"turns":4},{"damage":17,"enemies":"Lagavulin","floor":12,"turns":4},{"damage":1,"enemies":"2 Fungi Beasts","floor":14,"turns":2},{"damage":1,"enemies":"Slime Boss","floor":16,"turns":3},{"damage":1,"enemies":"Shell Parasite","floor":18,"turns":2},{"damage":0,"enemies":"3 Byrds","floor":19,"turns":2},{"damage":10,"enemies":"Book of Stabbing","floor":23,"turns":4},{"damage":0,"enemies":"Snecko","floor":24,"turns":3},{"damage":17,"enemies":"Slavers","floor":27,"turns":2},{"damage":1,"enemies":"Book of Stabbing","floor":29,"turns":4},{"damage":0,"enemies":"Shelled Parasite and Fungi","floor":31,"turns":1},{"damage":11,"enemies":"hubris:MusketHawk","floor":33,"turns":6},{"damage":2,"enemies":"3 Darklings","floor":35,"turns":3},{"damage":5,"enemies":"3 Shapes","floor":36,"turns":3},{"damage":0,"enemies":"Jaw Worm Horde","floor":39,"turns":2},{"damage":27,"enemies":"R_Hoarder","floor":41,"turns":5},{"damage":14,"enemies":"Spire Growth","floor":42,"turns":4},{"damage":13,"enemies":"Nemesis","floor":44,"turns":5},{"damage":0,"enemies":"Mind Bloom Boss Battle","floor":45,"turns":4},{"damage":1,"enemies":"Giant Head","floor":47,"turns":5},{"damage":1,"enemies":"Sphere and 2 Shapes","floor":48,"turns":2},{"damage":64,"enemies":"Donu and Deca","floor":50,"turns":6}],"seed_played":"4347948619554460813","potions_obtained":[{"floor":1,"key":"FairyPotion"},{"floor":3,"key":"SkillPotion"},{"floor":5,"key":"Languid Potion"},{"floor":10,"key":"EssenceOfSteel"},{"floor":12,"key":"ElixirPotion"},{"floor":14,"key":"LiquidBronze"},{"floor":16,"key":"Elixir"},{"floor":19,"key":"SteroidPotion"},{"floor":23,"key":"EssenceOfSteel"},{"floor":24,"key":"Fruit Juice"},{"floor":27,"key":"LifebloodPotion"},{"floor":29,"key":"Energy Potion"},{"floor":31,"key":"HeartOfIron"},{"floor":33,"key":"ColorlessPotion"},{"floor":35,"key":"SkillPotion"},{"floor":36,"key":"BlessingOfTheForge"},{"floor":39,"key":"Adrenaline Potion"},{"floor":41,"key":"Fire Potion"},{"floor":42,"key":"LifebloodPotion"},{"floor":44,"key":"Swift Potion"},{"floor":45,"key":"Explosive Potion"},{"floor":47,"key":"BloodPotion"}],"is_trial":false,"path_per_floor":["M","?","M","M","M","E","$","R","T","E","R","E","$","M","R","B",null,"?","?","?","?","?","E","?","T","T","E","T","E","T","?","T","B",null,"?","?","T","?","?","T","E","?","T","E","?","?","E","?","T","B",null],"character_chosen":"IRONCLAD","items_purchased":["Inflame","Pummel","ReplayTheSpireMod:Muscle Training","Dramatic Entrance","ReplayTheSpireMod:CursedCoin","War Paint","ReplayTheSpireMod:Limb From Limb","Guide Book","Demon Form"],"campfire_rested":0,"item_purchase_floors":[0,0,7,7,13,13,30,30,37],"current_hp_per_floor":[66,66,71,77,80,58,58,58,58,48,48,37,37,42,42,47,72,77,80,80,64,64,60,66,66,66,60,60,65,65,71,71,66,80,84,85,85,85,85,85,64,56,56,54,60,60,70,75,75,34],"gold":215,"neow_bonus":"","is_daily":false,"chose_seed":false,"campfire_upgraded":7,"win_rate":0.0,"timestamp":1613745174,"path_taken":["M","?","?","M","M","E","?","R","T","E","R","E","$","M","R","BOSS","?","?","?","?","?","E","?","?","T","E","T","E","T","?","T","BOSS","?","?","T","?","?","T","E","?","T","E","?","?","E","?","T","BOSS"],"items_purchased_type":["Card","Card","Card","Card","Relic","Relic","Card","Relic","Card"],"build_version":"2020-12-22","purchased_purges":1,"victory":true,"max_hp_per_floor":[80,80,80,80,80,80,80,80,80,80,80,80,80,80,80,80,80,80,80,80,80,80,80,80,80,80,85,85,85,85,85,85,85,85,85,85,85,85,85,85,85,85,85,85,85,85,85,85,85,85],"relic_stats":{"Centennial Puzzle":[48],"counters":[27,94],"Self Forming Clay":[27],"Prayer Wheel":14,"Tiny Chest":0,"War Paint":["Defend_R","Flex"],"obtain_stats":[{"ReplayTheSpireMod:CursedCoin":13,"Self Forming Clay":41,"Guide Book":30,"Enchiridion":21,"Painkiller Herb":17,"Thread and Needle":45,"Replay:Multitool":0,"War Paint":13,"Bottled Tornado":44,"Burning Blood":0,"White Beast Statue":6,"SlaversCollar":34,"Centennial Puzzle":10,"Replay:Baseball":12,"HornCleat":20,"ReplayTheSpireMod:Shallot":23,"Prayer Wheel":0,"Tiny Chest":29,"Bag of Marbles":25,"hubris:TenFootPole":26,"Toxic Egg 2":43,"NlothsMask":2,"Paper Frog":27,"hubris:Reverence":47},{"ReplayTheSpireMod:CursedCoin":7,"Self Forming Clay":21,"Guide Book":15,"Enchiridion":11,"Painkiller Herb":9,"Thread and Needle":24,"Replay:Multitool":0,"War Paint":7,"Bottled Tornado":23,"Burning Blood":0,"White Beast Statue":5,"SlaversCollar":17,"Centennial Puzzle":6,"Replay:Baseball":7,"HornCleat":11,"ReplayTheSpireMod:Shallot":12,"Prayer Wheel":0,"Tiny Chest":15,"Bag of Marbles":13,"hubris:TenFootPole":13,"Toxic Egg 2":22,"NlothsMask":1,"Paper Frog":14,"hubris:Reverence":25},{"ReplayTheSpireMod:CursedCoin":26,"Self Forming Clay":68,"Guide Book":48,"Enchiridion":35,"Painkiller Herb":31,"Thread and Needle":81,"Replay:Multitool":0,"War Paint":26,"Bottled Tornado":77,"Burning Blood":0,"White Beast Statue":18,"SlaversCollar":55,"Centennial Puzzle":22,"Replay:Baseball":26,"HornCleat":35,"ReplayTheSpireMod:Shallot":39,"Prayer Wheel":0,"Tiny Chest":48,"Bag of Marbles":42,"hubris:TenFootPole":42,"Toxic Egg 2":72,"NlothsMask":3,"Paper Frog":44,"hubris:Reverence":86}],"Burning Blood":150},"card_choices":[{"not_picked":["Rampage","Intimidate"],"picked":"Twin Strike","floor":1},{"not_picked":["hubris:ReadiedAction","Shrug It Off","Headbutt"],"picked":"SKIP","floor":1},{"not_picked":["Clothesline","Armaments"],"picked":"Iron Wave","floor":3},{"not_picked":["Body Slam","True Grit","Fire Breathing"],"picked":"SKIP","floor":3},{"not_picked":["Anger","Searing Blow"],"picked":"Massacre","floor":4},{"not_picked":["Pommel Strike","ReplayTheSpireMod:Strike From Hell","True Grit"],"picked":"SKIP","floor":4},{"not_picked":["Bloodletting","Entrench"],"picked":"Flex","floor":5},{"not_picked":["Anger","Uppercut","Wild Strike"],"picked":"SKIP","floor":5},{"not_picked":["Armaments","Brutality"],"picked":"Cleave","floor":6},{"not_picked":["Twin Strike","Replay:Undeath\u0027s Touch"],"picked":"Whirlwind","floor":10},{"not_picked":["Warcry","Eclipse"],"picked":"Seeing Red","floor":12},{"not_picked":["Rupture","ReplayTheSpireMod:Strike From Hell"],"picked":"Flex","floor":14},{"not_picked":["ReplayReversal","Ghostly Armor"],"picked":"Sword Boomerang","floor":14},{"not_picked":["Double Tap","Berserk"],"picked":"Demonic Infusion","floor":16},{"not_picked":["hubris:ReadiedAction","Flex+1"],"picked":"Spot Weakness","floor":18},{"not_picked":["Reckless Charge","Metallicize"],"picked":"Shockwave+1","floor":18},{"not_picked":["True Grit","Power Through+1"],"picked":"Shrug It Off","floor":19},{"not_picked":["Warcry","Twin Strike","Thunderclap"],"picked":"SKIP","floor":19},{"not_picked":["Bloodletting","Wild Strike","Perfected Strike"],"picked":"SKIP","floor":23},{"not_picked":["Anger","Clothesline+1"],"picked":"Flex","floor":24},{"not_picked":["Shrug It Off","Uppercut","Searing Blow"],"picked":"SKIP","floor":24},{"not_picked":["Perfected Strike","Impervious"],"picked":"Pommel Strike","floor":27},{"not_picked":["Body Slam+1","Power Through"],"picked":"Fiend Fire","floor":29},{"not_picked":["Headbutt+1","Flame Barrier"],"picked":"Cleave+1","floor":31},{"not_picked":["Entrench","Perfected Strike"],"picked":"Iron Wave+1","floor":31},{"not_picked":["Reaper","Berserk"],"picked":"Hemogenesis","floor":33},{"not_picked":["Run Through+1","Iron Wave"],"picked":"Spot Weakness","floor":35},{"not_picked":["Headbutt+1","Searing Blow+1"],"picked":"Shrug It Off+1","floor":35},{"not_picked":["Shrug It Off+1","Body Slam+1"],"picked":"Flex+1","floor":36},{"not_picked":["ReplayReversal+1","Dark Embrace+1"],"picked":"Pommel Strike","floor":36},{"not_picked":["Pummel+1","hubris:ReadiedAction"],"picked":"Limit Break","floor":39},{"not_picked":["Heavy Blade","Ghostly Armor","Thunderclap+1"],"picked":"SKIP","floor":39},{"not_picked":["Pommel Strike","Havoc+1"],"picked":"Twin Strike+1","floor":41},{"not_picked":["Body Slam+1","Wild Strike"],"picked":"Uppercut+1","floor":42},{"not_picked":["Life Link","hubris:ReadiedAction"],"picked":"Uppercut+1","floor":42},{"not_picked":["Dropkick+1","Perfected Strike"],"picked":"Armaments+1","floor":44},{"not_picked":["hubris:StunningStrike","Clash+1"],"picked":"Shrug It Off+1","floor":45},{"not_picked":["Armaments+1","Clash+1","Feel No Pain"],"picked":"SKIP","floor":47},{"not_picked":["Life Link+1","Heavy Blade+1"],"picked":"Flex+1","floor":48},{"not_picked":["Body Slam","Clothesline","Perfected Strike"],"picked":"SKIP","floor":48}],"player_experience":642880,"relics_obtained":[{"floor":6,"key":"White Beast Statue"},{"floor":10,"key":"Centennial Puzzle"},{"floor":12,"key":"Replay:Baseball"},{"floor":21,"key":"Enchiridion"},{"floor":23,"key":"ReplayTheSpireMod:Shallot"},{"floor":25,"key":"Bag of Marbles"},{"floor":26,"key":"hubris:TenFootPole"},{"floor":27,"key":"Paper Frog"},{"floor":29,"key":"Tiny Chest"},{"floor":41,"key":"Self Forming Clay"},{"floor":43,"key":"Toxic Egg 2"},{"floor":44,"key":"Bottled Tornado"},{"floor":45,"key":"Thread and Needle"},{"floor":47,"key":"hubris:Reverence"}],"event_choices":[{"damage_healed":0,"gold_gain":0,"player_choice":"Trade","damage_taken":0,"relics_obtained":["NlothsMask"],"max_hp_gain":0,"max_hp_loss":0,"event_name":"FaceTrader","floor":2,"gold_loss":0},{"damage_healed":0,"gold_gain":0,"player_choice":"Obtained Relic","damage_taken":0,"relics_obtained":["HornCleat"],"max_hp_gain":0,"max_hp_loss":0,"event_name":"Addict","floor":20,"gold_loss":85},{"damage_healed":0,"gold_gain":0,"player_choice":"Obtained Book","damage_taken":16,"max_hp_gain":0,"max_hp_loss":0,"event_name":"Cursed Tome","floor":21,"gold_loss":0},{"cards_removed":["Strike_R"],"damage_healed":0,"gold_gain":0,"player_choice":"Gave Gold","damage_taken":0,"max_hp_gain":0,"max_hp_loss":0,"event_name":"Beggar","floor":22,"gold_loss":75},{"damage_healed":0,"gold_gain":0,"player_choice":"Fight","damage_taken":0,"max_hp_gain":0,"max_hp_loss":0,"event_name":"MindBloom","floor":45,"gold_loss":0}],"is_beta":false,"boss_relics":[{"not_picked":["Coffee Dripper","SacredBark"],"picked":"Painkiller Herb"},{"not_picked":["Cursed Key","Empty Cage"],"picked":"SlaversCollar"}],"items_purged_floors":[0],"is_endless":false,"potions_floor_spawned":[1,3,5,10,12,14,16,18,19,23,24,27,29,31,33,35,36,39,41,42,44,45,47,48],"ascension_level":8}}