{"host":"guk5h31bsklpp7e4","time":1613711496,"event":{"mods":["AchievementEnabler","BaseMod","Colored Map","Colored Powertips","Highlight Path","Minty Spire (QoL Compilation)","Quick Restart","Rare Cards Sparkle"],"gold_per_floor":[109,109,34,34,52,52,86,105,105,120,120,120,136,136,136,136,136],"floor_reached":16,"language":"ENG","playtime":602,"items_purged":["Regret"],"score":113,"play_id":"621b33cc-0245-46b5-8669-8a816426e590","local_time":"20210219001136","is_ascension_mode":true,"campfire_choices":[{"floor":6,"key":"REST"},{"floor":12,"key":"REST"},{"floor":15,"key":"REST"}],"circlet_count":0,"master_deck":["Strike_P","Strike_P","Strike_P+1","Strike_P","Defend_P","Defend_P","Defend_P","Defend_P","Eruption","Vigilance+1","Blasphemy","Pray","Prostrate","Judgement","Halt","ClearTheMind"],"relics":["PureWater","Golden Idol","Odd Mushroom","Peace Pipe","Bottled Lightning"],"acts_visited":["Exordium"],"potions_floor_usage":[10,16],"damage_taken":[{"damage":6,"enemies":"Jaw Worm","floor":1,"turns":3},{"damage":3,"enemies":"2 Louse","floor":5,"turns":3},{"damage":14,"enemies":"The Mushroom Lair","floor":7,"turns":6},{"damage":5,"enemies":"Small Slimes","floor":8,"turns":5},{"damage":19,"enemies":"Gremlin Gang","floor":10,"turns":5},{"damage":0,"enemies":"2 Fungi Beasts","floor":13,"turns":2},{"damage":36,"enemies":"The Guardian","floor":16,"turns":11}],"seed_played":"1414076699127111315","potions_obtained":[{"floor":1,"key":"Energy Potion"},{"floor":7,"key":"Energy Potion"},{"floor":8,"key":"ColorlessPotion"},{"floor":10,"key":"Energy Potion"}],"is_trial":false,"path_per_floor":["M","?","$","?","M","R","?","M","T","M","?","R","M","T","R","B"],"character_chosen":"WATCHER","items_purchased":[],"campfire_rested":3,"item_purchase_floors":[],"current_hp_per_floor":[66,52,52,52,49,67,53,48,48,29,29,49,49,49,67,31,31],"gold":136,"neow_bonus":"THREE_RARE_CARDS","is_daily":false,"chose_seed":false,"campfire_upgraded":0,"win_rate":0.0,"timestamp":1613711496,"path_taken":["M","?","$","?","M","R","?","M","T","M","?","R","?","?","R","BOSS"],"items_purchased_type":[],"build_version":"2020-12-22","purchased_purges":1,"victory":false,"max_hp_per_floor":[72,72,72,67,67,67,67,67,67,67,67,67,67,67,67,67,67],"card_choices":[{"not_picked":["Alpha","Vault"],"picked":"Blasphemy","floor":0},{"not_picked":["BowlingBash","EmptyBody"],"picked":"Pray","floor":1},{"not_picked":["Wireheading","WindmillStrike"],"picked":"Prostrate","floor":5},{"not_picked":["PathToVictory","FlurryOfBlows"],"picked":"Judgement","floor":8},{"not_picked":["Meditate","Adaptation"],"picked":"Halt","floor":10},{"not_picked":["ReachHeaven","FlurryOfBlows"],"picked":"ClearTheMind","floor":13}],"player_experience":362183,"relics_obtained":[{"floor":7,"key":"Odd Mushroom"},{"floor":9,"key":"Peace Pipe"},{"floor":14,"key":"Bottled Lightning"}],"event_choices":[{"damage_healed":0,"gold_gain":0,"player_choice":"Entered Light","damage_taken":14,"max_hp_gain":0,"max_hp_loss":0,"event_name":"Shining Light","floor":2,"gold_loss":0,"cards_upgraded":["Vigilance","Strike_P"]},{"damage_healed":0,"gold_gain":0,"player_choice":"Lose Max HP","damage_taken":0,"relics_obtained":["Golden Idol"],"max_hp_gain":0,"max_hp_loss":5,"event_name":"Golden Idol","floor":4,"gold_loss":0},{"damage_healed":0,"gold_gain":0,"player_choice":"Fought Mushrooms","damage_taken":0,"max_hp_gain":0,"max_hp_loss":0,"event_name":"Mushrooms","floor":7,"gold_loss":0},{"damage_healed":0,"gold_gain":0,"player_choice":"Searched \u00270\u0027 times","damage_taken":0,"max_hp_gain":0,"max_hp_loss":0,"event_name":"Dead Adventurer","floor":11,"gold_loss":0}],"is_beta":false,"boss_relics":[],"items_purged_floors":[3],"is_endless":false,"potions_floor_spawned":[1,7,8,10],"killed_by":"The Guardian","ascension_level":5}}