{"host":"l7l2v2zs4hqku4vk","time":1613706905,"event":{"mods":["Act Like it!","BaseMod","Colored Powertips","Downfall","Highlight Path","Minty Spire (QoL Compilation)","Replay The Spire","StSLib","TestMod","The Servant 0.9.4","óô»ðÖ¸ÄÏ"],"gold_per_floor":[117,130,130,143,164,164,195,195,265,294,343,369,369,444,444,546,546,575,598,641,662,696,745,682,694,780,821,833,871,929,964,643,754,766,805,520,563,587,618,672,672,735,735,422,448,448,524,561,386,414,473,473,154,75,123,172],"floor_reached":57,"language":"ZHS","playtime":3154,"items_purged":["Strike_G","Defend_G","Slimebound:Tackle+1","Slimebound:Tackle+1","Noxious Fumes+1"],"score":3176,"play_id":"00a34a33-b89b-4a79-8567-9f9e6d0572dd","local_time":"20210219115505","is_ascension_mode":true,"campfire_choices":[{"data":"Blade Dance","floor":6,"key":"SMITH"},{"data":"Blur","floor":8,"key":"SMITH"},{"data":"Eviscerate","floor":13,"key":"SMITH"},{"data":"Concentrate","floor":15,"key":"SMITH"},{"floor":41,"key":"RECALL"}],"circlet_count":0,"master_deck":["AscendersBane","Defend_G","Defend_G","Defend_G","Defend_G","Survivor","Neutralize","Backflip","Blur+1","Blade Dance+1","Infinite Blades","Eviscerate+1","Concentrate+1","ReplayTheSpireMod:From All Sides+1","Finisher+1","Prepared","Acrobatics","Slimebound:Tackle+1","Footwork","Accuracy","ReplayTheSpireMod:The Works","Accuracy"],"relics":["Ring of the Snake","testmod-TestBox","testmod-DeterminationOfClimber","NeowsBlessing","Bloody Idol","Iron Hammer","Replay:Kaleidoscope","testmod-SaigiyounoYou","Red Mask","MawBank","Pantograph","Guide Book","testmod-Fanaticism","Bag of Preparation","testmod-BlackFramedGlasses","testmod-Acrobat","testmod-OneHitWonder","ReplayTheSpireMod:TigerMarble","Sling","testmod-ObsoleteBoomerang","Pen Nib"],"acts_visited":["Exordium","TheCity","TheBeyond","TheEnding"],"potions_floor_usage":[16,16,23,50,56,56],"damage_taken":[{"damage":0,"enemies":"2 Louse","floor":1,"turns":1},{"damage":0,"enemies":"Small Slimes","floor":2,"turns":1},{"damage":0,"enemies":"Jaw Worm","floor":4,"turns":1},{"damage":15,"enemies":"2 Fungi Beasts","floor":5,"turns":4},{"damage":0,"enemies":"Blue Slaver","floor":7,"turns":2},{"damage":0,"enemies":"Exordium Thugs","floor":10,"turns":3},{"damage":0,"enemies":"Gremlin Nob","floor":11,"turns":2},{"damage":0,"enemies":"Large Slime","floor":12,"turns":2},{"damage":0,"enemies":"Slime Boss","floor":16,"turns":3},{"damage":0,"enemies":"3 Byrds","floor":18,"turns":3},{"damage":6,"enemies":"2 Thieves","floor":19,"turns":2},{"damage":26,"enemies":"Masked Bandits","floor":20,"turns":3},{"damage":18,"enemies":"Snake Plant","floor":21,"turns":4},{"damage":0,"enemies":"3 Cultists","floor":22,"turns":2},{"damage":30,"enemies":"Slavers","floor":23,"turns":4},{"damage":0,"enemies":"Shelled Parasite and Fungi","floor":27,"turns":1},{"damage":6,"enemies":"Sentry and Sphere","floor":29,"turns":2},{"damage":0,"enemies":"Gremlin Leader","floor":30,"turns":1},{"damage":11,"enemies":"Centurion and Healer","floor":31,"turns":2},{"damage":20,"enemies":"Pondfish","floor":33,"turns":3},{"damage":3,"enemies":"Orb Walker","floor":35,"turns":2},{"damage":3,"enemies":"Mind Bloom Boss Battle","floor":37,"turns":1},{"damage":26,"enemies":"3 Shapes","floor":38,"turns":1},{"damage":0,"enemies":"Maw","floor":39,"turns":1},{"damage":6,"enemies":"Giant Head","floor":40,"turns":1},{"damage":22,"enemies":"Nemesis","floor":42,"turns":3},{"damage":37,"enemies":"Sphere and 2 Shapes","floor":45,"turns":1},{"damage":0,"enemies":"Giant Head","floor":47,"turns":1},{"damage":3,"enemies":"Spire Growth","floor":48,"turns":1},{"damage":25,"enemies":"Time Eater","floor":50,"turns":5},{"damage":0,"enemies":"Donu and Deca","floor":51,"turns":1},{"damage":0,"enemies":"Shield and Spear","floor":55,"turns":1},{"damage":65,"enemies":"The Heart","floor":56,"turns":5}],"seed_played":"548268117257874382","potions_obtained":[{"floor":1,"key":"GamblersBrew"},{"floor":7,"key":"SteroidPotion"},{"floor":11,"key":"SkillPotion"},{"floor":16,"key":"testmod-EscapePotion"},{"floor":18,"key":"Elixir"},{"floor":20,"key":"SteroidPotion"},{"floor":27,"key":"Languid Potion"}],"is_trial":false,"path_per_floor":["M","M","?","M","M","R","M","R","T","M","E","M","R","?","R","B",null,"M","M","?","M","M","E","R","?","T","M","?","M","E","M","R","B",null,"M","$","?","M","M","E","R","E","T","R","M","?","E","M","R","B","B",null,"R","$","E","B",null],"character_chosen":"THE_SILENT","items_purchased":["Guide Book","ReplayTheSpireMod:The Works","Bag of Preparation","Sling","testmod-ObsoleteBoomerang","Ancient Potion"],"campfire_rested":0,"item_purchase_floors":[32,32,36,44,53,54],"current_hp_per_floor":[60,60,37,37,23,23,29,29,29,37,45,52,52,41,41,53,63,66,66,66,51,66,66,66,66,66,66,66,66,66,66,66,66,66,66,66,66,48,66,66,66,66,66,66,65,56,66,66,66,66,66,66,66,66,66,66],"gold":172,"neow_bonus":"THREE_ENEMY_KILL","is_daily":false,"chose_seed":false,"campfire_upgraded":4,"win_rate":0.0,"timestamp":1613706905,"path_taken":["M","M","?","M","M","R","M","R","T","M","E","M","R","?","R","BOSS","M","M","?","M","M","E","R","?","T","M","?","M","E","M","R","BOSS","M","$","?","M","M","E","R","E","T","R","M","?","E","?","R","BOSS","BOSS","R","$","E","BOSS"],"items_purchased_type":["Relic","Card","Relic","Relic","Relic","Potion"],"build_version":"2020-12-22","purchased_purges":5,"victory":true,"max_hp_per_floor":[66,66,66,66,66,66,66,66,66,66,66,66,66,66,66,66,66,66,66,66,66,66,66,66,66,66,66,66,66,66,66,66,66,66,66,66,66,66,66,66,66,66,66,66,66,66,66,66,66,66,66,66,66,66,66,66],"card_choices":[{"not_picked":["Toxin Wave","Dodge and Roll"],"picked":"Backflip","floor":1},{"not_picked":["Reflex","Sneak Up"],"picked":"Blur","floor":2},{"not_picked":["Deflect","Flying Knee"],"picked":"Noxious Fumes","floor":4},{"not_picked":["ReplayTheSpireMod:Tripwire","Outmaneuver"],"picked":"Blade Dance","floor":5},{"not_picked":["Endless Agony","Acrobatics"],"picked":"Infinite Blades","floor":7},{"not_picked":["Backstab","Crippling Poison"],"picked":"Eviscerate","floor":10},{"not_picked":["Cloak And Dagger","Venomology"],"picked":"Concentrate","floor":11},{"not_picked":["Dodge and Roll","ReplayTheSpireMod:Speed Training","Caltrops"],"picked":"SKIP","floor":12},{"not_picked":["After Image","Bullet Time"],"picked":"ReplayTheSpireMod:From All Sides","floor":16},{"not_picked":["ReplayTheSpireMod:Scrap Shanks","Backflip"],"picked":"Finisher+1","floor":18},{"not_picked":["Dagger Spray","Underhanded Strike","Dodge and Roll"],"picked":"SKIP","floor":19},{"not_picked":["Crippling Poison","Blade Dance"],"picked":"Prepared","floor":21},{"not_picked":["Outmaneuver","Masterful Stab","Sucker Punch"],"picked":"SKIP","floor":22},{"not_picked":["Sucker Punch","Flying Knee"],"picked":"Acrobatics","floor":23},{"not_picked":["Caltrops","Choke"],"picked":"Footwork","floor":27},{"not_picked":["Dash","Backflip","PiercingWail"],"picked":"SKIP","floor":29},{"not_picked":["Deflect","Phantasmal Killer"],"picked":"Accuracy","floor":30},{"not_picked":["Predator","Quick Slash","Leg Sweep"],"picked":"SKIP","floor":31},{"not_picked":["Sucker Punch","Dagger Throw+1","Choke"],"picked":"SKIP","floor":35},{"not_picked":["Replay:Poison Smokescreen","Quick Slash","Terror+1"],"picked":"SKIP","floor":38},{"not_picked":["Cloak And Dagger","Masterful Stab","Flying Knee+1"],"picked":"SKIP","floor":39},{"not_picked":["Atom Bomb","Bane","Tactician"],"picked":"SKIP","floor":40},{"not_picked":["Cloak And Dagger","Flechettes","Draining Mist"],"picked":"SKIP","floor":42},{"not_picked":["Leg Sweep","Finisher+1","Prepared"],"picked":"SKIP","floor":45},{"not_picked":["Poisoned Stab+1","Noxious Fumes"],"picked":"Accuracy","floor":47},{"not_picked":["Venomology","Acrobatics","Well Laid Plans"],"picked":"SKIP","floor":48},{"not_picked":["Poisoned Stab","Backflip","Deflect"],"picked":"SKIP","floor":55}],"player_experience":1823559,"relics_obtained":[{"floor":9,"key":"Iron Hammer"},{"floor":11,"key":"Replay:Kaleidoscope"},{"floor":20,"key":"Red Mask"},{"floor":23,"key":"MawBank"},{"floor":30,"key":"Pantograph"},{"floor":37,"key":"testmod-BlackFramedGlasses"},{"floor":40,"key":"testmod-Acrobat"},{"floor":42,"key":"testmod-OneHitWonder"},{"floor":43,"key":"ReplayTheSpireMod:TigerMarble"},{"floor":55,"key":"Pen Nib"}],"event_choices":[{"damage_healed":0,"gold_gain":0,"player_choice":"Take Damage","damage_taken":23,"relics_obtained":["Golden Idol"],"max_hp_gain":0,"max_hp_loss":0,"event_name":"Golden Idol","floor":3,"gold_loss":0},{"damage_healed":0,"gold_gain":75,"player_choice":"Gather Gold","damage_taken":11,"max_hp_gain":0,"max_hp_loss":0,"event_name":"World of Goop","floor":14,"gold_loss":0},{"damage_healed":0,"gold_gain":0,"player_choice":"Fought Bandits","damage_taken":0,"max_hp_gain":0,"max_hp_loss":0,"event_name":"Masked Bandits","floor":20,"gold_loss":0},{"damage_healed":0,"gold_gain":0,"player_choice":"Gave Idol","damage_taken":0,"relics_obtained":["Bloody Idol"],"max_hp_gain":0,"max_hp_loss":0,"event_name":"Forgotten Altar","floor":28,"relics_lost":["Golden Idol"],"gold_loss":0},{"damage_healed":0,"gold_gain":0,"player_choice":"Fight","damage_taken":0,"max_hp_gain":0,"max_hp_loss":0,"event_name":"MindBloom","floor":37,"gold_loss":0},{"damage_healed":0,"gold_gain":0,"player_choice":"Damaged","damage_taken":9,"max_hp_gain":0,"max_hp_loss":0,"event_name":"Wheel of Change","floor":46,"gold_loss":0}],"is_beta":false,"boss_relics":[{"not_picked":["Honey Jar","Painkiller Herb"],"picked":"testmod-SaigiyounoYou"},{"not_picked":["testmod-EnergyCheck","bronze:MakeshiftBattery"],"picked":"testmod-Fanaticism"}],"items_purged_floors":[24,32,36,44,49],"is_endless":false,"potions_floor_spawned":[1,7,10,11,16,18,20,21,27,30,31,35,39,47,48,55],"ascension_level":20}}