{"host":"3e3mwsgb9gfqiuxm","time":1613715256,"event":{"mods":["Act Like it!","BaseMod","Colored Map","Colored Powertips","Downfall","Gensokyo","Googly Eyes","Hallownest","Hermit","Hubris","Infinite Spire","Koishi","Marisa????????","Minty Spire (QoL Compilation)","Quick Restart","Rare Cards Sparkle","Reimu??????","Remilia??????","Replay The Spire","Shop Mod","StSLib","SuperFastMode","Td1madao Mod","The Administrix","The Servant 0.9.4","Youmu??????","Yuyuko","everything is the same but u backflip on backflip","slay the spire mod where everything is the same but ironclad has a cowboy hat"],"gold_per_floor":[99,113,113,113,113,138,164,164,129,129,161,203,103,103,138,251,251,251,261,296,309,322,322,369,415,415,415,426,459,491,491,523,638,638,638],"floor_reached":34,"language":"ENG","playtime":1175,"items_purged":["Strike_MRS","Strike_MRS","Strike_MRS"],"score":717,"play_id":"863f0d89-1c04-4c13-842e-9bdf3b016cb5","local_time":"20210219011416","is_ascension_mode":true,"campfire_choices":[{"floor":1.0,"key":"DIG"},{"data":"GrandCross","floor":10.0,"key":"SMITH"},{"data":"MagicChant","floor":13.0,"key":"SMITH"},{"data":"CollectingQuirk","floor":18.0,"key":"SMITH"},{"data":"UpSweep","floor":27,"key":"SMITH"}],"circlet_count":0,"master_deck":["MasterSpark","UpSweep+1","GrandCross+1","Hallownest:skillLeafShield","Hallownest:skillLeafShield","Hallownest:skillLeafShield","Hallownest:skillLeafShield","Hallownest:skillLeafShield","DeepEcoloBomb+1","WitchOfGreed","MaximisePower","GalacticHalo","GalacticHalo","MagicChant+1","AsteroidBelt","CollectingQuirk+1","Acceleration","GrandCross","ShootingEcho","EarthLightRay","MagicAbsorber","TreasureHunter","MysteriousBeam","BinaryStars"],"relics":["MiniHakkero","NeowsBlessing","Blood Vial","hubris:Towel","Ice Cream","Bag of Marbles","Blue Doll","downfall:HeartBlessingGreen","Toy Ornithopter","hubris:FruitBowl","CrazyTorch:ReiMu","hubris:EvacipatedBox","RedLine:ReiMu","Art of War","ReplayFunnel","Pantograph","Hallownest:NailmastersGloryRelic","Du-Vu Doll","Gremlin Food","hubris:GlazedTorus","SproutingBranch","hubris:VirtuousBlindfold"],"acts_visited":["Hallownest:Greenpath","Hallownest:CityofTears","Hallownest:KingdomsEdge"],"potions_floor_usage":[25,32,33,33],"damage_taken":[{"damage":0.0,"enemies":"2_ Uuma","floor":2.0,"turns":1.0},{"damage":0.0,"enemies":"Hallownest:eliteCrystalGuardian","floor":6.0,"turns":1.0},{"damage":0.0,"enemies":"downfall:FleeingMerchant","floor":11.0,"turns":1.0},{"damage":3.0,"enemies":"Hallownest:eliteVengeflyKing","floor":12.0,"turns":6.0},{"damage":0.0,"enemies":"Hallownest:monsterHuskWarrior","floor":15.0,"turns":3.0},{"damage":8.0,"enemies":"IC_STATUS_ARCHETYPE","floor":16.0,"turns":7.0},{"damage":0.0,"enemies":"Hallownest:Flukemon_and_Top","floor":19.0,"turns":2.0},{"damage":0.0,"enemies":"Hallownest:3_Youths","floor":20.0,"turns":7.0},{"damage":14.0,"enemies":"Hallownest:Master_and_Novice","floor":21.0,"turns":3.0},{"damage":0.0,"enemies":"Hallownest:2_Husk_Sentries","floor":22.0,"turns":1.0},{"damage":12,"enemies":"Hallownest:eliteWatcherKnight","floor":25,"turns":15},{"damage":0,"enemies":"Hallownest:monsterShrumalOgre","floor":28,"turns":4},{"damage":0,"enemies":"Nightmare","floor":30,"turns":1},{"damage":6,"enemies":"Hallownest:3_Mistakes","floor":32,"turns":6},{"damage":0,"enemies":"WA_ARCHETYPE_CALM","floor":33,"turns":5}],"seed_played":"4887820921714180318","potions_obtained":[{"floor":2.0,"key":"GrandPatriotsElixir:ReiMu"},{"floor":6.0,"key":"sneckomod:MuddlingPotion"},{"floor":12.0,"key":"Ancient Potion"},{"floor":15.0,"key":"ColorlessPotion"},{"floor":16.0,"key":"sneckomod:MuddlingPotion"},{"floor":16.0,"key":"Fruit Juice"},{"floor":19.0,"key":"LiquidMemories"},{"floor":20.0,"key":"Fire Potion"},{"floor":21.0,"key":"DistilledChaos"},{"floor":25,"key":"GrandPatriotsElixir:ReiMu"},{"floor":32,"key":"Doom Potion"},{"floor":33,"key":"SteroidPotion"}],"is_trial":false,"path_per_floor":["R_BF","M","?","?","?","E","T","?","?","R","$","E","R","$","M","B",null,"R_BF","M","M","M","M","AVR","T","E","?","R","M","?","NM","?","M","B",null],"character_chosen":"MARISA","items_purchased":["MaximisePower","GalacticHalo","Toy Ornithopter","hubris:FruitBowl","CrazyTorch:ReiMu","hubris:EvacipatedBox"],"campfire_rested":0,"item_purchase_floors":[11,11,14,14,14,14],"current_hp_per_floor":[68,70,70,70,70,72,72,72,77,77,79,77,77,7,14,33,68,68,82,87,73,75,75,75,74,74,74,80,80,82,78,83,87,87,87],"gold":638,"neow_bonus":"THREE_ENEMY_KILL","is_daily":false,"chose_seed":false,"campfire_upgraded":4,"win_rate":0.0,"timestamp":1613715256,"path_taken":["R_BF","M","?","?","?","E","T","?","?","R","$","E","R","?","M","BOSS","R_BF","M","M","M","M","AVR","T","E","?","R","M","?","NM","?","M","BOSS"],"items_purchased_type":["Card","Card","Relic","Relic","Relic","Relic"],"build_version":"2020-12-22","purchased_purges":3,"victory":false,"max_hp_per_floor":[75,75,75,75,75,75,75,75,80,80,80,80,80,80,80,80,80,80,87,87,87,87,87,87,87,87,87,87,87,87,87,87,87,87,87],"card_choices":[{"not_picked":["MilkyWay","NonDirectionalLaser"],"picked":"GrandCross","floor":2.0},{"not_picked":["GalacticHalo","AbsoluteMagnitude"],"picked":"DeepEcoloBomb","floor":6.0},{"not_picked":["EscapeVelocity","Orbital"],"picked":"WitchOfGreed","floor":11.0},{"not_picked":["GravityBeat","MysteriousBeam"],"picked":"MagicChant","floor":12.0},{"not_picked":["StarlightTyphoon","ChargingUp"],"picked":"AsteroidBelt","floor":15.0},{"not_picked":["BinaryStars","AbsoluteMagnitude"],"picked":"CollectingQuirk","floor":16.0},{"not_picked":["Acceleration","ShootingEcho","FairyDestructionRay"],"picked":"SKIP","floor":19.0},{"not_picked":["ShootingEcho","FairyDestructionRay"],"picked":"Acceleration","floor":19.0},{"not_picked":["WitchLeyline","Occultation","GrandCross"],"picked":"SKIP","floor":20.0},{"not_picked":["WitchLeyline","Occultation"],"picked":"GrandCross","floor":20.0},{"not_picked":["WitchLeyline","GrandCross+1"],"picked":"ShootingEcho","floor":21.0},{"not_picked":["Occultation+1","WitchLeyline"],"picked":"EarthLightRay","floor":22.0},{"not_picked":["Acceleration","6A+1"],"picked":"MagicAbsorber","floor":25},{"not_picked":["MeteoricShower","6A","WitchLeyline"],"picked":"SKIP","floor":28},{"not_picked":["SprinkleStarSeal","AlicesGift"],"picked":"TreasureHunter","floor":29},{"not_picked":["DoubleSpark+1","LuminesStrike","RefractionSpark"],"picked":"SKIP","floor":30},{"not_picked":["WitchLeyline","PulseMagic"],"picked":"MysteriousBeam","floor":32},{"not_picked":["SatelliteIllusion","ManaRampage"],"picked":"BinaryStars","floor":33}],"player_experience":1424765,"relics_obtained":[{"floor":1.0,"key":"Blood Vial"},{"floor":6.0,"key":"Ice Cream"},{"floor":7.0,"key":"Bag of Marbles"},{"floor":12.0,"key":"Blue Doll"},{"floor":24,"key":"ReplayFunnel"},{"floor":25,"key":"Pantograph"},{"floor":29,"key":"Du-Vu Doll"},{"floor":30,"key":"Gremlin Food"},{"floor":30,"key":"hubris:GlazedTorus"},{"floor":33,"key":"SproutingBranch"}],"event_choices":[],"is_beta":false,"boss_relics":[{"not_picked":["Honey Jar","Fusion Hammer","bronze:MakeshiftBattery"],"picked":"RedLine:ReiMu"},{"not_picked":["hubris:CrackedHourglass","hubris:TerracottaHorce","Black Star"],"picked":"hubris:VirtuousBlindfold"}],"items_purged_floors":[11,14,23],"is_endless":false,"potions_floor_spawned":[2,6,12,16,19,21,22,28,30],"ascension_level":9}}