{"host":"sxnl403xm2xmiyj1","time":1613762294,"event":{"mods":["BaseMod","Colored Map","Keyboard Shortcuts","Koishi","Minty Spire (QoL Compilation)","Quick Restart","StSLib","SuperFastMode"],"gold_per_floor":[116,126,37,51,51,85,96,127,174,186,123,135,165,197,209,221,221],"floor_reached":16,"language":"KOR","playtime":296,"items_purged":[],"score":207,"play_id":"4731ad20-84b6-45bf-b6e6-4e23428eb899","local_time":"20210220041814","is_ascension_mode":true,"campfire_choices":[{"floor":10,"key":"REST"},{"data":"Koishi:Untouchable","floor":12,"key":"SMITH"},{"data":"Koishi:StingingMind","floor":15,"key":"SMITH"}],"circlet_count":0,"master_deck":["AscendersBane","Koishi:BasicStrike","Koishi:BasicStrike","Koishi:BasicStrike","Koishi:BasicDefend","Koishi:BasicDefend","Koishi:BasicDefend","Koishi:BasicDefend","Koishi:Provoke","Koishi:HauntingSlash","Koishi:DanmakuParanoia","Koishi:DreadfulBlow","Koishi:Untouchable+1","Koishi:JumpScare","Koishi:StingingMind+1","Koishi:RacingHeart"],"relics":["Koishi:ImaginaryFriend","NeowsBlessing","TungstenRod","Bottled Lightning","MawBank"],"acts_visited":["Exordium"],"potions_floor_usage":[16],"damage_taken":[{"damage":0.0,"enemies":"Cultist","floor":1.0,"turns":1.0},{"damage":0.0,"enemies":"Jaw Worm","floor":2.0,"turns":1.0},{"damage":0.0,"enemies":"Small Slimes","floor":4.0,"turns":1.0},{"damage":29.0,"enemies":"3 Sentries","floor":6.0,"turns":8.0},{"damage":0.0,"enemies":"Looter","floor":7.0,"turns":5.0},{"damage":27.0,"enemies":"Gremlin Nob","floor":8.0,"turns":7.0},{"damage":0,"enemies":"Red Slaver","floor":13,"turns":6},{"damage":7,"enemies":"Blue Slaver","floor":14,"turns":6},{"damage":18,"enemies":"Hexaghost","floor":16,"turns":14}],"seed_played":"-5546608004630925903","potions_obtained":[{"floor":1.0,"key":"Fire Potion"},{"floor":5.0,"key":"CultistPotion"},{"floor":7.0,"key":"EntropicBrew"}],"is_trial":false,"path_per_floor":["M","M","$","M","?","E","M","E","T","R","?","R","M","M","R","B"],"character_chosen":"KOISHI","items_purchased":["Koishi:Untouchable"],"campfire_rested":1,"item_purchase_floors":[3],"current_hp_per_floor":[51,51,51,51,51,24,29,9,9,26,26,26,32,35,35,17,17],"gold":221,"neow_bonus":"THREE_ENEMY_KILL","is_daily":false,"chose_seed":false,"campfire_upgraded":2,"win_rate":0.0,"timestamp":1613762294,"path_taken":["M","M","$","M","?","E","?","E","T","R","?","R","?","M","R","BOSS"],"items_purchased_type":["Card"],"build_version":"2020-12-22","purchased_purges":0,"victory":false,"max_hp_per_floor":[57,57,57,57,57,57,57,57,57,57,57,57,57,57,57,57,57],"card_choices":[{"not_picked":["Koishi:YoukaiPolygraph","Koishi:UnconsciousUprising"],"picked":"Koishi:DanmakuParanoia","floor":1.0},{"not_picked":["Koishi:BloodcurdlingScream","Koishi:TraumaticStroke"],"picked":"Koishi:DreadfulBlow","floor":2.0},{"not_picked":["Koishi:HeartAttack","Koishi:UnconsciousUprising","Koishi:CatchAndRose"],"picked":"SKIP","floor":4.0},{"not_picked":["Koishi:ParalyzingFear","Koishi:Catatonia"],"picked":"Koishi:JumpScare","floor":6.0},{"not_picked":["Koishi:RorschachInDanmaku","Koishi:FleetingPhantom","Koishi:HeartfeltFancy"],"picked":"SKIP","floor":7.0},{"not_picked":["Koishi:SubterraneanRose","Koishi:SpiritedAway"],"picked":"Koishi:StingingMind","floor":8},{"not_picked":["Koishi:PhantomStrike","Koishi:SubterraneanRose","Koishi:UnansweredLove"],"picked":"SKIP","floor":13},{"not_picked":["Koishi:UnansweredLove","Koishi:RuptureMind"],"picked":"Koishi:RacingHeart","floor":14}],"player_experience":278318,"relics_obtained":[{"floor":6.0,"key":"TungstenRod"},{"floor":8,"key":"Bottled Lightning"},{"floor":9,"key":"MawBank"}],"event_choices":[{"damage_healed":0.0,"max_hp_gain":0.0,"max_hp_loss":0.0,"gold_gain":0.0,"event_name":"Lab","player_choice":"Got Potions","floor":5.0,"gold_loss":0.0,"damage_taken":0.0},{"cards_removed":["Koishi:BasicStrike"],"damage_healed":0,"gold_gain":0,"player_choice":"Card Removal","damage_taken":0,"max_hp_gain":0,"max_hp_loss":0,"event_name":"The Cleric","floor":11,"gold_loss":75}],"is_beta":false,"boss_relics":[],"items_purged_floors":[],"is_endless":false,"potions_floor_spawned":[1,7],"killed_by":"Hexaghost","ascension_level":17}}