{"host":"9rqk712yu6s3287p","time":1613744605,"event":{"mods":["ATMod(°¢èªMod)","Act Like it!","BaseMod","CapriCore","Chen","Gensokyo","Googly Eyes","Marisa£¨ìFÓê¡¡Ä§ÀíÉ³£©","Minty Spire (QoL Compilation)","MostiFishMod","Onozuka Komachi Mod","Reimu£¨²©ÀöÁéÃÎ£©","Remilia_Scarlet Moed£¨ÀÙÃ×ÀòÑÇ¡¤Ë¹¿¨À×ÌØ£©3.3.5","Remilia£¨ÀÙÃ×ÀòÑÇ£©","RumiaBox-Â¶Ã×æ«µÄÉñÃØºÐ×Ó","StSLib","The Administrix","The Immortal","The Servant 0.9.4","Yakumo Yukari mod","Youmu£¨»êÆÇÑýÃÎ£©","Yuyuko","[IsaacMod]ÒÔÈö¼âËþ","¡¾ÒÅÎï¿¨ÅÆ¡¿REMEMod"],"gold_per_floor":[141,174,216,261,408,582,702,981,981,1114,1235,1487,1620,1791,1791,2041,2041,2177,2298,2381,1793,1103,1248,1437,1564,1564,1239,1421,1571,1806,2014,2014,2096,2211,2220,2391,2587,2587,2851,2942,2993,3144,3401,3708,3941,4171,4195,4584,4973,4997,5021,5193,5527,5655],"floor_reached":40,"language":"ZHS","playtime":3364,"items_purged":["BloodRain+1","HellCatastrophe+1"],"score":4508,"play_id":"a61be127-fc1f-46ed-a632-e061f52cf122","local_time":"20210219222325","daily_mods":["Shiny","Vintage","Heirloom","Time Dilation","Flight","Elite Swarm","Lethality","Midas","Binary"],"is_ascension_mode":true,"campfire_choices":[{"floor":15.0,"key":"RECALL"},{"data":"Writhe","floor":23.0,"key":"PURGE"},{"floor":32,"key":"REST"},{"floor":36,"key":"REST"}],"circlet_count":0,"master_deck":["AscendersBane","TricksterDevil+1","BatForm+1","ForecastOfChange+1","CurseOfVladTepes+1","ScarletMeister+1","QueenOfMidnight+1","BloodyHallows+1","HeartBreak+1","EquivalentExchange+1","KillingBlow+1","BloodyCatastrophe+1","ChaoticDestiny+1","BloodySeventeenLaser+1","ScarletCoffin+1","DemonKingCradle+1","TransientEternity+1","CeilingFear+1","MostiFishMod:PerfectForm+1"],"relics":["Snecko Eye","Busted Crown","REME_ComplimentaryCards","HushsDoor","BookOfRevelations","MetatronsCube","MostiFishMod:Haymaker","Du-Vu Doll","SynthV:TestCard","Smiling Mask","ImprovedEquipment","AT_ImmortalShieldbow","GodSword1","Kunai","Frozen Egg 2","REME_ArchaeologicalTools","Akabeko","Regal Pillow","Boot","AT_RedTearstoneRing","SharpPlug","BelialBook","AT_MibuBalloonWealth","StoneCalendar","ScarletDevilRocket","GodSword3","Bronze Scales","Bottled Lightning","MoneyPower","Eternal Feather","LastBattle","AT_BladeRuinedKing","Ice Cream","Art of War","GodSword6","AT_DeathDance","TheBean","Oddly Smooth Stone","REME_HourglassOfDeath","MealTicket","ChampionBelt","War Paint","Darkstone Periapt","SalivaCoin","Lizard Tail","GodSword7","Toxic Egg 2","HowToJump","White Beast Statue","MaYiHuaBei","PillsDrop","Peace Pipe","AT_BellDemon","SteamSale","AT_ArchangelStaff","PokeGo","DeathBook","MagicDraw2","Ccalipers","DianDianMeat","BlankCard","Orichalcum","BookofShadows","Mastiff:ReiMu","Matryoshka","Pantograph","Lantern","AT_RabadonDeathcap","Leech","AT_PhaseBoots","MoreBug","CeramicFish","Torii","GodSword4","SSSystem","REME_IWantAll","InkBottle","Singing Bowl","Potion Belt","D6","MagicDraw4","MawBank","MawBank","MagicDraw4","ZombieArmy","Meat on the Bone","AT_ChloranthyRing","REME_HandOfSuture","AT_TheCollector","Blood Vial","Vajra","GuppysPaw","Void","OriginationStaff","Toy Ornithopter","Pen Nib","Anchor","Bag of Preparation","Strawberry","Happy Flower","GuppysTail","Bag of Marbles","Nunchaku","Bird Faced Urn","DaCapo","AT_RedNoBalance","MagicDraw3","TakeMeEscape","MagicDraw1","SynthV:C4","GodSword5","Shuriken"],"acts_visited":["Exordium","TheCity","TheEnding"],"potions_floor_usage":[33],"damage_taken":[{"damage":0.0,"enemies":"Cultist","floor":1.0,"turns":3.0},{"damage":19.0,"enemies":"Jaw Worm","floor":2.0,"turns":4.0},{"damage":2.0,"enemies":"Small Slimes","floor":3.0,"turns":3.0},{"damage":6.0,"enemies":"Exordium Thugs","floor":4.0,"turns":4.0},{"damage":0.0,"enemies":"Large Slime","floor":5.0,"turns":4.0},{"damage":9.0,"enemies":"3 Sentries","floor":6.0,"turns":4.0},{"damage":0.0,"enemies":"Lagavulin","floor":7.0,"turns":2.0},{"damage":13.0,"enemies":"3 Sentries","floor":8.0,"turns":5.0},{"damage":0.0,"enemies":"Gremlin Nob","floor":10.0,"turns":2.0},{"damage":0.0,"enemies":"Lagavulin","floor":11.0,"turns":2.0},{"damage":0.0,"enemies":"3 Sentries","floor":12.0,"turns":5.0},{"damage":0.0,"enemies":"Gremlin Nob","floor":13.0,"turns":2.0},{"damage":0.0,"enemies":"3 Sentries","floor":14.0,"turns":2.0},{"damage":0.0,"enemies":"Hexaghost","floor":16.0,"turns":2.0},{"damage":0.0,"enemies":"Gremlin Leader","floor":18.0,"turns":2.0},{"damage":0.0,"enemies":"Book of Stabbing","floor":19.0,"turns":1.0},{"damage":0.0,"enemies":"REME_1_Revenger","floor":23.0,"turns":2.0},{"damage":0.0,"enemies":"Gremlin Leader","floor":24.0,"turns":2.0},{"damage":0.0,"enemies":"Book of Stabbing","floor":25.0,"turns":1.0},{"damage":0.0,"enemies":"Gremlin Leader","floor":28.0,"turns":2.0},{"damage":0.0,"enemies":"Book of Stabbing","floor":29.0,"turns":3.0},{"damage":1.0,"enemies":"Slavers","floor":30.0,"turns":3.0},{"damage":0.0,"enemies":"Gremlin Leader","floor":31.0,"turns":3.0},{"damage":0.0,"enemies":"Chosen","floor":18.0,"turns":2.0},{"damage":0.0,"enemies":"Book of Stabbing","floor":19.0,"turns":2.0},{"damage":0.0,"enemies":"Gremlin Leader","floor":21.0,"turns":2.0},{"damage":19.0,"enemies":"Slavers","floor":22.0,"turns":3.0},{"damage":0.0,"enemies":"Slavers","floor":24.0,"turns":3.0},{"damage":0.0,"enemies":"Snake Plant","floor":25.0,"turns":1.0},{"damage":0.0,"enemies":"REME_1_Revenger","floor":27.0,"turns":2.0},{"damage":0.0,"enemies":"Book of Stabbing","floor":28.0,"turns":2.0},{"damage":0.0,"enemies":"Gremlin Leader","floor":29.0,"turns":2.0},{"damage":0,"enemies":"Book of Stabbing","floor":30,"turns":1},{"damage":0,"enemies":"Gremlin Leader","floor":31,"turns":1},{"damage":0,"enemies":"Automaton","floor":33,"turns":1},{"damage":0,"enemies":"Champ","floor":34,"turns":1},{"damage":0,"enemies":"Shield and Spear","floor":38,"turns":1},{"damage":0,"enemies":"The Heart","floor":39,"turns":1}],"seed_played":"-1844386429076137788","potions_obtained":[{"floor":1.0,"key":"SteroidPotion"},{"floor":2.0,"key":"GamblersBrew"},{"floor":2.0,"key":"DuplicationPotion"},{"floor":3.0,"key":"Swift Potion"},{"floor":4.0,"key":"Fruit Juice"},{"floor":4.0,"key":"Swift Potion"},{"floor":5.0,"key":"Weak Potion"},{"floor":5.0,"key":"Fire Potion"},{"floor":6.0,"key":"DuplicationPotion"},{"floor":8.0,"key":"Explosive Potion"},{"floor":11.0,"key":"DuplicationPotion"},{"floor":12.0,"key":"GamblersBrew"},{"floor":14.0,"key":"Regen Potion"},{"floor":14.0,"key":"DuplicationPotion"},{"floor":16.0,"key":"REME_GoldPotion"},{"floor":16.0,"key":"Explosive Potion"},{"floor":24.0,"key":"DuplicationPotion"},{"floor":29.0,"key":"REME_GoldPotion"},{"floor":30.0,"key":"DestinyDice"},{"floor":30.0,"key":"Swift Potion"},{"floor":22.0,"key":"Block Potion"},{"floor":22.0,"key":"FearPotion"},{"floor":24.0,"key":"Block Potion"},{"floor":24.0,"key":"Energy Potion"},{"floor":25.0,"key":"LiquidMemories"},{"floor":38,"key":"GrandPatriotsElixir:ReiMu"}],"is_trial":true,"path_per_floor":["M","M","M","M","M","E","E","E","T","E","E","E","E","E","R","B",null,"M","M","?","$","$","E","E","E","T","$","E","M","E","E","R","M","M","?","M","M","R","E","M","T","E","E","E","E","E","R","B","B",null,"R","$","E","B",null],"character_chosen":"REMILIA","items_purchased":["GodSword7","Toxic Egg 2","HowToJump","White Beast Statue","MostiFishMod:PerfectForm+1","AT_BellDemon","SteamSale","MagicDraw3","TakeMeEscape","MagicDraw1"],"campfire_rested":2,"item_purchase_floors":[21,21,22,22,22,27,27,37,37,37],"current_hp_per_floor":[64,61,59,63,63,60,60,57,57,57,57,57,57,57,69,72,74,74,74,59,74,75,75,75,75,75,75,75,75,75,75,75,75,75,82,85,71,83,87,87,87,84,86,88,97,99,99,101,103,103,103,103,71,105],"gold":5655,"neow_bonus":"","is_daily":false,"chose_seed":false,"campfire_upgraded":0,"win_rate":0.0,"timestamp":1613744605,"path_taken":["M","M","M","M","M","E","E","E","T","E","E","E","E","E","R","BOSS","M","M","?","$","$","E","E","E","T","$","E","M","E","E","R","M","M","?","M","M","R","E","M","T","E","E","E","E","E","R","BOSS","BOSS","R","$","E","BOSS"],"items_purchased_type":["Relic","Relic","Relic","Relic","Card","Relic","Relic","Relic","Relic","Relic"],"build_version":"2020-12-22","purchased_purges":2,"victory":true,"max_hp_per_floor":[70,70,70,75,75,75,75,75,75,75,75,75,75,75,75,75,75,75,75,75,75,75,75,75,75,75,75,75,75,75,75,75,75,75,82,85,85,85,87,87,87,84,86,88,97,99,99,101,103,103,103,103,105,105],"card_choices":[{"not_picked":["BloodyHallows","ForecastOfChange"],"picked":"SKIP","floor":6.0},{"not_picked":["ForecastOfChange","ScarletCoffin"],"picked":"SKIP","floor":7.0},{"not_picked":["CurseOfVladTepes+1","ScarletMeister+1"],"picked":"SKIP","floor":8.0},{"not_picked":["BloodyHallows","BloodyCatastrophe"],"picked":"SKIP","floor":10.0},{"not_picked":["KillingBlow","BloodySeventeenLaser"],"picked":"SKIP","floor":11.0},{"not_picked":["KillingBlow","CurseOfVladTepes+1"],"picked":"SKIP","floor":12.0},{"not_picked":["CurseOfVladTepes+1","QueenOfMidnight+1"],"picked":"SKIP","floor":13.0},{"not_picked":["BatForm+1","HellCatastrophe"],"picked":"SKIP","floor":14.0},{"not_picked":["BatForm+1","BloodyHallows"],"picked":"SKIP","floor":18.0},{"not_picked":["BloodySeventeenLaser","EquivalentExchange+1"],"picked":"SKIP","floor":19.0},{"not_picked":["ScarletMeister+1","ChaoticDestiny+1"],"picked":"SKIP","floor":23.0},{"not_picked":["TransientEternity+1","ChaoticDestiny+1"],"picked":"SKIP","floor":24.0},{"not_picked":["BloodyCatastrophe+1","ForecastOfChange"],"picked":"SKIP","floor":25.0},{"not_picked":["ScarletMeister+1","DemonKingCradle+1"],"picked":"SKIP","floor":28.0},{"not_picked":["HellCatastrophe","TransientEternity+1"],"picked":"SKIP","floor":29.0},{"not_picked":["BloodyCatastrophe+1","DemonKingCradle+1"],"picked":"SKIP","floor":30.0},{"not_picked":["BloodyHallows+1","BloodRain+1"],"picked":"SKIP","floor":31.0},{"not_picked":["ScarletMeister+1","HeartBreak"],"picked":"SKIP","floor":19.0},{"not_picked":["EquivalentExchange+1","ScarletMeister+1"],"picked":"SKIP","floor":21.0},{"not_picked":["BloodyHallows+1","BloodyCatastrophe+1"],"picked":"Singing Bowl","floor":24.0},{"not_picked":["KillingBlow","QueenOfMidnight+1"],"picked":"Singing Bowl","floor":27.0},{"not_picked":["HellCatastrophe","BloodRain+1"],"picked":"Singing Bowl","floor":28.0},{"not_picked":["BloodRain+1","ScarletMeister+1"],"picked":"Singing Bowl","floor":29.0},{"not_picked":["ScarletMeister+1","BloodyCatastrophe+1"],"picked":"Singing Bowl","floor":30},{"not_picked":["CeilingFear+1","ScarletMeister+1"],"picked":"Singing Bowl","floor":31},{"not_picked":["BloodyHallows+1","EquivalentExchange+1"],"picked":"Singing Bowl","floor":33},{"not_picked":["DemonKingCradle+1","BatForm+1"],"picked":"Singing Bowl","floor":34},{"not_picked":["ForecastOfChange","BloodySeventeenLaser"],"picked":"Singing Bowl","floor":38}],"player_experience":558759,"relics_obtained":[{"floor":1.0,"key":"MostiFishMod:Haymaker"},{"floor":1.0,"key":"Du-Vu Doll"},{"floor":1.0,"key":"SynthV:TestCard"},{"floor":2.0,"key":"Smiling Mask"},{"floor":3.0,"key":"ImprovedEquipment"},{"floor":3.0,"key":"AT_ImmortalShieldbow"},{"floor":3.0,"key":"GodSword1"},{"floor":4.0,"key":"Kunai"},{"floor":4.0,"key":"Frozen Egg 2"},{"floor":4.0,"key":"REME_ArchaeologicalTools"},{"floor":5.0,"key":"Akabeko"},{"floor":5.0,"key":"Regal Pillow"},{"floor":6.0,"key":"Boot"},{"floor":6.0,"key":"AT_RedTearstoneRing"},{"floor":6.0,"key":"SharpPlug"},{"floor":6.0,"key":"BelialBook"},{"floor":7.0,"key":"AT_MibuBalloonWealth"},{"floor":7.0,"key":"StoneCalendar"},{"floor":8.0,"key":"ScarletDevilRocket"},{"floor":8.0,"key":"GodSword3"},{"floor":8.0,"key":"Bronze Scales"},{"floor":8.0,"key":"Bottled Lightning"},{"floor":9.0,"key":"MoneyPower"},{"floor":10.0,"key":"Eternal Feather"},{"floor":11.0,"key":"Whetstone"},{"floor":11.0,"key":"LastBattle"},{"floor":12.0,"key":"AT_BladeRuinedKing"},{"floor":12.0,"key":"Ice Cream"},{"floor":12.0,"key":"Art of War"},{"floor":13.0,"key":"GodSword6"},{"floor":13.0,"key":"AT_DeathDance"},{"floor":14.0,"key":"TheBean"},{"floor":14.0,"key":"Oddly Smooth Stone"},{"floor":14.0,"key":"REME_HourglassOfDeath"},{"floor":16.0,"key":"MealTicket"},{"floor":18.0,"key":"War Paint"},{"floor":18.0,"key":"Darkstone Periapt"},{"floor":19.0,"key":"SalivaCoin"},{"floor":19.0,"key":"Lizard Tail"},{"floor":23.0,"key":"MaYiHuaBei"},{"floor":24.0,"key":"PillsDrop"},{"floor":25.0,"key":"Peace Pipe"},{"floor":28.0,"key":"AT_ArchangelStaff"},{"floor":28.0,"key":"PokeGo"},{"floor":28.0,"key":"DeathBook"},{"floor":29.0,"key":"MagicDraw2"},{"floor":29.0,"key":"Ccalipers"},{"floor":29.0,"key":"DianDianMeat"},{"floor":30.0,"key":"BlankCard"},{"floor":30.0,"key":"Orichalcum"},{"floor":30.0,"key":"BookofShadows"},{"floor":30.0,"key":"Mastiff:ReiMu"},{"floor":30.0,"key":"Matryoshka"},{"floor":31.0,"key":"Pantograph"},{"floor":31.0,"key":"Lantern"},{"floor":31.0,"key":"AT_RabadonDeathcap"},{"floor":18.0,"key":"Leech"},{"floor":18.0,"key":"AT_SpeedBoots"},{"floor":18.0,"key":"MoreBug"},{"floor":19.0,"key":"CeramicFish"},{"floor":19.0,"key":"Torii"},{"floor":21.0,"key":"SSSystem"},{"floor":21.0,"key":"REME_IWantAll"},{"floor":22.0,"key":"InkBottle"},{"floor":22.0,"key":"Singing Bowl"},{"floor":22.0,"key":"Potion Belt"},{"floor":22.0,"key":"D6"},{"floor":24.0,"key":"MagicDraw4"},{"floor":24.0,"key":"MawBank"},{"floor":24.0,"key":"MawBank"},{"floor":24.0,"key":"MagicDraw4"},{"floor":24.0,"key":"ZombieArmy"},{"floor":24.0,"key":"Meat on the Bone"},{"floor":24.0,"key":"AT_ChloranthyRing"},{"floor":25.0,"key":"REME_HandOfSuture"},{"floor":25.0,"key":"AT_TheCollector"},{"floor":25.0,"key":"Blood Vial"},{"floor":26.0,"key":"Vajra"},{"floor":27.0,"key":"GuppysPaw"},{"floor":27.0,"key":"Void"},{"floor":28.0,"key":"OriginationStaff"},{"floor":28.0,"key":"Toy Ornithopter"},{"floor":28.0,"key":"Pen Nib"},{"floor":29.0,"key":"Anchor"},{"floor":29.0,"key":"StrikeDummy"},{"floor":29.0,"key":"Bag of Preparation"},{"floor":30,"key":"Strawberry"},{"floor":30,"key":"Happy Flower"},{"floor":30,"key":"GuppysTail"},{"floor":31,"key":"Bag of Marbles"},{"floor":31,"key":"Nunchaku"},{"floor":31,"key":"Bird Faced Urn"},{"floor":33,"key":"DaCapo"},{"floor":34,"key":"AT_SilverBalance"},{"floor":38,"key":"SynthV:C4"},{"floor":38,"key":"GodSword5"},{"floor":38,"key":"Shuriken"}],"event_choices":[{"damage_healed":0.0,"max_hp_gain":0.0,"max_hp_loss":0.0,"gold_gain":0.0,"event_name":"The Mausoleum","player_choice":"Opened","floor":20.0,"gold_loss":0.0,"damage_taken":0.0,"relics_obtained":["GodSword4"],"cards_obtained":["Writhe"]}],"is_beta":false,"boss_relics":[{"not_picked":["TimeKeys","JellyFishMachine"],"picked":"ChampionBelt"},{"not_picked":[]}],"items_purged_floors":[21,22],"is_endless":false,"potions_floor_spawned":[2,4,5,8,12,14,16,23,24,25,28,29,30,31,18,19,21,22,24,25,27,28,29,30,31,33,34,38],"ascension_level":20}}