{"host":"lnfs5t5iydkm2lft","time":1613758657,"event":{"mods":["AchievementEnabler","Aspiration","BaseMod","Better Third Choice","BetterRewards","Colored Powertips","Downfall","Hermit","Hubris","Infinite Spire","Marisa????????","Minty Spire (QoL Compilation)","Quick Restart","Replay The Spire","StSLib","The Runesmith","The Senshi","TheBandit","everything is the same but u backflip on backflip"],"gold_per_floor":[118,133,146,146,146,165,198,198,247,247,309,343,343,358,358,456,506,524,163,175,175,175],"floor_reached":21,"language":"ENG","playtime":2417,"items_purged":["Defend_G"],"score":236,"play_id":"357fcdfe-326c-4e90-a39d-9773f9a2fb56","local_time":"20210219121737","is_ascension_mode":true,"campfire_choices":[{"floor":8,"key":"REST"},{"floor":13,"key":"REST"},{"data":"Replay:Poison Smokescreen","floor":15,"key":"SMITH"}],"circlet_count":0,"master_deck":["Strike_G","Strike_G","Strike_G","Strike_G","Defend_G","Defend_G","Defend_G","Defend_G","Deadly Poison+1","Deadly Poison","hubris:NaturalOne","PiercingWail","Leap","Beam Cell","Distraction","Bane","Replay:Poison Smokescreen+1","ReplayTheSpireMod:Necrosis","Dash"],"relics":["Ring of the Snake","aspiration:Nostalgia","Cracked Core","hubris:Icosahedron","Sundial","Replay:Mystery Machine","theSenshi:FeatherClipsRelic","infinitespire:ShieldingShard","Tiny House","hubris:BundleOfHerbs"],"acts_visited":["Exordium","TheCity"],"potions_floor_usage":[7,7,16,16,18],"damage_taken":[{"damage":0,"enemies":"Cultist","floor":1,"turns":4},{"damage":0,"enemies":"2 Louse","floor":2,"turns":2},{"damage":4,"enemies":"Small Slimes","floor":3,"turns":3},{"damage":4,"enemies":"Looter","floor":6,"turns":3},{"damage":23,"enemies":"Lagavulin","floor":7,"turns":5},{"damage":47,"enemies":"Gremlin Nob","floor":12,"turns":5},{"damage":0,"enemies":"Blue Slaver","floor":14,"turns":3},{"damage":43,"enemies":"The Guardian","floor":16,"turns":10},{"damage":30,"enemies":"3 Byrds","floor":18,"turns":5},{"damage":12,"enemies":"Chosen","floor":20,"turns":5},{"damage":0,"enemies":"Chosen","floor":21,"turns":1}],"seed_played":"3970778728683666576","potions_obtained":[{"floor":2,"key":"Slimebound:ThreeZeroPotion"},{"floor":3,"key":"Fire Potion"},{"floor":12,"key":"Regen Potion"},{"floor":14,"key":"DistilledChaos"},{"floor":17,"key":"champ:CounterPotion"}],"is_trial":false,"path_per_floor":["M","M","M","?","?","M","E","R","T","?","?","E","R","M","R","B",null,"M","$","M","?"],"character_chosen":"THE_SILENT","items_purchased":["hubris:BundleOfHerbs"],"campfire_rested":2,"item_purchase_floors":[19],"current_hp_per_floor":[70,70,66,66,66,62,39,60,60,60,60,19,40,46,46,24,64,40,40,40,40,40],"gold":175,"neow_bonus":"NOSTALGIA","is_daily":false,"chose_seed":false,"campfire_upgraded":1,"win_rate":0.0,"timestamp":1613758657,"path_taken":["M","M","?","?","?","M","E","R","T","?","?","E","R","M","R","BOSS","M","$","M","?"],"items_purchased_type":["Relic"],"build_version":"2020-12-22","purchased_purges":1,"victory":false,"max_hp_per_floor":[70,70,70,70,70,70,70,70,70,70,70,70,70,70,70,70,75,75,75,75,75,75],"card_choices":[{"not_picked":["Sucker Punch","Deflect"],"picked":"Deadly Poison","floor":1},{"not_picked":["Sucker Punch","Slice","Dagger Throw"],"picked":"SKIP","floor":2},{"not_picked":["Cloak And Dagger","Accuracy"],"picked":"Deadly Poison","floor":3},{"not_picked":["All Out Attack","Heel Hook","ReplayTheSpireMod:Tripwire"],"picked":"SKIP","floor":6},{"not_picked":["Accuracy","Tactician"],"picked":"PiercingWail","floor":7},{"not_picked":["Heel Hook","Grand Finale"],"picked":"Distraction","floor":11},{"not_picked":["Poisoned Stab","Predator"],"picked":"Bane","floor":11},{"not_picked":["Dagger Spray","Blade Dance"],"picked":"Replay:Poison Smokescreen","floor":12},{"not_picked":["Sucker Punch","Poisoned Stab","Dagger Spray"],"picked":"SKIP","floor":14},{"not_picked":["Grand Finale","A Thousand Cuts"],"picked":"ReplayTheSpireMod:Necrosis","floor":16},{"not_picked":["Infinite Blades","Sucker Punch","Blade Dance"],"picked":"SKIP","floor":18},{"not_picked":["Finisher","Quick Slash"],"picked":"Dash","floor":20}],"player_experience":397805,"relics_obtained":[{"floor":7,"key":"Sundial"},{"floor":9,"key":"Replay:Mystery Machine"},{"floor":11,"key":"theSenshi:FeatherClipsRelic"},{"floor":12,"key":"infinitespire:ShieldingShard"}],"event_choices":[],"is_beta":false,"boss_relics":[{"not_picked":["hubris:Stopwatch","hubris:CrackedHourglass"],"picked":"Tiny House"}],"items_purged_floors":[19],"is_endless":false,"potions_floor_spawned":[2,3,12,14],"killed_by":"Chosen","ascension_level":5}}