{"host":"i09pxcjttd31eh4q","time":1613718952,"event":{"mods":["AchievementEnabler","BaseMod","Colored Map","Keyboard Shortcuts","Minty Spire (QoL Compilation)","StSLib","SuperFastMode"],"gold_per_floor":[119,119,5,26,46,46,69,69,94,94,114,130,57,57,57,57,57],"floor_reached":16,"language":"KOR","playtime":305,"items_purged":["Doubt"],"score":184,"play_id":"38052cb3-8de8-45ae-9c68-8a789e1ae39f","local_time":"20210219161552","is_ascension_mode":true,"campfire_choices":[{"data":"Reflex","floor":6.0,"key":"SMITH"},{"data":"Poisoned Stab","floor":10.0,"key":"SMITH"},{"data":"Neutralize","floor":15.0,"key":"SMITH"}],"circlet_count":0,"master_deck":["AscendersBane","Strike_G","Strike_G","Strike_G","Strike_G","Strike_G","Defend_G","Defend_G","Defend_G","Defend_G","Defend_G","Survivor","Neutralize+1","Adrenaline","Reflex+1","Escape Plan","Quick Slash","Poisoned Stab+1","Backstab"],"relics":["Ring of the Snake","Golden Idol","Vajra","FaceOfCleric"],"acts_visited":["Exordium"],"potions_floor_usage":[16],"damage_taken":[{"damage":0.0,"enemies":"2 Louse","floor":1.0,"turns":4.0},{"damage":3.0,"enemies":"Small Slimes","floor":4.0,"turns":4.0},{"damage":3.0,"enemies":"Jaw Worm","floor":5.0,"turns":4.0},{"damage":23.0,"enemies":"Exordium Wildlife","floor":7.0,"turns":7.0},{"damage":9.0,"enemies":"Large Slime","floor":11.0,"turns":8.0},{"damage":18.0,"enemies":"Exordium Thugs","floor":12.0,"turns":5.0},{"damage":4,"enemies":"Hexaghost","floor":16,"turns":5}],"seed_played":"-549556516540470693","potions_obtained":[{"floor":5.0,"key":"CunningPotion"},{"floor":12.0,"key":"GamblersBrew"}],"is_trial":false,"path_per_floor":["M","?","$","M","M","R","M","?","T","R","M","M","?","?","R","B"],"character_chosen":"THE_SILENT","items_purchased":["Escape Plan"],"campfire_rested":0,"item_purchase_floors":[3],"current_hp_per_floor":[59,59,59,56,53,53,30,30,30,30,21,3,3,3,3,0,0],"gold":57,"neow_bonus":"THREE_RARE_CARDS","is_daily":false,"chose_seed":false,"campfire_upgraded":3,"win_rate":0.0,"timestamp":1613718952,"path_taken":["M","?","$","M","M","R","M","?","T","R","M","?","?","?","R","BOSS"],"items_purchased_type":["Card"],"build_version":"2020-12-22","purchased_purges":1,"victory":false,"max_hp_per_floor":[66,60,60,60,60,60,60,60,60,60,60,60,60,60,60,60,60],"card_choices":[{"not_picked":["Bullet Time","After Image"],"picked":"Adrenaline","floor":0.0},{"not_picked":["Backflip","Flechettes"],"picked":"Reflex","floor":1.0},{"not_picked":["Slice","Dodge and Roll"],"picked":"Quick Slash","floor":4.0},{"not_picked":["Underhanded Strike","Quick Slash","Dash"],"picked":"SKIP","floor":5.0},{"not_picked":["Dodge and Roll","Endless Agony"],"picked":"Poisoned Stab","floor":7.0},{"not_picked":["Outmaneuver","Storm of Steel","Sucker Punch"],"picked":"SKIP","floor":11.0},{"not_picked":["Dagger Spray","Bane"],"picked":"Backstab","floor":12.0}],"player_experience":928873,"relics_obtained":[{"floor":9.0,"key":"Vajra"}],"event_choices":[{"damage_healed":0.0,"max_hp_gain":0.0,"max_hp_loss":6.0,"gold_gain":0.0,"event_name":"Golden Idol","player_choice":"Lose Max HP","floor":2.0,"gold_loss":0.0,"damage_taken":0.0,"relics_obtained":["Golden Idol"]},{"damage_healed":0.0,"max_hp_gain":0.0,"max_hp_loss":0.0,"gold_gain":0.0,"event_name":"Dead Adventurer","player_choice":"Searched \u00270\u0027 times","floor":8.0,"gold_loss":0.0,"damage_taken":0.0},{"damage_healed":0.0,"max_hp_gain":0.0,"max_hp_loss":0.0,"gold_gain":0.0,"event_name":"World of Goop","player_choice":"Left Gold","floor":13.0,"gold_loss":73.0,"damage_taken":0.0},{"damage_healed":0.0,"max_hp_gain":0.0,"max_hp_loss":0.0,"gold_gain":0.0,"event_name":"FaceTrader","player_choice":"Trade","floor":14.0,"gold_loss":0.0,"damage_taken":0.0,"relics_obtained":["FaceOfCleric"]}],"is_beta":false,"boss_relics":[],"items_purged_floors":[3],"is_endless":false,"potions_floor_spawned":[5,12],"killed_by":"Hexaghost","ascension_level":20}}