{"host":"dlqyscxstsnu98l1","time":1613717130,"event":{"mods":["AchievementEnabler","BaseMod","Colored Map","Colored Powertips","GifTheSpireLib","Highlight Path","Minty Spire (QoL Compilation)","Random Character Button","SacredBarkPlus","StSLib","everything is the same but u backflip on backflip"],"gold_per_floor":[114,124,139,214,214,240,252,171,171,18,28,55,69,94,94,196,196,196,196,3,3,3,3,3,3,3,3,3,3,3,3,3,3,3,3,3,3,3,3,3,3,3,3,3,3,3,3,3,3,3,3,3,3,3,3,3],"floor_reached":55,"language":"ENG","playtime":2413,"items_purged":[],"score":1023,"play_id":"aaeafe6d-7640-45c3-b6c5-3496c9248ff2","local_time":"20210219004530","is_ascension_mode":true,"campfire_choices":[{"floor":15,"key":"REST"},{"floor":25,"key":"REST"},{"floor":29,"key":"REST"},{"data":"Sword Boomerang","floor":32,"key":"SMITH"},{"floor":41,"key":"RECALL"},{"floor":49,"key":"REST"},{"data":"Ghostly","floor":52,"key":"SMITH"}],"circlet_count":0,"master_deck":["Strike_R","Strike_R","Strike_R","Strike_R","Defend_R","Defend_R","Defend_R","Defend_R","Bash+1","Rampage","Sword Boomerang+1","Reckless Charge","Disarm","Pummel+1","Feel No Pain","Feel No Pain","Anger","Inflame","Demon Form","Evolve","Armaments","True Grit","Ghostly+1","Ghostly+1","Ghostly","Ghostly","Ghostly","Impervious","Shrug It Off+1","Cleave+1","Feel No Pain+1","Fiend Fire","Power Through+1","Spot Weakness+1"],"relics":["Burning Blood","Ice Cream","Singing Bowl","StoneCalendar","Oddly Smooth Stone","Du-Vu Doll","PreservedInsect","Ectoplasm","Brimstone","Whetstone","Happy Flower","Black Star","Ginger","Lizard Tail","The Courier","Kunai","Strawberry","Nunchaku"],"acts_visited":["Exordium","TheCity","TheBeyond","TheEnding"],"potions_floor_usage":[6,6,14,14,16,16,30,45,54,54],"damage_taken":[{"damage":0,"enemies":"Small Slimes","floor":1,"turns":3},{"damage":1,"enemies":"Cultist","floor":2,"turns":3},{"damage":5,"enemies":"2 Louse","floor":3,"turns":3},{"damage":25,"enemies":"3 Sentries","floor":6,"turns":7},{"damage":0,"enemies":"2 Fungi Beasts","floor":7,"turns":5},{"damage":8,"enemies":"Red Slaver","floor":11,"turns":5},{"damage":28,"enemies":"Gremlin Nob","floor":12,"turns":5},{"damage":6,"enemies":"Looter","floor":13,"turns":4},{"damage":12,"enemies":"3 Sentries","floor":14,"turns":7},{"damage":23,"enemies":"Slime Boss","floor":16,"turns":7},{"damage":19,"enemies":"Spheric Guardian","floor":18,"turns":4},{"damage":15,"enemies":"3 Byrds","floor":19,"turns":7},{"damage":17,"enemies":"Centurion and Healer","floor":21,"turns":5},{"damage":43,"enemies":"Book of Stabbing","floor":23,"turns":4},{"damage":18,"enemies":"Chosen and Byrds","floor":27,"turns":4},{"damage":34,"enemies":"Sentry and Sphere","floor":28,"turns":4},{"damage":5,"enemies":"3 Cultists","floor":30,"turns":3},{"damage":13,"enemies":"Champ","floor":33,"turns":8},{"damage":10,"enemies":"3 Shapes","floor":35,"turns":5},{"damage":19,"enemies":"3 Darklings","floor":37,"turns":6},{"damage":0,"enemies":"Transient","floor":38,"turns":5},{"damage":0,"enemies":"Jaw Worm Horde","floor":39,"turns":5},{"damage":0,"enemies":"Nemesis","floor":40,"turns":5},{"damage":29,"enemies":"Reptomancer","floor":42,"turns":6},{"damage":6,"enemies":"3 Darklings","floor":44,"turns":7},{"damage":6,"enemies":"Writhing Mass","floor":45,"turns":5},{"damage":0,"enemies":"Spire Growth","floor":47,"turns":5},{"damage":0,"enemies":"Time Eater","floor":50,"turns":8},{"damage":52,"enemies":"Shield and Spear","floor":54,"turns":7},{"damage":79,"enemies":"The Heart","floor":55,"turns":8}],"seed_played":"-8120876339994805179","potions_obtained":[{"floor":1,"key":"SteroidPotion"},{"floor":3,"key":"DuplicationPotion"},{"floor":6,"key":"Dexterity Potion"},{"floor":11,"key":"EssenceOfSteel"},{"floor":12,"key":"Swift Potion"},{"floor":14,"key":"CultistPotion"},{"floor":21,"key":"FairyPotion"},{"floor":28,"key":"Fire Potion"},{"floor":30,"key":"Fire Potion"},{"floor":35,"key":"FearPotion"},{"floor":40,"key":"Swift Potion"},{"floor":42,"key":"Block Potion"},{"floor":45,"key":"Explosive Potion"},{"floor":47,"key":"FairyPotion"}],"is_trial":false,"path_per_floor":["M","M","M","?","?","E","M","$","T","$","M","E","M","E","R","B",null,"M","M","$","M","$","E","$","R","T","M","M","R","M","?","R","B",null,"M","?","M","M","M","E","R","E","T","M","M","?","M","?","R","B",null,"R","$","E","B"],"character_chosen":"IRONCLAD","items_purchased":["Feel No Pain","Oddly Smooth Stone","Brimstone","True Grit"],"campfire_rested":4,"item_purchase_floors":[8,10,20,20],"current_hp_per_floor":[72,72,72,61,61,42,48,48,48,48,46,24,26,20,42,25,62,49,40,40,31,31,30,30,53,53,43,17,41,44,42,42,35,40,38,38,25,33,39,45,45,24,24,24,24,26,34,34,49,52,52,52,52,28,0,0],"gold":3,"neow_bonus":"ONE_RARE_RELIC","is_daily":false,"chose_seed":false,"campfire_upgraded":2,"win_rate":0.0,"timestamp":1613717130,"path_taken":["M","M","M","?","?","E","M","$","T","$","M","E","M","E","R","BOSS","M","M","?","?","$","E","$","R","T","M","M","R","M","?","R","BOSS","M","?","M","M","M","E","R","E","T","?","M","?","M","?","R","BOSS","R","$","E","BOSS"],"items_purchased_type":["Card","Relic","Relic","Card"],"build_version":"2020-12-22","purchased_purges":0,"victory":false,"max_hp_per_floor":[72,72,72,72,72,72,72,72,72,72,72,72,74,74,74,74,74,74,74,74,76,76,78,78,78,78,80,82,82,84,42,42,42,42,44,44,44,46,46,46,46,48,48,48,48,50,52,52,52,52,52,52,52,59,59,59],"card_choices":[{"not_picked":["Warcry","Feel No Pain"],"picked":"Rampage","floor":1},{"not_picked":["Body Slam","Havoc","Entrench"],"picked":"SKIP","floor":2},{"not_picked":["Clothesline","Havoc"],"picked":"Sword Boomerang","floor":3},{"not_picked":["Sever Soul","Twin Strike"],"picked":"Disarm","floor":6},{"not_picked":["Brutality","Bloodletting"],"picked":"Pummel","floor":7},{"not_picked":["Entrench","Infernal Blade"],"picked":"Feel No Pain","floor":11},{"not_picked":["Rupture","Thunderclap"],"picked":"Anger","floor":12},{"not_picked":["Sword Boomerang","Perfected Strike","Warcry"],"picked":"Singing Bowl","floor":13},{"not_picked":["Juggernaut","Clothesline"],"picked":"Inflame","floor":14},{"not_picked":["Barricade","Offering"],"picked":"Demon Form","floor":16},{"not_picked":["Body Slam+1","Feel No Pain"],"picked":"Evolve","floor":18},{"not_picked":["Perfected Strike","Anger"],"picked":"Armaments","floor":19},{"not_picked":["Carnage","Warcry","Havoc"],"picked":"Singing Bowl","floor":21},{"not_picked":["Hemokinesis","Perfected Strike","Havoc"],"picked":"Singing Bowl","floor":23},{"not_picked":["Warcry","Barricade","Body Slam"],"picked":"Singing Bowl","floor":27},{"not_picked":["Clothesline","Bloodletting","Infernal Blade"],"picked":"Singing Bowl","floor":28},{"not_picked":["Clash","Hemokinesis","Thunderclap"],"picked":"Singing Bowl","floor":30},{"not_picked":["Feed","Reaper"],"picked":"Impervious","floor":33},{"not_picked":["Entrench+1","Fire Breathing","Clothesline"],"picked":"Singing Bowl","floor":35},{"not_picked":["Second Wind+1","Infernal Blade+1"],"picked":"Shrug It Off+1","floor":37},{"not_picked":["Combust+1","Perfected Strike","Entrench+1"],"picked":"Singing Bowl","floor":38},{"not_picked":["Clash+1","Clothesline+1"],"picked":"Cleave+1","floor":39},{"not_picked":["Sentinel","Dual Wield"],"picked":"Feel No Pain+1","floor":40},{"not_picked":["Twin Strike","Perfected Strike","Cleave"],"picked":"Singing Bowl","floor":42},{"not_picked":["Intimidate+1","Perfected Strike"],"picked":"Fiend Fire","floor":44},{"not_picked":["Headbutt+1","Perfected Strike"],"picked":"Power Through+1","floor":45},{"not_picked":["Deep Breath","Purity","Jack Of All Trades"],"picked":"Singing Bowl","floor":46},{"not_picked":["Wild Strike","Warcry","Twin Strike+1"],"picked":"Singing Bowl","floor":47},{"not_picked":["Flex+1","True Grit"],"picked":"Spot Weakness+1","floor":54}],"player_experience":234322,"relics_obtained":[{"floor":6,"key":"Singing Bowl"},{"floor":9,"key":"StoneCalendar"},{"floor":12,"key":"Du-Vu Doll"},{"floor":14,"key":"PreservedInsect"},{"floor":23,"key":"Whetstone"},{"floor":26,"key":"Happy Flower"},{"floor":40,"key":"Ginger"},{"floor":40,"key":"Lizard Tail"},{"floor":42,"key":"The Courier"},{"floor":42,"key":"Kunai"},{"floor":54,"key":"Strawberry"},{"floor":54,"key":"Nunchaku"}],"event_choices":[{"damage_healed":0,"gold_gain":75,"player_choice":"Gather Gold","damage_taken":11,"max_hp_gain":0,"max_hp_loss":0,"event_name":"World of Goop","floor":4,"gold_loss":0},{"damage_healed":0,"gold_gain":0,"cards_transformed":["Strike_R"],"player_choice":"Transformed","damage_taken":0,"max_hp_gain":0,"max_hp_loss":0,"event_name":"Transmorgrifier","floor":5,"gold_loss":0,"cards_obtained":["Reckless Charge"]},{"damage_healed":0,"gold_gain":0,"player_choice":"Became a Ghost","damage_taken":0,"max_hp_gain":0,"max_hp_loss":42,"event_name":"Ghosts","floor":31,"gold_loss":0,"cards_obtained":["Ghostly","Ghostly","Ghostly","Ghostly","Ghostly"]},{"damage_healed":0,"gold_gain":0,"player_choice":"Upgraded","damage_taken":0,"max_hp_gain":0,"max_hp_loss":0,"event_name":"Upgrade Shrine","floor":36,"gold_loss":0,"cards_upgraded":["Ghostly"]},{"damage_healed":0,"gold_gain":0,"player_choice":"Memory 1","damage_taken":0,"max_hp_gain":0,"max_hp_loss":0,"event_name":"SensoryStone","floor":46,"gold_loss":0},{"damage_healed":0,"gold_gain":0,"player_choice":"0 cards matched","damage_taken":0,"max_hp_gain":0,"max_hp_loss":0,"event_name":"Match and Keep!","floor":48,"gold_loss":0,"cards_obtained":[]}],"is_beta":false,"boss_relics":[{"not_picked":["Velvet Choker","Mark of Pain"],"picked":"Ectoplasm"},{"not_picked":["Runic Dome","Busted Crown"],"picked":"Black Star"}],"items_purged_floors":[],"is_endless":false,"potions_floor_spawned":[1,3,6,11,12,14,21,28,30,35,40,42,45,47],"killed_by":"The Heart","ascension_level":5}}