{"host":"tj5b4ndtwgv8r84u","time":1613715795,"event":{"mods":["2.2 Compatiblity","AchievementEnabler","Act Like it!","Aspiration","BaseMod","Better Note","Colored Map","Conspire","Downfall","GifTheSpireLib","Hallownest","Hermit","Infinite Spire","Minty Spire (QoL Compilation)","Rare Cards Sparkle","Relic Stats","Replay The Spire","Shop Mod","StSLib","The Bug Knight","The Cursed","The Hierophant","The Marked","The Servant 0.9.4"],"gold_per_floor":[111,111,111,129,146,146,157,157,157,108,108,122,134,146,146,252,252,252,252,252,252,252,252,39,39,39,39,39,39,39,39,39,39,39,39,39,39,39,39,39,39,39,39,39,39],"floor_reached":44,"language":"ENG","playtime":3981,"items_purged":[],"score":450,"play_id":"157babf1-ccba-4527-9a7b-0d2fd3032775","local_time":"20210219012315","is_ascension_mode":false,"campfire_choices":[{"data":"hexamod:GhostflameBarrier","floor":6,"key":"SMITH"},{"floor":8,"key":"REST"},{"data":"sneckomod:WideSting","floor":11,"key":"SMITH"},{"data":"TheCursedMod:CursedRelics","floor":15,"key":"SMITH"},{"floor":27,"key":"REST"},{"data":"infinitespire:Gouge","floor":32,"key":"SMITH"},{"data":"TheCursedMod:ForbiddenAlchemy","floor":40,"key":"SMITH"}],"circlet_count":0,"master_deck":["hermit:Strike_Hermit","hermit:Strike_Hermit","hermit:Strike_Hermit","hermit:Defend_Hermit","hermit:Defend_Hermit","hermit:Defend_Hermit","hermit:Defend_Hermit","hermit:Snapshot","hermit:Covet","hexamod:GhostflameBarrier+1","downfall:Icky","hermit:Strike_Hermit","hermit:Coalescence","sneckomod:WideSting+1","hermit:TrackingShot","hierophant:OrnateBuckler","HollowMod:HornetsHelp","hermit:Dive","TheCursedMod:Obscuration","hermit:Vantage","hermit:Showdown","hermit:Showdown","hermit:HoleUp","infinitespire:Gouge+1","TheCursedMod:ForbiddenAlchemy+1","hermit:SprayPray+1","Trip","Normality","Normality","Replay:BluntJabs"],"relics":["hermit:Momento","aspiration:Nostalgia","m_HexaRing","PrismaticShard","Iron Hammer","Ectoplasm","infinitespire:Lucky Rock","ReplayTheSpireMod:TigerMarble","Pet Ghost","aspiration:RitualDagger","aspiration:KaomsHeart"],"acts_visited":["Exordium","TheCity","TheBeyond"],"potions_floor_usage":[16,16,16,22,35,39,39,44,44,44,44],"damage_taken":[{"damage":0,"enemies":"2 Louse","floor":1,"turns":4},{"damage":0,"enemies":"Small Slimes","floor":4,"turns":3},{"damage":1,"enemies":"Cultist","floor":5,"turns":3},{"damage":16,"enemies":"Lots of Slimes","floor":7,"turns":5},{"damage":2,"enemies":"2 Fungi Beasts","floor":12,"turns":3},{"damage":9,"enemies":"Large Slime","floor":13,"turns":7},{"damage":5,"enemies":"Looter","floor":14,"turns":3},{"damage":43,"enemies":"The Guardian","floor":16,"turns":11},{"damage":20,"enemies":"Shell Parasite","floor":18,"turns":6},{"damage":6,"enemies":"3 Byrds","floor":20,"turns":5},{"damage":60,"enemies":"3 Cultists","floor":22,"turns":8},{"damage":7,"enemies":"conspire:HollyBat","floor":25,"turns":11},{"damage":0,"enemies":"Shelled Parasite and Fungi","floor":29,"turns":6},{"damage":124,"enemies":"Champ","floor":33,"turns":23},{"damage":49,"enemies":"3 Darklings","floor":35,"turns":9},{"damage":11,"enemies":"Orb Walker","floor":39,"turns":3},{"damage":103,"enemies":"3 Darklings","floor":42,"turns":8},{"damage":96,"enemies":"Giant Head","floor":44,"turns":10}],"seed_played":"-271777415556139199","potions_obtained":[{"floor":4,"key":"Fire Potion"},{"floor":7,"key":"AttackPotion"},{"floor":12,"key":"PowerPotion"},{"floor":20,"key":"Swift Potion"},{"floor":29,"key":"Elixir"},{"floor":33,"key":"Block Potion"},{"floor":35,"key":"AttackPotion"}],"is_trial":false,"path_per_floor":["M","?","?","M","M","R","M","R","T","$","R","M","M","M","R","B",null,"M","?","M","?","M","?","$","M","T","R","T","M","AVR","?","R","B",null,"M","?","?","?","M","R","?","M","T","E"],"character_chosen":"HERMIT","items_purchased":["hermit:TrackingShot","infinitespire:Lucky Rock","hermit:Showdown"],"campfire_rested":2,"item_purchase_floors":[10,24,24],"current_hp_per_floor":[75,75,75,75,74,74,58,75,75,75,75,73,64,59,59,16,75,55,85,79,71,11,11,11,4,4,29,29,29,129,113,113,183,185,150,150,150,150,149,149,149,66,66,0,0],"gold":39,"neow_bonus":"NOSTALGIA","is_daily":false,"chose_seed":false,"campfire_upgraded":5,"win_rate":0.0,"timestamp":1613715795,"path_taken":["M","?","?","M","?","R","M","R","T","$","R","M","?","M","R","BOSS","M","?","M","?","?","?","$","M","T","R","?","M","AVR","?","R","BOSS","M","?","?","?","M","R","?","M","T","E"],"items_purchased_type":["Card","Relic","Card"],"build_version":"2020-12-22","purchased_purges":0,"victory":false,"max_hp_per_floor":[75,75,75,75,75,75,75,75,75,75,75,75,75,75,75,75,75,75,85,85,85,85,85,85,85,85,85,85,85,185,185,185,185,185,185,185,185,185,185,185,185,185,185,185,185],"relic_stats":{"counters":[18,128],"Ectoplasm":1336,"obtain_stats":[{"aspiration:Nostalgia":0,"aspiration:KaomsHeart":30,"Iron Hammer":9,"Ectoplasm":17,"ReplayTheSpireMod:TigerMarble":26,"infinitespire:Lucky Rock":24,"aspiration:RitualDagger":30,"PrismaticShard":2,"hermit:Momento":0,"Pet Ghost":28,"m_HexaRing":0},{"aspiration:Nostalgia":0,"aspiration:KaomsHeart":13,"Iron Hammer":4,"Ectoplasm":8,"ReplayTheSpireMod:TigerMarble":12,"infinitespire:Lucky Rock":11,"aspiration:RitualDagger":13,"PrismaticShard":1,"hermit:Momento":0,"Pet Ghost":12,"m_HexaRing":0},{"aspiration:Nostalgia":0,"aspiration:KaomsHeart":75,"Iron Hammer":15,"Ectoplasm":39,"ReplayTheSpireMod:TigerMarble":69,"infinitespire:Lucky Rock":58,"aspiration:RitualDagger":75,"PrismaticShard":4,"hermit:Momento":0,"Pet Ghost":69,"m_HexaRing":0}]},"card_choices":[{"not_picked":["hermit:Snipe","hermit:BigShot"],"picked":"hexamod:GhostflameBarrier","floor":1},{"not_picked":["TheCursedMod:VitalStrike","GearUp","Unruled"],"picked":"SKIP","floor":4},{"not_picked":["Worship","Ricochet"],"picked":"hermit:Coalescence","floor":5},{"not_picked":["Compile Driver","Guardian:Reroute"],"picked":"sneckomod:WideSting","floor":7},{"not_picked":["Flechettes","hierophant:Repentance","Guardian:ArmoredProtocol"],"picked":"SKIP","floor":12},{"not_picked":["Replace","sneckomod:UnknownClassSLIMEBOUND"],"picked":"TheCursedMod:CursedRelics","floor":13},{"not_picked":["champ:AdrenalArmor","Infinite Blades"],"picked":"hierophant:OrnateBuckler","floor":14},{"not_picked":["theMarked:Vacuum","hermit:HighNoon"],"picked":"HollowMod:HornetsHelp","floor":16},{"not_picked":["champ:PreciseThrust","Slimebound:FlameTackle"],"picked":"hermit:Dive","floor":18},{"not_picked":["Tactician","Slimebound:MegaLick"],"picked":"hexamod:SecondSeal","floor":20},{"not_picked":["ReachHeaven","Rearm"],"picked":"TheCursedMod:Obscuration","floor":22},{"not_picked":["TheCursedMod:CircleOfBlood","hexamod:FastForward","Slimebound:SplitMire"],"picked":"SKIP","floor":25},{"not_picked":["HollowMod:ShadowDash+1","TheCursedMod:ManaBullet+1"],"picked":"hermit:HoleUp","floor":29},{"not_picked":["hermit:HighNoon","FloweringNight"],"picked":"TheCursedMod:ForbiddenAlchemy","floor":33},{"not_picked":["Revamp+1","Barrier+1"],"picked":"hermit:SprayPray+1","floor":35},{"not_picked":["Mayhem","Deep Breath"],"picked":"Trip","floor":36},{"not_picked":["ShatteredReality","Slimebound:ItLooksTasty+1"],"picked":"Replay:BluntJabs","floor":39},{"not_picked":["Slimebound:SamplingLick+1","hermit:Dive","Guardian:ChargeCore"],"picked":"SKIP","floor":42}],"player_experience":38980,"relics_obtained":[{"floor":9,"key":"Iron Hammer"},{"floor":26,"key":"ReplayTheSpireMod:TigerMarble"},{"floor":28,"key":"Pet Ghost"},{"floor":31,"key":"Necronomicon"},{"floor":43,"key":"aspiration:KMNothing"}],"event_choices":[{"damage_healed":0,"gold_gain":0,"player_choice":"1 cards matched","damage_taken":0,"max_hp_gain":0,"max_hp_loss":0,"event_name":"Match and Keep!","floor":3,"gold_loss":0,"cards_obtained":["hermit:Strike_Hermit"]},{"cards_removed":["TheCursedMod:CursedRelics"],"damage_healed":20,"gold_gain":0,"player_choice":"Offered Rare","damage_taken":0,"max_hp_gain":10,"max_hp_loss":0,"event_name":"Bonfire Elementals","floor":19,"gold_loss":0},{"damage_healed":0,"gold_gain":0,"player_choice":"Damaged","damage_taken":8,"max_hp_gain":0,"max_hp_loss":0,"event_name":"Wheel of Change","floor":21,"gold_loss":0},{"damage_healed":0,"gold_gain":0,"cards_transformed":["hermit:Strike_Hermit"],"player_choice":"Transformed","damage_taken":0,"max_hp_gain":0,"max_hp_loss":0,"event_name":"Transmorgrifier","floor":23,"gold_loss":0,"cards_obtained":["hermit:Vantage"]},{"damage_healed":0,"gold_gain":0,"player_choice":"Obtained Book","damage_taken":16,"max_hp_gain":0,"max_hp_loss":0,"event_name":"Cursed Tome","floor":31,"gold_loss":0},{"damage_healed":0,"gold_gain":0,"player_choice":"Memory 1","damage_taken":0,"max_hp_gain":0,"max_hp_loss":0,"event_name":"SensoryStone","floor":36,"gold_loss":0},{"damage_healed":0,"gold_gain":999,"player_choice":"Gold","damage_taken":0,"max_hp_gain":0,"max_hp_loss":0,"event_name":"MindBloom","floor":37,"gold_loss":0,"cards_obtained":["Normality","Normality"]},{"cards_removed":["hexamod:SecondSeal"],"damage_healed":0,"gold_gain":0,"player_choice":"Removed Power","damage_taken":0,"max_hp_gain":0,"max_hp_loss":0,"event_name":"Falling","floor":38,"gold_loss":0},{"damage_healed":0,"gold_gain":0,"player_choice":"Ignored","damage_taken":0,"max_hp_gain":0,"max_hp_loss":0,"event_name":"Golden Shrine","floor":41,"gold_loss":0}],"is_beta":false,"boss_relics":[{"not_picked":["SacredBark","aspiration:FutureDiary"],"picked":"Ectoplasm"},{"not_picked":["aspiration:KMNothing","aspiration:KMNothing"],"picked":"aspiration:KMNothing"}],"items_purged_floors":[],"is_endless":false,"potions_floor_spawned":[4,7,12,20,29,33,35],"killed_by":"Giant Head","ascension_level":0}}