{"host":"m6rwrrl4vtok99e8","time":1613735685,"event":{"mods":["ATMod(??Mod)","Act Like it!","Aspiration","BaseMod","Colored Powertips","Downfall","Energized Spire","GungeonMod","Jedi Mod","Koishi","LagranYue(???·?)","Lobotomy","Marisa????????","Minty Spire (QoL Compilation)","Pale of the Ancients","Quick Restart","Relic Stats","Reliquary","Remilia??????","Replay The Spire","Spicy Shops","StSLib","TestMod","The Servant 0.9.4","Waifu the Spire","WarShipGirlsR/????R mod","??????REMEMod"],"gold_per_floor":[119,119,119,119,137,162,162,162,162],"floor_reached":8,"language":"ZHS","playtime":343,"items_purged":[],"score":54,"play_id":"f8c20806-e5b3-4916-91fb-85cd5c43974c","local_time":"20210219195445","is_ascension_mode":false,"campfire_choices":[{"floor":7.0,"key":"REST"}],"circlet_count":0,"master_deck":["Strike_S","Strike_S","Strike_S","Strike_S","Defend_S","Defend_S","Defend_S+1","KidneyShot","Exchange","FairyFestival","TheWorld"],"relics":["Uniform","AT_ATBox","testmod-TestBox","REME_ComplimentaryCards","LagranYue:RandomDrawCardRelic","testmod-TimeTraveler","CogitoBucket","DemoMod:MemoryAlloy","Replay:PocketPolymizer"],"acts_visited":["Exordium"],"potions_floor_usage":[8],"damage_taken":[{"damage":0.0,"enemies":"Small Slimes","floor":1.0,"turns":3.0},{"damage":0.0,"enemies":"2 Louse","floor":5.0,"turns":2.0},{"damage":50.0,"enemies":"3 Sentries","floor":6.0,"turns":14.0},{"damage":53,"enemies":"Gremlin Nob","floor":8,"turns":5}],"seed_played":"-4531348208538158339","potions_obtained":[{"floor":1.0,"key":"SkillPotion"}],"is_trial":false,"path_per_floor":["M","?","?","T","M","E","R","E"],"character_chosen":"THE_SERVANT","items_purchased":[],"campfire_rested":1,"item_purchase_floors":[],"current_hp_per_floor":[65,65,58,58,58,24,43,0,0],"gold":162,"neow_bonus":"","is_daily":false,"chose_seed":false,"campfire_upgraded":0,"win_rate":0.0,"timestamp":1613735685,"path_taken":["M","?","?","?","M","E","R","E"],"items_purchased_type":[],"build_version":"2020-12-22","purchased_purges":0,"victory":false,"max_hp_per_floor":[65,65,65,65,65,65,65,65,65],"relic_stats":{"counters":[4,24],"obtain_stats":[{"CogitoBucket":0,"AT_ATBox":0,"testmod-TestBox":0,"testmod-TimeTraveler":0,"Replay:PocketPolymizer":6,"LagranYue:RandomDrawCardRelic":0,"DemoMod:MemoryAlloy":4,"DemoMod:GlassGuonStoneRelic":1,"Uniform":0,"REME_ComplimentaryCards":0},{"CogitoBucket":0,"AT_ATBox":0,"testmod-TestBox":0,"testmod-TimeTraveler":0,"Replay:PocketPolymizer":3,"LagranYue:RandomDrawCardRelic":0,"DemoMod:MemoryAlloy":1,"DemoMod:GlassGuonStoneRelic":1,"Uniform":0,"REME_ComplimentaryCards":0},{"CogitoBucket":0,"AT_ATBox":0,"testmod-TestBox":0,"testmod-TimeTraveler":0,"Replay:PocketPolymizer":19,"LagranYue:RandomDrawCardRelic":0,"DemoMod:MemoryAlloy":3,"DemoMod:GlassGuonStoneRelic":3,"Uniform":0,"REME_ComplimentaryCards":0}]},"card_choices":[{"not_picked":["Shuttle","DoubleEdge","FastForward"],"picked":"SKIP","floor":1.0},{"not_picked":["UniverseFragment","Bloodbath"],"picked":"FairyFestival","floor":5.0},{"not_picked":["Potential","Unruled"],"picked":"TheWorld","floor":5.0},{"not_picked":["Deadline","Barrier","Revamp"],"picked":"SKIP","floor":6.0}],"player_experience":48986,"relics_obtained":[{"floor":4.0,"key":"DemoMod:MemoryAlloy"},{"floor":6.0,"key":"Replay:PocketPolymizer"}],"event_choices":[{"cards_removed":["Defend_S"],"damage_healed":0.0,"max_hp_gain":0.0,"max_hp_loss":0.0,"gold_gain":0.0,"event_name":"Golden Wing","player_choice":"Card Removal","floor":3.0,"gold_loss":0.0,"damage_taken":7.0}],"is_beta":false,"boss_relics":[],"items_purged_floors":[],"is_endless":false,"potions_floor_spawned":[1],"killed_by":"Gremlin Nob","ascension_level":0}}