{"host":"4gkev1dtxxhiue3x","time":1613756308,"event":{"mods":["AchievementEnabler","BaseMod","Better Altar","Better Match","Better Note","Better Sensory Stone","Better Skull","Better Third Choice","Colored Powertips","Downfall","Friendly Minions","Hermit","Minty Spire (QoL Compilation)","Relic Stats","Robot Space Explorer","Shop Mod","StSLib","The Construct","The Disciple","The Hierophant"],"gold_per_floor":[113,129,142,142,142,172,16,29,52,52,72,100,100,120,120,223,223,239,199,218,231,242,242,267,167,167,196,196,114,125,142,142,237,237,253,0,12,12,23,23,57,57,81,91,91,56,89,89,89,89,89],"floor_reached":50,"language":"ENG","playtime":4764,"items_purged":["Regret","Strike_B"],"score":662,"play_id":"4288ce89-ca1a-40f9-b6e8-82738f95b5a0","local_time":"20210219183828","is_ascension_mode":true,"campfire_choices":[{"floor":13.0,"key":"REST"},{"data":"Storm","floor":15.0,"key":"SMITH"},{"data":"Static Discharge","floor":23,"key":"SMITH"},{"data":"Rainbow","floor":32,"key":"SMITH"},{"data":"Echo Form","floor":40,"key":"SMITH"},{"data":"Amplify","floor":45,"key":"SMITH"},{"data":"Capacitor","floor":49,"key":"SMITH"}],"circlet_count":0,"master_deck":["Strike_B+1","Strike_B+1","Defend_B","Defend_B","Defend_B","Defend_B","Zap","Dualcast","Storm+1","Conserve Battery","Machine Learning","Static Discharge+1","Self Repair","Genetic Algorithm+1","Rainbow+1","FTL","Consume","Multi-Cast","Steam","White Noise","Hologram+1","Conserve Battery","Buffer","Heatsinks","Amplify+1","Thunder Strike","Tempest","Storm","Echo Form+1","White Noise+1","White Noise+1","Pain","Capacitor+1","Recycle+1"],"relics":["Cracked Core","NeowsBlessing","Bag of Preparation","betterThird:SlimedRelic","Happy Flower","Oddly Smooth Stone","Lantern","Runic Pyramid","StoneCalendar","Gremlin Horn","Ornamental Fan","Coffee Dripper","Ancient Tea Set","WarpedTongs","Whetstone","PreservedInsect"],"acts_visited":["Exordium","TheCity","TheBeyond"],"potions_floor_usage":[18,21,24,31,31,41,50],"damage_taken":[{"damage":0.0,"enemies":"Small Slimes","floor":1.0,"turns":1.0},{"damage":0.0,"enemies":"Cultist","floor":2.0,"turns":1.0},{"damage":0.0,"enemies":"2 Louse","floor":3.0,"turns":1.0},{"damage":32.0,"enemies":"Lagavulin","floor":6.0,"turns":9.0},{"damage":10.0,"enemies":"Exordium Wildlife","floor":8.0,"turns":3.0},{"damage":15.0,"enemies":"Red Slaver","floor":11.0,"turns":5.0},{"damage":7.0,"enemies":"3 Sentries","floor":12.0,"turns":6.0},{"damage":4.0,"enemies":"Blue Slaver","floor":14.0,"turns":4.0},{"damage":24.0,"enemies":"Hexaghost","floor":16.0,"turns":7.0},{"damage":14,"enemies":"2 Thieves","floor":18,"turns":5},{"damage":14,"enemies":"Shell Parasite","floor":20,"turns":5},{"damage":5,"enemies":"Centurion and Healer","floor":21,"turns":10},{"damage":15,"enemies":"Chosen and Byrds","floor":22,"turns":4},{"damage":15,"enemies":"Slavers","floor":24,"turns":6},{"damage":3,"enemies":"Gremlin Leader","floor":27,"turns":4},{"damage":10,"enemies":"Snake Plant","floor":30,"turns":2},{"damage":1,"enemies":"Sentry and Sphere","floor":31,"turns":4},{"damage":26,"enemies":"Automaton","floor":33,"turns":14},{"damage":5,"enemies":"Orb Walker","floor":35,"turns":2},{"damage":3,"enemies":"3 Shapes","floor":37,"turns":3},{"damage":18,"enemies":"Transient","floor":39,"turns":5},{"damage":0,"enemies":"Nemesis","floor":41,"turns":6},{"damage":19,"enemies":"Sphere and 2 Shapes","floor":44,"turns":3},{"damage":0,"enemies":"Giant Head","floor":47,"turns":6},{"damage":68,"enemies":"Awakened One","floor":50,"turns":4}],"seed_played":"416845550326472615","potions_obtained":[{"floor":1.0,"key":"SpeedPotion"},{"floor":2.0,"key":"GamblersBrew"},{"floor":3.0,"key":"sneckomod:MuddlingPotion"},{"floor":6.0,"key":"EssenceOfSteel"},{"floor":12.0,"key":"Guardian:BlockOnCardUsePotion"},{"floor":19,"key":"Block Potion"},{"floor":19,"key":"FearPotion"},{"floor":19,"key":"Slimebound:ThreeZeroPotion"},{"floor":24,"key":"SkillPotion"},{"floor":30,"key":"Explosive Potion"},{"floor":31,"key":"CultistPotion"},{"floor":35,"key":"GamblersBrew"}],"is_trial":false,"path_per_floor":["M","M","M","?","?","E","$","M","T","?","M","E","R","M","R","B",null,"M","?","M","M","M","R","E","$","T","E","?","$","M","M","R","B",null,"M","$","M","?","M","R","E","?","T","M","R","$","E","?","R","B"],"character_chosen":"DEFECT","items_purchased":["Self Repair","Heatsinks","Thunder Strike","Tempest","Storm","Capacitor"],"campfire_rested":1,"item_purchase_floors":[7,29,36,36,36,46],"current_hp_per_floor":[75,75,75,75,64,32,32,29,29,29,21,21,43,46,46,29,75,68,68,61,63,48,48,40,40,40,44,44,44,41,47,47,28,75,75,75,72,57,46,46,53,53,53,54,54,54,61,61,61,0,0],"gold":89,"neow_bonus":"THREE_ENEMY_KILL","is_daily":false,"chose_seed":false,"campfire_upgraded":6,"win_rate":0.0,"timestamp":1613756308,"path_taken":["M","M","M","?","?","E","$","M","T","?","?","E","R","M","R","BOSS","M","?","M","M","M","R","E","?","T","E","?","$","M","?","R","BOSS","M","$","M","?","M","R","E","?","T","?","R","$","E","?","R","BOSS"],"items_purchased_type":["Card","Card","Card","Card","Card","Card"],"build_version":"2020-12-22","purchased_purges":2,"victory":false,"max_hp_per_floor":[75,75,75,75,75,75,75,75,75,75,75,75,75,75,75,75,75,75,75,75,75,75,75,75,75,75,75,75,75,75,75,75,75,75,75,75,75,75,75,75,75,75,75,75,75,75,75,75,75,75,75],"relic_stats":{"Happy Flower":[36],"Gremlin Horn":[9,10],"counters":[25,120],"Ornamental Fan":[4],"StoneCalendar":[52],"PreservedInsect":0,"Bag of Preparation":[44],"Whetstone":["Strike_B","Strike_B"],"obtain_stats":[{"Lantern":12,"NeowsBlessing":0,"Happy Flower":6,"Gremlin Horn":26,"Oddly Smooth Stone":9,"StoneCalendar":24,"PreservedInsect":47,"Bag of Preparation":4,"Whetstone":43,"Ancient Tea Set":41,"WarpedTongs":42,"Ornamental Fan":27,"betterThird:SlimedRelic":5,"Coffee Dripper":34,"Cracked Core":0,"Runic Pyramid":17},{"Lantern":7,"NeowsBlessing":0,"Happy Flower":4,"Gremlin Horn":14,"Oddly Smooth Stone":5,"StoneCalendar":14,"PreservedInsect":24,"Bag of Preparation":3,"Whetstone":22,"Ancient Tea Set":22,"WarpedTongs":22,"Ornamental Fan":15,"betterThird:SlimedRelic":3,"Coffee Dripper":18,"Cracked Core":0,"Runic Pyramid":9},{"Lantern":26,"NeowsBlessing":0,"Happy Flower":12,"Gremlin Horn":67,"Oddly Smooth Stone":15,"StoneCalendar":67,"PreservedInsect":116,"Bag of Preparation":3,"Whetstone":107,"Ancient Tea Set":107,"WarpedTongs":107,"Ornamental Fan":71,"betterThird:SlimedRelic":3,"Coffee Dripper":91,"Cracked Core":0,"Runic Pyramid":37}],"WarpedTongs":[13]},"card_choices":[{"not_picked":["Turbo","Barrage"],"picked":"Storm","floor":1.0},{"not_picked":["Glacier","Self Repair"],"picked":"Conserve Battery","floor":2.0},{"not_picked":["Rebound","Turbo"],"picked":"Machine Learning","floor":3.0},{"not_picked":["Redo","Beam Cell"],"picked":"Static Discharge","floor":6.0},{"not_picked":["Redo","Ball Lightning"],"picked":"Genetic Algorithm","floor":8.0},{"not_picked":["Cold Snap","Hologram"],"picked":"Rainbow","floor":11.0},{"not_picked":["Stack","Sweeping Beam"],"picked":"FTL","floor":12.0},{"not_picked":["Melter","Coolheaded"],"picked":"Consume","floor":14.0},{"not_picked":["Buffer","Machine Learning"],"picked":"Multi-Cast","floor":16.0},{"not_picked":["Ball Lightning","Rebound+1"],"picked":"Steam","floor":18},{"not_picked":["Gash","Hello World"],"picked":"White Noise","floor":20},{"not_picked":["Beam Cell","FTL"],"picked":"Hologram+1","floor":21},{"not_picked":["Melter","Sweeping Beam"],"picked":"Conserve Battery","floor":22},{"not_picked":["Conserve Battery","Static Discharge"],"picked":"Buffer","floor":24},{"not_picked":["BootSequence+1","Darkness+1","Go for the Eyes"],"picked":"SKIP","floor":27},{"not_picked":["Compile Driver","Skim+1","Cold Snap"],"picked":"SKIP","floor":30},{"not_picked":["Turbo","Rebound+1","Sweeping Beam"],"picked":"SKIP","floor":31},{"not_picked":["Reboot","Seek"],"picked":"Amplify","floor":33},{"not_picked":["Gash","Hello World","Rebound+1"],"picked":"SKIP","floor":35},{"not_picked":["Cold Snap+1","Glacier","Ball Lightning"],"picked":"SKIP","floor":37},{"not_picked":["Ball Lightning+1","Conserve Battery"],"picked":"White Noise+1","floor":39},{"not_picked":["Steam","Skim+1"],"picked":"White Noise+1","floor":41},{"not_picked":["Rebound","Conserve Battery+1","Redo"],"picked":"SKIP","floor":44},{"not_picked":["White Noise+1","Chaos"],"picked":"Recycle+1","floor":47}],"player_experience":195727,"relics_obtained":[{"floor":6.0,"key":"Happy Flower"},{"floor":9.0,"key":"Oddly Smooth Stone"},{"floor":12.0,"key":"Lantern"},{"floor":24,"key":"StoneCalendar"},{"floor":26,"key":"Gremlin Horn"},{"floor":27,"key":"Ornamental Fan"},{"floor":41,"key":"Ancient Tea Set"},{"floor":43,"key":"Whetstone"},{"floor":47,"key":"PreservedInsect"}],"event_choices":[{"damage_healed":0.0,"max_hp_gain":0.0,"max_hp_loss":0.0,"gold_gain":0.0,"event_name":"Big Fish","player_choice":"Box","floor":4.0,"gold_loss":0.0,"damage_taken":0.0,"relics_obtained":["Bag of Preparation"],"cards_obtained":["Regret"]},{"damage_healed":0.0,"max_hp_gain":1.0,"max_hp_loss":0.0,"gold_gain":0.0,"event_name":"betterThird:BetterGoop","player_choice":"Slimed","floor":5.0,"gold_loss":0.0,"damage_taken":11.0},{"damage_healed":0.0,"max_hp_gain":0.0,"max_hp_loss":0.0,"gold_gain":0.0,"event_name":"Upgrade Shrine","player_choice":"Upgraded","floor":10.0,"gold_loss":0.0,"damage_taken":0.0,"cards_upgraded":["Genetic Algorithm"]},{"damage_healed":0,"gold_gain":0,"player_choice":"Bought 3 Potions","damage_taken":0,"max_hp_gain":0,"max_hp_loss":0,"event_name":"The Woman in Blue","floor":19,"gold_loss":0},{"cards_removed":["Strike_B"],"damage_healed":0,"gold_gain":0,"player_choice":"Offered Basic","damage_taken":0,"max_hp_gain":0,"max_hp_loss":0,"event_name":"Bonfire Elementals","floor":28,"gold_loss":0},{"damage_healed":0,"gold_gain":3,"player_choice":"2","damage_taken":0,"max_hp_gain":0,"max_hp_loss":15,"event_name":"betterStone:BetterStone","floor":38,"gold_loss":0},{"damage_healed":0,"gold_gain":0,"player_choice":"Rummage","damage_taken":0,"relics_obtained":["WarpedTongs"],"max_hp_gain":0,"max_hp_loss":0,"event_name":"Accursed Blacksmith","floor":42,"gold_loss":0,"cards_obtained":["Pain"]},{"damage_healed":0,"gold_gain":0,"player_choice":"Ignored","damage_taken":0,"max_hp_gain":0,"max_hp_loss":0,"event_name":"Mysterious Sphere","floor":48,"gold_loss":0}],"is_beta":false,"boss_relics":[{"not_picked":["Ectoplasm","SlaversCollar"],"picked":"Runic Pyramid"},{"not_picked":["Pandora\u0027s Box","Runic Dome"],"picked":"Coffee Dripper"}],"items_purged_floors":[7,25],"is_endless":false,"potions_floor_spawned":[1,2,3,6,12,20,24,30,31,35],"killed_by":"Awakened One","ascension_level":2}}