{"host":"f5gffvlv6a66yqkd","time":1613725609,"event":{"mods":["2.2 Compatiblity","BaseMod","Colored Map","Custom Start","DeckTracker","Keyboard Shortcuts","Minty Spire (QoL Compilation)","Permanent Neow","Quick Restart","Relic Stats","StSLib","SuperFastMode"],"gold_per_floor":[10,22,35,50,0,0,34,34,34,44,44,57,67,79,79,153,153,167,66,66,66,66,66,91,91,91,16,16,30,58,76,76,76,76],"floor_reached":33,"language":"KOR","playtime":630,"items_purged":["Strike_P"],"score":622,"play_id":"629d0d0e-b293-4ecb-afc2-d0f22eeff2d1","local_time":"20210219180649","is_ascension_mode":true,"campfire_choices":[{"data":"Eruption","floor":6.0,"key":"SMITH"},{"data":"EmptyFist","floor":11.0,"key":"SMITH"},{"data":"Wallop","floor":15.0,"key":"SMITH"},{"data":"Prostrate","floor":23.0,"key":"SMITH"},{"floor":25.0,"key":"REST"},{"data":"Pray","floor":28.0,"key":"SMITH"},{"floor":32.0,"key":"REST"}],"circlet_count":0,"master_deck":["AscendersBane","Strike_P","Strike_P","Defend_P","Defend_P","Defend_P","Eruption+1","Vigilance","SignatureMove","Prostrate+1","FlurryOfBlows","FearNoEvil","FlurryOfBlows","EmptyFist+1","Wallop+1","Scrawl","Prostrate","Pray+1","InnerPeace","MentalFortress"],"relics":["HolyWater","Akabeko","Shuriken","Bronze Scales","CeramicFish","TeardropLocket"],"acts_visited":["Exordium","TheCity"],"potions_floor_usage":[33],"damage_taken":[{"damage":0.0,"enemies":"Cultist","floor":1.0,"turns":3.0},{"damage":6.0,"enemies":"2 Louse","floor":2.0,"turns":3.0},{"damage":11.0,"enemies":"Small Slimes","floor":3.0,"turns":2.0},{"damage":5.0,"enemies":"Red Slaver","floor":4.0,"turns":3.0},{"damage":15.0,"enemies":"3 Sentries","floor":7.0,"turns":3.0},{"damage":0.0,"enemies":"Large Slime","floor":10.0,"turns":3.0},{"damage":0.0,"enemies":"Blue Slaver","floor":12.0,"turns":1.0},{"damage":2.0,"enemies":"Lots of Slimes","floor":13.0,"turns":2.0},{"damage":6.0,"enemies":"2 Fungi Beasts","floor":14.0,"turns":2.0},{"damage":0.0,"enemies":"Slime Boss","floor":16.0,"turns":2.0},{"damage":13.0,"enemies":"Shell Parasite","floor":18.0,"turns":2.0},{"damage":20.0,"enemies":"Gremlin Leader","floor":24.0,"turns":3.0},{"damage":0.0,"enemies":"3 Byrds","floor":29.0,"turns":2.0},{"damage":17.0,"enemies":"Cultist and Chosen","floor":30.0,"turns":4.0},{"damage":0.0,"enemies":"Shelled Parasite and Fungi","floor":31.0,"turns":2.0},{"damage":29,"enemies":"Collector","floor":33,"turns":3}],"seed_played":"8329052223897214532","potions_obtained":[{"floor":7.0,"key":"Energy Potion"},{"floor":10.0,"key":"EntropicBrew"}],"is_trial":false,"path_per_floor":["M","M","M","M","?","R","E","$","T","M","R","M","M","M","R","B",null,"M","$","?","?","?","R","E","R","T","$","R","M","M","M","R","B"],"character_chosen":"WATCHER","items_purchased":["Prostrate","InnerPeace"],"campfire_rested":2,"item_purchase_floors":[19,27],"current_hp_per_floor":[61,55,44,39,39,39,24,24,24,24,24,24,22,16,16,16,55,42,42,42,23,23,23,3,24,24,24,24,24,7,7,28,0,0],"gold":76,"neow_bonus":"TRANSFORM_TWO_CARDS","is_daily":false,"chose_seed":false,"campfire_upgraded":5,"win_rate":0.0,"timestamp":1613725609,"path_taken":["M","M","?","M","?","R","E","?","T","M","R","M","M","M","R","BOSS","M","$","?","?","?","R","E","R","T","$","R","?","M","M","R","BOSS"],"items_purchased_type":["Card","Card"],"build_version":"2020-12-22","purchased_purges":1,"victory":false,"max_hp_per_floor":[68,68,68,68,68,68,68,68,68,68,68,68,68,68,68,68,68,68,68,68,73,73,73,73,73,73,73,73,73,73,73,73,73,73],"relic_stats":{"counters":[16,40],"Shuriken":[26],"Bronze Scales":[47],"CeramicFish":18,"obtain_stats":[{"Shuriken":7,"Bronze Scales":9,"CeramicFish":24,"HolyWater":17,"TeardropLocket":26,"PureWater":0,"Akabeko":5},{"Shuriken":5,"Bronze Scales":5,"CeramicFish":12,"HolyWater":10,"TeardropLocket":12,"PureWater":0,"Akabeko":4},{"Shuriken":14,"Bronze Scales":14,"CeramicFish":29,"HolyWater":24,"TeardropLocket":29,"PureWater":0,"Akabeko":11}]},"card_choices":[{"not_picked":["Evaluate","Conclude"],"picked":"FlurryOfBlows","floor":1.0},{"not_picked":["ClearTheMind","SashWhip"],"picked":"FearNoEvil","floor":2.0},{"not_picked":["Sanctity","BowlingBash","SignatureMove"],"picked":"SKIP","floor":3.0},{"not_picked":["FlurryOfBlows","Meditate","CutThroughFate"],"picked":"SKIP","floor":4.0},{"not_picked":["ThirdEye","Devotion"],"picked":"FlurryOfBlows","floor":7.0},{"not_picked":["Indignation","FlyingSleeves"],"picked":"EmptyFist","floor":10.0},{"not_picked":["EmptyBody","FlyingSleeves","CrushJoints"],"picked":"SKIP","floor":12.0},{"not_picked":["CrushJoints","BowlingBash","EmptyMind"],"picked":"SKIP","floor":13.0},{"not_picked":["Evaluate","SandsOfTime"],"picked":"Wallop","floor":14.0},{"not_picked":["Ragnarok","Vault"],"picked":"Scrawl","floor":16.0},{"not_picked":["EmptyFist","Conclude+1","PathToVictory"],"picked":"SKIP","floor":18.0},{"not_picked":["Consecrate","Halt","CutThroughFate"],"picked":"SKIP","floor":24.0},{"not_picked":["Halt","Prostrate","CrushJoints"],"picked":"SKIP","floor":29.0},{"not_picked":["ThirdEye+1","EmptyFist"],"picked":"MentalFortress","floor":30.0},{"not_picked":["Evaluate","Sanctity","Collect"],"picked":"SKIP","floor":31.0}],"player_experience":1510868,"relics_obtained":[{"floor":7.0,"key":"Shuriken"},{"floor":9.0,"key":"Bronze Scales"},{"floor":24.0,"key":"CeramicFish"},{"floor":26.0,"key":"TeardropLocket"}],"event_choices":[{"damage_healed":0.0,"max_hp_gain":0.0,"max_hp_loss":0.0,"gold_gain":0.0,"event_name":"WeMeetAgain","player_choice":"Paid Gold","floor":5.0,"gold_loss":50.0,"damage_taken":0.0,"relics_obtained":["Akabeko"]},{"damage_healed":0.0,"max_hp_gain":0.0,"max_hp_loss":0.0,"gold_gain":0.0,"event_name":"The Library","player_choice":"Read","floor":20.0,"gold_loss":0.0,"damage_taken":0.0,"cards_obtained":["Pray"]},{"damage_healed":0.0,"max_hp_gain":5.0,"max_hp_loss":0.0,"gold_gain":0.0,"event_name":"Forgotten Altar","player_choice":"Shed Blood","floor":21.0,"gold_loss":0.0,"damage_taken":24.0},{"damage_healed":0.0,"max_hp_gain":0.0,"max_hp_loss":0.0,"gold_gain":0.0,"event_name":"N\u0027loth","player_choice":"Ignored","floor":22.0,"gold_loss":0.0,"damage_taken":0.0}],"is_beta":false,"boss_relics":[{"not_picked":["Busted Crown","Coffee Dripper"],"picked":"HolyWater"}],"items_purged_floors":[19],"is_endless":false,"potions_floor_spawned":[7,10,12,14,30],"killed_by":"Collector","ascension_level":19}}