{"host":"i9o21tdcc8l3o4rw","time":1613736902,"event":{"mods":["2.2 Compatiblity","Act Like it!","BaseMod","BetterRewards","Colored Map","Colored Powertips","Hubris","Infinite Spire","Jorbs\u0027s Wanderer Trilogy","Marisa????????","Menagerie","Minty Spire (QoL Compilation)","Replay The Spire","Shop Mod","StSLib","The Bladedancer","The Exalted","The Servant 0.9.4","??????REMEMod"],"gold_per_floor":[117,47,14,14,32,32,32,63,63,63,77,26,26,45,45,165,165,180,180,180,199,199,199],"floor_reached":22,"playtime":2494,"items_purged":[],"score":217,"play_id":"0f4808e2-54b6-4137-8e38-fcbe66ad80e7","local_time":"20210219131502","is_ascension_mode":true,"campfire_choices":[{"floor":6,"key":"RECALL"},{"floor":10,"key":"REST"},{"data":"Dualcast","floor":13,"key":"SMITH"},{"floor":15,"key":"REST"}],"circlet_count":0,"master_deck":["Strike_B","Strike_B","Strike_B","Strike_B","Defend_B","Defend_B","Defend_B","Defend_B","Zap","Dualcast+1","Rebound","Menagerie:LightningBolt","Redo","Redo","Barrage","Conserve Battery","Consume","Static Discharge","Auto Shields","Sweeping Beam","Defragment","Conserve Battery","Chaos","Thunder Strike","Go for the Eyes"],"relics":["Cracked Core","REME_ComplimentaryCards","NeowsBlessing","Golden Idol","REME_IWantAll","HornCleat","hubris:Icosahedron"],"acts_visited":["Menagerie:Menagerie","TheCity"],"potions_floor_usage":[22,22],"damage_taken":[{"damage":0,"enemies":"Menagerie:StygianBoar","floor":1,"turns":1},{"damage":0,"enemies":"Menagerie:2_RABBITS","floor":5,"turns":1},{"damage":0,"enemies":"Menagerie:MaskedSummoner","floor":8,"turns":1},{"damage":9,"enemies":"Menagerie:WhisperingWraith","floor":11,"turns":3},{"damage":0,"enemies":"Menagerie:EntropyWarlock","floor":14,"turns":3},{"damage":42,"enemies":"Menagerie:Suneater","floor":16,"turns":7},{"damage":30,"enemies":"Shell Parasite","floor":18,"turns":7},{"damage":11,"enemies":"Chosen","floor":21,"turns":5},{"damage":41,"enemies":"Centurion and Healer","floor":22,"turns":8}],"seed_played":"6104785710258878871","potions_obtained":[{"floor":5,"key":"Strength Potion"},{"floor":14,"key":"PowerPotion"},{"floor":16,"key":"GamblersBrew"},{"floor":18,"key":"SteroidPotion"}],"is_trial":false,"path_per_floor":["M","?","$","?","M","R","$","E","T","R","M","$","R","M","R","B",null,"M","$","?","M","M"],"character_chosen":"DEFECT","items_purchased":["Redo","Conserve Battery"],"campfire_rested":2,"item_purchase_floors":[3,12],"current_hp_per_floor":[75,75,75,57,57,57,57,60,60,78,72,72,72,72,81,39,81,51,51,51,40,0,0],"gold":199,"neow_bonus":"THREE_ENEMY_KILL","is_daily":false,"chose_seed":false,"campfire_upgraded":1,"win_rate":0.0,"timestamp":1613736902,"path_taken":["M","?","?","?","M","R","$","E","T","R","M","?","R","M","R","BOSS","M","$","?","M","M"],"items_purchased_type":["Card","Card"],"build_version":"2020-11-29","purchased_purges":0,"victory":false,"max_hp_per_floor":[75,75,75,75,75,75,75,78,78,78,81,81,81,81,81,81,81,81,81,81,81,81,81],"card_choices":[{"not_picked":["ReplaySort","BootSequence"],"picked":"Rebound","floor":1},{"not_picked":["Menagerie:WallOfBlossoms","Menagerie:Skullclamp"],"picked":"Menagerie:LightningBolt","floor":2},{"not_picked":["Panic Button","Hologram"],"picked":"Barrage","floor":5},{"not_picked":["Conserve Battery","Consume","Static Discharge"],"picked":"Singing Bowl","floor":8},{"not_picked":["Auto Shields","Sweeping Beam","Defragment"],"picked":"Singing Bowl","floor":11},{"not_picked":["ReplaySort","Crystallizer"],"picked":"Chaos","floor":14},{"not_picked":["hubris:SpecializedCircuitry","hubris:Prefetch"],"picked":"Thunder Strike","floor":16},{"not_picked":["BasicCrystalCard+1","Hologram","Compile Driver"],"picked":"SKIP","floor":18},{"not_picked":["Conserve Battery","Aggregate+1"],"picked":"Go for the Eyes","floor":21}],"player_experience":157071,"relics_obtained":[{"floor":8,"key":"REME_IWantAll"},{"floor":9,"key":"HornCleat"}],"event_choices":[{"damage_healed":0,"gold_gain":0,"player_choice":"Spells","damage_taken":0,"max_hp_gain":0,"max_hp_loss":0,"event_name":"Menagerie:MagicPeddler","floor":2,"gold_loss":70},{"damage_healed":0,"gold_gain":0,"player_choice":"Take Damage","damage_taken":18,"relics_obtained":["Golden Idol"],"max_hp_gain":0,"max_hp_loss":0,"event_name":"Golden Idol","floor":4,"gold_loss":0}],"is_beta":false,"boss_relics":[{"not_picked":["ReplayTheSpireMod:SealedPack","hubris:VirtuousBlindfold","hubris:BlackHole"]}],"items_purged_floors":[],"is_endless":false,"potions_floor_spawned":[5,14,16,18],"killed_by":"Centurion and Healer","ascension_level":1}}