{"host":"8pvw2tcf9wctlvur","time":1613712953,"event":{"mods":["BaseMod","Better Third Choice","Colored Powertips","Curses Come First","Minty Spire (QoL Compilation)","Rare Cards Sparkle","Relic Stats","StSLib","SuperFastMode"],"gold_per_floor":[17,17,17,34,45,80,80,95,173,173,190,190,205,217,217,318,318,335,350,366,38,50,50,50,50],"floor_reached":24,"language":"ENG","playtime":919,"items_purged":[],"score":252,"play_id":"c83a0e0f-a2bc-47e7-b62b-bc69d6083dd3","local_time":"20210218223553","is_ascension_mode":false,"campfire_choices":[{"floor":10,"key":"REST"},{"floor":12,"key":"REST"},{"floor":15,"key":"REST"},{"floor":23,"key":"REST"}],"circlet_count":0,"master_deck":["Strike_P","Strike_P","Strike_P","Strike_P","Defend_P","Defend_P","Defend_P","Eruption","Vigilance","Ragnarok","ClearTheMind","Pray","FlurryOfBlows","Crescendo","Worship","FollowUp","Conclude","Halt","Swivel","Brilliance","Protect","BowlingBash","The Bomb","Adaptation"],"relics":["PureWater","CaptainsWheel","Yang","Cursed Key","HandDrill"],"acts_visited":["Exordium","TheCity"],"potions_floor_usage":[13,14,16,19,20,24],"damage_taken":[{"damage":9,"enemies":"Small Slimes","floor":1,"turns":3},{"damage":6,"enemies":"Jaw Worm","floor":4,"turns":3},{"damage":9,"enemies":"2 Louse","floor":5,"turns":2},{"damage":38,"enemies":"Lagavulin","floor":6,"turns":6},{"damage":0,"enemies":"Red Slaver","floor":8,"turns":2},{"damage":11,"enemies":"Looter","floor":11,"turns":4},{"damage":5,"enemies":"Exordium Wildlife","floor":13,"turns":2},{"damage":0,"enemies":"Large Slime","floor":14,"turns":2},{"damage":0,"enemies":"Slime Boss","floor":16,"turns":5},{"damage":0,"enemies":"Spheric Guardian","floor":18,"turns":4},{"damage":20,"enemies":"2 Thieves","floor":19,"turns":3},{"damage":3,"enemies":"Cultist and Chosen","floor":20,"turns":3},{"damage":32,"enemies":"Shelled Parasite and Fungi","floor":22,"turns":6},{"damage":42,"enemies":"Gremlin Leader","floor":24,"turns":4}],"seed_played":"5962175759407277902","potions_obtained":[{"floor":4,"key":"LiquidBronze"},{"floor":8,"key":"Regen Potion"},{"floor":13,"key":"DistilledChaos"},{"floor":14,"key":"SteroidPotion"},{"floor":16,"key":"LiquidBronze"},{"floor":19,"key":"SkillPotion"}],"is_trial":false,"path_per_floor":["M","?","?","M","M","E","?","M","T","R","M","R","M","M","R","B",null,"M","M","M","$","M","R","E"],"character_chosen":"WATCHER","items_purchased":["The Bomb","HandDrill"],"campfire_rested":4,"item_purchase_floors":[21,21],"current_hp_per_floor":[63,63,63,57,48,10,15,15,15,36,25,46,41,41,62,62,72,72,52,49,49,17,38,0,0],"gold":50,"neow_bonus":"THREE_RARE_CARDS","is_daily":false,"chose_seed":false,"campfire_upgraded":0,"win_rate":0.0,"timestamp":1613712953,"path_taken":["M","?","?","M","M","E","?","M","T","R","M","R","M","M","R","BOSS","M","M","M","$","M","R","E"],"items_purchased_type":["Card","Relic"],"build_version":"2020-12-22","purchased_purges":0,"victory":false,"max_hp_per_floor":[72,72,72,72,72,72,72,72,72,72,72,72,72,72,72,72,72,72,72,72,72,72,72,72,72],"relic_stats":{"counters":[14,49],"Yang":[83],"HandDrill":[10],"Cursed Key":0,"obtain_stats":[{"CaptainsWheel":6,"Yang":9,"HandDrill":21,"PureWater":0,"Cursed Key":17},{"CaptainsWheel":4,"Yang":5,"HandDrill":12,"PureWater":0,"Cursed Key":9},{"CaptainsWheel":14,"Yang":16,"HandDrill":39,"PureWater":0,"Cursed Key":29}]},"card_choices":[{"not_picked":["MasterReality","Establishment"],"picked":"Ragnarok","floor":0},{"not_picked":["Consecrate","Evaluate"],"picked":"ClearTheMind","floor":1},{"not_picked":["Sanctity","SignatureMove"],"picked":"FlurryOfBlows","floor":4},{"not_picked":["CutThroughFate","SignatureMove"],"picked":"Crescendo","floor":5},{"not_picked":["LikeWater","FlyingSleeves"],"picked":"Worship","floor":6},{"not_picked":["PathToVictory","SignatureMove"],"picked":"FollowUp","floor":8},{"not_picked":["ClearTheMind","EmptyBody"],"picked":"Conclude","floor":11},{"not_picked":["BowlingBash","Nirvana"],"picked":"Halt","floor":13},{"not_picked":["Evaluate","Fasting2"],"picked":"Swivel","floor":14},{"not_picked":["SpiritShield","Judgement"],"picked":"Brilliance","floor":16},{"not_picked":["CarveReality","Consecrate"],"picked":"Protect","floor":18},{"not_picked":["Weave+1","Wireheading+1","ThirdEye"],"picked":"SKIP","floor":19},{"not_picked":["CutThroughFate","ThirdEye"],"picked":"BowlingBash","floor":20},{"not_picked":["ClearTheMind","Meditate+1"],"picked":"Adaptation","floor":22}],"player_experience":294524,"relics_obtained":[{"floor":6,"key":"CaptainsWheel"},{"floor":9,"key":"Yang"}],"event_choices":[{"damage_healed":0,"gold_gain":0,"cards_transformed":["Defend_P"],"player_choice":"Change","damage_taken":0,"max_hp_gain":0,"max_hp_loss":0,"event_name":"Living Wall","floor":2,"gold_loss":0,"cards_obtained":["Pray"]},{"damage_healed":63,"gold_gain":0,"player_choice":"Embrace Burn","damage_taken":0,"max_hp_gain":0,"max_hp_loss":72,"event_name":"betterThird:BetterShining","floor":3,"gold_loss":0},{"cards_removed":["Burn"],"damage_healed":5,"gold_gain":0,"player_choice":"Offered Common","damage_taken":0,"max_hp_gain":0,"max_hp_loss":0,"event_name":"Bonfire Elementals","floor":7,"gold_loss":0},{"cards_removed":["Burn"],"damage_healed":5,"gold_gain":0,"player_choice":"Offered Special","damage_taken":0,"max_hp_gain":0,"max_hp_loss":0,"event_name":"Bonfire Elementals","floor":7,"gold_loss":0}],"is_beta":false,"boss_relics":[{"not_picked":["Snecko Eye","Velvet Choker"],"picked":"Cursed Key"}],"items_purged_floors":[],"is_endless":false,"potions_floor_spawned":[4,8,13,14,16,19],"killed_by":"Gremlin Leader","ascension_level":0}}