{"host":"5mo0809oo9tcrmpl","time":1613778240,"event":{"mods":["BaseMod","Highlight Path","Minty Spire (QoL Compilation)","Relic Stats","Slay the Relics Exporter"],"gold_per_floor":[118,135,135,148,161,161,187,187,187,187,204,223,248,267,267,346,346,357,357,390,151,171,200,200,229,238,265,291,291,310,344,344,344,344],"floor_reached":33,"language":"ENG","playtime":1507,"items_purged":["Strike_R"],"score":738,"play_id":"91c58009-78f0-45e1-b3d9-7412872a88fd","local_time":"20210219174400","is_ascension_mode":true,"campfire_choices":[{"data":"Uppercut","floor":6.0,"key":"SMITH"},{"data":"Perfected Strike","floor":8.0,"key":"SMITH"},{"floor":10.0,"key":"REST"},{"floor":15.0,"key":"REST"},{"data":"Perfected Strike","floor":24.0,"key":"SMITH"},{"floor":29,"key":"REST"},{"floor":32,"key":"REST"}],"circlet_count":0,"master_deck":["AscendersBane","Strike_R","Strike_R+1","Strike_R+1","Defend_R","Defend_R","Defend_R","Defend_R","Bash","Perfected Strike+1","Uppercut+1","Cleave","Evolve","Flame Barrier","Pummel","Perfected Strike","Perfected Strike+1","Wild Strike","Reaper","Inflame","Havoc+1","Decay","Heavy Blade","Infernal Blade+1","Dropkick"],"relics":["Burning Blood","Whetstone","Oddly Smooth Stone","Pear","Cursed Key","Red Mask","Bag of Marbles","Shuriken","CeramicFish","Toxic Egg 2","FossilizedHelix"],"acts_visited":["Exordium","TheCity"],"potions_floor_usage":[28,33,33],"damage_taken":[{"damage":2.0,"enemies":"2 Louse","floor":1.0,"turns":3.0},{"damage":6.0,"enemies":"Cultist","floor":2.0,"turns":3.0},{"damage":9.0,"enemies":"Jaw Worm","floor":4.0,"turns":2.0},{"damage":33.0,"enemies":"Large Slime","floor":5.0,"turns":6.0},{"damage":35.0,"enemies":"3 Sentries","floor":7.0,"turns":8.0},{"damage":2.0,"enemies":"Exordium Thugs","floor":11.0,"turns":4.0},{"damage":10.0,"enemies":"Looter","floor":12.0,"turns":3.0},{"damage":31.0,"enemies":"Lagavulin","floor":13.0,"turns":6.0},{"damage":9.0,"enemies":"2 Fungi Beasts","floor":14.0,"turns":2.0},{"damage":0.0,"enemies":"Slime Boss","floor":16.0,"turns":5.0},{"damage":22.0,"enemies":"2 Thieves","floor":18.0,"turns":4.0},{"damage":30.0,"enemies":"Masked Bandits","floor":20.0,"turns":4.0},{"damage":0.0,"enemies":"Chosen","floor":22.0,"turns":2.0},{"damage":28.0,"enemies":"Gremlin Leader","floor":23.0,"turns":5.0},{"damage":44.0,"enemies":"Slavers","floor":25.0,"turns":5.0},{"damage":6,"enemies":"3 Cultists","floor":27,"turns":4},{"damage":15,"enemies":"Snecko","floor":28,"turns":3},{"damage":6,"enemies":"Cultist and Chosen","floor":30,"turns":4},{"damage":45,"enemies":"Gremlin Leader","floor":31,"turns":6},{"damage":78,"enemies":"Automaton","floor":33,"turns":8}],"seed_played":"-6384464251858988812","potions_obtained":[{"floor":5.0,"key":"Ancient Potion"},{"floor":11.0,"key":"Weak Potion"},{"floor":13.0,"key":"PowerPotion"},{"floor":20.0,"key":"Weak Potion"},{"floor":25.0,"key":"SkillPotion"},{"floor":31,"key":"SpeedPotion"}],"is_trial":false,"path_per_floor":["M","M","?","M","M","R","E","R","T","R","M","M","E","M","R","B",null,"M","?","?","$","M","E","R","E","T","M","M","R","M","E","R","B"],"character_chosen":"IRONCLAD","items_purchased":["Bag of Marbles"],"campfire_rested":4,"item_purchase_floors":[21],"current_hp_per_floor":[79,79,79,76,49,49,20,20,20,44,48,44,29,26,53,59,84,74,74,62,62,68,46,46,23,23,23,20,47,47,22,49,0,0],"gold":344,"neow_bonus":"TEN_PERCENT_HP_BONUS","is_daily":false,"chose_seed":false,"campfire_upgraded":3,"win_rate":0.0,"timestamp":1613778240,"path_taken":["M","M","?","M","M","R","E","R","T","R","M","M","E","?","R","BOSS","M","?","?","$","M","E","R","E","T","M","?","R","M","E","R","BOSS"],"items_purchased_type":["Relic"],"build_version":"2020-12-22","purchased_purges":1,"victory":false,"max_hp_per_floor":[82,82,82,82,82,82,82,82,82,82,82,82,92,92,92,92,92,92,92,92,92,92,92,92,92,92,92,92,92,92,92,92,92,92],"relic_stats":{"counters":[20,87],"Shuriken":[9],"CeramicFish":36,"Whetstone":["Strike_R","Strike_R"],"Cursed Key":1,"obtain_stats":[{"Pear":13,"Shuriken":23,"CeramicFish":25,"Oddly Smooth Stone":9,"Red Mask":20,"Bag of Marbles":21,"Whetstone":7,"Toxic Egg 2":26,"Cursed Key":17,"Burning Blood":0,"FossilizedHelix":31},{"Pear":8,"Shuriken":14,"CeramicFish":15,"Oddly Smooth Stone":5,"Red Mask":12,"Bag of Marbles":12,"Whetstone":5,"Toxic Egg 2":15,"Cursed Key":10,"Burning Blood":0,"FossilizedHelix":19},{"Pear":35,"Shuriken":57,"CeramicFish":62,"Oddly Smooth Stone":22,"Red Mask":50,"Bag of Marbles":50,"Whetstone":22,"Toxic Egg 2":62,"Cursed Key":42,"Burning Blood":0,"FossilizedHelix":79}],"Burning Blood":114},"card_choices":[{"not_picked":["Clothesline","Havoc"],"picked":"Perfected Strike","floor":1.0},{"not_picked":["True Grit","Headbutt"],"picked":"Uppercut","floor":2.0},{"not_picked":["Uppercut","Anger"],"picked":"Cleave","floor":4.0},{"not_picked":["Body Slam","Rupture"],"picked":"Evolve","floor":5.0},{"not_picked":["Body Slam","Sentinel"],"picked":"Flame Barrier","floor":7.0},{"not_picked":["Armaments","Dual Wield"],"picked":"Pummel","floor":11.0},{"not_picked":["Shrug It Off","Cleave"],"picked":"Perfected Strike","floor":12.0},{"not_picked":["Infernal Blade","Double Tap"],"picked":"Perfected Strike","floor":13.0},{"not_picked":["Evolve","Body Slam"],"picked":"Wild Strike","floor":14.0},{"not_picked":["Brutality","Limit Break"],"picked":"Reaper","floor":16.0},{"not_picked":["Headbutt+1","Iron Wave+1","Anger"],"picked":"SKIP","floor":18.0},{"not_picked":["Reckless Charge","Pommel Strike"],"picked":"Inflame","floor":20.0},{"not_picked":["Body Slam","Anger","Havoc"],"picked":"SKIP","floor":22.0},{"not_picked":["Body Slam","Anger","Havoc"],"picked":"SKIP","floor":22.0},{"not_picked":["Armaments","True Grit+1"],"picked":"Havoc+1","floor":23.0},{"not_picked":["Burning Pact","Infernal Blade","Thunderclap+1"],"picked":"SKIP","floor":25.0},{"not_picked":["Thunderclap","Headbutt"],"picked":"Heavy Blade","floor":27},{"not_picked":["Clash","Cleave"],"picked":"Infernal Blade+1","floor":28},{"not_picked":["Juggernaut","Iron Wave"],"picked":"Dropkick","floor":30},{"not_picked":["Body Slam","Iron Wave","Blood for Blood"],"picked":"SKIP","floor":31}],"player_experience":1295773,"relics_obtained":[{"floor":7.0,"key":"Whetstone"},{"floor":9.0,"key":"Oddly Smooth Stone"},{"floor":13.0,"key":"Pear"},{"floor":20.0,"key":"Red Mask"},{"floor":23.0,"key":"Shuriken"},{"floor":25.0,"key":"CeramicFish"},{"floor":26.0,"key":"Toxic Egg 2"},{"floor":31,"key":"FossilizedHelix"}],"event_choices":[{"cards_removed":["Strike_R"],"damage_healed":0.0,"max_hp_gain":0.0,"max_hp_loss":0.0,"gold_gain":0.0,"event_name":"Wheel of Change","player_choice":"Card Removal","floor":3.0,"gold_loss":0.0,"damage_taken":0.0},{"damage_healed":0.0,"max_hp_gain":0.0,"max_hp_loss":0.0,"gold_gain":0.0,"event_name":"Vampires","player_choice":"Ignored","floor":19.0,"gold_loss":0.0,"damage_taken":0.0},{"damage_healed":0.0,"max_hp_gain":0.0,"max_hp_loss":0.0,"gold_gain":0.0,"event_name":"Masked Bandits","player_choice":"Fought Bandits","floor":20.0,"gold_loss":0.0,"damage_taken":0.0}],"is_beta":false,"boss_relics":[{"not_picked":["Ectoplasm","Sozu"],"picked":"Cursed Key"}],"items_purged_floors":[21],"is_endless":false,"potions_floor_spawned":[5,11,12,13,20,25,27,31],"killed_by":"Automaton","ascension_level":20}}