{"host":"ziko4uwynam20dv9","time":1613747541,"event":{"mods":["Aspiration","BaseMod","BetterRewards","Downfall","Hubris","Infinite Spire","Minty Spire (QoL Compilation)","Remilia??????","Replay The Spire","Shop Mod","StSLib","The Animator","The Jungle"],"gold_per_floor":[117,117,139,170,202,202,220,220,220,220,258,37,72,109,109,207,207,221,221,60,81,81,81,97,97,174,174,174],"floor_reached":27,"language":"FRA","playtime":1671,"items_purged":["Injury"],"score":581,"play_id":"97949e47-276c-483d-a363-e848dc28bcbd","local_time":"20210219161221","is_ascension_mode":true,"campfire_choices":[{"data":"animator:Priestess","floor":6,"key":"SMITH"},{"floor":8,"key":"REST"},{"floor":15,"key":"REST"},{"floor":23,"key":"REST"}],"circlet_count":0,"master_deck":["AscendersBane","animator:Strike_Fate","animator:Defend_Fate","animator:Strike","animator:Defend","animator:Defend","animator:Defend","animator:Alexander","animator:Rider","animator:Nanami","animator:Archer","animator:Priestess+1","animator:Tyuule","animator:ShinjiMatou","animator:Shinoa","animator:Ainz","animator:Alexander","animator:SakuraMatou","animator:Rider","animator:DolaRiku","animator:Mikaela+1"],"relics":["animator:LivingPicture","animator:TheMissingPiece","Gambling Chip","hubris:CrystalStatue","Golden Idol","MawBank","Bronze Scales","Smiling Mask","animator:RacePiece","ReplayTheSpireMod:TigerMarble","aspiration:FetidBarrel"],"acts_visited":["Exordium","Exordium"],"potions_floor_usage":[16,16],"damage_taken":[{"damage":0,"enemies":"Cultist","floor":1,"turns":4},{"damage":0,"enemies":"2 Louse","floor":3,"turns":3},{"damage":8,"enemies":"Jaw Worm","floor":4,"turns":5},{"damage":3,"enemies":"Looter","floor":5,"turns":5},{"damage":8,"enemies":"3 Louse","floor":7,"turns":3},{"damage":32,"enemies":"Gremlin Nob","floor":11,"turns":5},{"damage":8,"enemies":"3 Sentries","floor":13,"turns":4},{"damage":0,"enemies":"Lots of Slimes","floor":14,"turns":2},{"damage":5,"enemies":"Hexaghost","floor":16,"turns":12},{"damage":8,"enemies":"theJungle:MUSHROOMGANG","floor":18,"turns":5},{"damage":8,"enemies":"theJungle:Flameango_and_Byrd","floor":21,"turns":5},{"damage":37,"enemies":"theJungle:JungleHuntersEncounter","floor":24,"turns":6},{"damage":20,"enemies":"theJungle:2_Phrogs","floor":27,"turns":8}],"seed_played":"4841190793712944512","potions_obtained":[{"floor":1,"key":"sneckomod:MuddlingPotion"},{"floor":5,"key":"Slimebound:ThreeZeroPotion"},{"floor":7,"key":"Dexterity Potion"},{"floor":11,"key":"animator:GrowthPotion"},{"floor":21,"key":"Swift Potion"}],"is_trial":false,"path_per_floor":["M","$","M","M","M","R","M","R","T","?","E","$","E","M","R","B",null,"M","?","$","M","$","R","M","$","T","E"],"character_chosen":"THE_ANIMATOR","items_purchased":["Bronze Scales","ReplayTheSpireMod:TigerMarble"],"campfire_rested":3,"item_purchase_floors":[12,20],"current_hp_per_floor":[54,54,54,46,43,43,36,54,54,54,22,22,14,14,32,27,53,45,45,45,37,37,55,18,18,18,0,0],"gold":174,"neow_bonus":"","is_daily":false,"chose_seed":false,"campfire_upgraded":1,"win_rate":0.0,"timestamp":1613747541,"path_taken":["M","$","M","M","M","R","M","R","T","?","E","$","E","M","R","BOSS","M","?","?","M","?","R","M","$","T","E"],"items_purchased_type":["Relic","Relic"],"build_version":"2020-12-22","purchased_purges":1,"victory":false,"max_hp_per_floor":[60,60,60,60,60,60,61,61,61,61,61,61,61,61,61,61,61,61,61,61,61,61,61,61,61,61,61,61],"card_choices":[{"not_picked":["animator:Demiurge","animator:Rider"],"picked":"animator:Nanami","floor":1},{"not_picked":["animator:Rider","animator:Melzalgald"],"picked":"animator:Archer","floor":3},{"not_picked":["animator:ChlammyZell","animator:Cocytus"],"picked":"animator:Priestess","floor":4},{"not_picked":["animator:Bozes","animator:Kuribayashi"],"picked":"animator:Tyuule","floor":5},{"not_picked":["animator:Shalltear","animator:Genos"],"picked":"animator:ShinjiMatou","floor":7},{"not_picked":["animator:DolaStephanie","animator:Bozes"],"picked":"animator:Shinoa","floor":11},{"not_picked":["animator:Tatsumaki","animator:DolaSchwi","animator:Cocytus"],"picked":"SKIP","floor":13},{"not_picked":["animator:ShinjiMatou","animator:Caster"],"picked":"animator:Berserker","floor":14},{"not_picked":["animator:ItamiYouji","animator:Gilgamesh"],"picked":"animator:Ainz","floor":16},{"not_picked":["animator:Kuribayashi","animator:Cocytus"],"picked":"animator:DolaRiku","floor":18},{"not_picked":["animator:ShinjiMatou","animator:Priestess","animator:Shigure"],"picked":"SKIP","floor":21},{"not_picked":["animator:Spearman","animator:Yoichi"],"picked":"animator:Mikaela+1","floor":24}],"player_experience":1017975,"relics_obtained":[{"floor":9,"key":"hubris:CrystalStatue"},{"floor":11,"key":"MawBank"},{"floor":13,"key":"Smiling Mask"},{"floor":26,"key":"aspiration:FetidBarrel"}],"event_choices":[{"damage_healed":0,"gold_gain":0,"player_choice":"Take Wound","damage_taken":0,"relics_obtained":["Golden Idol"],"max_hp_gain":0,"max_hp_loss":0,"event_name":"Golden Idol","floor":10,"gold_loss":0,"cards_obtained":["Injury"]}],"is_beta":false,"boss_relics":[{"not_picked":["Tiny House","Sozu"],"picked":"animator:RacePiece"}],"items_purged_floors":[12],"is_endless":false,"potions_floor_spawned":[1,5,7,11,13,21],"killed_by":"theJungle:2_Phrogs","ascension_level":16}}