{"host":"10hinapzqlh39548","time":1613728781,"event":{"mods":["BaseMod","Colored Powertips","Minty Spire (QoL Compilation)","MostiFishMod","Reliquary","Replay The Spire","StSLib","The Bladedancer"],"gold_per_floor":[111,123,136,156,168,199,211,241,313,313,191,191,205,223,223,328,328,328],"floor_reached":17,"language":"ENG","playtime":1848,"items_purged":["Regret"],"score":171,"play_id":"966e9dab-59df-4816-bedf-eb47f48b86b1","local_time":"20210219105941","is_ascension_mode":false,"campfire_choices":[{"data":"blademaster:Sharpen","floor":12,"key":"SMITH"},{"data":"blademaster:Sharpen","floor":15,"key":"SMITH"}],"circlet_count":0,"master_deck":["blademaster:Strike","blademaster:Strike","blademaster:Strike","blademaster:Strike","blademaster:Defend","blademaster:Defend","blademaster:Defend","blademaster:Defend","blademaster:RagingBlow","blademaster:HighVoltage","blademaster:TraverseCut","blademaster:ParryingStrike","blademaster:AspectOfWind","blademaster:Quickstep","blademaster:DeadlyDance","blademaster:Sharpen+1","blademaster:SlyStabs","blademaster:Sharpen+1","blademaster:Overcharge","blademaster:BloodyBlow","blademaster:Flurry","blademaster:AirSlash","blademaster:Blindside"],"relics":["blademaster:DancersAmulet","DaveBox","RhineSuit","NeowsBlessing","SynthV:TestCard","reliquary:Sod","ReplayTheSpireMod:Lightbulb","Prayer Wheel","reliquary:RedCape"],"acts_visited":["Exordium","TheCity"],"potions_floor_usage":[],"damage_taken":[{"damage":0,"enemies":"Jaw Worm","floor":1,"turns":1},{"damage":0,"enemies":"Small Slimes","floor":2,"turns":1},{"damage":0,"enemies":"Cultist","floor":3,"turns":2},{"damage":0,"enemies":"Lots of Slimes","floor":4,"turns":4},{"damage":0,"enemies":"Large Slime","floor":5,"turns":3},{"damage":9,"enemies":"3 Sentries","floor":6,"turns":6},{"damage":0,"enemies":"Exordium Wildlife","floor":7,"turns":3},{"damage":1,"enemies":"Replay:BlueRogue","floor":8,"turns":4},{"damage":0,"enemies":"2 Fungi Beasts","floor":13,"turns":2},{"damage":0,"enemies":"Blue Slaver","floor":14,"turns":3},{"damage":5,"enemies":"Fading Forest","floor":16,"turns":11}],"seed_played":"4389526721773033767","potions_obtained":[{"floor":1,"key":"AttackPotion"},{"floor":4,"key":"SmokeBomb"},{"floor":6,"key":"Languid Potion"},{"floor":14,"key":"Doom Potion"}],"is_trial":false,"path_per_floor":["M","M","M","M","M","E","M","E","T","?","$","R","M","M","R","B",null],"character_chosen":"THE_BLADEMASTER","items_purchased":["blademaster:Sharpen"],"campfire_rested":0,"item_purchase_floors":[11],"current_hp_per_floor":[75,75,75,75,75,66,66,65,65,65,65,65,65,65,65,60,75,75],"gold":328,"neow_bonus":"THREE_ENEMY_KILL","is_daily":false,"chose_seed":false,"campfire_upgraded":2,"win_rate":0.0,"timestamp":1613728781,"path_taken":["M","M","M","M","M","E","M","E","T","?","$","R","M","M","R","BOSS"],"items_purchased_type":["Card"],"build_version":"2020-12-22","purchased_purges":1,"victory":false,"max_hp_per_floor":[75,75,75,75,75,75,75,75,75,75,75,75,75,75,75,75,75,75],"card_choices":[{"not_picked":["blademaster:ChargingUp","blademaster:LeechingStrike"],"picked":"blademaster:TraverseCut","floor":1},{"not_picked":["blademaster:Thrust","blademaster:AspectOfWind","blademaster:WindSlash","blademaster:Cut"],"picked":"blademaster:ParryingStrike","floor":2},{"not_picked":["blademaster:DeadlyDance","blademaster:Slice","blademaster:FlockOfBlades","blademaster:Quickstep"],"picked":"blademaster:AspectOfWind","floor":3},{"not_picked":["blademaster:EyeOfTheTornado","blademaster:AspectOfWind","blademaster:ChargingUp","blademaster:Stability"],"picked":"blademaster:Quickstep","floor":4},{"not_picked":["blademaster:TraverseCut","blademaster:Quickstep","blademaster:Meditate","blademaster:Discharge"],"picked":"blademaster:DeadlyDance","floor":5},{"not_picked":["blademaster:AirSlash","blademaster:ChargingUp","blademaster:CombatPrep","blademaster:Thrust"],"picked":"blademaster:Sharpen","floor":6},{"not_picked":["blademaster:Blockade","blademaster:LightningCrash","blademaster:Flurry","blademaster:ParryingStrike"],"picked":"blademaster:SlyStabs","floor":7},{"not_picked":["blademaster:Sharpen","blademaster:CombatPrep","blademaster:EyeOfTheStorm","blademaster:BloodyBlow","blademaster:Gust"],"picked":"SKIP","floor":8},{"not_picked":["blademaster:AspectOfWind","blademaster:LightningCrash","blademaster:ChargingUp","blademaster:Blockade"],"picked":"blademaster:Overcharge","floor":13},{"not_picked":["blademaster:AirSlash","blademaster:CloudOfSteel","blademaster:DragonStrike","blademaster:Slice"],"picked":"blademaster:BloodyBlow","floor":13},{"not_picked":["blademaster:KiBarrier","blademaster:Blockade","blademaster:Stormstrike","blademaster:FlockOfBlades"],"picked":"blademaster:Flurry","floor":14},{"not_picked":["blademaster:FuriousStrike","blademaster:ParryingStrike","blademaster:Sunder","blademaster:AspectOfLightning"],"picked":"blademaster:AirSlash","floor":14},{"not_picked":["blademaster:ColdBlood","blademaster:HighVoltage","blademaster:Flash","blademaster:BladeDance"],"picked":"blademaster:Blindside","floor":16}],"player_experience":1196407,"relics_obtained":[{"floor":1,"key":"SynthV:TestCard"},{"floor":6,"key":"reliquary:Sod"},{"floor":6,"key":"blademaster:BleedingLaceratePerk"},{"floor":8,"key":"ReplayTheSpireMod:Lightbulb"},{"floor":8,"key":"blademaster:BonusFuryPerk"}],"event_choices":[{"damage_healed":0,"gold_gain":0,"player_choice":"Box","damage_taken":0,"relics_obtained":["Prayer Wheel"],"max_hp_gain":0,"max_hp_loss":0,"event_name":"Big Fish","floor":10,"gold_loss":0,"cards_obtained":["Regret"]}],"is_beta":false,"boss_relics":[{"not_picked":["reliquary:RedPaperclip","RhineFirstAidKit"],"picked":"reliquary:RedCape"}],"items_purged_floors":[11],"is_endless":false,"potions_floor_spawned":[1,4,6,14,16],"ascension_level":0}}