{"host":"toh0bbw446wnuexf","time":1613775517,"event":{"mods":["BaseMod","Downfall","Hermit","Minty Spire (QoL Compilation)","Random Character Button","Robot Space Explorer","StSLib"],"gold_per_floor":[116,82,82,82,98,98,110,210,233,233,243,243,255,180,180,285,285,305,305,65,85,101,101,127,127,176,208,218,218,218,218,218,323,323,333,348,361,361,361,361,361,361,361,377,377,395,395,409,409,409],"floor_reached":51,"language":"ENG","playtime":2733,"items_purged":["RobotSpaceExplorer:Electropulse"],"score":759,"play_id":"47713c0f-9444-435b-8b3b-6d96411774d5","local_time":"20210220115837","is_ascension_mode":true,"campfire_choices":[{"data":"RobotSpaceExplorer:MiniBoosters","floor":6,"key":"SMITH"},{"data":"RobotSpaceExplorer:Probe","floor":10,"key":"SMITH"},{"data":"RobotSpaceExplorer:PowerGlove","floor":12,"key":"SMITH"},{"data":"RobotSpaceExplorer:MiniLasers","floor":15,"key":"SMITH"},{"data":"RobotSpaceExplorer:ChargingLaser","floor":23,"key":"SMITH"},{"floor":25,"key":"REST"},{"data":"1","floor":29,"key":"LIFT"},{"data":"2","floor":32,"key":"LIFT"},{"floor":40,"key":"REST"},{"data":"3","floor":42,"key":"LIFT"},{"data":"Panache","floor":47,"key":"SMITH"},{"floor":49,"key":"REST"}],"circlet_count":0,"master_deck":["RobotSpaceExplorer:Strike","RobotSpaceExplorer:Defend","RobotSpaceExplorer:Defend","RobotSpaceExplorer:Defend","RobotSpaceExplorer:MiniLasers+1","RobotSpaceExplorer:StunGrenade+1","RobotSpaceExplorer:TurboDodge+1","RobotSpaceExplorer:Probe+1","RobotSpaceExplorer:MiniBoosters+1","RobotSpaceExplorer:PowerGlove+1","RobotSpaceExplorer:ChargingLaser+1","RobotSpaceExplorer:ChargingLaser+1","RobotSpaceExplorer:DualCore+1","Panache+1","Decay"],"relics":["Astrolabe","Centennial Puzzle","MealTicket","Runic Pyramid","Bottled Tornado","Girya","Smiling Mask","Bottled Flame","Black Star","Art of War","hexamod:BolsterEngine"],"acts_visited":["Exordium","TheCity","TheBeyond"],"potions_floor_usage":[50,50],"damage_taken":[{"damage":0,"enemies":"Cultist","floor":1,"turns":4},{"damage":0,"enemies":"2 Louse","floor":5,"turns":2},{"damage":1,"enemies":"Jaw Worm","floor":7,"turns":3},{"damage":9,"enemies":"Gremlin Gang","floor":11,"turns":3},{"damage":15,"enemies":"Exordium Thugs","floor":13,"turns":4},{"damage":7,"enemies":"The Guardian","floor":16,"turns":10},{"damage":1,"enemies":"Spheric Guardian","floor":18,"turns":4},{"damage":4,"enemies":"Chosen","floor":21,"turns":3},{"damage":13,"enemies":"Snake Plant","floor":22,"turns":3},{"damage":15,"enemies":"Book of Stabbing","floor":24,"turns":4},{"damage":1,"enemies":"Gremlin Leader","floor":27,"turns":5},{"damage":10,"enemies":"Centurion and Healer","floor":28,"turns":4},{"damage":0,"enemies":"Champ","floor":33,"turns":8},{"damage":15,"enemies":"3 Darklings","floor":35,"turns":3},{"damage":7,"enemies":"3 Shapes","floor":36,"turns":4},{"damage":6,"enemies":"Transient","floor":37,"turns":5},{"damage":2,"enemies":"Sphere and 2 Shapes","floor":44,"turns":4},{"damage":11,"enemies":"Jaw Worm Horde","floor":46,"turns":4},{"damage":13,"enemies":"Maw","floor":48,"turns":6},{"damage":52,"enemies":"Awakened One","floor":50,"turns":10}],"seed_played":"741146584476956030","potions_obtained":[{"floor":7,"key":"LiquidMemories"},{"floor":13,"key":"PowerPotion"},{"floor":22,"key":"Strength Potion"},{"floor":46,"key":"Block Potion"}],"is_trial":false,"path_per_floor":["M","$","?","?","M","R","M","?","T","R","M","R","M","$","R","B",null,"M","?","$","M","M","R","E","R","T","E","M","R","$","?","R","B",null,"M","M","M","T","?","R","?","R","T","M","?","M","R","M","R","B",null],"character_chosen":"RobotSpaceExplorer","items_purchased":["RobotSpaceExplorer:MiniBoosters","Bottled Tornado"],"campfire_rested":3,"item_purchase_floors":[2,20],"current_hp_per_floor":[75,75,80,80,80,80,79,79,79,79,70,70,55,70,70,63,80,79,79,80,76,63,63,48,72,72,71,61,61,76,76,76,76,80,65,58,52,52,52,76,76,76,76,74,74,63,63,50,74,22],"gold":409,"neow_bonus":"BOSS_RELIC","is_daily":false,"chose_seed":false,"campfire_upgraded":6,"win_rate":0.0,"timestamp":1613775517,"path_taken":["M","$","?","?","?","R","M","?","T","R","M","R","?","?","R","BOSS","M","?","$","M","M","R","E","R","T","E","M","R","?","?","R","BOSS","M","M","?","?","?","R","?","R","T","?","?","M","R","M","R","BOSS"],"items_purchased_type":["Card","Relic"],"build_version":"2020-12-22","purchased_purges":1,"victory":true,"max_hp_per_floor":[75,75,80,80,80,80,80,80,80,80,80,80,80,80,80,80,80,80,80,80,80,80,80,80,80,80,80,80,80,80,80,80,80,80,80,80,80,80,80,80,80,80,80,80,80,80,80,80,80,80],"card_choices":[{"not_picked":["RobotSpaceExplorer:SurgingShield","RobotSpaceExplorer:ScrapShield"],"picked":"RobotSpaceExplorer:Probe","floor":1},{"not_picked":["RobotSpaceExplorer:Reload","RobotSpaceExplorer:ImprovisedAttack","RobotSpaceExplorer:FreezeRay"],"picked":"SKIP","floor":5},{"not_picked":["RobotSpaceExplorer:TurboDodge","RobotSpaceExplorer:MakeshiftVolley"],"picked":"RobotSpaceExplorer:Electropulse","floor":7},{"not_picked":["RobotSpaceExplorer:SurgingStrike","RobotSpaceExplorer:MiniBoosters"],"picked":"RobotSpaceExplorer:PowerGlove","floor":11},{"not_picked":["RobotSpaceExplorer:SelfCleaning","RobotSpaceExplorer:SurgingShield","RobotSpaceExplorer:ShockKick"],"picked":"SKIP","floor":13},{"not_picked":["RobotSpaceExplorer:Blaster","RobotSpaceExplorer:Accelerator"],"picked":"RobotSpaceExplorer:ChargingLaser","floor":16},{"not_picked":["RobotSpaceExplorer:SlimeMissile","RobotSpaceExplorer:Counterblock","RobotSpaceExplorer:ScrapMissile"],"picked":"SKIP","floor":18},{"not_picked":["RobotSpaceExplorer:SlimeMissile","RobotSpaceExplorer:Counterblock","RobotSpaceExplorer:Discharger"],"picked":"SKIP","floor":21},{"not_picked":["RobotSpaceExplorer:ShockKick","RobotSpaceExplorer:Probe","RobotSpaceExplorer:MiniBoosters+1"],"picked":"SKIP","floor":22},{"not_picked":["RobotSpaceExplorer:FrostMissile","RobotSpaceExplorer:GlueShot","RobotSpaceExplorer:Pulsar"],"picked":"SKIP","floor":24},{"not_picked":["RobotSpaceExplorer:Accelerator","RobotSpaceExplorer:Probe","RobotSpaceExplorer:ScrapMissile"],"picked":"SKIP","floor":27},{"not_picked":["RobotSpaceExplorer:ScrapMissile","RobotSpaceExplorer:FranticSearch","RobotSpaceExplorer:IronShell"],"picked":"SKIP","floor":28},{"not_picked":["RobotSpaceExplorer:Probe","RobotSpaceExplorer:Electroshield+1"],"picked":"RobotSpaceExplorer:DualCore+1","floor":35},{"not_picked":["RobotSpaceExplorer:Ammunition","RobotSpaceExplorer:Smokescreen+1","RobotSpaceExplorer:GlueShot"],"picked":"SKIP","floor":36},{"not_picked":["RobotSpaceExplorer:ImprovisedAttack","RobotSpaceExplorer:ShovelStrike+1","RobotSpaceExplorer:FreezingShield+1"],"picked":"SKIP","floor":37},{"not_picked":["Swift Strike","Chrysalis"],"picked":"Panache","floor":39},{"not_picked":["RobotSpaceExplorer:FranticSearch+1","RobotSpaceExplorer:StunGrenade+1","RobotSpaceExplorer:ShockKick"],"picked":"SKIP","floor":44},{"not_picked":["RobotSpaceExplorer:Smokescreen+1","RobotSpaceExplorer:GlueSpray+1","RobotSpaceExplorer:GlueShot"],"picked":"SKIP","floor":46},{"not_picked":["RobotSpaceExplorer:Ammunition","RobotSpaceExplorer:ScrapMissile","RobotSpaceExplorer:RigExplosive+1"],"picked":"SKIP","floor":48}],"player_experience":717436,"relics_obtained":[{"floor":9,"key":"MealTicket"},{"floor":24,"key":"Girya"},{"floor":26,"key":"Smiling Mask"},{"floor":27,"key":"Bottled Flame"},{"floor":38,"key":"Art of War"},{"floor":43,"key":"hexamod:BolsterEngine"}],"event_choices":[{"damage_healed":0,"gold_gain":0,"player_choice":"Donut","damage_taken":0,"max_hp_gain":5,"max_hp_loss":0,"event_name":"Big Fish","floor":3,"gold_loss":0},{"cards_removed":["RobotSpaceExplorer:FranticSearch"],"damage_healed":0,"gold_gain":0,"player_choice":"Gave Card","damage_taken":0,"relics_obtained":["Centennial Puzzle"],"max_hp_gain":0,"max_hp_loss":0,"event_name":"WeMeetAgain","floor":4,"gold_loss":0},{"damage_healed":0,"gold_gain":100,"player_choice":"Pray","damage_taken":0,"max_hp_gain":0,"max_hp_loss":0,"event_name":"Golden Shrine","floor":8,"gold_loss":0},{"cards_removed":["RobotSpaceExplorer:Strike"],"damage_healed":0,"gold_gain":0,"player_choice":"Purged","damage_taken":0,"max_hp_gain":0,"max_hp_loss":0,"event_name":"Purifier","floor":19,"gold_loss":0},{"damage_healed":0,"gold_gain":0,"player_choice":"Copied","damage_taken":0,"max_hp_gain":0,"max_hp_loss":0,"event_name":"Duplicator","floor":31,"gold_loss":0,"cards_obtained":["RobotSpaceExplorer:ChargingLaser"]},{"damage_healed":0,"gold_gain":0,"player_choice":"Memory 1","damage_taken":0,"max_hp_gain":0,"max_hp_loss":0,"event_name":"SensoryStone","floor":39,"gold_loss":0},{"damage_healed":0,"gold_gain":0,"player_choice":"Cursed","damage_taken":0,"max_hp_gain":0,"max_hp_loss":0,"event_name":"Wheel of Change","floor":41,"gold_loss":0,"cards_obtained":["Decay"]},{"cards_removed":["RobotSpaceExplorer:Strike"],"damage_healed":0,"gold_gain":0,"player_choice":"Removed Attack","damage_taken":0,"max_hp_gain":0,"max_hp_loss":0,"event_name":"Falling","floor":45,"gold_loss":0}],"is_beta":false,"boss_relics":[{"not_picked":["Busted Crown","Cursed Key"],"picked":"Runic Pyramid"},{"not_picked":["Sozu","sneckomod:SneckoTalon"],"picked":"Black Star"}],"items_purged_floors":[14],"is_endless":false,"potions_floor_spawned":[7,13,22,27,28,36,46,48],"ascension_level":1}}