{"host":"7r6bd5ce6zscnmwq","time":1613728160,"event":{"mods":["BaseMod","Block Reminder","Colored Map","Colored Powertips","Curses Come First","Downfall","Minty Spire (QoL Compilation)","Quick Restart","Reliquary","Shop Mod","Spicy Shops","StSLib"],"gold_per_floor":[99,99,99,99,24,24,47,76,89,89,89,89,103,119,137,137,137,137],"floor_reached":16,"language":"ENG","playtime":849,"items_purged":["Guardian:Defend_Guardian"],"score":108,"play_id":"00091173-2b66-4074-846d-fffa8c146302","local_time":"20210219184920","is_ascension_mode":true,"campfire_choices":[{"data":"Guardian:TwinSlam","floor":1,"key":"SMITH"},{"data":"Guardian:RefractedBeam","floor":6,"key":"SMITH"}],"circlet_count":0,"master_deck":["Guardian:Strike_Guardian","Guardian:Strike_Guardian","Guardian:Strike_Guardian","Guardian:Defend_Guardian","Guardian:Defend_Guardian","Guardian:Defend_Guardian","Guardian:CurlUp","Guardian:TwinSlam+1","Guardian:RefractedBeam+1","Guardian:CrystalBeam","Guardian:SphericShield","Guardian:Planning","Guardian:Gem_Green","Guardian:Gem_Fragmented","Guardian:Gem_Orange","Guardian:Gem_Red","Guardian:Planning","Guardian:TemporalStrike","Guardian:BaubleBeam"],"relics":["Guardian:ModeShifter","downfall:HeartsMalice","Blood Vial","reliquary:SilkGlove","Blue Candle","Guardian:PickAxe"],"acts_visited":["Exordium"],"potions_floor_usage":[14],"damage_taken":[{"damage":0,"enemies":"Jaw Worm","floor":2,"turns":1},{"damage":0,"enemies":"Cultist","floor":4,"turns":1},{"damage":0,"enemies":"downfall:FleeingMerchant","floor":5,"turns":1},{"damage":18,"enemies":"Lagavulin","floor":8,"turns":6},{"damage":0,"enemies":"2 Louse","floor":9,"turns":2},{"damage":15,"enemies":"2 Louse","floor":11,"turns":5},{"damage":13,"enemies":"Large Slime","floor":13,"turns":6},{"damage":11,"enemies":"downfall:LooterAlt","floor":14,"turns":2},{"damage":4,"enemies":"Red Slaver","floor":15,"turns":3},{"damage":55,"enemies":"WA_ARCHETYPE_RETAIN","floor":16,"turns":7}],"seed_played":"-7297343977765091587","potions_obtained":[{"floor":13,"key":"AttackPotion"}],"is_trial":false,"path_per_floor":["R","M","?","M","$","R","T","E","M","?","?","R","M","M","M","B"],"character_chosen":"GUARDIAN","items_purchased":[],"campfire_rested":0,"item_purchase_floors":[],"current_hp_per_floor":[80,80,80,80,80,80,80,62,64,59,46,46,35,26,24,0,0,0],"gold":137,"neow_bonus":"THREE_ENEMY_KILL","is_daily":false,"chose_seed":false,"campfire_upgraded":2,"win_rate":0.0,"timestamp":1613728160,"path_taken":["R","M","?","?","?","R","T","E","?","?","?","R","M","M","M","BOSS"],"items_purchased_type":[],"build_version":"2020-12-22","purchased_purges":1,"victory":false,"max_hp_per_floor":[80,80,80,80,80,80,80,80,80,80,80,80,80,80,80,80,80,80],"card_choices":[{"not_picked":["Guardian:DecasProtection","Guardian:Suspension"],"picked":"Guardian:RefractedBeam","floor":2},{"not_picked":["Guardian:ChargeCore","Guardian:Preprogram"],"picked":"Guardian:Gem_Crimson","floor":4},{"not_picked":["Guardian:RollAttack","Guardian:Suspension","Guardian:RefractedBeam"],"picked":"SKIP","floor":5},{"not_picked":["Guardian:Harden","Guardian:Clone"],"picked":"Guardian:SphericShield","floor":8},{"not_picked":["Guardian:Harden","Guardian:GuardianWhirl"],"picked":"Guardian:Planning","floor":9},{"not_picked":["Guardian:RollAttack","Guardian:Gem_White"],"picked":"Guardian:Planning","floor":13},{"not_picked":["Guardian:Gem_Green","Guardian:Gem_Lightblue"],"picked":"Guardian:TemporalStrike","floor":14},{"not_picked":["Guardian:ChargeCore","Guardian:Gem_Green"],"picked":"Guardian:BaubleBeam","floor":15}],"player_experience":708257,"relics_obtained":[{"floor":7,"key":"Blood Vial"},{"floor":8,"key":"reliquary:SilkGlove"}],"event_choices":[],"is_beta":false,"boss_relics":[],"items_purged_floors":[5],"is_endless":false,"potions_floor_spawned":[11,13],"killed_by":"WA_ARCHETYPE_RETAIN","ascension_level":2}}