{"host":"pjjzz70vl4t83ifx","time":1613762450,"event":{"mods":["AchievementEnabler","BaseMod","Card Forge","Colored Map","Colored Powertips","Highlight Path","Infinite Spire","Minty Spire (QoL Compilation)","Permanent Neow","Practice Mode","Rare Cards Sparkle","Relic Stats","StSLib","Synergy Search"],"gold_per_floor":[213,225,225,239,239,239,259,49,118,118,135,166,181,181,181,276,276,289,132,312,325,345,345,345,374,374,374,374,374],"floor_reached":28,"language":"ENG","playtime":991,"items_purged":[],"score":323,"play_id":"b5f61c2e-52ec-4d8f-b865-def14b20d8cf","local_time":"20210219112050","is_ascension_mode":true,"campfire_choices":[{"data":"Zap","floor":6,"key":"SMITH"},{"data":"White Noise","floor":15,"key":"SMITH"},{"data":"White Noise","floor":23,"key":"SMITH"},{"data":"infinitespire:Oblivion","floor":27,"key":"SMITH"}],"circlet_count":0,"master_deck":["Defend_B","Defend_B","Defend_B","Zap+1","Dualcast","Chill","White Noise+1","Self Repair","Ball Lightning","Ball Lightning","Self Repair","Ball Lightning","Defragment","Capacitor","Rainbow","Ball Lightning","White Noise+1","Flash of Steel","Leap","Sweeping Beam","infinitespire:Oblivion+1","Force Field"],"relics":["Cracked Core","Hammer of Thor","Seething Fire","Anvil of the Gods","Smiling Mask","Membership Card","Kunai","infinitespire:Bottled Soul","Coffee Dripper","infinitespire:Freezer","Du-Vu Doll","Shuriken","Pantograph"],"acts_visited":["Exordium","TheCity"],"potions_floor_usage":[12,22,25],"damage_taken":[{"damage":0,"enemies":"Small Slimes","floor":1,"turns":2},{"damage":1,"enemies":"2 Louse","floor":2,"turns":2},{"damage":0,"enemies":"Cultist","floor":4,"turns":3},{"damage":12,"enemies":"Blue Slaver","floor":7,"turns":3},{"damage":38,"enemies":"Gremlin Gang","floor":11,"turns":5},{"damage":10,"enemies":"Gremlin Nob","floor":12,"turns":3},{"damage":0,"enemies":"Large Slime","floor":13,"turns":4},{"damage":28,"enemies":"The Guardian","floor":16,"turns":9},{"damage":18,"enemies":"3 Byrds","floor":18,"turns":4},{"damage":0,"enemies":"Spheric Guardian","floor":21,"turns":3},{"damage":14,"enemies":"Snecko","floor":22,"turns":4},{"damage":33,"enemies":"Slavers","floor":25,"turns":4},{"damage":23,"enemies":"Book of Stabbing","floor":28,"turns":4}],"seed_played":"2710503108742870225","potions_obtained":[{"floor":4,"key":"Fire Potion"},{"floor":7,"key":"BlessingOfTheForge"},{"floor":10,"key":"SmokeBomb"},{"floor":10,"key":"SpeedPotion"},{"floor":10,"key":"Ancient Potion"},{"floor":11,"key":"DistilledChaos"},{"floor":16,"key":"PowerPotion"},{"floor":21,"key":"Fire Potion"}],"is_trial":false,"path_per_floor":["M","M","?","M","?","R","M","$","T","?","M","E","M","?","R","B",null,"M","$","?","M","M","R","AVR","E","T","R","E"],"character_chosen":"DEFECT","items_purchased":["Membership Card","Ball Lightning","Self Repair","infinitespire:Freezer","White Noise","Flash of Steel"],"campfire_rested":0,"item_purchase_floors":[8,8,8,19,19,19],"current_hp_per_floor":[75,74,67,67,67,67,62,62,62,62,38,42,56,56,56,42,67,63,63,44,44,37,37,37,18,18,18,0,0],"gold":374,"neow_bonus":"HUNDRED_GOLD","is_daily":false,"chose_seed":false,"campfire_upgraded":4,"win_rate":0.0,"timestamp":1613762450,"path_taken":["M","M","?","M","?","R","?","$","T","?","?","E","M","?","R","BOSS","M","?","?","M","?","R","AVR","E","T","R","E"],"items_purchased_type":["Relic","Card","Card","Relic","Card","Card"],"build_version":"2020-12-22","purchased_purges":0,"victory":false,"max_hp_per_floor":[75,75,75,75,75,75,75,75,75,75,75,75,75,75,75,75,75,75,75,75,75,75,75,75,75,75,75,75,75],"relic_stats":{"counters":[13,50],"Shuriken":[0],"Pantograph":0,"Kunai":[3],"Smiling Mask":0,"obtain_stats":[{"Hammer of Thor":0,"Seething Fire":0,"Smiling Mask":5,"Du-Vu Doll":24,"Anvil of the Gods":0,"infinitespire:Bottled Soul":12,"Shuriken":25,"Pantograph":26,"Coffee Dripper":17,"Membership Card":8,"Kunai":9,"Cracked Core":0,"infinitespire:Freezer":19},{"Hammer of Thor":0,"Seething Fire":0,"Smiling Mask":3,"Du-Vu Doll":11,"Anvil of the Gods":0,"infinitespire:Bottled Soul":6,"Shuriken":12,"Pantograph":12,"Coffee Dripper":8,"Membership Card":4,"Kunai":4,"Cracked Core":0,"infinitespire:Freezer":9},{"Hammer of Thor":0,"Seething Fire":0,"Smiling Mask":7,"Du-Vu Doll":42,"Anvil of the Gods":0,"infinitespire:Bottled Soul":18,"Shuriken":46,"Pantograph":46,"Coffee Dripper":31,"Membership Card":10,"Kunai":10,"Cracked Core":0,"infinitespire:Freezer":35}]},"card_choices":[{"not_picked":["Streamline","Hologram"],"picked":"Chill","floor":1},{"not_picked":["Reinforced Body","Rebound"],"picked":"White Noise","floor":2},{"not_picked":["Sunder","Turbo"],"picked":"Self Repair","floor":4},{"not_picked":["Hologram","Gash"],"picked":"Ball Lightning","floor":7},{"not_picked":["Glacier","FTL"],"picked":"Ball Lightning","floor":11},{"not_picked":["Fission","Double Energy"],"picked":"Defragment","floor":12},{"not_picked":["Compile Driver","Steam Power","Streamline"],"picked":"SKIP","floor":13},{"not_picked":["Meteor Strike","Hyperbeam"],"picked":"Rainbow","floor":16},{"not_picked":["Steam","Sweeping Beam"],"picked":"Ball Lightning","floor":18},{"not_picked":["Genetic Algorithm","Gash"],"picked":"Leap","floor":21},{"not_picked":["Rebound","Go for the Eyes"],"picked":"Sweeping Beam","floor":22},{"not_picked":["Consume","Leap"],"picked":"Force Field","floor":25}],"player_experience":244927,"relics_obtained":[{"floor":9,"key":"Kunai"},{"floor":12,"key":"infinitespire:Bottled Soul"},{"floor":25,"key":"Shuriken"},{"floor":26,"key":"Pantograph"}],"event_choices":[{"cards_removed":["Strike_B"],"damage_healed":0,"gold_gain":0,"player_choice":"Card Removal","damage_taken":7,"max_hp_gain":0,"max_hp_loss":0,"event_name":"Golden Wing","floor":3,"gold_loss":0},{"damage_healed":0,"gold_gain":0,"player_choice":"Gave Potion","damage_taken":0,"relics_obtained":["Smiling Mask"],"max_hp_gain":0,"max_hp_loss":0,"event_name":"WeMeetAgain","floor":5,"gold_loss":0},{"damage_healed":0,"gold_gain":0,"player_choice":"Got Potions","damage_taken":0,"max_hp_gain":0,"max_hp_loss":0,"event_name":"Lab","floor":10,"gold_loss":0},{"damage_healed":0,"gold_gain":0,"player_choice":"1 cards matched","damage_taken":0,"max_hp_gain":0,"max_hp_loss":0,"event_name":"Match and Keep!","floor":14,"gold_loss":0,"cards_obtained":["Capacitor"]},{"damage_healed":0,"gold_gain":180,"player_choice":"GOLD GOLD ","damage_taken":19,"max_hp_gain":0,"max_hp_loss":0,"event_name":"Knowing Skull","floor":20,"potions_obtained":[],"gold_loss":0,"cards_obtained":[]}],"is_beta":false,"boss_relics":[{"not_picked":["Tiny House","Sozu"],"picked":"Coffee Dripper"}],"items_purged_floors":[],"is_endless":false,"potions_floor_spawned":[4,7,11,16,21],"killed_by":"Book of Stabbing","ascension_level":5}}