{"host":"rm0ctv8qd8mnbkg1","time":1613738722,"event":{"mods":["BaseMod","Beaked The Cultist","BetterRewards","Colored Map","DNKmod","Dark Map","Defuse TimeMaze Blight","Downfall","Friendly Minions","Hubris","Marisa????????","Minty Spire (QoL Compilation)","MostiFishMod","Permanent Neow","Rare Cards Sparkle","Relic Sorter","Reliquary","Replay The Spire","RumiaBox-????????","Shade Mod","Shop Mod","Spicy Shops","Spire Arcade","StSLib","The Construct","The Servant 0.9.4","TheVacant","Wandering Minibosses","??????REMEMod"],"gold_per_floor":[10000,10012,10012,10029,10042,10073,10073,10104,10114,8939,8939,9001,7272,7272,7272,7272],"floor_reached":14,"language":"ENG","playtime":515,"items_purged":[],"score":205,"play_id":"be6df51d-4fb6-4a11-8e47-56a41fc50bd5","local_time":"20210219124522","is_ascension_mode":true,"campfire_choices":[{"data":"theVacant:DeathSpiral","floor":1,"key":"SMITH"}],"circlet_count":0,"master_deck":["sneckomod:Strike","sneckomod:Strike","sneckomod:Strike","sneckomod:Defend","sneckomod:Defend","sneckomod:Defend","sneckomod:TailWhip+1","sneckomod:SnekBite","sneckomod:Unknown","sneckomod:Unknown","theVacant:DeathSpiral+1","sneckomod:UnknownCommonAttack","sneckomod:DiceBlock","sneckomod:RainOfDice","sneckomod:Unknown3Cost","sneckomod:UnknownCommonSkill","sneckomod:ImprovisedAttack","sneckomod:UnknownCommonSkill","sneckomod:UnknownUncommonPower","sneckomod:UnknownRareAttack","sneckomod:UnknownRareSkill","sneckomod:UnknownRarePower","sneckomod:Transmogrify","sneckomod:UnknownRarePower","sneckomod:Unknown1Cost","sneckomod:UnknownStrength","sneckomod:RainOfDice"],"relics":["sneckomod:SneckoSoul","REME_ComplimentaryCards","DaveBox","ArrowTower","Potion Belt","Juzu Bracelet","beaked:ShinyBauble","sneckomod:RareBoosterPack","Calipers","DollysMirror","Guardian:PocketSentry","hexamod:BolsterEngine","Mirror","SynthV:MejaisSoulstealer","sneckomod:ConfusingCodex","Tiny Chest","MerchantsRug"],"acts_visited":["Exordium"],"potions_floor_usage":[10,13],"damage_taken":[{"damage":0,"enemies":"Small Slimes","floor":2,"turns":2},{"damage":0,"enemies":"Jaw Worm","floor":4,"turns":2},{"damage":0,"enemies":"2 Louse","floor":5,"turns":1},{"damage":0,"enemies":"Lagavulin","floor":6,"turns":5},{"damage":0,"enemies":"Gremlin Nob","floor":8,"turns":2},{"damage":0,"enemies":"Lots of Slimes","floor":9,"turns":2},{"damage":0,"enemies":"downfall:FleeingMerchant","floor":10,"turns":4},{"damage":0,"enemies":"Lagavulin Event","floor":12,"turns":3},{"damage":0,"enemies":"downfall:FleeingMerchant","floor":13,"turns":4},{"damage":0,"enemies":"3 Sentries","floor":14,"turns":1}],"seed_played":"-7401480473022240934","potions_obtained":[{"floor":2,"key":"Strength Potion"},{"floor":4,"key":"LifebloodPotion"},{"floor":8,"key":"Strength Potion"}],"is_trial":false,"path_per_floor":["R","M","?","M","M","E","T","E","M","$","?","?","$","E"],"character_chosen":"THE_SNECKO","items_purchased":["sneckomod:UnknownUncommonPower","hexamod:BolsterEngine","sneckomod:RareBoosterPack","Calipers","sneckomod:Transmogrify","DollysMirror","sneckomod:DiceRollPotion","SynthV:MejaisSoulstealer","sneckomod:ConfusingCodex","Tiny Chest","sneckomod:UnknownStrength","sneckomod:RainOfDice","MerchantsRug"],"campfire_rested":0,"item_purchase_floors":[10,10,10,10,10,10,10,13,13,13,13,13,13],"current_hp_per_floor":[1000,1000,1000,1000,1000,1000,1000,1000,1000,1000,1000,1000,1000,1000,1000,1000],"gold":7272,"neow_bonus":"RANDOM_COMMON_RELIC","is_daily":false,"chose_seed":false,"campfire_upgraded":1,"win_rate":0.0,"timestamp":1613738722,"path_taken":["R","M","?","M","M","E","T","E","M","$","?","?","$","E"],"items_purchased_type":["Card","Relic","Relic","Relic","Card","Relic","Potion","Relic","Relic","Relic","Card","Card","Relic"],"build_version":"2020-12-22","purchased_purges":0,"victory":false,"max_hp_per_floor":[1000,1000,1000,1000,1000,1000,1000,1000,1000,1000,1000,1000,1000,1000,1000,1000],"card_choices":[{"not_picked":["sneckomod:ImprovisedAttack","sneckomod:DefensiveFlair"],"picked":"sneckomod:UnknownCommonAttack","floor":2},{"not_picked":["sneckomod:QuickBite","sneckomod:SoulRoll"],"picked":"sneckomod:DiceBlock","floor":4},{"not_picked":["sneckomod:Unknown0Cost","sneckomod:WideSting"],"picked":"sneckomod:RainOfDice","floor":5},{"not_picked":["sneckomod:UnknownVulnerable","sneckomod:Nope"],"picked":"sneckomod:Unknown3Cost","floor":6},{"not_picked":["sneckomod:UnknownStrike","sneckomod:UnknownCommonAttack"],"picked":"sneckomod:UnknownCommonSkill","floor":8},{"not_picked":["sneckomod:UnknownCommonAttack","sneckomod:SoulDraw"],"picked":"sneckomod:ImprovisedAttack","floor":9},{"not_picked":["sneckomod:SoulCleanse","sneckomod:QuickMove"],"picked":"sneckomod:UnknownCommonSkill","floor":10},{"not_picked":["sneckomod:ImprovisedAttack","sneckomod:RainOfDice"],"picked":"sneckomod:Unknown1Cost","floor":13}],"player_experience":381045,"relics_obtained":[{"floor":6,"key":"Juzu Bracelet"},{"floor":7,"key":"beaked:ShinyBauble"},{"floor":8,"key":"Guardian:PocketSentry"},{"floor":12,"key":"Guardian:PocketSentry"},{"floor":12,"key":"hexamod:BolsterEngine"},{"floor":12,"key":"Mirror"}],"event_choices":[],"is_beta":false,"boss_relics":[],"items_purged_floors":[],"is_endless":false,"potions_floor_spawned":[2,4,5,8,12],"killed_by":"3 Sentries","ascension_level":1}}