{"host":"8nctav4lo34mnono","time":1613767388,"event":{"mods":["BaseMod","Bestiary","Highlight Path","Minty Spire (QoL Compilation)","Relic Stats","Slay the Relics Exporter"],"gold_per_floor":[111,127,144,144,158,191,191,224,224,224,274,298,312,312,312,437,437,461,486,500,415,415,415,459,459,459],"floor_reached":25,"language":"ENG","playtime":1030,"items_purged":[],"score":303,"play_id":"6ff51187-4548-405e-9c76-fc8b587b3c75","local_time":"20210219204308","is_ascension_mode":true,"campfire_choices":[{"floor":7,"key":"REST"},{"data":"Ball Lightning","floor":10,"key":"SMITH"},{"floor":15,"key":"REST"},{"data":"Biased Cognition","floor":23,"key":"SMITH"}],"circlet_count":0,"master_deck":["Strike_B","Strike_B","Strike_B","Strike_B","Defend_B","Defend_B","Defend_B","Defend_B","Zap","Dualcast","Barrage","Sweeping Beam","Ball Lightning+1","Multi-Cast","Cold Snap","Echo Form","Biased Cognition+1","Seek","Aggregate","Lockon","Auto Shields"],"relics":["Cracked Core","Golden Idol","Strawberry","Orichalcum","Sundial","SlaversCollar","Du-Vu Doll","Letter Opener","Akabeko"],"acts_visited":["Exordium","TheCity"],"potions_floor_usage":[8,8,16,16,24,25],"damage_taken":[{"damage":12,"enemies":"Small Slimes","floor":1,"turns":3},{"damage":1,"enemies":"Cultist","floor":2,"turns":3},{"damage":2,"enemies":"2 Louse","floor":3,"turns":3},{"damage":10,"enemies":"Lots of Slimes","floor":5,"turns":3},{"damage":30,"enemies":"Lagavulin","floor":6,"turns":5},{"damage":20,"enemies":"3 Sentries","floor":8,"turns":3},{"damage":10,"enemies":"3 Louse","floor":12,"turns":3},{"damage":2,"enemies":"Looter","floor":13,"turns":3},{"damage":11,"enemies":"Hexaghost","floor":16,"turns":7},{"damage":0,"enemies":"3 Byrds","floor":18,"turns":3},{"damage":14,"enemies":"Shell Parasite","floor":19,"turns":6},{"damage":8,"enemies":"Cultist and Chosen","floor":20,"turns":5},{"damage":37,"enemies":"Slavers","floor":24,"turns":4},{"damage":12,"enemies":"Shelled Parasite and Fungi","floor":25,"turns":2}],"seed_played":"-8750928548967456409","potions_obtained":[{"floor":1,"key":"AttackPotion"},{"floor":2,"key":"Fire Potion"},{"floor":6,"key":"Weak Potion"},{"floor":12,"key":"Fire Potion"},{"floor":13,"key":"Swift Potion"},{"floor":16,"key":"ColorlessPotion"},{"floor":20,"key":"SteroidPotion"},{"floor":24,"key":"Energy Potion"}],"is_trial":false,"path_per_floor":["M","M","M","?","M","E","R","E","T","R","?","M","M","?","R","B",null,"M","M","M","?","?","R","E","M"],"character_chosen":"DEFECT","items_purchased":[],"campfire_rested":2,"item_purchase_floors":[],"current_hp_per_floor":[63,62,60,60,50,27,51,31,31,31,31,21,19,19,43,32,70,70,56,48,48,48,48,11,0,0],"gold":459,"neow_bonus":"TEN_PERCENT_HP_BONUS","is_daily":false,"chose_seed":false,"campfire_upgraded":2,"win_rate":0.0,"timestamp":1613767388,"path_taken":["M","M","M","?","M","E","R","E","T","R","?","M","M","?","R","BOSS","M","M","M","?","?","R","E","M"],"items_purchased_type":[],"build_version":"2020-12-22","purchased_purges":0,"victory":false,"max_hp_per_floor":[82,82,82,76,76,83,83,83,83,83,83,83,83,83,83,83,83,83,83,83,83,83,83,83,83,83],"relic_stats":{"counters":[14,53],"Golden Idol":72,"Sundial":[4],"Letter Opener":[30],"Orichalcum":[78],"obtain_stats":[{"Du-Vu Doll":21,"SlaversCollar":17,"Golden Idol":4,"Sundial":9,"Strawberry":6,"Letter Opener":22,"Orichalcum":8,"Cracked Core":0,"Akabeko":24},{"Du-Vu Doll":12,"SlaversCollar":9,"Golden Idol":3,"Sundial":6,"Strawberry":5,"Letter Opener":12,"Orichalcum":6,"Cracked Core":0,"Akabeko":13},{"Du-Vu Doll":47,"SlaversCollar":33,"Golden Idol":9,"Sundial":20,"Strawberry":17,"Letter Opener":47,"Orichalcum":20,"Cracked Core":0,"Akabeko":51}]},"card_choices":[{"not_picked":["Chaos","Hologram","Storm"],"picked":"SKIP","floor":1},{"not_picked":["Streamline","Conserve Battery"],"picked":"Barrage","floor":2},{"not_picked":["Double Energy","Capacitor"],"picked":"Sweeping Beam","floor":3},{"not_picked":["Go for the Eyes","Gash"],"picked":"Ball Lightning","floor":5},{"not_picked":["Barrage","Ball Lightning"],"picked":"Multi-Cast","floor":6},{"not_picked":["Gash","Reinforced Body"],"picked":"Cold Snap","floor":8},{"not_picked":["Sweeping Beam","Beam Cell","Go for the Eyes"],"picked":"SKIP","floor":12},{"not_picked":["Conserve Battery","Fusion"],"picked":"Echo Form","floor":13},{"not_picked":["Reboot","Buffer"],"picked":"Seek","floor":16},{"not_picked":["Static Discharge","Steam+1","Chaos"],"picked":"SKIP","floor":18},{"not_picked":["Streamline+1","Turbo"],"picked":"Aggregate","floor":19},{"not_picked":["Turbo","Leap"],"picked":"Lockon","floor":20},{"not_picked":["Static Discharge","Darkness"],"picked":"Auto Shields","floor":24}],"player_experience":423785,"relics_obtained":[{"floor":6,"key":"Strawberry"},{"floor":8,"key":"Orichalcum"},{"floor":9,"key":"Sundial"},{"floor":24,"key":"Akabeko"}],"event_choices":[{"damage_healed":0,"gold_gain":0,"player_choice":"Lose Max HP","damage_taken":0,"relics_obtained":["Golden Idol"],"max_hp_gain":0,"max_hp_loss":6,"event_name":"Golden Idol","floor":4,"gold_loss":0},{"damage_healed":0,"gold_gain":50,"player_choice":"Gained Gold","damage_taken":0,"max_hp_gain":0,"max_hp_loss":0,"event_name":"Golden Wing","floor":11,"gold_loss":0},{"damage_healed":0,"gold_gain":0,"player_choice":"1 cards matched","damage_taken":0,"max_hp_gain":0,"max_hp_loss":0,"event_name":"Match and Keep!","floor":14,"gold_loss":0,"cards_obtained":["Biased Cognition"]},{"damage_healed":0,"gold_gain":0,"player_choice":"Obtained Relic","damage_taken":0,"relics_obtained":["Du-Vu Doll"],"max_hp_gain":0,"max_hp_loss":0,"event_name":"Addict","floor":21,"gold_loss":85},{"damage_healed":0,"gold_gain":0,"player_choice":"Gave Potion","damage_taken":0,"relics_obtained":["Letter Opener"],"max_hp_gain":0,"max_hp_loss":0,"event_name":"WeMeetAgain","floor":22,"gold_loss":0}],"is_beta":false,"boss_relics":[{"not_picked":["Tiny House","Inserter"],"picked":"SlaversCollar"}],"items_purged_floors":[],"is_endless":false,"potions_floor_spawned":[1,2,6,12,13,16,20,24],"killed_by":"Shelled Parasite and Fungi","ascension_level":6}}