{"host":"FrkA","time":1613722924,"event":{"mods":["Aspiration","BaseMod","Energized Spire","Minty Spire (QoL Compilation)","Relic Stats","RumiaBox-露米娅的神秘盒子","Shop Mod","StSLib","SuperFastMode","Uncapped","noobMod"],"gold_per_floor":[118,118,193,205,205,205,229,268,268,312,412,412,450,92,92,223,223,247,270,289,133,154,189,64,97,97,141,141,156,156,156,156,287,287,300,363,388,408,408,449,377,416,416,173,186,186,209,222,222,222,222,222,67,106,61],"floor_reached":56,"language":"ZHS","playtime":1037,"items_purged":["Strike_B","Strike_B","Strike_B","Defend_B","Defend_B"],"score":2005,"play_id":"bc1fd57e-34f1-412c-a631-d4ecbabefca3","local_time":"20210219162204","is_ascension_mode":true,"campfire_choices":[{"floor":6,"key":"RECALL"},{"data":"Zap","floor":12,"key":"SMITH"},{"data":"Turbo","floor":15,"key":"SMITH"},{"data":"Turbo","floor":30,"key":"SMITH"},{"floor":32,"key":"REST"},{"floor":46,"key":"REST"},{"floor":49,"key":"REST"},{"data":"Defend_B","floor":52,"key":"SMITH"}],"circlet_count":0,"master_deck":["Defend_B+1","Defend_B+1","Zap+1","Turbo+1","Turbo+1","Turbo+1","Turbo+1","Parasite"],"relics":["ice","energizedSpire:CursedPentagram","Baka","Golden Idol","aspiration:AnachronicSnailShell","GodSword5","SoulBox","MerchantsRug","Potion Belt","Singing Bowl","White Beast Statue","Incense Burner","aspiration:ChemicalBlood","GodSword3","Lantern","Symbiotic Virus","Cauldron","Mercury Hourglass","Bag of Preparation","Vajra"],"acts_visited":["Exordium","TheCity","TheBeyond","TheEnding"],"potions_floor_usage":[8,21,23,33,41,41,41,50,50,53,53,53,53,55,55],"damage_taken":[{"damage":3,"enemies":"Jaw Worm","floor":1,"turns":4},{"damage":0,"enemies":"Small Slimes","floor":4,"turns":1},{"damage":0,"enemies":"2 Louse","floor":7,"turns":1},{"damage":0,"enemies":"3 Sentries","floor":8,"turns":2},{"damage":0,"enemies":"Lagavulin","floor":10,"turns":2},{"damage":20,"enemies":"3 Sentries","floor":13,"turns":2},{"damage":24,"enemies":"Hexaghost","floor":16,"turns":4},{"damage":0,"enemies":"Spheric Guardian","floor":18,"turns":1},{"damage":8,"enemies":"Chosen","floor":19,"turns":1},{"damage":0,"enemies":"Snake Plant","floor":20,"turns":1},{"damage":0,"enemies":"Cultist and Chosen","floor":22,"turns":2},{"damage":0,"enemies":"Slavers","floor":23,"turns":1},{"damage":8,"enemies":"Book of Stabbing","floor":25,"turns":2},{"damage":22,"enemies":"Slavers","floor":27,"turns":2},{"damage":0,"enemies":"3 Cultists","floor":29,"turns":2},{"damage":0,"enemies":"Collector","floor":33,"turns":2},{"damage":0,"enemies":"3 Darklings","floor":35,"turns":1},{"damage":0,"enemies":"Mind Bloom Boss Battle","floor":36,"turns":3},{"damage":0,"enemies":"3 Shapes","floor":37,"turns":1},{"damage":0,"enemies":"Transient","floor":38,"turns":3},{"damage":28,"enemies":"Nemesis","floor":40,"turns":4},{"damage":0,"enemies":"Giant Head","floor":42,"turns":2},{"damage":20,"enemies":"Sphere and 2 Shapes","floor":45,"turns":1},{"damage":0,"enemies":"Writhing Mass","floor":47,"turns":2},{"damage":5,"enemies":"4 Shapes","floor":48,"turns":1},{"damage":60,"enemies":"Time Eater","floor":50,"turns":3},{"damage":0,"enemies":"Shield and Spear","floor":54,"turns":1},{"damage":63,"enemies":"The Heart","floor":55,"turns":5}],"seed_played":"-2529211997245689313","potions_obtained":[{"floor":1,"key":"SteroidPotion"},{"floor":7,"key":"Swift Potion"},{"floor":8,"key":"EntropicBrew"},{"floor":13,"key":"SkillPotion"},{"floor":22,"key":"LiquidMemories"},{"floor":25,"key":"Energy Potion"},{"floor":29,"key":"EntropicBrew"},{"floor":33,"key":"FearPotion"},{"floor":35,"key":"SneckoOil"},{"floor":36,"key":"FearPotion"},{"floor":37,"key":"Swift Potion"},{"floor":42,"key":"EntropicBrew"},{"floor":45,"key":"SpeedPotion"},{"floor":47,"key":"Fire Potion"},{"floor":48,"key":"DistilledChaos"},{"floor":50,"key":"EssenceOfSteel"},{"floor":50,"key":"FearPotion"},{"floor":53,"key":"Ancient Potion"},{"floor":53,"key":"Fruit Juice"},{"floor":53,"key":"Weak Potion"},{"floor":53,"key":"SpeedPotion"},{"floor":53,"key":"EntropicBrew"},{"floor":54,"key":"AttackPotion"}],"is_trial":false,"path_per_floor":["M","?","?","M","?","R","M","E","T","E","?","R","E","$","R","B",null,"M","M","M","$","M","E","$","E","T","E","T","M","R","?","R","B",null,"M","?","M","M","?","E","$","E","T","$","M","R","M","M","R","B",null,"R","$","E","B",null],"character_chosen":"DEFECT","items_purchased":["GodSword5","Turbo","MerchantsRug","aspiration:ChemicalBlood","GodSword3","Symbiotic Virus","Cauldron","Mercury Hourglass","Bag of Preparation"],"campfire_rested":3,"item_purchase_floors":[14,14,21,41,41,44,53,53,53],"current_hp_per_floor":[32,25,14,14,5,5,5,37,37,37,37,37,27,27,27,3,44,44,36,36,36,36,36,36,28,28,8,8,8,8,8,31,33,65,67,69,69,71,71,45,51,53,53,53,35,73,75,72,114,54,129,129,135,137,74],"gold":61,"neow_bonus":"BOSS_RELIC","is_daily":false,"chose_seed":false,"campfire_upgraded":4,"win_rate":0.0,"timestamp":1613722924,"path_taken":["M","?","?","M","?","R","M","E","T","E","?","R","E","$","R","BOSS","M","M","M","$","M","E","$","E","T","E","?","M","R","?","R","BOSS","M","?","M","M","?","E","$","E","T","$","M","R","M","M","R","BOSS","R","$","E","BOSS"],"items_purchased_type":["Relic","Card","Relic","Relic","Relic","Relic","Relic","Relic","Relic"],"build_version":"2020-12-18","purchased_purges":5,"victory":true,"max_hp_per_floor":[37,37,37,37,37,37,37,37,37,37,37,37,38,38,38,47,47,47,55,55,55,57,57,57,60,60,65,65,65,65,65,65,67,67,69,77,77,81,81,91,96,98,98,98,106,106,108,115,115,134,134,134,139,141,170],"relic_stats":{"Singing Bowl":22,"counters":[28,57],"Golden Idol":235,"Bag of Preparation":[4],"obtain_stats":[{"Darkstone Periapt":43,"Lantern":42,"Singing Bowl":27,"Vajra":54,"SoulBox":17,"ice":0,"Incense Burner":40,"Bag of Preparation":53,"Lizard Tail":26,"energizedSpire:CursedPentagram":0,"aspiration:AnachronicSnailShell":13,"Cracked Core":0,"aspiration:ChemicalBlood":41,"Potion Belt":23,"MerchantsRug":21,"Golden Idol":5,"Baka":1,"aspiration:SeaSaltIceCream":28,"aspiration:HiddenCompartment":25,"White Beast Statue":28,"Mercury Hourglass":53,"Cauldron":53,"DataDisk":10,"Shuriken":8,"PlanX":36,"GodSword5":14,"GodSword3":41,"Symbiotic Virus":44},{"Darkstone Periapt":22,"Lantern":22,"Singing Bowl":14,"Vajra":27,"SoulBox":7,"ice":0,"Incense Burner":21,"Bag of Preparation":26,"Lizard Tail":13,"energizedSpire:CursedPentagram":0,"aspiration:AnachronicSnailShell":6,"Cracked Core":0,"aspiration:ChemicalBlood":21,"Potion Belt":12,"MerchantsRug":10,"Golden Idol":2,"Baka":1,"aspiration:SeaSaltIceCream":14,"aspiration:HiddenCompartment":13,"White Beast Statue":14,"Mercury Hourglass":26,"Cauldron":26,"DataDisk":5,"Shuriken":4,"PlanX":18,"GodSword5":6,"GodSword3":21,"Symbiotic Virus":22},{"Darkstone Periapt":44,"Lantern":44,"Singing Bowl":26,"Vajra":52,"SoulBox":16,"ice":0,"Incense Burner":42,"Bag of Preparation":51,"Lizard Tail":24,"energizedSpire:CursedPentagram":0,"aspiration:AnachronicSnailShell":12,"Cracked Core":0,"aspiration:ChemicalBlood":42,"Potion Belt":22,"MerchantsRug":19,"Golden Idol":5,"Baka":4,"aspiration:SeaSaltIceCream":26,"aspiration:HiddenCompartment":24,"White Beast Statue":26,"Mercury Hourglass":51,"Cauldron":51,"DataDisk":10,"Shuriken":8,"PlanX":34,"GodSword5":12,"GodSword3":42,"Symbiotic Virus":44}],"Mercury Hourglass":[21]},"card_choices":[{"not_picked":["Glacier","Hologram","Leap"],"picked":"SKIP","floor":1},{"not_picked":["Chill","Genetic Algorithm","Force Field"],"picked":"SKIP","floor":4},{"not_picked":["Gash","Conserve Battery","Beam Cell"],"picked":"SKIP","floor":7},{"not_picked":["Biased Cognition","Ball Lightning","Echo Form"],"picked":"SKIP","floor":8},{"not_picked":["Compile Driver","Gash","Hologram"],"picked":"SKIP","floor":10},{"not_picked":["White Noise","Ball Lightning","Undo"],"picked":"SKIP","floor":13},{"not_picked":["Hologram","BootSequence","Redo"],"picked":"SKIP","floor":18},{"not_picked":["Barrage","Gash","Rip and Tear+1"],"picked":"SKIP","floor":19},{"not_picked":["Darkness","Conserve Battery+1","Go for the Eyes"],"picked":"SKIP","floor":20},{"not_picked":["Coolheaded","Rebound","Barrage"],"picked":"SKIP","floor":22},{"not_picked":["Beam Cell","Self Repair","Chaos"],"picked":"SKIP","floor":23},{"not_picked":["Undo","White Noise","Skim"],"picked":"SKIP","floor":25},{"not_picked":["Glacier+1","BootSequence","Amplify"],"picked":"Singing Bowl","floor":27},{"not_picked":["Force Field+1","Stack+1"],"picked":"Turbo","floor":29},{"not_picked":["Amplify","Buffer","Machine Learning"],"picked":"Singing Bowl","floor":33},{"not_picked":["Force Field","Chill+1","Hologram"],"picked":"Singing Bowl","floor":35},{"not_picked":["Stack","Static Discharge","Go for the Eyes"],"picked":"Singing Bowl","floor":36},{"not_picked":["Compile Driver","Tempest"],"picked":"Turbo+1","floor":37},{"not_picked":["Stack","Gash+1","Capacitor"],"picked":"Singing Bowl","floor":38},{"not_picked":["Seek","Gash+1","Coolheaded+1"],"picked":"Singing Bowl","floor":40},{"not_picked":["Sweeping Beam+1","Melter","Heatsinks"],"picked":"Singing Bowl","floor":42},{"not_picked":["Steam+1","Ball Lightning","Leap+1"],"picked":"Singing Bowl","floor":45},{"not_picked":["Compile Driver+1","Rebound+1","Beam Cell"],"picked":"Singing Bowl","floor":47},{"not_picked":["Rip and Tear+1","Doom and Gloom","Chill+1"],"picked":"Singing Bowl","floor":48},{"not_picked":["Biased Cognition","Static Discharge","Capacitor"],"picked":"Singing Bowl","floor":54}],"player_experience":64276,"relics_obtained":[{"floor":1,"key":"Baka"},{"floor":8,"key":"Shuriken"},{"floor":10,"key":"DataDisk"},{"floor":13,"key":"aspiration:AnachronicSnailShell"},{"floor":23,"key":"Potion Belt"},{"floor":25,"key":"aspiration:HiddenCompartment"},{"floor":26,"key":"Lizard Tail"},{"floor":27,"key":"Singing Bowl"},{"floor":28,"key":"aspiration:SeaSaltIceCream"},{"floor":36,"key":"PlanX"},{"floor":40,"key":"Incense Burner"},{"floor":42,"key":"Lantern"},{"floor":43,"key":"Darkstone Periapt"},{"floor":54,"key":"Vajra"}],"event_choices":[{"damage_healed":0,"gold_gain":0,"player_choice":"Entered Light","damage_taken":7,"max_hp_gain":0,"max_hp_loss":0,"event_name":"Shining Light","floor":2,"gold_loss":0,"cards_upgraded":["Defend_B","Dualcast"]},{"damage_healed":0,"gold_gain":75,"player_choice":"Gather Gold","damage_taken":11,"max_hp_gain":0,"max_hp_loss":0,"event_name":"World of Goop","floor":3,"gold_loss":0},{"damage_healed":0,"gold_gain":0,"player_choice":"Take Damage","damage_taken":9,"relics_obtained":["Golden Idol"],"max_hp_gain":0,"max_hp_loss":0,"event_name":"Golden Idol","floor":5,"gold_loss":0},{"damage_healed":0,"gold_gain":100,"player_choice":"Gold","damage_taken":0,"max_hp_gain":0,"max_hp_loss":0,"event_name":"Wheel of Change","floor":11,"gold_loss":0},{"cards_removed":["Strike_B"],"damage_healed":0,"gold_gain":0,"player_choice":"Elegance","damage_taken":0,"max_hp_gain":0,"max_hp_loss":0,"event_name":"Back to Basics","floor":31,"gold_loss":0},{"damage_healed":0,"gold_gain":0,"player_choice":"Fight","damage_taken":0,"max_hp_gain":0,"max_hp_loss":0,"event_name":"MindBloom","floor":36,"gold_loss":0},{"damage_healed":0,"gold_gain":0,"player_choice":"Copied","damage_taken":0,"max_hp_gain":0,"max_hp_loss":0,"event_name":"Duplicator","floor":39,"gold_loss":0,"cards_obtained":["Turbo"]}],"is_beta":true,"boss_relics":[{"not_picked":["aspiration:RunicSpoon","energizedSpire:OgreHead"],"picked":"SoulBox"},{"not_picked":["Velvet Choker","aspiration:PoetsPen_weak","aspiration:SilentSkillbook"]}],"items_purged_floors":[14,21,24,41,44],"is_endless":false,"potions_floor_spawned":[1,7,8,13,18,20,22,25,29,33,35,36,37,38,40,42,45,47,48,54],"ascension_level":7}}