{"host":"fd0wl3s6rfvq235o","time":1613765394,"event":{"mods":["Act Like it!","Aspiration","BaseMod","Conspire","Defuse TimeMaze Blight","Glutton Mod","Hubris","Infinite Spire","Mari Mod (Legacy)","Mari\u0027s V1 Patch","Marisa????????","Minty Spire (QoL Compilation)","Replay The Spire","StSLib","The Bug Knight","The Construct","The Necromancer","The Witch"],"gold_per_floor":[151,76,101,101,276,276,305,145,145,145,145,145,145,45,45,108,108,108],"floor_reached":17,"language":"DEU","playtime":895,"items_purged":["MariMod:Mari_Defend","Doubt","MariMod:Mari_Defend"],"score":147,"play_id":"131d511f-be72-45a1-aa8b-98a8c89256ad","local_time":"20210219210954","daily_mods":["Heirloom","Time Dilation","Flight"],"is_ascension_mode":false,"campfire_choices":[{"data":"MariMod:Mari_Dolphin_Strike","floor":6,"key":"SMITH"},{"floor":11,"key":"REST"},{"data":"MariMod:Mari_Delicacy","floor":12,"key":"SMITH"},{"floor":13,"key":"REST"},{"data":"MariMod:Mari_Debut","floor":15,"key":"SMITH"}],"circlet_count":0,"master_deck":["MariMod:Mari_Strike","MariMod:Mari_Strike","MariMod:Mari_Strike","MariMod:Mari_Strike","MariMod:Mari_Strike","MariMod:Mari_Defend","MariMod:Mari_Defend+1","MariMod:Mari_Defend","MariMod:Mari_Reminisce","MariMod:Mari_Debut+1","MariMod:Mari_Golden_Glint","MariMod:Mari_Dolphin_Strike+1","MariMod:Mari_Delicacy+1","MariMod:Mari_Excitement+1","MariMod:Mari_Second_Season","MariMod:Mari_From_Zero"],"relics":["MariMod:MariTheSpark","construct:RocketBooster","InkBottle","ReplayFunnel","Ginger","The Courier","aspiration:IroncladSkillbook"],"acts_visited":["Exordium","TheCity"],"potions_floor_usage":[],"damage_taken":[{"damage":3,"enemies":"Small Slimes","floor":1,"turns":3},{"damage":4,"enemies":"conspire:MimicChest","floor":3,"turns":6},{"damage":22,"enemies":"Gremlin Nob","floor":7,"turns":4},{"damage":32,"enemies":"Hexaghost","floor":16,"turns":7}],"seed_played":"-2971462152451708525","potions_obtained":[{"floor":3,"key":"PowerPotion"},{"floor":16,"key":"LiquidMemories"}],"is_trial":true,"path_per_floor":["M","$","?","?","?","R","E","$","T","?","R","R","R","$","R","B",null],"character_chosen":"MARI","items_purchased":["MariMod:Mari_Excitement+1"],"campfire_rested":2,"item_purchase_floors":[8],"current_hp_per_floor":[69,69,65,47,47,47,25,25,25,25,46,46,67,67,67,35,72,72],"gold":108,"neow_bonus":"","is_daily":false,"chose_seed":false,"campfire_upgraded":3,"win_rate":0.0,"timestamp":1613765394,"path_taken":["M","$","?","?","?","R","E","$","T","?","R","R","R","$","R","BOSS"],"items_purchased_type":["Card"],"build_version":"2020-12-22","purchased_purges":3,"victory":false,"max_hp_per_floor":[72,72,72,72,72,72,72,72,72,72,72,72,72,72,72,72,72,72],"card_choices":[{"not_picked":["MariMod:Mari_Well_Kept_Secret","MariMod:Mari_Lie_In_Wait"],"picked":"MariMod:Mari_Golden_Glint","floor":1},{"not_picked":["MariMod:Mari_Tough_Front","MariMod:Mari_Boundless_Energy"],"picked":"MariMod:Mari_Dolphin_Strike","floor":3},{"not_picked":["MariMod:Mari_Glow","MariMod:Mari_Withdrawal"],"picked":"MariMod:Mari_Delicacy","floor":7},{"not_picked":["MariMod:Mari_Wishing_Fountain","MariMod:Mari_No_Problem"],"picked":"MariMod:Mari_Second_Season","floor":16},{"not_picked":["MariMod:Mari_Flawless_Form","MariMod:Mari_Administrator_Privilege"],"picked":"MariMod:Mari_From_Zero","floor":16}],"player_experience":573065,"relics_obtained":[{"floor":3,"key":"InkBottle"},{"floor":7,"key":"Ginger"},{"floor":9,"key":"The Courier"}],"event_choices":[{"damage_healed":0,"gold_gain":0,"player_choice":"Success","damage_taken":18,"relics_obtained":["ReplayFunnel"],"max_hp_gain":0,"max_hp_loss":0,"event_name":"Scrap Ooze","floor":4,"gold_loss":0},{"damage_healed":0,"gold_gain":175,"player_choice":"AGREE","damage_taken":0,"max_hp_gain":0,"max_hp_loss":0,"event_name":"Liars Game","floor":5,"gold_loss":0,"cards_obtained":["Doubt"]}],"is_beta":false,"boss_relics":[{"not_picked":["Sozu","ReplayTheSpireMod:DimensionalGlitch"],"picked":"aspiration:IroncladSkillbook"}],"items_purged_floors":[2,8,14],"is_endless":false,"potions_floor_spawned":[3,16],"ascension_level":0}}