{"host":"c59zqhrgluvxuu0k","time":1613690090,"event":{"mods":["100% Spire Juice","BaseMod","Better Altar","Better Third Choice","BetterRewards","Colored Map","Colored Powertips","Curses Come First","Downfall","Friendly Minions","Hermit","Minty Spire (QoL Compilation)","Replay The Spire","Shop Mod","Spicy Shops","StSLib","The Blackbeard","The Cursed","The Death Knight","The Druid","The Jungle","The Necromancer","The Runesmith","The Wild Card"],"gold_per_floor":[118,118,128,78,78,106,106,126,179,179,206,206,237,248,248,346,346,362,374,221,221,221],"floor_reached":21,"language":"ENG","playtime":2247,"items_purged":[],"score":207,"play_id":"7ae5d468-2f0c-4895-91f0-749851e2c54c","local_time":"20210218161450","is_ascension_mode":true,"campfire_choices":[{"data":"Blood_Curse","floor":7,"key":"SMITH"},{"data":"Bone_Wall","floor":10,"key":"SMITH"},{"floor":15,"key":"REST"}],"circlet_count":0,"master_deck":["Strike_W","Strike_W","Strike_W","Strike_W","Defend_W","Defend_W","Defend_W","Defend_W","Negative_Energy_Arrows","Bone_Wall+1","Blood_Curse+1","Necromantic_Selection","Pot Of Greed","Pot Of Greed","Shade_Step","Death_March_Dance","Reap_The_Weak","Spectral_Armor","Negative_Energy_Shield"],"relics":["Vampire_Amulet","Dead Branch","Simple Rune","Regal Pillow","Grinning Jar","Pantograph","Black Star","Happy Flower"],"acts_visited":["Exordium","TheCity"],"potions_floor_usage":[6,6,11],"damage_taken":[{"damage":3,"enemies":"Jaw Worm","floor":1,"turns":7},{"damage":0,"enemies":"2 Louse","floor":3,"turns":3},{"damage":39,"enemies":"Lagavulin","floor":6,"turns":7},{"damage":1,"enemies":"Cultist","floor":8,"turns":4},{"damage":11,"enemies":"Gremlin Nob","floor":11,"turns":3},{"damage":17,"enemies":"Replay:BlueRogue","floor":13,"turns":6},{"damage":12,"enemies":"Gremlin Gang","floor":14,"turns":7},{"damage":47,"enemies":"Slime Boss","floor":16,"turns":14},{"damage":27,"enemies":"Spheric Guardian","floor":18,"turns":10},{"damage":40,"enemies":"3 Byrds","floor":19,"turns":9},{"damage":0,"enemies":"Centurion and Healer","floor":21,"turns":4}],"seed_played":"3782214528109699088","potions_obtained":[{"floor":1,"key":"SteroidPotion"},{"floor":3,"key":"hexamod:SoulburnPotion"},{"floor":6,"key":"SkillPotion"},{"floor":19,"key":"hexamod:SoulburnPotion"}],"is_trial":false,"path_per_floor":["M","?","M","?","?","E","R","M","T","R","E","?","E","M","R","B",null,"M","M","$","M"],"character_chosen":"NECROMANCER","items_purchased":["Happy Flower"],"campfire_rested":1,"item_purchase_floors":[20],"current_hp_per_floor":[74,79,80,80,73,36,36,37,37,37,28,28,13,9,48,37,80,55,21,21,21,21],"gold":221,"neow_bonus":"ONE_RARE_RELIC","is_daily":false,"chose_seed":false,"campfire_upgraded":2,"win_rate":0.0,"timestamp":1613690090,"path_taken":["M","?","M","?","?","E","R","M","T","R","E","?","E","M","R","BOSS","M","?","$","M"],"items_purchased_type":["Relic"],"build_version":"2020-12-22","purchased_purges":0,"victory":false,"max_hp_per_floor":[75,80,80,80,80,80,80,80,80,80,80,80,80,80,80,80,80,80,80,80,80,80],"card_choices":[{"not_picked":["Flesh_Made_Foul","Negative_Energy_Mist"],"picked":"Blood_Curse","floor":1},{"not_picked":["Chill_Blood","Toxic_Smoke_Screen"],"picked":"Necromantic_Selection","floor":3},{"not_picked":["Bone_Bullets","Death_Coil","Negative_Energy_Sphere"],"picked":"SKIP","floor":6},{"not_picked":["Violent_Necrosis","Scare"],"picked":"Acid_Javelin","floor":8},{"not_picked":["Slay_Living","Bone_Bullets","Bone_Shift"],"picked":"SKIP","floor":11},{"not_picked":["Shackles_Of_Pain","Epidemic"],"picked":"Shade_Step","floor":13},{"not_picked":["Requiem","Pandemic"],"picked":"Death_March_Dance","floor":14},{"not_picked":["Blood_Wake","Skeleton_Dragon"],"picked":"Reap_The_Weak","floor":16},{"not_picked":["Negative_Energy_Sphere","Death_Knell"],"picked":"Spectral_Armor","floor":18},{"not_picked":["Shackles_Of_Pain","Exploit"],"picked":"Negative_Energy_Shield","floor":19}],"player_experience":2260491,"relics_obtained":[{"floor":6,"key":"Simple Rune"},{"floor":11,"key":"Regal Pillow"},{"floor":13,"key":"Pantograph"}],"event_choices":[{"damage_healed":0,"gold_gain":0,"player_choice":"Donut","damage_taken":0,"max_hp_gain":5,"max_hp_loss":0,"event_name":"Big Fish","floor":2,"gold_loss":0},{"cards_removed":["Slimebound:Defend_Slimebound"],"damage_healed":0,"gold_gain":0,"player_choice":"Card Removal","damage_taken":0,"max_hp_gain":0,"max_hp_loss":0,"event_name":"The Cleric","floor":4,"gold_loss":50},{"cards_removed":["hexamod:Defend"],"damage_healed":0,"gold_gain":0,"player_choice":"Card Removal","damage_taken":7,"max_hp_gain":0,"max_hp_loss":0,"event_name":"Golden Wing","floor":5,"gold_loss":0},{"cards_removed":["Acid_Javelin"],"damage_healed":0,"gold_gain":0,"player_choice":"Gave Card","damage_taken":0,"relics_obtained":["Grinning Jar"],"max_hp_gain":0,"max_hp_loss":0,"event_name":"WeMeetAgain","floor":12,"gold_loss":0}],"is_beta":false,"boss_relics":[{"not_picked":["ReplayTheSpireMod:DimensionalGlitch","Snecko Eye"],"picked":"Black Star"}],"items_purged_floors":[],"is_endless":false,"potions_floor_spawned":[1,3,6,19],"killed_by":"Centurion and Healer","ascension_level":1}}