{"host":"dlqyscxstsnu98l1","time":1613770621,"event":{"mods":["AchievementEnabler","BaseMod","Colored Map","Colored Powertips","GifTheSpireLib","Highlight Path","Minty Spire (QoL Compilation)","Random Character Button","SacredBarkPlus","StSLib","everything is the same but u backflip on backflip"],"gold_per_floor":[210,224,74,74,101,141,141,141,214,214,214,214,246,278,278,418,418,441,441,470,147,171,171,171],"floor_reached":23,"language":"ENG","playtime":611,"items_purged":[],"score":246,"play_id":"922210eb-c1f1-4ec7-a25d-71ea32ccdf86","local_time":"20210219153701","is_ascension_mode":true,"campfire_choices":[{"floor":8,"key":"REST"},{"floor":12,"key":"REST"},{"floor":15,"key":"REST"}],"circlet_count":0,"master_deck":["Strike_B","Strike_B","Strike_B","Strike_B","Defend_B","Defend_B+1","Defend_B","Defend_B","Zap+1","Dualcast","Melter","Sweeping Beam","Coolheaded","Consume+1","Doom and Gloom","Echo Form","Conserve Battery","Ball Lightning+1","Cold Snap","Chill+1"],"relics":["Cracked Core","Runic Capacitor","Smiling Mask","CeramicFish","Emotion Chip","Golden Idol","Question Card","Omamori","Black Star","Boot","War Paint","Medical Kit"],"acts_visited":["Exordium","TheCity"],"potions_floor_usage":[6,18,23],"damage_taken":[{"damage":7,"enemies":"Small Slimes","floor":1,"turns":2},{"damage":7,"enemies":"Jaw Worm","floor":2,"turns":2},{"damage":41,"enemies":"Lagavulin","floor":6,"turns":6},{"damage":1,"enemies":"2 Louse","floor":13,"turns":2},{"damage":12,"enemies":"Exordium Thugs","floor":14,"turns":3},{"damage":9,"enemies":"The Guardian","floor":16,"turns":9},{"damage":16,"enemies":"Chosen","floor":18,"turns":5},{"damage":7,"enemies":"Spheric Guardian","floor":20,"turns":3},{"damage":35,"enemies":"3 Cultists","floor":22,"turns":5},{"damage":9,"enemies":"Slavers","floor":23,"turns":1}],"seed_played":"-3581003212724313330","potions_obtained":[{"floor":1,"key":"DistilledChaos"},{"floor":2,"key":"SpeedPotion"},{"floor":14,"key":"BlessingOfTheForge"},{"floor":22,"key":"Energy Potion"}],"is_trial":false,"path_per_floor":["M","M","$","?","T","E","?","R","T","?","?","R","M","M","R","B",null,"M","?","M","$","M","E"],"character_chosen":"DEFECT","items_purchased":["Runic Capacitor","War Paint","Medical Kit","Cold Snap"],"campfire_rested":3,"item_purchase_floors":[3,21,21,21],"current_hp_per_floor":[61,54,54,42,42,1,1,21,21,21,21,41,40,28,48,39,62,46,46,39,39,4,0,0],"gold":171,"neow_bonus":"HUNDRED_GOLD","is_daily":false,"chose_seed":false,"campfire_upgraded":0,"win_rate":0.0,"timestamp":1613770621,"path_taken":["M","M","$","?","?","E","?","R","T","?","?","R","M","M","R","BOSS","M","?","M","$","M","E"],"items_purchased_type":["Relic","Relic","Relic","Card"],"build_version":"2020-12-22","purchased_purges":0,"victory":false,"max_hp_per_floor":[75,75,75,75,75,75,69,69,69,69,69,69,69,69,69,69,69,69,69,69,69,69,69,69],"card_choices":[{"not_picked":["Sunder","Steam"],"picked":"Melter","floor":1},{"not_picked":["Steam","Stack"],"picked":"Sweeping Beam","floor":2},{"not_picked":["Force Field","Heatsinks"],"picked":"Coolheaded","floor":6},{"not_picked":["Compile Driver","Chill","Coolheaded"],"picked":"Consume","floor":13},{"not_picked":["Hologram","Compile Driver","Chaos"],"picked":"Doom and Gloom","floor":14},{"not_picked":["Rainbow","Hyperbeam","Electrodynamics"],"picked":"Echo Form","floor":16},{"not_picked":["Self Repair","Coolheaded","Beam Cell"],"picked":"Conserve Battery","floor":18},{"not_picked":["White Noise","Chill","Beam Cell"],"picked":"Ball Lightning+1","floor":20},{"not_picked":["Redo+1","Recycle","Steam"],"picked":"Chill+1","floor":22}],"player_experience":246814,"relics_obtained":[{"floor":5,"key":"CeramicFish"},{"floor":6,"key":"Emotion Chip"},{"floor":9,"key":"Question Card"}],"event_choices":[{"damage_healed":0,"gold_gain":0,"player_choice":"Success","damage_taken":12,"relics_obtained":["Smiling Mask"],"max_hp_gain":0,"max_hp_loss":0,"event_name":"Scrap Ooze","floor":4,"gold_loss":0},{"damage_healed":0,"gold_gain":0,"player_choice":"Lose Max HP","damage_taken":0,"relics_obtained":["Golden Idol"],"max_hp_gain":0,"max_hp_loss":6,"event_name":"Golden Idol","floor":7,"gold_loss":0},{"damage_healed":0,"gold_gain":0,"player_choice":"Searched \u00271\u0027 times","damage_taken":0,"relics_obtained":["Omamori"],"max_hp_gain":0,"max_hp_loss":0,"event_name":"Dead Adventurer","floor":10,"gold_loss":0},{"damage_healed":0,"gold_gain":0,"player_choice":"Upgraded","damage_taken":0,"max_hp_gain":0,"max_hp_loss":0,"event_name":"Upgrade Shrine","floor":11,"gold_loss":0,"cards_upgraded":["Zap"]},{"damage_healed":0,"gold_gain":0,"player_choice":"Opened","damage_taken":0,"relics_obtained":["Boot"],"max_hp_gain":0,"max_hp_loss":0,"event_name":"The Mausoleum","floor":19,"gold_loss":0,"cards_obtained":["Writhe"]}],"is_beta":false,"boss_relics":[{"not_picked":["Tiny House","Pandora\u0027s Box"],"picked":"Black Star"}],"items_purged_floors":[],"is_endless":false,"potions_floor_spawned":[1,2,14,22],"killed_by":"Slavers","ascension_level":6}}