{"host":"3qkmyeoym75lj4wn","time":1613696258,"event":{"mods":["2.2 Compatiblity","Act Like it!","BaseMod","Bestiary","Block Reminder","Colored Powertips","Highlight Path","Minty Spire (QoL Compilation)","Permanent Neow","Rare Cards Sparkle","Relic Stats","StSLib"],"gold_per_floor":[109,89,34,34,34,60,60,60,60],"floor_reached":8,"language":"ENG","playtime":169,"items_purged":[],"score":104,"play_id":"1d214fb8-553a-49d5-99d7-c2d9315a2214","local_time":"20210219005738","is_ascension_mode":true,"campfire_choices":[{"data":"Metallicize","floor":7,"key":"SMITH"}],"circlet_count":0,"master_deck":["AscendersBane","Strike_R","Strike_R","Strike_R","Strike_R","Strike_R","Defend_R","Defend_R","Defend_R","Defend_R","Bash","Heavy Blade","Metallicize+1","Shrug It Off","Corruption"],"relics":["Burning Blood","Akabeko","Darkstone Periapt"],"acts_visited":["Exordium"],"potions_floor_usage":[6,8],"damage_taken":[{"damage":14,"enemies":"Jaw Worm","floor":1,"turns":3},{"damage":26,"enemies":"Gremlin Nob","floor":6,"turns":4},{"damage":38,"enemies":"Lagavulin","floor":8,"turns":8}],"seed_played":"3003579829900360511","potions_obtained":[{"floor":2,"key":"AttackPotion"},{"floor":6,"key":"GamblersBrew"}],"is_trial":false,"path_per_floor":["M","?","$","?","$","E","R","E"],"character_chosen":"IRONCLAD","items_purchased":["Shrug It Off"],"campfire_rested":0,"item_purchase_floors":[3],"current_hp_per_floor":[60,60,60,55,55,35,35,0,0],"gold":60,"neow_bonus":"THREE_CARDS","is_daily":false,"chose_seed":false,"campfire_upgraded":1,"win_rate":0.0,"timestamp":1613696258,"path_taken":["M","?","?","?","?","E","R","E"],"items_purchased_type":["Card"],"build_version":"2020-12-22","purchased_purges":0,"victory":false,"max_hp_per_floor":[75,75,75,75,75,75,75,75,75],"relic_stats":{"Darkstone Periapt":0,"counters":[3,15],"obtain_stats":[{"Darkstone Periapt":6,"Burning Blood":0,"Akabeko":4},{"Darkstone Periapt":2,"Burning Blood":0,"Akabeko":1},{"Darkstone Periapt":7,"Burning Blood":0,"Akabeko":3}],"Burning Blood":12},"card_choices":[{"not_picked":["Entrench","Infernal Blade"],"picked":"Heavy Blade","floor":0},{"not_picked":["Heavy Blade","Sword Boomerang"],"picked":"Metallicize","floor":1},{"not_picked":["Headbutt","Dark Embrace"],"picked":"Corruption","floor":6}],"player_experience":1767060,"relics_obtained":[{"floor":6,"key":"Darkstone Periapt"}],"event_choices":[{"damage_healed":0,"gold_gain":0,"player_choice":"Bought 1 Potion","damage_taken":0,"max_hp_gain":0,"max_hp_loss":0,"event_name":"The Woman in Blue","floor":2,"gold_loss":0},{"damage_healed":0,"gold_gain":0,"player_choice":"Success","damage_taken":5,"relics_obtained":["Akabeko"],"max_hp_gain":0,"max_hp_loss":0,"event_name":"Scrap Ooze","floor":4,"gold_loss":0}],"is_beta":false,"boss_relics":[],"items_purged_floors":[],"is_endless":false,"potions_floor_spawned":[6],"killed_by":"Lagavulin","ascension_level":20}}