{"host":"z37g2hkgkh2zjyzk","time":1613750847,"event":{"mods":["2.2 Compatiblity","AchievementEnabler","BaseMod","Bestiary","Colored Map","Colored Powertips","Curses Come First","Keyboard Shortcuts","Minty Spire (QoL Compilation)","Relic Stats","StSLib","SuperFastMode"],"gold_per_floor":[110,129,129,141,18,18,31,66,66,141,73,73,83,100,100,198,198,198,10,0,0,0,0,0,0,0,0,0,0,0,0,0,0,0,0,0,0,0,0,0,0,0,0,0,0,0,0,0,0,0,0,0,0,0,0],"floor_reached":56,"language":"ENG","playtime":6531,"items_purged":["Regret"],"score":1620,"play_id":"cdb4bca4-fa34-410c-a955-7a51c977163b","local_time":"20210219170727","is_ascension_mode":true,"campfire_choices":[{"data":"True Grit","floor":6.0,"key":"SMITH"},{"floor":12.0,"key":"REST"},{"floor":15.0,"key":"REST"},{"floor":24.0,"key":"REST"},{"floor":28.0,"key":"REST"},{"data":"True Grit","floor":32.0,"key":"SMITH"},{"floor":40.0,"key":"RECALL"},{"data":"Heavy Blade","floor":45.0,"key":"SMITH"},{"data":"Pommel Strike","floor":49.0,"key":"SMITH"},{"data":"Impervious","floor":52.0,"key":"SMITH"}],"circlet_count":0,"master_deck":["Strike_R","Strike_R","Strike_R","Strike_R","Strike_R","Defend_R","Defend_R+1","Defend_R","Defend_R+1","Bash","Warcry","Power Through","Dark Embrace","True Grit+1","Inflame","Offering","Pommel Strike+1","Demon Form+1","Barricade+1","Headbutt+1","Impervious+1","True Grit+1","Shrug It Off+1","Sentinel","Wild Strike","Shame","Corruption+1","Seeing Red+1","Sentinel","Heavy Blade+1","Sever Soul"],"relics":["Snecko Eye","War Paint","InkBottle","Frozen Egg 2","Ectoplasm","Ice Cream","Sundial","Toy Ornithopter","Pocketwatch","Mercury Hourglass","Meat on the Bone","Busted Crown","Du-Vu Doll","Ornamental Fan","Self Forming Clay","Orichalcum"],"acts_visited":["Exordium","TheCity","TheBeyond","TheEnding"],"potions_floor_usage":[55,55,55],"damage_taken":[{"damage":1.0,"enemies":"Cultist","floor":1.0,"turns":3.0},{"damage":1.0,"enemies":"2 Louse","floor":2.0,"turns":3.0},{"damage":7.0,"enemies":"Jaw Worm","floor":4.0,"turns":4.0},{"damage":0.0,"enemies":"Blue Slaver","floor":7.0,"turns":4.0},{"damage":43.0,"enemies":"Gremlin Nob","floor":8.0,"turns":6.0},{"damage":11.0,"enemies":"3 Louse","floor":13.0,"turns":5.0},{"damage":3.0,"enemies":"Looter","floor":14.0,"turns":3.0},{"damage":10.0,"enemies":"Hexaghost","floor":16.0,"turns":8.0},{"damage":12.0,"enemies":"Spheric Guardian","floor":18.0,"turns":4.0},{"damage":14.0,"enemies":"2 Thieves","floor":20.0,"turns":4.0},{"damage":0.0,"enemies":"Centurion and Healer","floor":21.0,"turns":4.0},{"damage":4.0,"enemies":"Snake Plant","floor":22.0,"turns":5.0},{"damage":34.0,"enemies":"Book of Stabbing","floor":23.0,"turns":6.0},{"damage":8.0,"enemies":"Gremlin Leader","floor":25.0,"turns":5.0},{"damage":16.0,"enemies":"Colosseum Slavers","floor":27.0,"turns":4.0},{"damage":6.0,"enemies":"Colosseum Nobs","floor":27.0,"turns":4.0},{"damage":0.0,"enemies":"3 Cultists","floor":29.0,"turns":4.0},{"damage":1.0,"enemies":"Shelled Parasite and Fungi","floor":31.0,"turns":7.0},{"damage":12.0,"enemies":"Automaton","floor":33.0,"turns":8.0},{"damage":4.0,"enemies":"3 Darklings","floor":35.0,"turns":5.0},{"damage":9.0,"enemies":"Mind Bloom Boss Battle","floor":36.0,"turns":4.0},{"damage":0.0,"enemies":"Orb Walker","floor":41.0,"turns":3.0},{"damage":6.0,"enemies":"Giant Head","floor":42.0,"turns":5.0},{"damage":6.0,"enemies":"4 Shapes","floor":44.0,"turns":5.0},{"damage":6.0,"enemies":"3 Darklings","floor":46.0,"turns":3.0},{"damage":6.0,"enemies":"Transient","floor":47.0,"turns":5.0},{"damage":1.0,"enemies":"Maw","floor":48.0,"turns":5.0},{"damage":16.0,"enemies":"Donu and Deca","floor":50.0,"turns":5.0},{"damage":21.0,"enemies":"Shield and Spear","floor":54.0,"turns":3.0},{"damage":14,"enemies":"The Heart","floor":55,"turns":4}],"seed_played":"1762322481012960560","potions_obtained":[{"floor":2.0,"key":"EssenceOfSteel"},{"floor":7.0,"key":"Fire Potion"},{"floor":13.0,"key":"DistilledChaos"},{"floor":20.0,"key":"PowerPotion"},{"floor":25.0,"key":"SkillPotion"},{"floor":33.0,"key":"BlessingOfTheForge"},{"floor":36.0,"key":"DuplicationPotion"},{"floor":41.0,"key":"ColorlessPotion"},{"floor":42.0,"key":"BloodPotion"},{"floor":46.0,"key":"AttackPotion"},{"floor":48.0,"key":"PowerPotion"}],"is_trial":false,"path_per_floor":["M","M","?","M","$","R","M","E","T","?","$","R","M","M","R","B",null,"M","$","M","M","M","E","R","E","T","?","R","M","?","M","R","B",null,"M","?","?","?","$","R","M","E","T","M","R","M","M","M","R","B",null,"R","$","E","B",null],"character_chosen":"IRONCLAD","items_purchased":["True Grit","Combust+1","Impervious","True Grit"],"campfire_rested":4,"item_purchase_floors":[5,11,19,19],"current_hp_per_floor":[79,78,78,71,71,71,71,28,28,17,17,41,30,27,51,41,70,58,58,44,44,40,6,30,22,22,5,29,29,29,40,40,40,70,66,57,57,57,57,57,57,56,56,50,50,65,59,58,58,42,71,71,71,50,51],"gold":0,"neow_bonus":"BOSS_RELIC","is_daily":false,"chose_seed":false,"campfire_upgraded":5,"win_rate":0.0,"timestamp":1613750847,"path_taken":["M","?","?","M","$","R","M","E","T","?","?","R","M","M","R","BOSS","M","$","M","M","M","E","R","E","T","?","R","M","?","M","R","BOSS","M","?","?","?","$","R","?","E","T","M","R","M","M","M","R","BOSS","R","$","E","BOSS"],"items_purchased_type":["Card","Card","Card","Card"],"build_version":"2020-12-22","purchased_purges":1,"victory":true,"max_hp_per_floor":[80,80,80,80,80,80,80,80,80,80,80,80,80,80,80,80,80,80,80,80,80,80,80,80,80,80,80,80,80,80,80,80,80,80,80,80,80,80,80,80,80,80,80,80,80,80,80,80,80,80,80,80,80,80,80],"relic_stats":{"counters":[30,138],"Self Forming Clay":[36],"War Paint":["Defend_R","Defend_R"],"Orichalcum":[0],"Mercury Hourglass":[279],"Busted Crown":18,"Sundial":[22],"Ornamental Fan":[124],"Snecko Eye":[350,313,317,299],"Ectoplasm":554,"obtain_stats":[{"Ice Cream":23,"Self Forming Clay":42,"War Paint":3,"Frozen Egg 2":9,"Orichalcum":54,"Burning Blood":0,"Mercury Hourglass":27,"Du-Vu Doll":36,"Busted Crown":34,"Sundial":25,"Ornamental Fan":38,"Snecko Eye":0,"Ectoplasm":17,"InkBottle":8,"Toy Ornithopter":26,"Pocketwatch":27,"Meat on the Bone":30},{"Ice Cream":13,"Self Forming Clay":23,"War Paint":2,"Frozen Egg 2":5,"Orichalcum":29,"Burning Blood":0,"Mercury Hourglass":16,"Du-Vu Doll":21,"Busted Crown":19,"Sundial":14,"Ornamental Fan":21,"Snecko Eye":0,"Ectoplasm":8,"InkBottle":5,"Toy Ornithopter":14,"Pocketwatch":16,"Meat on the Bone":17},{"Ice Cream":59,"Self Forming Clay":108,"War Paint":6,"Frozen Egg 2":20,"Orichalcum":134,"Burning Blood":0,"Mercury Hourglass":72,"Du-Vu Doll":100,"Busted Crown":91,"Sundial":64,"Ornamental Fan":100,"Snecko Eye":0,"Ectoplasm":36,"InkBottle":20,"Toy Ornithopter":64,"Pocketwatch":72,"Meat on the Bone":76}],"InkBottle":[66],"Toy Ornithopter":30,"Pocketwatch":[29],"Meat on the Bone":24},"card_choices":[{"not_picked":["Body Slam","Flex"],"picked":"Warcry","floor":1.0},{"not_picked":["Clothesline","Armaments"],"picked":"Power Through","floor":2.0},{"not_picked":["Rupture","Cleave"],"picked":"Dark Embrace","floor":4.0},{"not_picked":["Dark Embrace","Sword Boomerang"],"picked":"Inflame","floor":7.0},{"not_picked":["Ghostly Armor","Havoc"],"picked":"Offering","floor":8.0},{"not_picked":["Body Slam","True Grit"],"picked":"Pommel Strike","floor":13.0},{"not_picked":["Anger","Infernal Blade"],"picked":"Demon Form+1","floor":14.0},{"not_picked":["Exhume","Brutality+1"],"picked":"Barricade+1","floor":16.0},{"not_picked":["Perfected Strike","Warcry"],"picked":"Headbutt+1","floor":18.0},{"not_picked":["Battle Trance","Headbutt"],"picked":"Shrug It Off+1","floor":20.0},{"not_picked":["Combust+1","Sword Boomerang+1"],"picked":"Sentinel","floor":21.0},{"not_picked":["Flex+1","Warcry","Rage"],"picked":"SKIP","floor":22.0},{"not_picked":["Dropkick","Thunderclap"],"picked":"Wild Strike","floor":23.0},{"not_picked":["Thunderclap","Havoc","Pommel Strike"],"picked":"SKIP","floor":25.0},{"not_picked":["Seeing Red+1","Searing Blow","Iron Wave"],"picked":"SKIP","floor":29.0},{"not_picked":["Thunderclap","Spot Weakness","Clash"],"picked":"SKIP","floor":31.0},{"not_picked":["Reaper","Exhume"],"picked":"Corruption+1","floor":33.0},{"not_picked":[],"picked":"Seeing Red+1","floor":35.0},{"not_picked":[],"picked":"Sentinel","floor":36.0},{"not_picked":["Clash+1"],"picked":"SKIP","floor":41.0},{"not_picked":[],"picked":"Heavy Blade","floor":42.0},{"not_picked":["Sword Boomerang"],"picked":"SKIP","floor":44.0},{"not_picked":["Cleave"],"picked":"SKIP","floor":46.0},{"not_picked":[],"picked":"Sever Soul","floor":47.0},{"not_picked":["Thunderclap+1"],"picked":"SKIP","floor":48.0},{"not_picked":["Infernal Blade"],"picked":"SKIP","floor":54.0}],"player_experience":120656,"relics_obtained":[{"floor":8.0,"key":"InkBottle"},{"floor":9.0,"key":"Frozen Egg 2"},{"floor":23.0,"key":"Ice Cream"},{"floor":25.0,"key":"Sundial"},{"floor":26.0,"key":"Toy Ornithopter"},{"floor":27.0,"key":"Pocketwatch"},{"floor":27.0,"key":"Mercury Hourglass"},{"floor":36.0,"key":"Du-Vu Doll"},{"floor":38.0,"key":"Ornamental Fan"},{"floor":42.0,"key":"Self Forming Clay"},{"floor":54.0,"key":"Orichalcum"}],"event_choices":[{"damage_healed":0.0,"max_hp_gain":0.0,"max_hp_loss":0.0,"gold_gain":0.0,"event_name":"Big Fish","player_choice":"Box","floor":3.0,"gold_loss":0.0,"damage_taken":0.0,"relics_obtained":["War Paint"],"cards_obtained":["Regret"]},{"damage_healed":0.0,"max_hp_gain":0.0,"max_hp_loss":0.0,"gold_gain":75.0,"event_name":"World of Goop","player_choice":"Gather Gold","floor":10.0,"gold_loss":0.0,"damage_taken":11.0},{"damage_healed":0.0,"max_hp_gain":0.0,"max_hp_loss":0.0,"gold_gain":0.0,"event_name":"Colosseum","player_choice":"Fight","floor":27.0,"gold_loss":0.0,"damage_taken":0.0},{"damage_healed":0.0,"max_hp_gain":0.0,"max_hp_loss":0.0,"gold_gain":0.0,"event_name":"Colosseum","player_choice":"Fought Nobs","floor":27.0,"gold_loss":0.0,"damage_taken":0.0},{"damage_healed":0.0,"max_hp_gain":0.0,"max_hp_loss":0.0,"gold_gain":0.0,"event_name":"Addict","player_choice":"Stole Relic","floor":30.0,"gold_loss":0.0,"damage_taken":0.0,"relics_obtained":["Meat on the Bone"],"cards_obtained":["Shame"]},{"damage_healed":0.0,"max_hp_gain":0.0,"max_hp_loss":0.0,"gold_gain":0.0,"event_name":"MindBloom","player_choice":"Fight","floor":36.0,"gold_loss":0.0,"damage_taken":0.0},{"cards_removed":["Combust"],"damage_healed":0.0,"max_hp_gain":0.0,"max_hp_loss":0.0,"gold_gain":0.0,"event_name":"Falling","player_choice":"Removed Power","floor":37.0,"gold_loss":0.0,"damage_taken":0.0},{"damage_healed":0.0,"max_hp_gain":0.0,"max_hp_loss":0.0,"gold_gain":0.0,"event_name":"Wheel of Change","player_choice":"Relic","floor":38.0,"gold_loss":0.0,"damage_taken":0.0}],"is_beta":false,"boss_relics":[{"not_picked":["Cursed Key","Black Star"],"picked":"Ectoplasm"},{"not_picked":["Astrolabe","Velvet Choker"],"picked":"Busted Crown"}],"items_purged_floors":[5],"is_endless":false,"potions_floor_spawned":[2,7,13,20,25,27,33,36,41,42,46,48,54],"ascension_level":5}}