{"host":"f14d6hm2349s9jse","time":1613741821,"event":{"mods":["2.2 Compatiblity","BaseMod","GungeonMod","Minty Spire (QoL Compilation)","StSLib"],"gold_per_floor":[117,117,45,45,60,87,102,137,214,225,225,225,264,280,280,391,391,408,408,419,419,444,444,478,478,478,513,548,560,560,578,578,674,674,709,969,969,419,460,507,507,507,507],"floor_reached":42,"language":"ENG","playtime":3304,"items_purged":[],"score":718,"play_id":"e0f2a715-2439-4af6-8fe5-78e2dd1ce7f1","local_time":"20210219083701","is_ascension_mode":true,"campfire_choices":[{"floor":11.0,"key":"REST"},{"data":"DemoMod:PotionOfGunFriendShip","floor":15.0,"key":"SMITH"},{"floor":23.0,"key":"REST"},{"floor":25.0,"key":"REST"},{"floor":30.0,"key":"REST"},{"floor":32.0,"key":"REST"},{"floor":41,"key":"REST"}],"circlet_count":0,"master_deck":["DemoMod:Roll","DemoMod:ManualReload+1","DemoMod:RustySidearm","DemoMod:CrossBow","DemoMod:HighKaliber+1","DemoMod:TableSutra+1","DemoMod:HighKaliber","DemoMod:PotionOfGunFriendShip+1","DemoMod:GunslingerForm","DemoMod:HighKaliber+1","DemoMod:HighKaliber","DemoMod:Unity","DemoMod:BlackHoleGun","DemoMod:DoubleVision","DemoMod:BattleInHaste","DemoMod:FinishedGun","DemoMod:ShadowBullets","DemoMod:SpreadAmmo","DemoMod:SniperShot+1","DemoMod:Replace","DemoMod:TeaPot","DemoMod:Elimentaler","DemoMod:HungryBullets","DemoMod:HungryBullets","DemoMod:Evolver","DemoMod:DoubleSwitch+1","DemoMod:BlankBullets","DemoMod:SniperShot+1","DemoMod:GunShield","DemoMod:HungryBullets","DemoMod:HardPowerCard+1","DemoMod:DarkMarker"],"relics":["DemoMod:Dog","NeowsBlessing","Dead Branch","DemoMod:VorpalBullet","Kunai","Whetstone","Pandora\u0027s Box","Bottled Lightning","Gremlin Horn","Bag of Marbles","DemoMod:RiddleOfLead","Incense Burner","Omamori","Thread and Needle"],"acts_visited":["Exordium","TheCity","TheBeyond"],"potions_floor_usage":[40],"damage_taken":[{"damage":0.0,"enemies":"2 Louse","floor":1.0,"turns":1.0},{"damage":0.0,"enemies":"Cultist","floor":5.0,"turns":1.0},{"damage":0.0,"enemies":"Lagavulin","floor":6.0,"turns":1.0},{"damage":0.0,"enemies":"Small Slimes","floor":7.0,"turns":3.0},{"damage":23.0,"enemies":"3 Sentries","floor":8.0,"turns":6.0},{"damage":12.0,"enemies":"Red Slaver","floor":10.0,"turns":4.0},{"damage":4.0,"enemies":"Lagavulin","floor":13.0,"turns":6.0},{"damage":0.0,"enemies":"Exordium Wildlife","floor":14.0,"turns":2.0},{"damage":28.0,"enemies":"Hexaghost","floor":16.0,"turns":6.0},{"damage":10.0,"enemies":"2 Thieves","floor":18.0,"turns":2.0},{"damage":24.0,"enemies":"Spheric Guardian","floor":20.0,"turns":4.0},{"damage":0.0,"enemies":"3 Cultists","floor":22.0,"turns":3.0},{"damage":28.0,"enemies":"Slavers","floor":24.0,"turns":4.0},{"damage":0.0,"enemies":"Snake Plant","floor":27.0,"turns":4.0},{"damage":29.0,"enemies":"Book of Stabbing","floor":28.0,"turns":4.0},{"damage":0.0,"enemies":"Snake Plant","floor":29.0,"turns":2.0},{"damage":21.0,"enemies":"Sentry and Sphere","floor":31.0,"turns":6.0},{"damage":24.0,"enemies":"Automaton","floor":33.0,"turns":10.0},{"damage":57.0,"enemies":"3 Darklings","floor":35.0,"turns":5.0},{"damage":11,"enemies":"3 Shapes","floor":39,"turns":3},{"damage":20,"enemies":"Reptomancer","floor":40,"turns":4},{"damage":65,"enemies":"Writhing Mass","floor":42,"turns":2}],"seed_played":"-2286105678992100128","potions_obtained":[{"floor":7.0,"key":"SteroidPotion"},{"floor":8.0,"key":"DemoMod:LeadSkinPotion"},{"floor":10.0,"key":"Ancient Potion"},{"floor":14.0,"key":"Strength Potion"},{"floor":24.0,"key":"Ancient Potion"},{"floor":28.0,"key":"Explosive Potion"},{"floor":29.0,"key":"Energy Potion"},{"floor":31.0,"key":"Dexterity Potion"},{"floor":33.0,"key":"LiquidMemories"}],"is_trial":false,"path_per_floor":["M","?","$","$","M","E","M","E","T","M","R","?","E","M","R","B",null,"M","?","M","?","M","R","E","R","T","?","E","M","R","M","R","B",null,"M","?","?","$","M","E","R","M"],"character_chosen":"HUNTRESS","items_purchased":["DemoMod:TableSutra","DemoMod:GunShield","DemoMod:HungryBullets","Incense Burner","Omamori"],"campfire_rested":6,"item_purchase_floors":[3,38,38,38,38],"current_hp_per_floor":[70,70,70,70,70,70,70,47,47,35,56,56,52,52,52,24,59,49,49,25,25,25,46,18,39,39,39,10,10,31,10,31,7,80,23,23,70,70,59,39,60,0,0],"gold":507,"neow_bonus":"THREE_ENEMY_KILL","is_daily":false,"chose_seed":false,"campfire_upgraded":1,"win_rate":0.0,"timestamp":1613741821,"path_taken":["M","?","?","$","M","E","M","E","T","M","R","?","E","M","R","BOSS","M","?","M","?","M","R","E","R","T","?","E","M","R","?","R","BOSS","M","?","?","$","M","E","R","M"],"items_purchased_type":["Card","Card","Card","Relic","Relic"],"build_version":"2020-12-22","purchased_purges":0,"victory":false,"max_hp_per_floor":[70,70,70,70,70,70,70,70,70,70,70,70,70,70,70,70,70,70,70,70,70,70,70,70,70,70,70,70,70,70,70,70,70,80,80,80,70,70,70,70,70,70,70],"card_choices":[{"not_picked":["DemoMod:Ejector","DemoMod:FortunesFavor"],"picked":"DemoMod:HighKaliber","floor":1.0},{"not_picked":["DemoMod:StickyCrossBow","DemoMod:DirectionalPad"],"picked":"DemoMod:HighKaliber","floor":5.0},{"not_picked":["DemoMod:TripleGun","DemoMod:Polaris"],"picked":"DemoMod:PotionOfGunFriendShip","floor":6.0},{"not_picked":["DemoMod:HuntsMan","DemoMod:PotionOfGunFriendShip","DemoMod:Ejector"],"picked":"SKIP","floor":7.0},{"not_picked":["DemoMod:StickyCrossBow","DemoMod:Ejector"],"picked":"DemoMod:GunslingerForm","floor":8.0},{"not_picked":["DemoMod:AbyssalTentacle","DemoMod:Ejector"],"picked":"DemoMod:HighKaliber","floor":10.0},{"not_picked":["DemoMod:Replace","DemoMod:CombinedRifle"],"picked":"DemoMod:HighKaliber","floor":13.0},{"not_picked":["DemoMod:MachoBrace","DemoMod:BattleInHaste"],"picked":"DemoMod:Unity","floor":14.0},{"not_picked":["DemoMod:ThirdPartyController","DemoMod:Desperate"],"picked":"DemoMod:BlackHoleGun","floor":16.0},{"not_picked":["DemoMod:BoxingGlove+1","DemoMod:Polaris+1"],"picked":"DemoMod:SpreadAmmo","floor":18.0},{"not_picked":["DemoMod:HuntsMan+1","DemoMod:GunstockTap"],"picked":"DemoMod:SniperShot+1","floor":20.0},{"not_picked":["DemoMod:AWP+1","DemoMod:Casey"],"picked":"DemoMod:Elimentaler","floor":22.0},{"not_picked":["DemoMod:HuntsMan","DemoMod:StickyCrossBow+1","DemoMod:MegaHand"],"picked":"SKIP","floor":24.0},{"not_picked":["DemoMod:DirectionalPad","DemoMod:CursedBullets"],"picked":"DemoMod:HungryBullets","floor":27.0},{"not_picked":["DemoMod:ZorGun+1","DemoMod:MachoBrace"],"picked":"DemoMod:HungryBullets","floor":28.0},{"not_picked":["DemoMod:StickyCrossBow","DemoMod:BattleInHaste"],"picked":"DemoMod:Evolver","floor":29.0},{"not_picked":["DemoMod:ConditionalReflex","DemoMod:Casey+1"],"picked":"DemoMod:DoubleSwitch+1","floor":31.0},{"not_picked":["DemoMod:SuppressiveFire","DemoMod:BulletBore"],"picked":"DemoMod:BlankBullets","floor":33.0},{"not_picked":["DemoMod:GunstockTap+1","DemoMod:DirectionalPad"],"picked":"DemoMod:SniperShot+1","floor":35.0},{"not_picked":["DemoMod:SAA","DemoMod:Rummage+1"],"picked":"DemoMod:HardPowerCard+1","floor":39},{"not_picked":["DemoMod:ZorGun","DemoMod:DirectionalPad","DemoMod:BoxingGlove+1"],"picked":"SKIP","floor":39},{"not_picked":["DemoMod:JK47","DemoMod:ConditionalReflex"],"picked":"DemoMod:DarkMarker","floor":40}],"player_experience":2495598,"relics_obtained":[{"floor":6.0,"key":"Dead Branch"},{"floor":8.0,"key":"DemoMod:VorpalBullet"},{"floor":9.0,"key":"Kunai"},{"floor":13.0,"key":"Whetstone"},{"floor":24.0,"key":"Bottled Lightning"},{"floor":27.0,"key":"Gremlin Horn"},{"floor":28.0,"key":"DemoMod:WeirdEgg"},{"floor":40,"key":"Thread and Needle"}],"event_choices":[{"damage_healed":0.0,"max_hp_gain":0.0,"max_hp_loss":0.0,"gold_gain":0.0,"event_name":"Upgrade Shrine","player_choice":"Upgraded","floor":2.0,"gold_loss":0.0,"damage_taken":0.0,"cards_upgraded":["DemoMod:ManualReload"]},{"damage_healed":0.0,"max_hp_gain":0.0,"max_hp_loss":0.0,"gold_gain":0.0,"event_name":"Accursed Blacksmith","player_choice":"Forge","floor":12.0,"gold_loss":0.0,"damage_taken":0.0,"cards_upgraded":["DemoMod:TableSutra"]},{"cards_removed":["DemoMod:ChanceBullets"],"damage_healed":0.0,"max_hp_gain":0.0,"max_hp_loss":0.0,"gold_gain":0.0,"event_name":"Back to Basics","player_choice":"Elegance","floor":19.0,"gold_loss":0.0,"damage_taken":0.0},{"damage_healed":0.0,"max_hp_gain":0.0,"max_hp_loss":0.0,"gold_gain":0.0,"cards_transformed":["DemoMod:Polaris","DemoMod:Rummage"],"event_name":"Drug Dealer","player_choice":"Became Test Subject","floor":21.0,"gold_loss":0.0,"damage_taken":0.0,"cards_obtained":["DemoMod:Replace","DemoMod:TeaPot"]},{"damage_healed":70.0,"max_hp_gain":0.0,"max_hp_loss":10.0,"gold_gain":0.0,"event_name":"The Moai Head","player_choice":"Heal","floor":37.0,"gold_loss":0.0,"damage_taken":0.0}],"is_beta":false,"boss_relics":[{"not_picked":["Velvet Choker","Tiny House"],"picked":"Pandora\u0027s Box"},{"not_picked":["Coffee Dripper","Snecko Eye"],"picked":"DemoMod:RiddleOfLead"}],"items_purged_floors":[],"is_endless":false,"potions_floor_spawned":[7,8,10,14,24,28,29,31,33],"killed_by":"Writhing Mass","ascension_level":5}}