{"host":"x8s7139x96bc3le0","time":1613747727,"event":{"mods":["AchievementEnabler","BaseMod","Bestiary","Minty Spire (QoL Compilation)","Relic Stats","ojb\u0027s Better Paths Mod","ojb\u0027s Info Mod"],"gold_per_floor":[117,132,132,151,170,200,54,87,140,140,40,40,66,82,82,178,178,191,203,214,232,246,246,271,271,298,398,416,416,416],"floor_reached":29,"language":"ENG","playtime":1858,"items_purged":["Pain","Strike_G"],"score":438,"play_id":"cc6f88e5-c48a-4e05-9e76-e86e2d4dcb35","local_time":"20210219161527","is_ascension_mode":true,"campfire_choices":[{"floor":12.0,"key":"REST"},{"data":"Blade Dance","floor":15.0,"key":"SMITH"},{"floor":23.0,"key":"REST"},{"data":"Blade Dance","floor":25.0,"key":"SMITH"}],"circlet_count":0,"master_deck":["AscendersBane","Strike_G","Strike_G+1","Strike_G+1","Strike_G","Defend_G","Defend_G","Defend_G","Defend_G","Defend_G","Survivor","Neutralize","Terror","Deflect","Dash","Blade Dance+1","Blade Dance+1","Accuracy","Dagger Throw","Night Terror","Sucker Punch+1","Blade Dance","Dodge and Roll+1","Flying Knee+1","Acrobatics"],"relics":["Ring of the Snake","Du-Vu Doll","Shuriken","Paper Crane","Boot","Orichalcum","Juzu Bracelet","WristBlade","Ancient Tea Set","Strawberry","Peace Pipe","Bottled Tornado"],"acts_visited":["Exordium","TheCity"],"potions_floor_usage":[],"damage_taken":[{"damage":1.0,"enemies":"2 Louse","floor":1.0,"turns":2.0},{"damage":2.0,"enemies":"Jaw Worm","floor":2.0,"turns":3.0},{"damage":3.0,"enemies":"Small Slimes","floor":4.0,"turns":3.0},{"damage":12.0,"enemies":"Exordium Thugs","floor":5.0,"turns":7.0},{"damage":13.0,"enemies":"3 Sentries","floor":6.0,"turns":5.0},{"damage":10.0,"enemies":"Gremlin Nob","floor":8.0,"turns":3.0},{"damage":0.0,"enemies":"Lagavulin","floor":13.0,"turns":4.0},{"damage":4.0,"enemies":"Blue Slaver","floor":14.0,"turns":4.0},{"damage":11.0,"enemies":"The Guardian","floor":16.0,"turns":5.0},{"damage":10.0,"enemies":"Shell Parasite","floor":18.0,"turns":4.0},{"damage":2.0,"enemies":"3 Byrds","floor":19.0,"turns":4.0},{"damage":13.0,"enemies":"Snecko","floor":20.0,"turns":3.0},{"damage":4.0,"enemies":"Centurion and Healer","floor":21.0,"turns":5.0},{"damage":0.0,"enemies":"Cultist and Chosen","floor":22.0,"turns":4.0},{"damage":27.0,"enemies":"Slavers","floor":24.0,"turns":5.0},{"damage":0.0,"enemies":"Colosseum Slavers","floor":27.0,"turns":3.0},{"damage":2.0,"enemies":"Colosseum Nobs","floor":27.0,"turns":4.0},{"damage":6.0,"enemies":"Snecko","floor":28.0,"turns":4.0},{"damage":29,"enemies":"Gremlin Leader","floor":29,"turns":5}],"seed_played":"-5278148102251620616","potions_obtained":[{"floor":2.0,"key":"SteroidPotion"},{"floor":6.0,"key":"SpeedPotion"},{"floor":13.0,"key":"PowerPotion"},{"floor":14.0,"key":"SteroidPotion"},{"floor":16.0,"key":"Poison Potion"},{"floor":21.0,"key":"SkillPotion"},{"floor":24.0,"key":"Strength Potion"},{"floor":27.0,"key":"SneckoOil"}],"is_trial":false,"path_per_floor":["M","M","?","M","M","E","$","E","T","?","$","R","E","M","R","B",null,"M","M","M","M","M","R","E","R","T","?","M","E"],"character_chosen":"THE_SILENT","items_purchased":["Accuracy"],"campfire_rested":2,"item_purchase_floors":[7],"current_hp_per_floor":[62,60,53,50,38,25,25,15,15,1,1,22,22,18,18,7,54,44,42,29,25,25,46,19,19,26,24,18,0,0],"gold":416,"neow_bonus":"ONE_RARE_RELIC","is_daily":false,"chose_seed":false,"campfire_upgraded":2,"win_rate":0.0,"timestamp":1613747727,"path_taken":["M","M","?","M","M","E","$","E","T","?","?","R","E","M","R","BOSS","M","M","M","M","M","R","E","R","T","?","M","E"],"items_purchased_type":["Card"],"build_version":"2020-12-22","purchased_purges":2,"victory":false,"max_hp_per_floor":[70,70,70,70,70,70,70,70,70,70,70,70,70,70,70,70,70,70,70,70,70,70,70,70,70,77,77,77,77,77],"relic_stats":{"Peace Pipe":0,"counters":[19,77],"Shuriken":[40],"Juzu Bracelet":0,"Orichalcum":[90],"Boot":[10],"obtain_stats":[{"Du-Vu Doll":0,"Peace Pipe":27,"WristBlade":17,"Shuriken":3,"Strawberry":26,"Juzu Bracelet":13,"Paper Crane":6,"Orichalcum":9,"Bottled Tornado":27,"Boot":8,"Ancient Tea Set":24,"Ring of the Snake":0},{"Du-Vu Doll":0,"Peace Pipe":17,"WristBlade":9,"Shuriken":2,"Strawberry":15,"Juzu Bracelet":7,"Paper Crane":5,"Orichalcum":6,"Bottled Tornado":17,"Boot":6,"Ancient Tea Set":15,"Ring of the Snake":0},{"Du-Vu Doll":0,"Peace Pipe":68,"WristBlade":36,"Shuriken":5,"Strawberry":61,"Juzu Bracelet":27,"Paper Crane":20,"Orichalcum":23,"Bottled Tornado":68,"Boot":23,"Ancient Tea Set":61,"Ring of the Snake":0}],"Ring of the Snake":[38]},"card_choices":[{"not_picked":["Acrobatics","Sucker Punch"],"picked":"Terror","floor":1.0},{"not_picked":["PiercingWail","Prepared"],"picked":"Deflect","floor":2.0},{"not_picked":["Slice","Escape Plan"],"picked":"Dash","floor":4.0},{"not_picked":["Footwork","Masterful Stab"],"picked":"Blade Dance","floor":5.0},{"not_picked":["Underhanded Strike","Sucker Punch"],"picked":"Blade Dance","floor":6.0},{"not_picked":["Sucker Punch","Choke","Deadly Poison"],"picked":"SKIP","floor":8.0},{"not_picked":["Noxious Fumes","Bouncing Flask","Backflip"],"picked":"SKIP","floor":13.0},{"not_picked":["Dagger Spray","Quick Slash"],"picked":"Dagger Throw","floor":14.0},{"not_picked":["Storm of Steel","Unload"],"picked":"Night Terror","floor":16.0},{"not_picked":["Heel Hook","Deadly Poison"],"picked":"Sucker Punch+1","floor":18.0},{"not_picked":["Dagger Throw","Sucker Punch"],"picked":"Blade Dance","floor":19.0},{"not_picked":["Riddle With Holes+1","Dagger Throw"],"picked":"Dodge and Roll+1","floor":20.0},{"not_picked":["Outmaneuver","Catalyst","Bouncing Flask+1"],"picked":"SKIP","floor":21.0},{"not_picked":["Choke","Underhanded Strike+1"],"picked":"Flying Knee+1","floor":22.0},{"not_picked":["Concentrate","Slice"],"picked":"Acrobatics","floor":24.0},{"not_picked":["Slice","Dagger Spray","Reflex"],"picked":"SKIP","floor":28.0}],"player_experience":859080,"relics_obtained":[{"floor":6.0,"key":"Paper Crane"},{"floor":8.0,"key":"Boot"},{"floor":9.0,"key":"Orichalcum"},{"floor":13.0,"key":"Juzu Bracelet"},{"floor":24.0,"key":"Ancient Tea Set"},{"floor":26.0,"key":"Strawberry"},{"floor":27.0,"key":"Peace Pipe"},{"floor":27.0,"key":"Bottled Tornado"}],"event_choices":[{"damage_healed":0.0,"max_hp_gain":0.0,"max_hp_loss":0.0,"gold_gain":0.0,"event_name":"Scrap Ooze","player_choice":"Success","floor":3.0,"gold_loss":0.0,"damage_taken":7.0,"relics_obtained":["Shuriken"]},{"damage_healed":0.0,"max_hp_gain":0.0,"max_hp_loss":0.0,"gold_gain":0.0,"event_name":"Shining Light","player_choice":"Entered Light","floor":10.0,"gold_loss":0.0,"damage_taken":14.0,"cards_upgraded":["Strike_G","Strike_G"]},{"damage_healed":0.0,"max_hp_gain":0.0,"max_hp_loss":0.0,"gold_gain":0.0,"event_name":"Colosseum","player_choice":"Fight","floor":27.0,"gold_loss":0.0,"damage_taken":0.0},{"damage_healed":0.0,"max_hp_gain":0.0,"max_hp_loss":0.0,"gold_gain":0.0,"event_name":"Colosseum","player_choice":"Fought Nobs","floor":27.0,"gold_loss":0.0,"damage_taken":0.0}],"is_beta":false,"boss_relics":[{"not_picked":["Velvet Choker","Snecko Eye"],"picked":"WristBlade"}],"items_purged_floors":[7,11],"is_endless":false,"potions_floor_spawned":[2,6,13,14,16,21,24,27,27],"killed_by":"Gremlin Leader","ascension_level":10}}