{"host":"kh6fvhxn285ncg0o","time":1613693697,"event":{"mods":["Act Like it!","BaseMod","Colored Map","Friendly Minions","Keyboard Shortcuts","Minty Spire (QoL Compilation)","Quick Restart","Relic Stats","StSLib","SuperFastMode","UnlockEverythingMod"],"gold_per_floor":[110,35,35,45,45,70,90,90,114,145,163,197,214,240,240,317,317,333,343,343,243,259,285,302,336,336,336,211,239,252,281,281,354,354,372,372,222,113,127,161,174,206,206,225,252,252,266,297,297,297,297,297,297,39,71,71],"floor_reached":57,"language":"KOR","playtime":1255,"items_purged":["Strike_R","Strike_R","Strike_R","Bash","Immolate+1"],"score":4010,"play_id":"9ceeccef-5296-4145-84d9-29e0231652e9","local_time":"20210219091457","is_ascension_mode":true,"campfire_choices":[{"data":"Immolate","floor":8,"key":"SMITH"},{"data":"Uppercut","floor":15,"key":"SMITH"},{"data":"Burning Pact","floor":27,"key":"SMITH"},{"data":"Second Wind","floor":32,"key":"SMITH"},{"data":"Body Slam","floor":46,"key":"SMITH"},{"floor":49,"key":"RECALL"},{"data":"Offering","floor":53,"key":"SMITH"}],"circlet_count":0,"master_deck":["AscendersBane","Uppercut+1","Second Wind+1","Burning Pact+1","Offering+1","Ghostly Armor+1","Writhe","Warcry+1","True Grit+1","Shrug It Off+1","Seeing Red+1","Impervious","Iron Wave","Entrench+1","Barricade","Wild Strike","Dropkick","Thunderclap","Feel No Pain","Body Slam+1","Power Through+1","Battle Trance"],"relics":["Burning Blood","NeowsBlessing","PreservedInsect","Bag of Marbles","Eternal Feather","Dream Catcher","Bag of Preparation","Coffee Dripper","MealTicket","Bronze Scales","Pen Nib","Bottled Lightning","Lantern","Blood Vial","Pandora\u0027s Box","Gambling Chip","StrikeDummy","Boot","Thread and Needle","InkBottle"],"acts_visited":["Exordium","TheCity","TheBeyond","TheEnding"],"potions_floor_usage":[16,18,19,29,33,33,56,56],"damage_taken":[{"damage":0.0,"enemies":"2 Louse","floor":1.0,"turns":1.0},{"damage":0.0,"enemies":"Cultist","floor":4.0,"turns":1.0},{"damage":0,"enemies":"Gremlin Nob","floor":6,"turns":1},{"damage":3,"enemies":"Small Slimes","floor":7,"turns":3},{"damage":20,"enemies":"Lagavulin","floor":10,"turns":4},{"damage":0,"enemies":"2 Fungi Beasts","floor":11,"turns":1},{"damage":0,"enemies":"Gremlin Nob","floor":12,"turns":3},{"damage":0,"enemies":"Large Slime","floor":13,"turns":3},{"damage":15,"enemies":"Lagavulin","floor":14,"turns":5},{"damage":54,"enemies":"The Guardian","floor":16,"turns":11},{"damage":6,"enemies":"Shell Parasite","floor":18,"turns":2},{"damage":0,"enemies":"Chosen","floor":19,"turns":3},{"damage":24,"enemies":"Snake Plant","floor":22,"turns":4},{"damage":0,"enemies":"Slavers","floor":23,"turns":1},{"damage":6,"enemies":"Snecko","floor":24,"turns":4},{"damage":6,"enemies":"Book of Stabbing","floor":25,"turns":3},{"damage":6,"enemies":"Gremlin Leader","floor":29,"turns":3},{"damage":1,"enemies":"Centurion and Healer","floor":30,"turns":4},{"damage":6,"enemies":"Slavers","floor":31,"turns":1},{"damage":30,"enemies":"Champ","floor":33,"turns":11},{"damage":0,"enemies":"3 Shapes","floor":35,"turns":3},{"damage":6,"enemies":"Orb Walker","floor":39,"turns":1},{"damage":6,"enemies":"Nemesis","floor":40,"turns":1},{"damage":6,"enemies":"Jaw Worm Horde","floor":41,"turns":1},{"damage":6,"enemies":"Reptomancer","floor":42,"turns":2},{"damage":6,"enemies":"Spire Growth","floor":44,"turns":1},{"damage":6,"enemies":"Nemesis","floor":45,"turns":1},{"damage":6,"enemies":"Transient","floor":47,"turns":6},{"damage":6,"enemies":"Giant Head","floor":48,"turns":6},{"damage":6,"enemies":"Time Eater","floor":50,"turns":6},{"damage":6,"enemies":"Donu and Deca","floor":51,"turns":6},{"damage":6,"enemies":"Shield and Spear","floor":55,"turns":3},{"damage":6,"enemies":"The Heart","floor":56,"turns":9}],"seed_played":"8106569980543589835","potions_obtained":[{"floor":1.0,"key":"SpeedPotion"},{"floor":4.0,"key":"ColorlessPotion"},{"floor":6,"key":"PowerPotion"},{"floor":7,"key":"ColorlessPotion"},{"floor":16,"key":"DistilledChaos"},{"floor":18,"key":"SkillPotion"},{"floor":19,"key":"SpeedPotion"},{"floor":23,"key":"DuplicationPotion"},{"floor":29,"key":"Explosive Potion"},{"floor":30,"key":"Strength Potion"},{"floor":35,"key":"Block Potion"},{"floor":42,"key":"Strength Potion"},{"floor":47,"key":"HeartOfIron"}],"is_trial":false,"path_per_floor":["M","$","?","M","?","E","M","R","T","E","M","E","M","E","R","B",null,"M","M","?","$","M","E","M","E","T","R","$","E","M","E","R","B",null,"M","?","$","$","M","E","M","E","T","M","E","R","M","E","R","B","B",null,"R","$","E","B",null],"character_chosen":"IRONCLAD","items_purchased":["Feel No Pain","Body Slam","Battle Trance"],"campfire_rested":0,"item_purchase_floors":[38,38,54],"current_hp_per_floor":[74,74,74,75,75,75,75,75,75,61,67,73,75,66,72,24,62,62,68,68,75,57,63,63,63,63,72,75,75,75,75,75,51,69,75,75,75,75,75,75,75,75,75,75,75,75,75,75,75,75,75,75,75,75,75,75],"gold":71,"neow_bonus":"THREE_ENEMY_KILL","is_daily":false,"chose_seed":false,"campfire_upgraded":6,"win_rate":0.0,"timestamp":1613693697,"path_taken":["M","$","?","?","?","E","M","R","T","E","M","E","M","E","R","BOSS","M","M","?","$","M","E","M","E","T","R","$","E","M","E","R","BOSS","M","?","?","$","M","E","M","E","T","M","E","R","M","E","R","BOSS","BOSS","R","$","E","BOSS"],"items_purchased_type":["Card","Card","Card"],"build_version":"2020-12-22","purchased_purges":5,"victory":true,"max_hp_per_floor":[75,75,75,75,75,75,75,75,75,75,75,75,75,75,75,75,75,75,75,75,75,75,75,75,75,75,75,75,75,75,75,75,75,75,75,75,75,75,75,75,75,75,75,75,75,75,75,75,75,75,75,75,75,75,75,75],"relic_stats":{"counters":[33,115],"Eternal Feather":15,"PreservedInsect":622,"Pen Nib":[9],"Bag of Preparation":[48],"Boot":[3],"Burning Blood":173,"Blood Vial":2,"Dream Catcher":0,"Bronze Scales":[266],"Gambling Chip":[50],"MealTicket":10,"Pandora\u0027s Box":["Iron Wave","Entrench","Barricade","Wild Strike","Dropkick","Thunderclap"],"obtain_stats":[{"Lantern":29,"NeowsBlessing":0,"Eternal Feather":10,"Thread and Needle":48,"PreservedInsect":6,"Pen Nib":25,"Bag of Preparation":14,"Boot":45,"Burning Blood":0,"Blood Vial":31,"Dream Catcher":12,"Bronze Scales":23,"Gambling Chip":40,"MealTicket":20,"Pandora\u0027s Box":34,"Bag of Marbles":9,"Coffee Dripper":17,"Bottled Lightning":26,"StrikeDummy":42,"InkBottle":55},{"Lantern":17,"NeowsBlessing":0,"Eternal Feather":5,"Thread and Needle":29,"PreservedInsect":3,"Pen Nib":16,"Bag of Preparation":9,"Boot":27,"Burning Blood":0,"Blood Vial":19,"Dream Catcher":7,"Bronze Scales":14,"Gambling Chip":23,"MealTicket":12,"Pandora\u0027s Box":20,"Bag of Marbles":4,"Coffee Dripper":10,"Bottled Lightning":16,"StrikeDummy":25,"InkBottle":32},{"Lantern":53,"NeowsBlessing":0,"Eternal Feather":10,"Thread and Needle":91,"PreservedInsect":3,"Pen Nib":50,"Bag of Preparation":22,"Boot":79,"Burning Blood":0,"Blood Vial":58,"Dream Catcher":14,"Bronze Scales":43,"Gambling Chip":74,"MealTicket":38,"Pandora\u0027s Box":69,"Bag of Marbles":6,"Coffee Dripper":33,"Bottled Lightning":50,"StrikeDummy":77,"InkBottle":106}],"InkBottle":[2]},"card_choices":[{"not_picked":["Havoc","Headbutt"],"picked":"Uppercut","floor":6},{"not_picked":["Seeing Red","Twin Strike"],"picked":"Second Wind","floor":11},{"not_picked":["Anger","Thunderclap","Twin Strike"],"picked":"SKIP","floor":12},{"not_picked":["Bloodletting","Shockwave"],"picked":"Burning Pact","floor":14},{"not_picked":["Juggernaut","Barricade"],"picked":"Offering","floor":16},{"not_picked":["Clash","Headbutt"],"picked":"Ghostly Armor+1","floor":19},{"not_picked":["Reckless Charge+1","Anger"],"picked":"Warcry+1","floor":24},{"not_picked":["Flex","Burning Pact"],"picked":"True Grit+1","floor":25},{"not_picked":["Anger","Reckless Charge","Inflame"],"picked":"SKIP","floor":29},{"not_picked":["Clash+1","Flex"],"picked":"Shrug It Off+1","floor":30},{"not_picked":["Perfected Strike","Blood for Blood"],"picked":"Seeing Red+1","floor":31},{"not_picked":["Offering","Bludgeon"],"picked":"Impervious","floor":33},{"not_picked":["Pommel Strike","Thunderclap","Spot Weakness+1"],"picked":"SKIP","floor":39},{"not_picked":["Iron Wave+1","Dual Wield","Flame Barrier"],"picked":"SKIP","floor":40},{"not_picked":["Shrug It Off","Anger"],"picked":"Power Through+1","floor":41},{"not_picked":["Berserk","Sword Boomerang","Flex"],"picked":"SKIP","floor":42},{"not_picked":["Body Slam+1","Armaments","Havoc"],"picked":"SKIP","floor":44},{"not_picked":["Clash","Double Tap","Thunderclap"],"picked":"SKIP","floor":45},{"not_picked":["Fire Breathing","True Grit","Twin Strike"],"picked":"SKIP","floor":47},{"not_picked":["Second Wind","Bludgeon","Flex"],"picked":"SKIP","floor":48},{"not_picked":["Whirlwind","Heavy Blade","Brutality"],"picked":"SKIP","floor":55}],"player_experience":1455506,"relics_obtained":[{"floor":6,"key":"PreservedInsect"},{"floor":9,"key":"Bag of Marbles"},{"floor":10,"key":"Eternal Feather"},{"floor":12,"key":"Dream Catcher"},{"floor":14,"key":"Bag of Preparation"},{"floor":23,"key":"Bronze Scales"},{"floor":25,"key":"Pen Nib"},{"floor":26,"key":"Bottled Lightning"},{"floor":29,"key":"Lantern"},{"floor":31,"key":"Blood Vial"},{"floor":40,"key":"Gambling Chip"},{"floor":42,"key":"StrikeDummy"},{"floor":45,"key":"Boot"},{"floor":48,"key":"Thread and Needle"},{"floor":55,"key":"InkBottle"}],"event_choices":[{"damage_healed":0.0,"max_hp_gain":0.0,"max_hp_loss":0.0,"gold_gain":0.0,"event_name":"Match and Keep!","player_choice":"1 cards matched","floor":3.0,"gold_loss":0.0,"damage_taken":0.0,"cards_obtained":["Immolate"]},{"damage_healed":0,"gold_gain":0,"player_choice":"Ignored","damage_taken":0,"max_hp_gain":0,"max_hp_loss":0,"event_name":"Liars Game","floor":5,"gold_loss":0},{"damage_healed":0,"gold_gain":0,"player_choice":"Opened","damage_taken":0,"relics_obtained":["MealTicket"],"max_hp_gain":0,"max_hp_loss":0,"event_name":"The Mausoleum","floor":20,"gold_loss":0,"cards_obtained":["Writhe"]},{"damage_healed":0,"gold_gain":0,"player_choice":"Upgraded","damage_taken":0,"max_hp_gain":0,"max_hp_loss":0,"event_name":"Upgrade Shrine","floor":36,"gold_loss":0,"cards_upgraded":["Entrench"]}],"is_beta":false,"boss_relics":[{"not_picked":["Empty Cage","Black Blood"],"picked":"Coffee Dripper"},{"not_picked":["Astrolabe","Philosopher\u0027s Stone"],"picked":"Pandora\u0027s Box"}],"items_purged_floors":[2,21,28,37,54],"is_endless":false,"potions_floor_spawned":[1,4,6,7,12,16,18,19,23,29,30,35,42,44,45,47],"ascension_level":20}}