{"host":"qlo0xo0cdeotglqz","time":1613754288,"event":{"mods":["2.2 Compatiblity","Act Like it!","Aspiration","Bard","BaseMod","Bestiary","Better Third Choice","Clockwork Mod","Colored Map","DeckTracker","Downfall","Gremlin Mod","Infinite Spire","Jorbs\u0027s Wanderer Trilogy","Minty Spire (QoL Compilation)","Potionbrewer","Rare Cards Sparkle","Replay The Spire","Spire Arcade","StS++","StSLib","The Animator","The Blackbeard","The Blue Laboratory","The Cursed","The Disciple","The Forsaken","Uncapped"],"gold_per_floor":[110,110,110,29,29,56,56,74,74,74,74,74],"floor_reached":11,"language":"ENG","playtime":506,"items_purged":[],"score":94,"play_id":"3508e7d7-0663-4bf0-8bd6-a5de6fdc2083","local_time":"20210219180448","is_ascension_mode":false,"campfire_choices":[{"data":"Clockwork:CraftSomewhatSmoothStone","floor":7,"key":"SMITH"},{"data":"Clockwork:RevUp","floor":10,"key":"SMITH"}],"circlet_count":0,"master_deck":["Clockwork:Strike","Clockwork:Strike","Clockwork:Strike","Clockwork:Strike","Clockwork:Shield","Clockwork:Shield","Clockwork:Shield","Clockwork:Shield","Clockwork:Tinker","Clockwork:WarmUp","Clockwork:RevUp+1"],"relics":["Clockwork:MomentumEngine","NeowsBlessing","Anchor","Simple Rune","Divine Protection","Clockwork:SomewhatSmoothStone"],"acts_visited":["Exordium"],"potions_floor_usage":[],"damage_taken":[{"damage":0,"enemies":"Cultist","floor":1,"turns":1},{"damage":0,"enemies":"Lagavulin","floor":6,"turns":4},{"damage":0,"enemies":"2 Louse","floor":8,"turns":2},{"damage":0,"enemies":"Gremlin Nob","floor":11,"turns":8}],"seed_played":"1695079407621147825","potions_obtained":[{"floor":6,"key":"SteroidPotion"}],"is_trial":false,"path_per_floor":["M","$","?","$","?","E","R","M","T","R","E"],"character_chosen":"CLOCKWORK","items_purchased":["Clockwork:RevUp"],"campfire_rested":0,"item_purchase_floors":[4],"current_hp_per_floor":[85,85,85,85,85,85,85,85,85,85,85,85],"gold":74,"neow_bonus":"THREE_ENEMY_KILL","is_daily":false,"chose_seed":false,"campfire_upgraded":2,"win_rate":0.0,"timestamp":1613754288,"path_taken":["M","$","?","$","?","E","R","M","T","R","E"],"items_purchased_type":["Card"],"build_version":"2020-12-22","purchased_purges":0,"victory":false,"max_hp_per_floor":[85,85,85,85,85,85,85,85,85,85,85,85],"card_choices":[{"not_picked":["Clockwork:CogToss","Clockwork:SystemScan"],"picked":"Clockwork:CraftSomewhatSmoothStone","floor":1},{"not_picked":["Clockwork:SystemScan","Clockwork:SpringShield","Clockwork:AdaptiveCannon"],"picked":"SKIP","floor":6},{"not_picked":["Clockwork:Improve","Clockwork:LiteraryArmor","Clockwork:Scour"],"picked":"SKIP","floor":8}],"player_experience":90241,"relics_obtained":[{"floor":3,"key":"Anchor"},{"floor":6,"key":"Simple Rune"},{"floor":9,"key":"Divine Protection"}],"event_choices":[{"damage_healed":0,"gold_gain":0,"player_choice":"Ignored","damage_taken":0,"max_hp_gain":0,"max_hp_loss":0,"event_name":"Golden Wing","floor":5,"gold_loss":0}],"is_beta":false,"boss_relics":[],"items_purged_floors":[],"is_endless":false,"potions_floor_spawned":[6],"killed_by":"Gremlin Nob","ascension_level":0}}