{"host":"sav7uxregyirlf69","time":1613754594,"event":{"mods":["AchievementEnabler","BaseMod","Colored Map","DeckTracker","Keyboard Shortcuts","Minty Spire (QoL Compilation)","READ ME - Guardian Mod","StSLib","SuperFastMode"],"gold_per_floor":[11,11,11,11,11,11,31,31,31,46,62,62,62,101,101,197,197,220,233,158,73,101,113,113],"floor_reached":23,"language":"KOR","playtime":359,"items_purged":["Strike_B"],"score":378,"play_id":"97053b6a-bfca-49c3-b305-820ca56cbcdf","local_time":"20210220020954","is_ascension_mode":true,"campfire_choices":[{"data":"Zap","floor":6,"key":"SMITH"},{"data":"Go for the Eyes","floor":8,"key":"SMITH"},{"data":"Dualcast","floor":15,"key":"SMITH"}],"circlet_count":0,"master_deck":["AscendersBane","Defend_B","Defend_B","Zap+1","Dualcast+1","All For One","Go for the Eyes+1","Machine Learning","Beam Cell","Hologram","Reboot","Stack","Loop+1","Reboot+1","Heatsinks+1","FTL","Steam","Steam"],"relics":["Cracked Core","Golden Idol","Darkstone Periapt","Singing Bowl","Cables","Astrolabe","MawBank"],"acts_visited":["Exordium","TheCity"],"potions_floor_usage":[16,19],"damage_taken":[{"damage":0,"enemies":"2 Louse","floor":1,"turns":2},{"damage":7,"enemies":"Small Slimes","floor":7,"turns":2},{"damage":2,"enemies":"Jaw Worm","floor":10,"turns":2},{"damage":8,"enemies":"Blue Slaver","floor":11,"turns":2},{"damage":12,"enemies":"Lagavulin","floor":14,"turns":6},{"damage":6,"enemies":"The Guardian","floor":16,"turns":10},{"damage":29,"enemies":"Shell Parasite","floor":18,"turns":4},{"damage":8,"enemies":"3 Byrds","floor":19,"turns":4},{"damage":18,"enemies":"Snake Plant","floor":22,"turns":3},{"damage":0,"enemies":"Slavers","floor":23,"turns":1}],"seed_played":"-8499960937745724388","potions_obtained":[{"floor":7,"key":"PowerPotion"},{"floor":11,"key":"Block Potion"},{"floor":18,"key":"Fire Potion"},{"floor":19,"key":"GamblersBrew"}],"is_trial":false,"path_per_floor":["M","?","?","?","?","R","M","R","T","M","M","?","?","E","R","B",null,"M","M","$","?","M","E"],"character_chosen":"DEFECT","items_purchased":[],"campfire_rested":0,"item_purchase_floors":[],"current_hp_per_floor":[64,64,38,38,38,38,31,31,31,31,23,45,45,33,33,29,58,29,21,21,21,3,3,3],"gold":113,"neow_bonus":"THREE_RARE_CARDS","is_daily":false,"chose_seed":false,"campfire_upgraded":3,"win_rate":0.0,"timestamp":1613754594,"path_taken":["M","?","?","?","?","R","M","R","T","?","M","?","?","E","R","BOSS","M","M","$","?","M","E"],"items_purchased_type":[],"build_version":"2020-12-22","purchased_purges":1,"victory":false,"max_hp_per_floor":[71,64,64,64,64,64,64,64,64,66,66,66,66,66,66,68,68,68,68,68,68,68,68,68],"card_choices":[{"not_picked":["Echo Form","Machine Learning"],"picked":"All For One","floor":0},{"not_picked":["Capacitor","Glacier"],"picked":"Go for the Eyes","floor":1},{"not_picked":["Go for the Eyes","Cold Snap"],"picked":"Beam Cell","floor":7},{"not_picked":["Undo","Ball Lightning","Stack"],"picked":"Singing Bowl","floor":10},{"not_picked":["Go for the Eyes","Seek"],"picked":"Hologram","floor":11},{"not_picked":["Aggregate","Rebound"],"picked":"Stack","floor":14},{"not_picked":["Hyperbeam","Thunder Strike","All For One"],"picked":"Singing Bowl","floor":16},{"not_picked":["Streamline","Barrage"],"picked":"FTL","floor":18},{"not_picked":["Redo","Skim"],"picked":"Steam","floor":19},{"not_picked":["Hologram","Sweeping Beam"],"picked":"Steam","floor":22}],"player_experience":1626472,"relics_obtained":[{"floor":9,"key":"Singing Bowl"},{"floor":14,"key":"Cables"}],"event_choices":[{"damage_healed":0,"gold_gain":0,"player_choice":"Lose Max HP","damage_taken":0,"relics_obtained":["Golden Idol"],"max_hp_gain":0,"max_hp_loss":7,"event_name":"Golden Idol","floor":2,"gold_loss":0},{"damage_healed":0,"gold_gain":0,"player_choice":"Success","damage_taken":26,"relics_obtained":["Darkstone Periapt"],"max_hp_gain":0,"max_hp_loss":0,"event_name":"Scrap Ooze","floor":3,"gold_loss":0},{"damage_healed":0,"gold_gain":0,"player_choice":"Ignored","damage_taken":0,"max_hp_gain":0,"max_hp_loss":0,"event_name":"Liars Game","floor":4,"gold_loss":0},{"damage_healed":0,"gold_gain":0,"cards_transformed":["Strike_B"],"player_choice":"Change","damage_taken":0,"max_hp_gain":0,"max_hp_loss":0,"event_name":"Living Wall","floor":5,"gold_loss":0,"cards_obtained":["Machine Learning"]},{"damage_healed":22,"gold_gain":0,"player_choice":"Banana","damage_taken":0,"max_hp_gain":0,"max_hp_loss":0,"event_name":"Big Fish","floor":12,"gold_loss":0},{"damage_healed":0,"gold_gain":0,"cards_transformed":["Defend_B"],"player_choice":"Transformed","damage_taken":0,"max_hp_gain":0,"max_hp_loss":0,"event_name":"Transmorgrifier","floor":13,"gold_loss":0,"cards_obtained":["Reboot"]},{"damage_healed":0,"gold_gain":0,"player_choice":"Obtained Relic","damage_taken":0,"relics_obtained":["MawBank"],"max_hp_gain":0,"max_hp_loss":0,"event_name":"Addict","floor":21,"gold_loss":85}],"is_beta":false,"boss_relics":[{"not_picked":["Velvet Choker","SlaversCollar"],"picked":"Astrolabe"}],"items_purged_floors":[20],"is_endless":false,"potions_floor_spawned":[7,11,18,19],"killed_by":"Slavers","ascension_level":20}}