{"host":"8elhr9pirthjn68a","time":1613749070,"event":{"mods":["ATMod(阿瑾Mod)","Act Like it!","Arknights","BaseMod","HumanHunterMod(怪物杀人mod)","Marisa（F雨　魔理沙）","Minty Spire (QoL Compilation)","Reimu（博丽灵梦）","RumiaBox-露米娅的神秘盒子","Ryuuou龙王","StSLib","TestMod","【功能Mod】聪明的最终Boss","【遗物卡牌】REMEMod"],"gold_per_floor":[111,111,111,111,131,157,157,172,172,191,116,116,136,36,36,132,132,144,144,159,159,159],"floor_reached":21,"language":"ZHS","playtime":918,"items_purged":["Strike_B","Strike_B"],"score":204,"play_id":"6bc3842c-8d1d-4bbe-bd9c-f70489562f35","local_time":"20210219233750","is_ascension_mode":false,"campfire_choices":[{"data":"AT_ThreeBodyProblem","floor":7,"key":"SMITH"},{"data":"Tempest","floor":12,"key":"SMITH"},{"data":"REME_Flogging","floor":15,"key":"SMITH"}],"circlet_count":0,"master_deck":["Strike_B","Defend_B","Defend_B","Defend_B","Defend_B","Zap","Dualcast","REME_Flogging+1","AT_ThreeBodyProblem+1","Hologram","Reprogram","Coolheaded","Beam Cell","Coolheaded","Tempest+1","Amplify","Double Energy"],"relics":["Cracked Core","REME_ComplimentaryCards","testmod-TestBox","testmod-TimeTraveler","NeowsBlessing","Juzu Bracelet","testmod-AssaultLearning","EasyGame_NEW","Nloth\u0027s Gift"],"acts_visited":["Exordium","TheCity"],"potions_floor_usage":[21],"damage_taken":[{"damage":0,"enemies":"Small Slimes","floor":1,"turns":1},{"damage":0,"enemies":"2 Louse","floor":5,"turns":1},{"damage":0,"enemies":"Gremlin Nob","floor":6,"turns":1},{"damage":0,"enemies":"Cultist","floor":8,"turns":2},{"damage":13,"enemies":"Lots of Slimes","floor":10,"turns":4},{"damage":19,"enemies":"2 Fungi Beasts","floor":13,"turns":3},{"damage":13,"enemies":"Hexaghost","floor":16,"turns":6},{"damage":15,"enemies":"Chosen","floor":18,"turns":4},{"damage":2,"enemies":"Shell Parasite","floor":20,"turns":3},{"damage":66,"enemies":"Sentry and Sphere","floor":21,"turns":7}],"seed_played":"-198874033220698925","potions_obtained":[{"floor":1,"key":"ZuzhouPotion:ReiMu"},{"floor":8,"key":"MagicPotion:ReiMu"},{"floor":13,"key":"EssenceOfDarkness"}],"is_trial":false,"path_per_floor":["M","?","?","?","M","E","R","M","T","M","$","R","M","$","R","B",null,"M","?","M","M"],"character_chosen":"DEFECT","items_purchased":[],"campfire_rested":0,"item_purchase_floors":[],"current_hp_per_floor":[75,75,75,75,75,75,75,75,75,62,62,62,43,43,43,30,75,60,60,58,0,0],"gold":159,"neow_bonus":"THREE_ENEMY_KILL","is_daily":false,"chose_seed":false,"campfire_upgraded":3,"win_rate":0.0,"timestamp":1613749070,"path_taken":["M","?","?","?","M","E","R","M","T","M","$","R","M","?","R","BOSS","M","?","M","M"],"items_purchased_type":[],"build_version":"2020-12-22","purchased_purges":2,"victory":false,"max_hp_per_floor":[75,75,75,75,75,75,75,75,75,75,75,75,75,75,75,75,75,75,75,75,75,75],"card_choices":[{"not_picked":["REME_Whirling","Ball Lightning"],"picked":"Hologram","floor":1},{"not_picked":["Auto Shields","Streamline"],"picked":"Coolheaded","floor":5},{"not_picked":["Hyperbeam","Hologram"],"picked":"Beam Cell","floor":6},{"not_picked":["Beam Cell","Reinforced Body"],"picked":"Coolheaded","floor":8},{"not_picked":["AT_ThreeBodyProblem","FTL"],"picked":"Tempest","floor":10},{"not_picked":["Go for the Eyes","Scrape","Beam Cell"],"picked":"SKIP","floor":13},{"not_picked":["Multi-Cast","Buffer"],"picked":"Amplify","floor":16},{"not_picked":["Recycle","Sweeping Beam","Gash"],"picked":"SKIP","floor":18},{"not_picked":["Capacitor+1","Self Repair"],"picked":"Double Energy","floor":20}],"player_experience":130031,"relics_obtained":[{"floor":6,"key":"testmod-AssaultLearning"},{"floor":9,"key":"testmod-RandomTest"}],"event_choices":[{"damage_healed":0,"gold_gain":0,"player_choice":"Swap Relic","damage_taken":0,"relics_obtained":["Juzu Bracelet"],"max_hp_gain":0,"max_hp_loss":0,"event_name":"给自己的盒子","floor":2,"relics_lost":["AT_ATBox"],"gold_loss":0},{"damage_healed":0,"gold_gain":0,"cards_transformed":["Strike_B"],"player_choice":"Transformed","damage_taken":0,"max_hp_gain":0,"max_hp_loss":0,"event_name":"Transmorgrifier","floor":3,"gold_loss":0,"cards_obtained":["Reprogram"]},{"damage_healed":0,"gold_gain":0,"player_choice":"Bought 0 Potions","damage_taken":0,"max_hp_gain":0,"max_hp_loss":0,"event_name":"The Woman in Blue","floor":4,"gold_loss":0},{"damage_healed":0,"gold_gain":0,"player_choice":"Traded Relic","damage_taken":0,"relics_obtained":["Nloth\u0027s Gift"],"max_hp_gain":0,"max_hp_loss":0,"event_name":"N\u0027loth","floor":19,"relics_lost":["testmod-RandomTest"],"gold_loss":0}],"is_beta":false,"boss_relics":[{"not_picked":["Coffee Dripper","testmod-Recursion"],"picked":"EasyGame_NEW"}],"items_purged_floors":[11,14],"is_endless":false,"potions_floor_spawned":[1,8,13,20],"killed_by":"Sentry and Sphere","ascension_level":0}}