{"host":"plzv31qd94m7lu76","time":1613768556,"event":{"mods":["BaseMod","Downfall","GifTheSpireLib","Minty Spire (QoL Compilation)","Random Character Button","Replay The Spire","StSLib","Stuff the Spire","Unceasing Turn Reminder"],"gold_per_floor":[0,20,36,52,392,392,415,443,458,458,458,488,488,500,520,625,625,625,674,674,674],"floor_reached":20,"language":"ENG","playtime":469,"items_purged":[],"score":232,"play_id":"60ea8f3a-73ab-4ec0-adaa-972ef20b523a","local_time":"20210219220236","is_ascension_mode":false,"campfire_choices":[{"data":"Neutralize","floor":1,"key":"SMITH"},{"floor":10,"key":"REST"}],"circlet_count":0,"master_deck":["Strike_G","Strike_G","Strike_G","Strike_G","Strike_G","Defend_G","Defend_G","Defend_G","Defend_G","Defend_G","Survivor","Neutralize+1","Dagger Spray","Dagger Spray","Cloak And Dagger","Hidden Blade","PiercingWail","Dodge and Roll","StuffTheSpire:Injection","Slice","After Image"],"relics":["Ring of the Snake","Old Coin","Ring of Misfortune","ReplayTheSpireMod:Ring of Addiction","Chameleon Ring","SacredBark","Omamori","Bronze Scales","Du-Vu Doll","WarpedTongs","Painkiller Herb","StuffTheSpire:Barrel"],"acts_visited":["Exordium","TheCity"],"potions_floor_usage":[8,12,15,16,16],"damage_taken":[{"damage":0,"enemies":"2 Louse","floor":2,"turns":3},{"damage":0,"enemies":"Jaw Worm","floor":3,"turns":4},{"damage":0,"enemies":"Small Slimes","floor":4,"turns":3},{"damage":12,"enemies":"Gremlin Nob","floor":8,"turns":3},{"damage":0,"enemies":"Red Slaver","floor":9,"turns":3},{"damage":5,"enemies":"3 Sentries","floor":12,"turns":8},{"damage":0,"enemies":"Large Slime","floor":14,"turns":7},{"damage":0,"enemies":"Lots of Slimes","floor":15,"turns":1},{"damage":0,"enemies":"IC_STATUS_ARCHETYPE","floor":16,"turns":4}],"seed_played":"1591189574594103044","potions_obtained":[{"floor":4,"key":"Energy Potion"},{"floor":6,"key":"PowerPotion"},{"floor":6,"key":"Swift Potion"},{"floor":12,"key":"Ancient Potion"},{"floor":15,"key":"bronze:BurnAndBuffPotion"},{"floor":18,"key":"SneckoOil"},{"floor":18,"key":"EntropicBrew"}],"is_trial":false,"path_per_floor":["R","M","M","M","?","?","T","E","M","R","?","E","?","M","M","B",null,"T","T","?"],"character_chosen":"THE_SILENT","items_purchased":[],"campfire_rested":1,"item_purchase_floors":[],"current_hp_per_floor":[84,84,84,84,51,51,51,39,39,64,57,52,52,52,52,52,82,82,82,80,80],"gold":674,"neow_bonus":"TWENTY_PERCENT_HP_BONUS","is_daily":false,"chose_seed":false,"campfire_upgraded":1,"win_rate":0.0,"timestamp":1613768556,"path_taken":["R","M","M","M","?","?","T","E","M","R","?","E","?","M","M","BOSS","T","?","?"],"items_purchased_type":[],"build_version":"2020-12-22","purchased_purges":0,"victory":false,"max_hp_per_floor":[84,84,84,84,84,84,84,84,84,84,84,82,82,82,82,82,82,82,82,80,80],"card_choices":[{"not_picked":["Masterful Stab","StuffTheSpire:Incantation"],"picked":"Dagger Spray","floor":2},{"not_picked":["ReplayTheSpireMod:The Works","Endless Agony"],"picked":"Dagger Spray","floor":3},{"not_picked":["StuffTheSpire:ClusterCrunch","StuffTheSpire:Injection"],"picked":"Cloak And Dagger","floor":4},{"not_picked":["Bane","PiercingWail"],"picked":"Hidden Blade","floor":5},{"not_picked":["Masterful Stab","Reflex","Envenom"],"picked":"SKIP","floor":8},{"not_picked":["Endless Agony","Outmaneuver"],"picked":"PiercingWail","floor":9},{"not_picked":["Flying Knee","Backflip"],"picked":"Dodge and Roll","floor":12},{"not_picked":["StuffTheSpire:ClusterCrunch","Deflect"],"picked":"StuffTheSpire:Injection","floor":14},{"not_picked":["Doppelganger","Sucker Punch"],"picked":"Slice","floor":15},{"not_picked":["Grand Finale","StuffTheSpire:FinalStruggle"],"picked":"After Image","floor":16}],"player_experience":620274,"relics_obtained":[{"floor":5,"key":"Old Coin"},{"floor":6,"key":"Ring of Misfortune"},{"floor":6,"key":"ReplayTheSpireMod:Ring of Addiction"},{"floor":6,"key":"Chameleon Ring"},{"floor":6,"key":"SacredBark"},{"floor":7,"key":"Omamori"},{"floor":8,"key":"Bronze Scales"},{"floor":12,"key":"Du-Vu Doll"},{"floor":19,"key":"StuffTheSpire:Barrel"}],"event_choices":[{"cards_removed":["CommonCold"],"damage_healed":0,"gold_gain":0,"player_choice":"Card Removal","damage_taken":7,"max_hp_gain":0,"max_hp_loss":0,"event_name":"Golden Wing","floor":11,"gold_loss":0},{"damage_healed":0,"gold_gain":0,"player_choice":"Rummage","damage_taken":0,"relics_obtained":["WarpedTongs"],"max_hp_gain":0,"max_hp_loss":0,"event_name":"Accursed Blacksmith","floor":13,"gold_loss":0,"cards_obtained":["Pain"]}],"is_beta":false,"boss_relics":[{"not_picked":["Runic Dome","Sozu"],"picked":"Painkiller Herb"}],"items_purged_floors":[],"is_endless":false,"potions_floor_spawned":[4,12,15],"ascension_level":0}}