{"host":"q57ekfojy3i00x9o","time":1613759293,"event":{"mods":["Act Like it!","Arknights","Aspiration","BaseMod","Colored Map","Energized Spire","Hermit","Minty Spire (QoL Compilation)","Quick Restart","Spicy Shops","Spikes Relics","StSLib","slay the spire mod where everything is the same but ironclad has a cowboy hat"],"gold_per_floor":[117,132,132,148,163,163,163,163],"floor_reached":7,"language":"RUS","playtime":152,"items_purged":[],"score":75,"play_id":"f618ef58-bafa-40ee-913a-86f811b75f9a","local_time":"20210219232813","is_ascension_mode":true,"campfire_choices":[{"data":"Trip","floor":6,"key":"SMITH"}],"circlet_count":0,"master_deck":["AscendersBane","ats:Strike C","ats:Strike G","ats:Strike S","ats:Strike V","ats:Armor Crushing Shot","ats:Defend","ats:Defend","ats:Defend","ats:Defend","ats:Emotion Absorption","Trip+1","ats:Consecutive Shot Auto","ats:Flexible Camouflage","ats:Consecutive Shot Auto","ats:Closed Bolt Burst Fire"],"relics":["ats:Sanity","Golden Idol"],"acts_visited":["Exordium"],"potions_floor_usage":[],"damage_taken":[{"damage":9,"enemies":"Jaw Worm","floor":1,"turns":3},{"damage":9,"enemies":"2 Louse","floor":2,"turns":3},{"damage":3,"enemies":"Small Slimes","floor":4,"turns":3},{"damage":1,"enemies":"3 Louse","floor":5,"turns":3},{"damage":45,"enemies":"3 Sentries","floor":7,"turns":4}],"seed_played":"-5131397551320601344","potions_obtained":[{"floor":5,"key":"ats:Emergency Sanity Potion"}],"is_trial":false,"path_per_floor":["M","M","?","M","M","R","E"],"character_chosen":"DOCTOR_CLASS","items_purchased":[],"campfire_rested":0,"item_purchase_floors":[],"current_hp_per_floor":[56,47,47,44,43,43,0,0],"gold":163,"neow_bonus":"RANDOM_COLORLESS","is_daily":false,"chose_seed":false,"campfire_upgraded":1,"win_rate":0.0,"timestamp":1613759293,"path_taken":["M","M","?","M","M","R","E"],"items_purchased_type":[],"build_version":"2020-12-22","purchased_purges":0,"victory":false,"max_hp_per_floor":[72,72,65,65,65,65,65,65],"card_choices":[{"not_picked":["Deep Breath","Mind Blast"],"picked":"Trip","floor":0},{"not_picked":["ats:Flame Of Heaven","ats:Poison Spread"],"picked":"ats:Consecutive Shot Auto","floor":1},{"not_picked":["ats:Blood Oath","ats:Poison Spread"],"picked":"ats:Flexible Camouflage","floor":2},{"not_picked":["ats:Revitalization","ats:Blood Oath"],"picked":"ats:Consecutive Shot Auto","floor":4},{"not_picked":["ats:Shell Defense","ats:Soul Absorption"],"picked":"ats:Closed Bolt Burst Fire","floor":5}],"player_experience":779290,"relics_obtained":[],"event_choices":[{"damage_healed":0,"gold_gain":0,"player_choice":"Lose Max HP","damage_taken":0,"relics_obtained":["Golden Idol"],"max_hp_gain":0,"max_hp_loss":7,"event_name":"Golden Idol","floor":3,"gold_loss":0}],"is_beta":false,"boss_relics":[],"items_purged_floors":[],"is_endless":false,"potions_floor_spawned":[5],"killed_by":"3 Sentries","ascension_level":15}}