{"host":"s0rqbuvjzggdtc2s","time":1613717513,"event":{"mods":["ATMod(°¢èªMod)","BaseMod","Curses Come First","Minty Spire (QoL Compilation)","StSLib","¡¾ÒÅÎï¿¨ÅÆ¡¿REMEMod"],"gold_per_floor":[113,129,145,145,95,129,129,146,146,55,55,72,88,104,104,207,207,217,231,79,91,102,133,58,69,69,69,100,116,116,131,131,231,231,245,257,257,102,122,122,142,142,142,153,203,217,217,217,217,217,217,217,60,88,88,88],"floor_reached":55,"language":"ZHS","playtime":2175,"items_purged":["Coolheaded"],"score":865,"play_id":"c56985b9-88df-411d-9e29-22452528b88a","local_time":"20210219145153","is_ascension_mode":false,"campfire_choices":[{"data":"REME_BattleFury","floor":7.0,"key":"SMITH"},{"data":"AT_MachinaRedman","floor":11.0,"key":"SMITH"},{"data":"REME_TwoStrings","floor":15.0,"key":"SMITH"},{"data":"Double Energy","floor":30.0,"key":"SMITH"},{"floor":32.0,"key":"RECALL"},{"data":"AT_StudyProgram","floor":40.0,"key":"SMITH"},{"data":"Echo Form","floor":47.0,"key":"SMITH"},{"floor":49.0,"key":"REST"},{"data":"Chill","floor":52.0,"key":"SMITH"}],"circlet_count":0,"master_deck":["Strike_B","Strike_B","Strike_B","Defend_B","Defend_B","Defend_B","Zap","Dualcast","REME_BattleFury+1","AT_MachinaRedman+1","BootSequence","Force Field","Hologram","Conserve Battery","REME_TwoStrings+1","Chill+1","AT_StudyProgram+1","Self Repair","Echo Form+1","Double Energy+1","AT_HeatAcrobatics+1","REME_ForAll+1","Consume","Amplify","CurseOfTheBell","REME_BattleFury+1","Leap","Steam Power+1","Defragment"],"relics":["Cracked Core","AT_ATBox","REME_ComplimentaryCards","NeowsBlessing","Mercury Hourglass","Sundial","SlaversCollar","AT_ArcaneBoots","Ornamental Fan","Enchiridion","REME_HourglassOfDeath","Calling Bell","AT_SunfireAegis","Letter Opener","Mango","DollysMirror","REME_PuzzleBoxRelic","Prayer Wheel","ClockworkSouvenir","Blood Vial"],"acts_visited":["Exordium","TheCity","TheBeyond","TheEnding"],"potions_floor_usage":[55],"damage_taken":[{"damage":0.0,"enemies":"Jaw Worm","floor":1.0,"turns":1.0},{"damage":0.0,"enemies":"Small Slimes","floor":2.0,"turns":1.0},{"damage":0.0,"enemies":"Cultist","floor":3.0,"turns":1.0},{"damage":10.0,"enemies":"Gremlin Nob","floor":6.0,"turns":3.0},{"damage":0.0,"enemies":"Looter","floor":8.0,"turns":2.0},{"damage":0.0,"enemies":"Blue Slaver","floor":12.0,"turns":3.0},{"damage":0.0,"enemies":"2 Fungi Beasts","floor":13.0,"turns":1.0},{"damage":1.0,"enemies":"Exordium Wildlife","floor":14.0,"turns":3.0},{"damage":0.0,"enemies":"Slime Boss","floor":16.0,"turns":9.0},{"damage":0.0,"enemies":"3 Byrds","floor":18.0,"turns":3.0},{"damage":4.0,"enemies":"Shell Parasite","floor":19.0,"turns":4.0},{"damage":0.0,"enemies":"3 Cultists","floor":21.0,"turns":3.0},{"damage":13.0,"enemies":"Snake Plant","floor":22.0,"turns":6.0},{"damage":5.0,"enemies":"REME_1_Revenger","floor":23.0,"turns":3.0},{"damage":18.0,"enemies":"Sentry and Sphere","floor":25.0,"turns":4.0},{"damage":0.0,"enemies":"Gremlin Leader","floor":28.0,"turns":3.0},{"damage":0.0,"enemies":"Cultist and Chosen","floor":29.0,"turns":4.0},{"damage":6.0,"enemies":"Snecko","floor":31.0,"turns":3.0},{"damage":6.0,"enemies":"Collector","floor":33.0,"turns":5.0},{"damage":46.0,"enemies":"3 Darklings","floor":35.0,"turns":5.0},{"damage":0.0,"enemies":"Orb Walker","floor":36.0,"turns":3.0},{"damage":26.0,"enemies":"Jaw Worm Horde","floor":39.0,"turns":4.0},{"damage":0.0,"enemies":"Writhing Mass","floor":41.0,"turns":3.0},{"damage":0.0,"enemies":"Maw","floor":44.0,"turns":4.0},{"damage":0.0,"enemies":"Mind Bloom Boss Battle","floor":45.0,"turns":3.0},{"damage":14.0,"enemies":"4 Shapes","floor":46.0,"turns":3.0},{"damage":0.0,"enemies":"Donu and Deca","floor":50.0,"turns":4.0},{"damage":44.0,"enemies":"Shield and Spear","floor":54.0,"turns":3.0},{"damage":127,"enemies":"The Heart","floor":55,"turns":3}],"seed_played":"3217424142768036724","potions_obtained":[{"floor":2.0,"key":"Swift Potion"},{"floor":12.0,"key":"FocusPotion"},{"floor":13.0,"key":"LiquidMemories"},{"floor":19.0,"key":"Fruit Juice"},{"floor":21.0,"key":"Swift Potion"},{"floor":31.0,"key":"Explosive Potion"},{"floor":36.0,"key":"Fruit Juice"},{"floor":41.0,"key":"PowerPotion"},{"floor":44.0,"key":"DuplicationPotion"}],"is_trial":false,"path_per_floor":["M","M","M","?","?","E","R","M","T","$","R","M","M","M","R","B",null,"M","M","$","M","M","E","$","M","T","?","E","M","R","M","R","B",null,"M","M","?","$","M","R","M","?","T","M","?","M","R","?","R","B",null,"R","$","E","B"],"character_chosen":"DEFECT","items_purchased":["REME_TwoStrings","AT_SpeedBoots","DollysMirror","ClockworkSouvenir"],"campfire_rested":1,"item_purchase_floors":[10,20,38,53],"current_hp_per_floor":[75,75,75,75,75,65,65,65,65,65,65,65,65,64,64,75,75,75,80,80,80,74,69,69,58,58,42,42,42,42,43,43,44,94,55,67,67,67,41,41,41,41,41,48,62,48,48,48,77,77,99,99,99,69,0,0],"gold":88,"neow_bonus":"THREE_ENEMY_KILL","is_daily":false,"chose_seed":false,"campfire_upgraded":7,"win_rate":0.0,"timestamp":1613717513,"path_taken":["M","M","M","?","?","E","R","M","T","$","R","M","M","M","R","BOSS","M","M","$","M","M","E","$","M","T","?","E","M","R","M","R","BOSS","M","M","?","$","?","R","M","?","T","M","?","M","R","?","R","BOSS","R","$","E","BOSS"],"items_purchased_type":["Card","Relic","Relic","Relic"],"build_version":"2020-12-22","purchased_purges":1,"victory":false,"max_hp_per_floor":[75,75,75,75,75,75,75,75,75,75,75,75,75,75,75,75,75,75,80,80,80,80,80,80,80,80,80,80,80,80,80,80,80,94,94,99,99,99,99,99,99,99,99,99,99,99,99,99,99,99,99,99,99,99,99,99],"card_choices":[{"not_picked":["REME_SelfUpgrade","Blizzard"],"picked":"BootSequence","floor":1.0},{"not_picked":["Fusion","Redo"],"picked":"Force Field","floor":2.0},{"not_picked":["Gash","Beam Cell"],"picked":"Coolheaded","floor":3.0},{"not_picked":["Cold Snap","Steam"],"picked":"Hologram","floor":6.0},{"not_picked":["AT_HeatAcrobatics","Barrage"],"picked":"Conserve Battery","floor":8.0},{"not_picked":["Ball Lightning","Coolheaded"],"picked":"Chill","floor":12.0},{"not_picked":["Turbo","Genetic Algorithm"],"picked":"AT_StudyProgram","floor":13.0},{"not_picked":["AT_HeatAcrobatics","Skim"],"picked":"Self Repair","floor":14.0},{"not_picked":["Rainbow","REME_Shoggoth"],"picked":"Echo Form","floor":16.0},{"not_picked":["Compile Driver","Gash","Hologram"],"picked":"SKIP","floor":18.0},{"not_picked":["Conserve Battery+1","Lockon"],"picked":"Double Energy","floor":19.0},{"not_picked":["Steam","Scrape+1"],"picked":"AT_HeatAcrobatics+1","floor":21.0},{"not_picked":["Sweeping Beam","Ball Lightning+1","Stack"],"picked":"SKIP","floor":22.0},{"not_picked":["Sweeping Beam","Ball Lightning+1","Stack"],"picked":"SKIP","floor":22.0},{"not_picked":["Sweeping Beam","Ball Lightning+1","Stack"],"picked":"SKIP","floor":22.0},{"not_picked":["Streamline","Undo+1"],"picked":"REME_ForAll","floor":23.0},{"not_picked":["Capacitor","AT_WarpDrive+1","Hologram"],"picked":"SKIP","floor":25.0},{"not_picked":["Loop","Hologram"],"picked":"Consume","floor":28.0},{"not_picked":["Stack","Storm+1","AT_HeatAcrobatics"],"picked":"SKIP","floor":29.0},{"not_picked":["Sweeping Beam","Darkness","Go for the Eyes+1"],"picked":"SKIP","floor":31.0},{"not_picked":["REME_Shoggoth","Multi-Cast"],"picked":"Amplify","floor":33.0},{"not_picked":["Conserve Battery","AT_HeatAcrobatics+1","AT_RobotInSpace+1"],"picked":"SKIP","floor":35.0},{"not_picked":["FTL","Rebound","REME_Whirling"],"picked":"SKIP","floor":36.0},{"not_picked":["Beam Cell+1","Steam+1","Self Repair"],"picked":"SKIP","floor":39.0},{"not_picked":["Cold Snap+1","Barrage+1"],"picked":"Leap","floor":41.0},{"not_picked":["Streamline","Redo","Consume"],"picked":"SKIP","floor":44.0},{"not_picked":["Streamline+1","Rebound+1"],"picked":"Steam Power+1","floor":46.0},{"not_picked":["Steam","Gash","Hello World+1"],"picked":"SKIP","floor":46.0},{"not_picked":["Steam Power","Self Repair"],"picked":"Defragment","floor":54.0}],"player_experience":216521,"relics_obtained":[{"floor":6.0,"key":"Mercury Hourglass"},{"floor":9.0,"key":"Sundial"},{"floor":23.0,"key":"Ornamental Fan"},{"floor":27.0,"key":"Enchiridion"},{"floor":28.0,"key":"REME_HourglassOfDeath"},{"floor":34.0,"key":"AT_SunfireAegis"},{"floor":34.0,"key":"Letter Opener"},{"floor":34.0,"key":"Mango"},{"floor":43.0,"key":"REME_PuzzleBoxRelic"},{"floor":45.0,"key":"Prayer Wheel"},{"floor":54.0,"key":"Blood Vial"}],"event_choices":[{"damage_healed":0.0,"max_hp_gain":0.0,"max_hp_loss":0.0,"gold_gain":0.0,"event_name":"Liars Game","player_choice":"Ignored","floor":4.0,"gold_loss":0.0,"damage_taken":0.0},{"cards_removed":["Defend_B"],"damage_healed":0.0,"max_hp_gain":0.0,"max_hp_loss":0.0,"gold_gain":0.0,"event_name":"The Cleric","player_choice":"Card Removal","floor":5.0,"gold_loss":50.0,"damage_taken":0.0},{"damage_healed":0.0,"max_hp_gain":0.0,"max_hp_loss":0.0,"gold_gain":0.0,"event_name":"Cursed Tome","player_choice":"Obtained Book","floor":27.0,"gold_loss":0.0,"damage_taken":16.0},{"damage_healed":0.0,"max_hp_gain":0.0,"max_hp_loss":0.0,"gold_gain":0.0,"event_name":"Accursed Blacksmith","player_choice":"Forge","floor":37.0,"gold_loss":0.0,"damage_taken":0.0,"cards_upgraded":["REME_ForAll"]},{"damage_healed":0.0,"max_hp_gain":0.0,"max_hp_loss":0.0,"gold_gain":0.0,"event_name":"The Moai Head","player_choice":"Ignored","floor":42.0,"gold_loss":0.0,"damage_taken":0.0},{"damage_healed":0.0,"max_hp_gain":0.0,"max_hp_loss":0.0,"gold_gain":0.0,"event_name":"MindBloom","player_choice":"Fight","floor":45.0,"gold_loss":0.0,"damage_taken":0.0},{"cards_removed":["Strike_B"],"damage_healed":0.0,"max_hp_gain":0.0,"max_hp_loss":0.0,"gold_gain":0.0,"event_name":"Falling","player_choice":"Removed Attack","floor":48.0,"gold_loss":0.0,"damage_taken":0.0}],"is_beta":false,"boss_relics":[{"not_picked":["Astrolabe","REME_DemonsWealth"],"picked":"SlaversCollar"},{"not_picked":["Tiny House","Snecko Eye"],"picked":"Calling Bell"}],"items_purged_floors":[24],"is_endless":false,"potions_floor_spawned":[2,12,13,18,19,21,31,36,41,44],"killed_by":"The Heart","ascension_level":0}}