{"host":"51qmnr9isyv85d0p","time":1613715725,"event":{"mods":["AchievementEnabler","BaseMod","Colored Map","Colored Powertips","Curses Come First","Downfall","Minty Spire (QoL Compilation)","Red Circlet Mod","Relic Stats","Replay The Spire","StSLib","TestMod"],"gold_per_floor":[115,115,128,144,16100,16100,16134,15146,15146,15173,15173,15573,14627,14627,14627,14729,14729,14740,14740,14740,13623,13675,13701,13717,13742,13767,13682,13682,13710,13710,12850,12850,12951,12951,12971,12971,12986,12986,12986,13013,13013,11913,11913,11913,11923,11923,11129,11166,11166,11168],"floor_reached":51,"language":"ZHS","playtime":1780,"items_purged":["Defend_R","Strike_R","Defend_R","Barricade","Defend_R","Pummel"],"score":1164,"play_id":"d2946155-d9d6-43a1-aefb-84be529817e9","local_time":"20210219142205","is_ascension_mode":true,"campfire_choices":[{"data":"Dark Embrace","floor":6,"key":"SMITH"},{"floor":11,"key":"REST"},{"floor":15,"key":"DIG"},{"data":"Perfected Strike","floor":30,"key":"SMITH"},{"data":"1","floor":32,"key":"LIFT"},{"data":"2","floor":41,"key":"LIFT"},{"data":"3","floor":44,"key":"LIFT"},{"data":"Apotheosis","floor":46,"key":"SMITH"},{"data":"Perfected Strike","floor":46,"key":"SMITH"},{"data":"Madness","floor":49,"key":"SMITH"},{"data":"Madness","floor":49,"key":"SMITH"}],"circlet_count":0,"master_deck":["Strike_R","Strike_R","Strike_R","Bash","ReplayTheSpireMod:Muscle Training+1","Dark Embrace+1","Bloodletting","Immolate+1","Dropkick","Feel No Pain","Seeing Red","Warcry","Disarm","Inflame","ReplayTheSpireMod:Strike From Hell","Armaments","Discovery","Panacea","Twin Strike","Finesse","Metallicize","Wild Strike","Inflame","ReplayTheSpireMod:LeadingStrike+1","Perfected Strike+1","Perfected Strike+1","Apotheosis+1","Feed","ReplayTheSpireMod:LeadingStrike+1","Spot Weakness+1","Madness+1","Madness+1","Twin Strike+1","Blind","Wild Strike"],"relics":["Burning Blood","testmod-NegativeEmotionEnhancer","Replay:Bottled Snecko","Mummified Hand","Juzu Bracelet","Guide Book","champ:DuelingGlove","testmod-ObsoleteBoomerang","Gremlin Horn","Lantern","ReplayTheSpireMod:ShopPack","Replay:Bottled Flurry","testmod-TimeTraveler","MutagenicStrength","Mercury Hourglass","testmod-HeartOfStrike","testmod-ThousandKnives","OrangePellets","Onion Ring","Bottled Lightning","Ancient Tea Set","Omamori","Potion Belt","Girya","ReplayTheSpireMod:Lightbulb","Calling Bell","Replay:Wax Seal","Replay:WaspNest","Replay:Arrowhead","Ring of Hypnosis","Ring of Chaos","Matryoshka","Shuriken","White Beast Statue","testmod-InfectionSource","Frozen Eye","Orichalcum","Replay:Mystery Machine","testmod-Acrobat","Mirror","ClockworkSouvenir","Replay:Baseball"],"acts_visited":["Exordium","TheCity","TheBeyond"],"potions_floor_usage":[5,8,10,10,13,16,23,23,23,24,50],"damage_taken":[{"damage":13,"enemies":"2 Louse","floor":1,"turns":3},{"damage":1,"enemies":"Cultist","floor":3,"turns":3},{"damage":26,"enemies":"Jaw Worm","floor":4,"turns":4},{"damage":24,"enemies":"Red Slaver","floor":5,"turns":4},{"damage":33,"enemies":"3 Sentries","floor":7,"turns":6},{"damage":26,"enemies":"Lagavulin","floor":10,"turns":4},{"damage":32,"enemies":"Hexaghost","floor":16,"turns":6},{"damage":33,"enemies":"Spheric Guardian","floor":18,"turns":4},{"damage":6,"enemies":"Book of Stabbing","floor":23,"turns":2},{"damage":0,"enemies":"3 Byrds","floor":24,"turns":1},{"damage":6,"enemies":"Slavers","floor":25,"turns":2},{"damage":24,"enemies":"Book of Stabbing","floor":29,"turns":3},{"damage":9,"enemies":"Champ","floor":33,"turns":3},{"damage":14,"enemies":"Orb Walker","floor":35,"turns":2},{"damage":0,"enemies":"3 Shapes","floor":37,"turns":1},{"damage":0,"enemies":"Nemesis","floor":40,"turns":1},{"damage":1,"enemies":"Transient","floor":45,"turns":4},{"damage":0,"enemies":"R_Hoarder","floor":48,"turns":2},{"damage":0,"enemies":"Time Eater","floor":50,"turns":2}],"seed_played":"5996359279689926947","potions_obtained":[{"floor":4,"key":"LiquidBronze"},{"floor":16,"key":"Guardian:BlockOnCardUsePotion"},{"floor":23,"key":"Swift Potion"},{"floor":35,"key":"FairyPotion"},{"floor":37,"key":"Energy Potion"},{"floor":45,"key":"Strength Potion"}],"is_trial":false,"path_per_floor":["M","?","M","M","M","R","E","$","T","E","R","?","$","?","R_BF","B",null,"M","?","T","$","?","E","M","E","T","?","?","E","R","$","R","B",null,"M","?","M","?","T","E","R","$","T","R","M","R","$","E","R","B",null],"character_chosen":"IRONCLAD","items_purchased":["Mummified Hand","Juzu Bracelet","Feel No Pain","Seeing Red","Warcry","EssenceOfSteel","BloodPotion","SkillPotion","Guide Book","Gremlin Horn","Lantern","Fruit Juice","SteroidPotion","BloodPotion","Inflame","ReplayTheSpireMod:Strike From Hell","Armaments","ReplayTheSpireMod:ShopPack","testmod-HeartOfStrike","testmod-ThousandKnives","OrangePellets","Twin Strike","Finesse","Fire Potion","Metallicize","Girya","ReplayTheSpireMod:Lightbulb","Apotheosis","White Beast Statue","testmod-InfectionSource","Frozen Eye","ElixirPotion","Fire Potion","Milkshake","Blind","testmod-Acrobat","Mirror","ClockworkSouvenir","Elixir"],"campfire_rested":1,"item_purchase_floors":[8,8,8,8,8,8,8,8,8,13,13,13,13,13,13,13,13,13,21,21,21,21,21,21,21,31,31,31,42,42,42,42,42,42,42,47,47,47,47],"current_hp_per_floor":[84,84,90,72,56,56,33,51,51,33,61,61,66,66,66,61,100,75,75,75,75,35,37,47,51,51,51,85,69,69,69,69,68,106,104,104,115,101,101,109,109,109,109,109,116,116,116,118,118,119],"gold":11168,"neow_bonus":"TEN_PERCENT_HP_BONUS","is_daily":false,"chose_seed":false,"campfire_upgraded":6,"win_rate":0.0,"timestamp":1613715725,"path_taken":["M","?","M","M","?","R","E","$","T","E","R","?","$","?","R_BF","BOSS","M","?","?","$","?","E","M","E","T","?","?","E","R","$","R","BOSS","M","?","M","?","?","E","R","$","T","R","M","R","$","E","R","BOSS"],"items_purchased_type":["Relic","Relic","Card","Card","Card","Potion","Potion","Potion","Relic","Relic","Relic","Potion","Potion","Potion","Card","Card","Card","Relic","Relic","Relic","Relic","Card","Card","Potion","Card","Relic","Relic","Card","Relic","Relic","Relic","Potion","Potion","Potion","Card","Relic","Relic","Relic","Potion"],"build_version":"2020-12-22","purchased_purges":6,"victory":true,"max_hp_per_floor":[89,89,90,91,92,92,93,93,93,94,94,94,99,99,99,100,100,101,101,101,101,101,102,103,104,104,104,104,105,105,105,105,106,106,111,111,115,115,115,116,116,116,116,116,117,117,117,118,118,119],"relic_stats":{"OrangePellets":[18],"Gremlin Horn":[6,6],"counters":[19,57],"Mummified Hand":[40],"Shuriken":[4],"Juzu Bracelet":1,"Orichalcum":[12],"obtain_stats":[{"champ:DuelingGlove":9,"testmod-HeartOfStrike":21,"Lantern":13,"Gremlin Horn":13,"testmod-NegativeEmotionEnhancer":0,"Juzu Bracelet":8,"Replay:Mystery Machine":43,"Ancient Tea Set":26,"Burning Blood":0,"ClockworkSouvenir":47,"Frozen Eye":42,"Matryoshka":39,"Mummified Hand":8,"testmod-ThousandKnives":21,"testmod-ObsoleteBoomerang":10,"Replay:Bottled Flurry":15,"Replay:Bottled Snecko":7,"testmod-InfectionSource":42,"Replay:Wax Seal":34,"Potion Belt":29,"Girya":31,"testmod-TestBox":0,"testmod-TimeTraveler":17,"Ring of Hypnosis":36,"Guide Book":8,"Replay:WaspNest":34,"Ring of Chaos":36,"Omamori":27,"Orichalcum":43,"Replay:Arrowhead":34,"White Beast Statue":42,"Mercury Hourglass":20,"Calling Bell":34,"OrangePellets":21,"Replay:Baseball":48,"Shuriken":40,"MutagenicStrength":19,"testmod-Acrobat":47,"Onion Ring":23,"Bottled Lightning":25,"ReplayTheSpireMod:Lightbulb":31,"Mirror":47,"ReplayTheSpireMod:ShopPack":13},{"champ:DuelingGlove":5,"testmod-HeartOfStrike":8,"Lantern":6,"Gremlin Horn":6,"testmod-NegativeEmotionEnhancer":0,"Juzu Bracelet":5,"Replay:Mystery Machine":16,"Ancient Tea Set":11,"Burning Blood":0,"ClockworkSouvenir":17,"Frozen Eye":16,"Matryoshka":15,"Mummified Hand":5,"testmod-ThousandKnives":8,"testmod-ObsoleteBoomerang":6,"Replay:Bottled Flurry":6,"Replay:Bottled Snecko":5,"testmod-InfectionSource":16,"Replay:Wax Seal":13,"Potion Belt":12,"Girya":12,"testmod-TestBox":0,"testmod-TimeTraveler":7,"Ring of Hypnosis":14,"Guide Book":5,"Replay:WaspNest":13,"Ring of Chaos":14,"Omamori":11,"Orichalcum":16,"Replay:Arrowhead":13,"White Beast Statue":16,"Mercury Hourglass":8,"Calling Bell":13,"OrangePellets":8,"Replay:Baseball":18,"Shuriken":16,"MutagenicStrength":8,"testmod-Acrobat":17,"Onion Ring":9,"Bottled Lightning":11,"ReplayTheSpireMod:Lightbulb":12,"Mirror":17,"ReplayTheSpireMod:ShopPack":6},{"champ:DuelingGlove":20,"testmod-HeartOfStrike":34,"Lantern":24,"Gremlin Horn":24,"testmod-NegativeEmotionEnhancer":0,"Juzu Bracelet":20,"Replay:Mystery Machine":49,"Ancient Tea Set":39,"Burning Blood":0,"ClockworkSouvenir":53,"Frozen Eye":49,"Matryoshka":48,"Mummified Hand":20,"testmod-ThousandKnives":34,"testmod-ObsoleteBoomerang":24,"Replay:Bottled Flurry":24,"Replay:Bottled Snecko":20,"testmod-InfectionSource":49,"Replay:Wax Seal":45,"Potion Belt":42,"Girya":42,"testmod-TestBox":0,"testmod-TimeTraveler":30,"Ring of Hypnosis":47,"Guide Book":20,"Replay:WaspNest":45,"Ring of Chaos":47,"Omamori":39,"Orichalcum":49,"Replay:Arrowhead":45,"White Beast Statue":49,"Mercury Hourglass":34,"Calling Bell":45,"OrangePellets":34,"Replay:Baseball":55,"Shuriken":49,"MutagenicStrength":34,"testmod-Acrobat":53,"Onion Ring":36,"Bottled Lightning":39,"ReplayTheSpireMod:Lightbulb":42,"Mirror":53,"ReplayTheSpireMod:ShopPack":24}],"Burning Blood":99,"Mercury Hourglass":[84]},"card_choices":[{"not_picked":["Shrug It Off","Flex"],"picked":"ReplayTheSpireMod:Muscle Training","floor":1},{"not_picked":["ReplayTheSpireMod:Strike From Hell","Replay:Undeath\u0027s Touch"],"picked":"Bloodletting","floor":3},{"not_picked":["ReplayTheSpireMod:Strike From Hell","True Grit"],"picked":"Pummel","floor":4},{"not_picked":["Dark Embrace","Thunderclap"],"picked":"Immolate","floor":5},{"not_picked":["Dark Embrace","Cleave"],"picked":"Dropkick","floor":7},{"not_picked":["Juggernaut","Clothesline"],"picked":"Disarm","floor":10},{"not_picked":["Panacea","Madness"],"picked":"Discovery","floor":13},{"not_picked":["Replay:BasicMightCard","ReplayTheSpireMod:Trickstab"],"picked":"Panacea","floor":13},{"not_picked":["Immolate","Hemogenesis"],"picked":"Barricade","floor":16},{"not_picked":["Sword Boomerang+1","Body Slam","Pummel"],"picked":"SKIP","floor":18},{"not_picked":["Heavy Blade","ReplayTheSpireMod:Strike From Hell+1"],"picked":"Wild Strike","floor":22},{"not_picked":["Power Through","Heavy Blade+1"],"picked":"Inflame","floor":23},{"not_picked":["Rupture","Pommel Strike"],"picked":"ReplayTheSpireMod:LeadingStrike+1","floor":24},{"not_picked":["Twin Strike","Wild Strike+1"],"picked":"Perfected Strike","floor":25},{"not_picked":["Whirlwind+1","Fire Breathing"],"picked":"Perfected Strike","floor":29},{"not_picked":["Brutality","Demonic Infusion"],"picked":"Feed","floor":33},{"not_picked":["Pummel+1","Sword Boomerang+1"],"picked":"ReplayTheSpireMod:LeadingStrike+1","floor":35},{"not_picked":["Heavy Blade","Flex"],"picked":"Spot Weakness+1","floor":37},{"not_picked":["Impervious","Uppercut+1"],"picked":"Twin Strike+1","floor":40},{"not_picked":["Infernal Blade","Intimidate"],"picked":"Wild Strike","floor":45},{"not_picked":["Body Slam+1","Heavy Blade","Combust+1"],"picked":"SKIP","floor":48}],"player_experience":121707,"relics_obtained":[{"floor":7,"key":"Replay:Bottled Snecko"},{"floor":9,"key":"champ:DuelingGlove"},{"floor":10,"key":"testmod-ObsoleteBoomerang"},{"floor":15,"key":"Replay:Bottled Flurry"},{"floor":20,"key":"Mercury Hourglass"},{"floor":23,"key":"Onion Ring"},{"floor":25,"key":"Bottled Lightning"},{"floor":26,"key":"Ancient Tea Set"},{"floor":29,"key":"Potion Belt"},{"floor":34,"key":"Replay:Wax Seal"},{"floor":34,"key":"Replay:WaspNest"},{"floor":34,"key":"Replay:Arrowhead"},{"floor":36,"key":"Ring of Hypnosis"},{"floor":36,"key":"Ring of Chaos"},{"floor":39,"key":"Matryoshka"},{"floor":40,"key":"Shuriken"},{"floor":43,"key":"Orichalcum"},{"floor":43,"key":"Replay:Mystery Machine"},{"floor":48,"key":"Replay:Baseball"}],"event_choices":[{"damage_healed":0,"gold_gain":0,"cards_transformed":["Strike_R"],"player_choice":"Transformed","damage_taken":0,"max_hp_gain":0,"max_hp_loss":0,"event_name":"Transmorgrifier","floor":2,"gold_loss":0,"cards_obtained":["Dark Embrace"]},{"damage_healed":0,"gold_gain":400,"player_choice":"Sell","damage_taken":0,"max_hp_gain":0,"max_hp_loss":0,"event_name":"¶÷ÂåË¹µÄÅÌ×Ó","floor":12,"relics_lost":["testmod-TestBox"],"gold_loss":0},{"cards_removed":["Defend_R"],"damage_healed":0,"gold_gain":0,"player_choice":"Purged","damage_taken":0,"max_hp_gain":0,"max_hp_loss":0,"event_name":"Purifier","floor":14,"gold_loss":0},{"damage_healed":0,"gold_gain":0,"player_choice":"Inject Mutagens","damage_taken":0,"relics_obtained":["MutagenicStrength"],"max_hp_gain":0,"max_hp_loss":0,"event_name":"Drug Dealer","floor":19,"gold_loss":0},{"damage_healed":0,"gold_gain":0,"player_choice":"Obtained Relic","damage_taken":0,"relics_obtained":["Omamori"],"max_hp_gain":0,"max_hp_loss":0,"event_name":"Addict","floor":27,"gold_loss":85},{"damage_healed":34,"gold_gain":0,"player_choice":"Heal","damage_taken":0,"max_hp_gain":0,"max_hp_loss":0,"event_name":"The Library","floor":28,"gold_loss":0},{"damage_healed":0,"gold_gain":0,"player_choice":"Embrace Madness","damage_taken":14,"max_hp_gain":0,"max_hp_loss":0,"event_name":"Winding Halls","floor":38,"gold_loss":0,"cards_obtained":["Madness","Madness"]}],"is_beta":false,"boss_relics":[{"not_picked":["Mark of Pain","testmod-KeyOfTheVoid"],"picked":"testmod-TimeTraveler"},{"not_picked":["testmod-Recursion","Black Blood"],"picked":"Calling Bell"}],"items_purged_floors":[8,13,21,31,42,47],"is_endless":false,"potions_floor_spawned":[4,16,23,35,37,45,48],"ascension_level":3}}