{"host":"Kdaddybrian","time":1613710488,"event":{"mods":["AchievementEnabler","BaseMod","Bestiary","Colored Map","Colored Powertips","Minty Spire (QoL Compilation)","Potion Indicator Mod","Quick Restart","Rare Cards Sparkle","Relic Stats","StSLib","Uncapped"],"gold_per_floor":[109,109,120,131,143,143,176,176,176,176,200,240,197,197,197],"floor_reached":14,"language":"ENG","playtime":456,"items_purged":[],"score":160,"play_id":"870cbe70-d287-4b31-ade8-7125db8c203c","local_time":"20210218235448","is_ascension_mode":true,"campfire_choices":[{"floor":6,"key":"REST"},{"floor":8,"key":"REST"}],"circlet_count":0,"master_deck":["AscendersBane","Strike_P","Strike_P","Strike_P","Strike_P","Defend_P","Defend_P","Defend_P","Defend_P","Eruption","Vigilance","BowlingBash","Consecrate","FollowUp","ThirdEye","TalkToTheHand","Meditate","InnerPeace"],"relics":["SacredBark","Orichalcum","Ornamental Fan","Golden Idol","Matryoshka"],"acts_visited":["Exordium"],"potions_floor_usage":[12,14],"damage_taken":[{"damage":7,"enemies":"Jaw Worm","floor":1,"turns":5},{"damage":2,"enemies":"Small Slimes","floor":3,"turns":2},{"damage":10,"enemies":"2 Louse","floor":4,"turns":2},{"damage":20,"enemies":"Looter","floor":5,"turns":3},{"damage":22,"enemies":"3 Sentries","floor":7,"turns":6},{"damage":5,"enemies":"Exordium Wildlife","floor":11,"turns":4},{"damage":29,"enemies":"Lagavulin","floor":12,"turns":5},{"damage":19,"enemies":"3 Sentries","floor":14,"turns":6}],"seed_played":"6900873797528788637","potions_obtained":[{"floor":7,"key":"Fire Potion"},{"floor":12,"key":"Dexterity Potion"}],"is_trial":false,"path_per_floor":["M","?","M","M","M","R","E","R","T","?","M","E","?","E"],"character_chosen":"WATCHER","items_purchased":[],"campfire_rested":2,"item_purchase_floors":[],"current_hp_per_floor":[58,58,56,46,26,47,25,46,46,46,41,12,12,0,0],"gold":197,"neow_bonus":"BOSS_RELIC","is_daily":false,"chose_seed":false,"campfire_upgraded":0,"win_rate":0.0,"timestamp":1613710488,"path_taken":["M","?","M","M","M","R","E","R","T","?","M","E","?","E"],"items_purchased_type":[],"build_version":"2020-12-18","purchased_purges":0,"victory":false,"max_hp_per_floor":[72,72,72,72,72,72,72,72,72,67,67,67,67,67,67],"relic_stats":{"counters":[8,33],"Ornamental Fan":[20],"Golden Idol":13,"Orichalcum":[12],"obtain_stats":[{"Matryoshka":12,"Ornamental Fan":9,"Golden Idol":10,"SacredBark":0,"PureWater":0,"Orichalcum":7},{"Matryoshka":7,"Ornamental Fan":5,"Golden Idol":5,"SacredBark":0,"PureWater":0,"Orichalcum":5},{"Matryoshka":27,"Ornamental Fan":18,"Golden Idol":18,"SacredBark":0,"PureWater":0,"Orichalcum":18}]},"card_choices":[{"not_picked":["PathToVictory","InnerPeace"],"picked":"BowlingBash","floor":1},{"not_picked":["ClearTheMind","Worship"],"picked":"Consecrate","floor":3},{"not_picked":["CutThroughFate","ThirdEye"],"picked":"FollowUp","floor":4},{"not_picked":["Halt","Brilliance"],"picked":"ThirdEye","floor":5},{"not_picked":["EmptyFist","BowlingBash"],"picked":"TalkToTheHand","floor":7},{"not_picked":["Pray","CutThroughFate"],"picked":"Meditate","floor":11},{"not_picked":["ThirdEye","CutThroughFate"],"picked":"InnerPeace","floor":12}],"player_experience":3050628,"relics_obtained":[{"floor":7,"key":"Orichalcum"},{"floor":9,"key":"Ornamental Fan"},{"floor":12,"key":"Matryoshka"}],"event_choices":[{"damage_healed":0,"gold_gain":0,"player_choice":"Leave","damage_taken":0,"max_hp_gain":0,"max_hp_loss":0,"event_name":"The Cleric","floor":2,"gold_loss":0},{"damage_healed":0,"gold_gain":0,"player_choice":"Lose Max HP","damage_taken":0,"relics_obtained":["Golden Idol"],"max_hp_gain":0,"max_hp_loss":5,"event_name":"Golden Idol","floor":10,"gold_loss":0},{"damage_healed":0,"gold_gain":0,"player_choice":"Left Gold","damage_taken":0,"max_hp_gain":0,"max_hp_loss":0,"event_name":"World of Goop","floor":13,"gold_loss":43}],"is_beta":true,"boss_relics":[],"items_purged_floors":[],"is_endless":false,"potions_floor_spawned":[7,12],"killed_by":"3 Sentries","ascension_level":12}}