{"host":"61ejhfsushs0xmcl","time":1613721722,"event":{"mods":["ATMod(°¢èªMod)","Act Like it!","BaseMod","Colored Map","Gold Saver","GungeonMod","Minty Spire (QoL Compilation)","MostiFishMod","Spicy Shops","StSLib","TestMod","The Marked","¡¾ÒÅÎï¿¨ÅÆ¡¿REMEMod","óô»ðÖ¸ÄÏ"],"gold_per_floor":[1031,1031,1031,1031,1072,1130,1130,1174,1244,1287,1287,1333,557,583,583,709,709,755,795,795,471,565,651,294,294,318,417,513,587,60,169,169,376,376,449,449,573,133,257,337,337,407,407,489,489,576,641,164,164,294,294,294,66,181,206],"floor_reached":56,"language":"ZHS","playtime":2550,"items_purged":["theMarked:Defend","theMarked:Defend","theMarked:Defend","theMarked:SoldierOfQuellstein","theMarked:BiggerThanFate"],"score":1685,"play_id":"899f87f9-429b-4974-84be-c15d2a056692","local_time":"20210219160202","is_ascension_mode":false,"campfire_choices":[{"data":"Wish","floor":7,"key":"SMITH"},{"data":"theMarked:BindingBlade","floor":15,"key":"SMITH"},{"floor":25,"key":"RECALL"},{"data":"theMarked:Memento","floor":32,"key":"SMITH"},{"data":"theMarked:Challenge","floor":41,"key":"SMITH"},{"data":"theMarked:Heritage","floor":49,"key":"SMITH"},{"data":"theMarked:Vacuum","floor":52,"key":"SMITH"}],"circlet_count":0,"master_deck":["theMarked:Strike","theMarked:Strike","theMarked:Strike+1","theMarked:Strike+1","Wish+1","theMarked:Heritage+1","theMarked:Overcharge","theMarked:Toughness+1","theMarked:BindingBlade+1","theMarked:ChannelForce+1","theMarked:ThrowWeapon","theMarked:BindingBlade+1","theMarked:Heritage+1","theMarked:Memento+1","theMarked:Challenge+1","theMarked:Seal+1","theMarked:Determination+1","theMarked:Memento+1","theMarked:Vacuum+1"],"relics":["theMarked:ArtifactOfAir","AT_ATBox","REME_ComplimentaryCards","DaveBox","testmod-TestBox","NeowsBlessing","testmod-Recursion","ShadowXiaoBlade","SynthV:TestCard","Pantograph","Whetstone","AT_BellowingDragoncrestRing","Anchor","Question Card","theMarked:NailFile","Incense Burner","JellyFishMachine","testmod-IndustrialRevolution","AT_MibuBalloonWealth","Centennial Puzzle","Technique","Bag of Preparation","Medical Kit","DemoMod:WeirdEgg","Omamori","Lizard Tail","SacredBark","REME_CardOfGreed","Calipers","DemoMod:GlassGuonStoneRelic","Bottled Lightning","White Beast Statue","PreservedInsect","AT_ChloranthyRing","Lantern","Orichalcum","BrkXgEgg","Bag of Marbles"],"acts_visited":["Exordium","TheCity","TheBeyond","TheEnding"],"potions_floor_usage":[55,55,55],"damage_taken":[{"damage":0,"enemies":"Small Slimes","floor":1,"turns":1},{"damage":10,"enemies":"Jaw Worm","floor":5,"turns":2},{"damage":0,"enemies":"Lagavulin","floor":6,"turns":2},{"damage":11,"enemies":"2 Louse","floor":8,"turns":2},{"damage":22,"enemies":"Gremlin Gang","floor":10,"turns":2},{"damage":2,"enemies":"3 Louse","floor":12,"turns":2},{"damage":17,"enemies":"Gremlin Nob","floor":14,"turns":3},{"damage":18,"enemies":"Hexaghost","floor":16,"turns":4},{"damage":0,"enemies":"3 Byrds","floor":18,"turns":3},{"damage":0,"enemies":"Shell Parasite","floor":19,"turns":2},{"damage":7,"enemies":"Centurion and Healer","floor":22,"turns":3},{"damage":23,"enemies":"REME_1_Revenger","floor":23,"turns":3},{"damage":8,"enemies":"Shelled Parasite and Fungi","floor":28,"turns":2},{"damage":4,"enemies":"Snecko","floor":29,"turns":3},{"damage":0,"enemies":"Slavers","floor":31,"turns":2},{"damage":0,"enemies":"Collector","floor":33,"turns":3},{"damage":3,"enemies":"Orb Walker","floor":35,"turns":2},{"damage":5,"enemies":"3 Shapes","floor":37,"turns":3},{"damage":0,"enemies":"Sphere and 2 Shapes","floor":39,"turns":3},{"damage":3,"enemies":"Giant Head","floor":40,"turns":4},{"damage":0,"enemies":"Writhing Mass","floor":42,"turns":3},{"damage":0,"enemies":"Nemesis","floor":44,"turns":3},{"damage":0,"enemies":"Giant Head","floor":46,"turns":3},{"damage":0,"enemies":"Transient","floor":47,"turns":5},{"damage":0,"enemies":"Awakened One","floor":50,"turns":3},{"damage":0,"enemies":"Shield and Spear","floor":54,"turns":2},{"damage":0,"enemies":"The Heart","floor":55,"turns":3}],"seed_played":"-2695140323112495788","potions_obtained":[{"floor":1,"key":"SmokeBomb"},{"floor":10,"key":"SkillPotion"},{"floor":12,"key":"EssenceOfSteel"},{"floor":14,"key":"CultistPotion"},{"floor":18,"key":"DuplicationPotion"},{"floor":45,"key":"DistilledChaos"},{"floor":54,"key":"EssenceOfSteel"}],"is_trial":false,"path_per_floor":["M","?","?","?","M","E","R","M","T","M","?","M","$","E","R","B",null,"M","M","?","$","M","E","$","R","T","?","M","M","$","E","R","B",null,"M","?","M","$","M","E","R","M","T","E","?","E","M","$","R","B",null,"R","$","E","B",null],"character_chosen":"THE_DEFAULT","items_purchased":["Question Card","theMarked:NailFile","theMarked:Toughness","theMarked:BindingBlade","testmod-IndustrialRevolution","AT_MibuBalloonWealth","Technique","Bag of Preparation","Medical Kit","DemoMod:WeirdEgg","Omamori","REME_CardOfGreed","Calipers","AT_ChloranthyRing","Lantern","Orichalcum","BrkXgEgg"],"campfire_rested":0,"item_purchase_floors":[13,13,13,13,21,21,24,24,30,30,30,38,38,48,48,53,53],"current_hp_per_floor":[72,60,65,65,55,55,55,44,44,22,22,20,20,3,3,10,77,77,77,77,77,70,57,57,57,57,57,49,45,45,45,45,70,77,74,74,69,69,69,66,66,66,66,76,76,77,77,77,77,77,77,77,77,77,77],"gold":206,"neow_bonus":"THREE_ENEMY_KILL","is_daily":false,"chose_seed":false,"campfire_upgraded":6,"win_rate":0.0,"timestamp":1613721722,"path_taken":["M","?","?","?","M","E","R","M","T","M","?","?","$","E","R","BOSS","M","M","?","$","?","E","?","R","T","?","M","M","$","E","R","BOSS","M","?","?","$","M","E","R","M","T","E","?","E","?","?","R","BOSS","R","$","E","BOSS"],"items_purchased_type":["Relic","Relic","Card","Card","Relic","Relic","Relic","Relic","Relic","Relic","Relic","Relic","Relic","Relic","Relic","Relic","Relic"],"build_version":"2020-12-22","purchased_purges":5,"victory":true,"max_hp_per_floor":[72,72,77,77,77,77,77,77,77,77,77,77,77,77,77,77,77,77,77,77,77,77,77,77,77,77,77,77,77,77,77,77,77,77,77,77,77,77,77,77,77,77,77,77,77,77,77,77,77,77,77,77,77,77,77],"card_choices":[{"not_picked":["theMarked:RogueSparks","theMarked:BanishingStrike","theMarked:WardOff"],"picked":"SKIP","floor":1},{"not_picked":["theMarked:Electrocute","theMarked:TwofoldDefense","theMarked:WastefulAttack","theMarked:StartUp","theMarked:BanishingStrike"],"picked":"SKIP","floor":5},{"not_picked":["theMarked:Aftermath","theMarked:WastefulAttack","theMarked:Overthink","theMarked:LightningStrikesTwice"],"picked":"theMarked:BiggerThanFate","floor":6},{"not_picked":["theMarked:Aftermath","theMarked:SwordAndMagic","theMarked:Parry","theMarked:ResourceFulStrike","theMarked:LightningStrikesTwice"],"picked":"SKIP","floor":8},{"not_picked":["theMarked:HeightenedSenses","theMarked:ChainLightning","theMarked:Maelstrom","theMarked:EmpowerWeapon","theMarked:TwofoldDefense"],"picked":"SKIP","floor":10},{"not_picked":["theMarked:HeightenedSenses","theMarked:ChainLightning","theMarked:Maelstrom","theMarked:EmpowerWeapon","theMarked:TwofoldDefense"],"picked":"SKIP","floor":10},{"not_picked":["theMarked:SwordAndMagic","theMarked:Overcharge","theMarked:Indomitable","theMarked:Frustration","theMarked:ElectricStrings"],"picked":"SKIP","floor":12},{"not_picked":["theMarked:SwordAndMagic","theMarked:Indomitable","theMarked:Frustration","theMarked:ElectricStrings"],"picked":"theMarked:Overcharge","floor":12},{"not_picked":["theMarked:StartUp","theMarked:EnhanceMovement","theMarked:Convert","theMarked:HeightenedSenses","theMarked:ContemptForTheProud"],"picked":"theMarked:ChannelForce","floor":14},{"not_picked":["theMarked:Levitate","theMarked:BiggerThanFate","theMarked:MagusForm","theMarked:Snap","theMarked:Toughness"],"picked":"theMarked:ThrowWeapon","floor":16},{"not_picked":["theMarked:Convert+1","theMarked:Polarize","theMarked:Frustration","theMarked:Improvise","theMarked:Electrocute","theMarked:Heritage"],"picked":"SKIP","floor":18},{"not_picked":["theMarked:TakeCover","theMarked:HeightenedSenses","theMarked:Frustration","theMarked:Levitate","theMarked:ComboAttacks","theMarked:EnhanceMovement"],"picked":"SKIP","floor":19},{"not_picked":["theMarked:Frustration+1","theMarked:KeepCalmAndFight","theMarked:TakeOffHeels","theMarked:WardOff+1","theMarked:ResourceFulStrike"],"picked":"theMarked:Heritage+1","floor":22},{"not_picked":["theMarked:EnhanceMovement","theMarked:UnarmedFury","theMarked:Generate+1","theMarked:TwofoldDefense","theMarked:Reabsorb","theMarked:EmpowerWeapon"],"picked":"SKIP","floor":23},{"not_picked":["theMarked:Aftermath","theMarked:SwordAndMagic","theMarked:Frustration","theMarked:EmpowerWeapon","theMarked:TwofoldDefense+1"],"picked":"theMarked:Memento","floor":28},{"not_picked":["theMarked:RepellingDischarge+1","theMarked:Frustration","theMarked:GodGivenPower","theMarked:TakeCover","theMarked:WastefulAttack","theMarked:SelfDefenseTraining+1"],"picked":"SKIP","floor":29},{"not_picked":["theMarked:HeightenedSenses","theMarked:ComboAttacks","theMarked:Parkour","theMarked:Reabsorb","theMarked:RepellingDischarge","theMarked:EmpowerWeapon"],"picked":"SKIP","floor":31},{"not_picked":["theMarked:Defy","theMarked:TurnInvisible","theMarked:UnarmedFury","theMarked:TakeOffHeels","theMarked:DispelDoubt"],"picked":"theMarked:Challenge","floor":33},{"not_picked":["theMarked:WastefulAttack","theMarked:EmpowerWeapon+1","theMarked:Standoff","theMarked:RepellingDischarge+1","theMarked:Aftermath+1","theMarked:SwordAndMagic+1"],"picked":"SKIP","floor":35},{"not_picked":["theMarked:Standoff","theMarked:WardOff","theMarked:Abjuration","theMarked:TakeCover","theMarked:ChainLightning+1","theMarked:Parkour"],"picked":"SKIP","floor":37},{"not_picked":["theMarked:Improvise+1","theMarked:TunnelVision+1","theMarked:Standoff","theMarked:Frustration","theMarked:HeightenedSenses"],"picked":"theMarked:Seal+1","floor":39},{"not_picked":["theMarked:ChainLightning","theMarked:Opportunist+1","theMarked:SwordAndMagic+1","theMarked:OneWithTheBlade","theMarked:WastefulAttack+1"],"picked":"theMarked:Determination+1","floor":40},{"not_picked":["theMarked:StartUp+1","theMarked:Frustration+1","theMarked:Parkour","theMarked:ComboAttacks+1","theMarked:EmpowerWeapon","theMarked:TakeCover"],"picked":"SKIP","floor":42},{"not_picked":["theMarked:WastefulAttack+1","theMarked:TakeOffHeels","theMarked:ResourceFulStrike","theMarked:ElectricStrings+1","theMarked:Seal"],"picked":"theMarked:Memento+1","floor":44},{"not_picked":["theMarked:Parkour+1","theMarked:PowerFlow","theMarked:WardOff","theMarked:ShockingTouch","theMarked:ThrowWeapon"],"picked":"theMarked:Vacuum","floor":46},{"not_picked":["theMarked:Convert+1","theMarked:AttractMetal","theMarked:Overcharge+1","theMarked:Parkour","theMarked:Determination+1","theMarked:EmpowerWeapon+1"],"picked":"SKIP","floor":47},{"not_picked":["theMarked:BanishingStrike+1","theMarked:Polarize","theMarked:Overthink+1","theMarked:BiggerThanFate+1","theMarked:ResourceFulStrike","theMarked:AttractMetal+1"],"picked":"SKIP","floor":54}],"player_experience":898096,"relics_obtained":[{"floor":1,"key":"SynthV:TestCard"},{"floor":6,"key":"Whetstone"},{"floor":9,"key":"AT_BellowingDragoncrestRing"},{"floor":11,"key":"Anchor"},{"floor":14,"key":"Incense Burner"},{"floor":23,"key":"Centennial Puzzle"},{"floor":31,"key":"Lizard Tail"},{"floor":40,"key":"Bottled Lightning"},{"floor":43,"key":"White Beast Statue"},{"floor":44,"key":"PreservedInsect"},{"floor":54,"key":"Bag of Marbles"}],"event_choices":[{"damage_healed":0,"gold_gain":0,"player_choice":"Success","damage_taken":12,"relics_obtained":["Pantograph"],"max_hp_gain":0,"max_hp_loss":0,"event_name":"Scrap Ooze","floor":2,"gold_loss":0},{"damage_healed":0,"gold_gain":0,"player_choice":"Donut","damage_taken":0,"max_hp_gain":5,"max_hp_loss":0,"event_name":"Big Fish","floor":3,"gold_loss":0},{"damage_healed":0,"gold_gain":0,"cards_transformed":["theMarked:Defend"],"player_choice":"Change","damage_taken":0,"max_hp_gain":0,"max_hp_loss":0,"event_name":"Living Wall","floor":4,"gold_loss":0,"cards_obtained":["theMarked:Heritage"]},{"damage_healed":0,"gold_gain":0,"player_choice":"Relic","damage_taken":0,"max_hp_gain":0,"max_hp_loss":0,"event_name":"Wheel of Change","floor":11,"gold_loss":0},{"damage_healed":0,"gold_gain":0,"player_choice":"Copied","damage_taken":0,"max_hp_gain":0,"max_hp_loss":0,"event_name":"Duplicator","floor":20,"gold_loss":0,"cards_obtained":["theMarked:BindingBlade"]},{"damage_healed":0,"gold_gain":99,"player_choice":"Stole From Cult","damage_taken":0,"max_hp_gain":0,"max_hp_loss":0,"event_name":"Nest","floor":27,"gold_loss":0},{"cards_removed":["theMarked:Strike"],"damage_healed":0,"gold_gain":0,"player_choice":"Purged","damage_taken":0,"max_hp_gain":0,"max_hp_loss":0,"event_name":"Purifier","floor":36,"gold_loss":0},{"damage_healed":0,"gold_gain":0,"player_choice":"Got Potions","damage_taken":0,"max_hp_gain":0,"max_hp_loss":0,"event_name":"Lab","floor":45,"gold_loss":0}],"is_beta":false,"boss_relics":[{"not_picked":["DemoMod:RiddleOfLead","testmod-DeterminationOfClimber"],"picked":"JellyFishMachine"},{"not_picked":["Runic Dome","BloodWine"],"picked":"SacredBark"}],"items_purged_floors":[13,21,24,30,48],"is_endless":false,"potions_floor_spawned":[1,10,12,14,18,23,31,40,42,44,46,47,54],"ascension_level":0}}