{"host":"og21o26alpnbwmz8","time":1613748575,"event":{"mods":["2.2 Compatiblity","A Magickal Journey","Act Like it!","Aspiration","BaseMod","Conspire","Downfall","Gensokyo","GungeonMod","Halation","Hubris","Jedi Mod","Mimic Mod","Minty Spire (QoL Compilation)","Pale of the Ancients","Reliquary","Replay The Spire","Shop Mod","Spikes Relics","StSLib","The Alterego","The Animator","The Blue Laboratory","The Exalted","The Florist","The Poker Player","Waifu the Spire","Yuri Mod"],"gold_per_floor":[114,214,54,6,6,40,40,59,134,145,145,156,166,14,14,109,109,109,109],"floor_reached":18,"language":"ENG","playtime":471,"items_purged":[],"score":185,"play_id":"7287724f-c032-4b01-a2ab-e657bcbcc9c1","local_time":"20210219102935","is_ascension_mode":false,"campfire_choices":[{"data":"Bromod:OrganShatter","floor":7,"key":"SMITH"},{"data":"Bromod:BodyCount","floor":11,"key":"SMITH"},{"data":"Bromod:FashionFrame","floor":15,"key":"SMITH"}],"circlet_count":0,"master_deck":["Bromod:Defend_Bro","Bromod:Defend_Bro","Bromod:Defend_Bro","Bromod:Defend_Bro","Bromod:SlashDash","Bromod:SlashDash","Bromod:SlashDash","Bromod:PointStrike","Bromod:PointStrike","Riddle With Holes","m_BronzeAgony","Atom Bomb","Bromod:OrganShatter+1","Bromod:BodyCount+1","Bromod:BodyCount","Bromod:FashionFrame+1","Bromod:Blaze"],"relics":["Bromod:Ordis","Bromod:AscarisDevice","NeowsBlessing","Gensokyo:BookOfSpecters","Juzu Bracelet","reliquary:RedPaperclip"],"acts_visited":["Exordium","Gensokyo:Gensokyo"],"potions_floor_usage":[13],"damage_taken":[{"damage":0,"enemies":"Gensokyo:Python","floor":1,"turns":1},{"damage":0,"enemies":"Gensokyo:Aya","floor":6,"turns":1},{"damage":0,"enemies":"Gensokyo:3_Fairies","floor":8,"turns":1},{"damage":2,"enemies":"Gensokyo:2_Kodama","floor":10,"turns":4},{"damage":21,"enemies":"Gensokyo:Gryphon_and_Rabbit","floor":12,"turns":4},{"damage":5,"enemies":"Gensokyo:3_Kodama","floor":13,"turns":3},{"damage":32,"enemies":"Gensokyo:Reimu","floor":16,"turns":7},{"damage":16,"enemies":"Gensokyo:3_Dogs","floor":18,"turns":2}],"seed_played":"4016896412297840596","potions_obtained":[{"floor":6,"key":"Strength Potion"},{"floor":8,"key":"BlessingOfTheForge"},{"floor":12,"key":"Bromod:AmmoRestore"}],"is_trial":false,"path_per_floor":["M","?","?","$","?","E","R","M","T","M","R","M","M","$","R","B",null,"M"],"character_chosen":"THE_EXALTED","items_purchased":["Bromod:PointStrike","Juzu Bracelet"],"campfire_rested":0,"item_purchase_floors":[4,14],"current_hp_per_floor":[75,75,75,75,75,75,75,75,75,73,73,52,47,47,47,15,75,59,59],"gold":109,"neow_bonus":"THREE_ENEMY_KILL","is_daily":false,"chose_seed":false,"campfire_upgraded":3,"win_rate":0.0,"timestamp":1613748575,"path_taken":["M","?","?","$","?","E","R","M","T","M","R","?","?","?","R","BOSS","M"],"items_purchased_type":["Card","Relic"],"build_version":"2020-12-22","purchased_purges":0,"victory":false,"max_hp_per_floor":[75,75,75,75,75,75,75,75,75,75,75,75,75,75,75,75,75,75,75],"card_choices":[{"not_picked":["Bromod:ArchwingLauncher","Bromod:SlipMagazine"],"picked":"Bromod:PointStrike","floor":1},{"not_picked":["Bromod:ArchwingLauncher","Bromod:SlashDash"],"picked":"Bromod:OrganShatter","floor":6},{"not_picked":["Bromod:Vitality","Bromod:FastHands"],"picked":"Bromod:BodyCount","floor":8},{"not_picked":["Bromod:ShatteringImpact","Bromod:Fury"],"picked":"Bromod:BodyCount","floor":10},{"not_picked":["Bromod:Foundry","Bromod:Patagium","Bromod:Fury"],"picked":"SKIP","floor":12},{"not_picked":["Bromod:PressurePoint","Bromod:SlashDash"],"picked":"Bromod:FashionFrame","floor":13},{"not_picked":["Bromod:Berserker","Bromod:Continuity"],"picked":"Bromod:Blaze","floor":16}],"player_experience":359862,"relics_obtained":[{"floor":6,"key":"DemoMod:ChaffGrenade"},{"floor":9,"key":"Mummified Hand"}],"event_choices":[],"is_beta":false,"boss_relics":[{"not_picked":["reliquary:WritOfMandamus","Tiny House"],"picked":"reliquary:RedPaperclip"}],"items_purged_floors":[],"is_endless":false,"potions_floor_spawned":[6,8,12],"killed_by":"Gensokyo:3_Dogs","ascension_level":0}}