{"host":"u7lm8z2rvb4dg2oo","time":1613774281,"event":{"mods":["AchievementEnabler","BaseMod","Bestiary","Block Reminder","Colored Map","Colored Powertips","Curses Come First","DeckTracker","Googly Eyes","Highlight Path","Minty Spire (QoL Compilation)","Quick Restart","StSLib"],"gold_per_floor":[116,96,116,131,131,131,163,177,223,239,239,239],"floor_reached":11,"language":"ENG","playtime":429,"items_purged":[],"score":139,"play_id":"3d9a359f-4c75-4179-b13d-626cfc176205","local_time":"20210219173801","is_ascension_mode":true,"campfire_choices":[{"data":"Caltrops","floor":6.0,"key":"SMITH"}],"circlet_count":0,"master_deck":["AscendersBane","Strike_G","Strike_G","Strike_G","Strike_G","Strike_G","Defend_G","Defend_G","Defend_G","Defend_G","Defend_G","Survivor","Neutralize","Terror+1","Deadly Poison","Caltrops+1","Blade Dance","Catalyst"],"relics":["Ring of the Snake","NeowsBlessing","Kunai","Blood Vial"],"acts_visited":["Exordium"],"potions_floor_usage":[11],"damage_taken":[{"damage":0.0,"enemies":"Jaw Worm","floor":1.0,"turns":1.0},{"damage":0.0,"enemies":"Cultist","floor":3.0,"turns":1.0},{"damage":0.0,"enemies":"2 Louse","floor":4.0,"turns":1.0},{"damage":29.0,"enemies":"3 Sentries","floor":7.0,"turns":11.0},{"damage":27,"enemies":"Gremlin Gang","floor":8,"turns":5},{"damage":12,"enemies":"Large Slime","floor":10,"turns":5},{"damage":28,"enemies":"Lagavulin","floor":11,"turns":3}],"seed_played":"-2433467372367395656","potions_obtained":[{"floor":1.0,"key":"Regen Potion"},{"floor":2.0,"key":"ColorlessPotion"},{"floor":3.0,"key":"Block Potion"},{"floor":10,"key":"Strength Potion"}],"is_trial":false,"path_per_floor":["M","?","M","M","?","R","E","M","T","M","E"],"character_chosen":"THE_SILENT","items_purchased":[],"campfire_rested":0,"item_purchase_floors":[],"current_hp_per_floor":[59,59,59,59,59,59,45,18,18,8,0,0],"gold":239,"neow_bonus":"THREE_ENEMY_KILL","is_daily":false,"chose_seed":false,"campfire_upgraded":1,"win_rate":0.0,"timestamp":1613774281,"path_taken":["M","?","M","?","?","R","E","M","T","?","E"],"items_purchased_type":[],"build_version":"2020-12-22","purchased_purges":0,"victory":false,"max_hp_per_floor":[66,66,66,66,66,66,66,66,66,66,66,66],"card_choices":[{"not_picked":["Riddle With Holes","Underhanded Strike"],"picked":"Terror","floor":1.0},{"not_picked":["Cloak And Dagger","Poisoned Stab"],"picked":"Deadly Poison","floor":3.0},{"not_picked":["Deflect","Night Terror"],"picked":"Caltrops","floor":4.0},{"not_picked":["Infinite Blades","PiercingWail"],"picked":"Blade Dance","floor":7.0},{"not_picked":["Dagger Throw","Bane"],"picked":"Catalyst","floor":8},{"not_picked":["Dodge and Roll","Concentrate","Dagger Spray"],"picked":"SKIP","floor":10}],"player_experience":1120993,"relics_obtained":[{"floor":7.0,"key":"Kunai"},{"floor":9,"key":"Blood Vial"}],"event_choices":[{"damage_healed":0.0,"max_hp_gain":0.0,"max_hp_loss":0.0,"gold_gain":0.0,"event_name":"The Woman in Blue","player_choice":"Bought 1 Potion","floor":2.0,"gold_loss":0.0,"damage_taken":0.0},{"damage_healed":0.0,"max_hp_gain":0.0,"max_hp_loss":0.0,"gold_gain":0.0,"event_name":"Upgrade Shrine","player_choice":"Upgraded","floor":5.0,"gold_loss":0.0,"damage_taken":0.0,"cards_upgraded":["Terror"]}],"is_beta":false,"boss_relics":[],"items_purged_floors":[],"is_endless":false,"potions_floor_spawned":[1,3,4,10],"killed_by":"Lagavulin","ascension_level":17}}