{"host":"egwexuw5uvnxf11j","time":1613709446,"event":{"mods":["2.2 Compatiblity","Aspiration","BaseMod","Better Note","Better Sensory Stone","Better Third Choice","Displayed Cursed Tome","Downfall","Hermit","Key Reminder","Koishi","Marisa????????","Minty Spire (QoL Compilation)","Quick Restart","Shade Mod","Spicy Shops","StSLib","The Construct","The Cursed","The Runesmith","The Senshi","The Servant 0.9.4","Transform Curses"],"gold_per_floor":[117,131,143,163,71,105,119,133,205,205,235,246,84,102,102,197,197,207,224,18,37,37,37,53,53,77,77,92,92,109,119,119,119,119],"floor_reached":33,"language":"ENG","playtime":1642,"items_purged":[],"score":343,"play_id":"678d7923-70cb-4ca2-8bb9-845dc6870aad","local_time":"20210218233726","is_ascension_mode":true,"campfire_choices":[{"floor":10,"key":"REST"},{"floor":15,"key":"REST"},{"floor":23,"key":"REST"},{"floor":27,"key":"REST"},{"floor":29,"key":"REST"},{"floor":32,"key":"REST"}],"circlet_count":0,"master_deck":["Strike_P","Strike_P","Strike_P","Defend_P","Defend_P","Defend_P","Defend_P","Eruption","Vigilance","Evaluate","CutThroughFate","FearNoEvil","Consecrate","EmptyFist","WindmillStrike","PathToVictory","FlurryOfBlows","JustLucky","MasterReality","Weave","SashWhip","PathToVictory","DevaForm","FlurryOfBlows","ReachHeaven+1","Nirvana","FlurryOfBlows","InnerPeace","ThirdEye","Evaluate+1","PathToVictory","CutThroughFate+1","MentalFortress+1"],"relics":["PureWater","Runesmith:AutoHammer","Shuriken","Pen Nib","keyreminder:keyreminder","GoldenEye","Empty Cage","Strawberry"],"acts_visited":["Exordium","TheCity"],"potions_floor_usage":[11,21,21,24,24,28,33],"damage_taken":[{"damage":0,"enemies":"Cultist","floor":1,"turns":4},{"damage":0,"enemies":"Small Slimes","floor":2,"turns":3},{"damage":1,"enemies":"2 Louse","floor":3,"turns":5},{"damage":6,"enemies":"Looter","floor":4,"turns":2},{"damage":17,"enemies":"3 Sentries","floor":6,"turns":8},{"damage":3,"enemies":"Blue Slaver","floor":7,"turns":2},{"damage":1,"enemies":"2 Fungi Beasts","floor":8,"turns":3},{"damage":16,"enemies":"Lagavulin","floor":11,"turns":5},{"damage":6,"enemies":"Large Slime","floor":12,"turns":4},{"damage":4,"enemies":"Exordium Wildlife","floor":14,"turns":3},{"damage":5,"enemies":"Slime Boss","floor":16,"turns":5},{"damage":36,"enemies":"3 Byrds","floor":18,"turns":5},{"damage":6,"enemies":"Chosen","floor":19,"turns":4},{"damage":51,"enemies":"Shelled Parasite and Fungi","floor":21,"turns":4},{"damage":18,"enemies":"Snecko","floor":24,"turns":4},{"damage":11,"enemies":"Sentry and Sphere","floor":28,"turns":3},{"damage":39,"enemies":"Snake Plant","floor":30,"turns":4},{"damage":7,"enemies":"Centurion and Healer","floor":31,"turns":6},{"damage":51,"enemies":"Collector","floor":33,"turns":6}],"seed_played":"5303925043014795420","potions_obtained":[{"floor":1,"key":"hexamod:SoulburnPotion"},{"floor":6,"key":"Ancient Potion"},{"floor":11,"key":"Fruit Juice"},{"floor":18,"key":"Regen Potion"},{"floor":21,"key":"AttackPotion"},{"floor":24,"key":"BottledMiracle"},{"floor":31,"key":"BottledMiracle"}],"is_trial":false,"path_per_floor":["M","M","M","M","$","E","M","M","T","R","E","M","$","M","R","B",null,"M","M","$","M","?","R","M","?","T","R","M","R","M","M","R","B"],"character_chosen":"WATCHER","items_purchased":["EmptyFist","WindmillStrike","GoldenEye","SashWhip","Nirvana","FlurryOfBlows","InnerPeace"],"campfire_rested":6,"item_purchase_floors":[5,5,13,13,20,20,20],"current_hp_per_floor":[79,79,78,72,72,55,52,51,51,74,63,57,57,53,78,73,84,48,42,42,3,3,28,10,10,17,44,33,60,21,14,41,0,0],"gold":119,"neow_bonus":"TEN_PERCENT_HP_BONUS","is_daily":false,"chose_seed":false,"campfire_upgraded":0,"win_rate":0.0,"timestamp":1613709446,"path_taken":["M","M","M","M","$","E","M","M","T","R","E","M","?","?","R","BOSS","M","M","$","M","?","R","M","?","T","R","M","R","M","M","R","BOSS"],"items_purchased_type":["Card","Card","Relic","Card","Card","Card","Card"],"build_version":"2020-12-22","purchased_purges":0,"victory":false,"max_hp_per_floor":[79,79,79,79,79,79,79,79,79,79,84,84,84,84,84,84,84,84,84,84,84,84,84,84,84,91,91,91,91,91,91,91,91,91],"card_choices":[{"not_picked":["ForeignInfluence","Perseverance"],"picked":"Evaluate","floor":1},{"not_picked":["Nirvana","ClearTheMind"],"picked":"CutThroughFate","floor":2},{"not_picked":["CrushJoints","Prostrate"],"picked":"FearNoEvil","floor":3},{"not_picked":["Crescendo","Vengeance"],"picked":"Consecrate","floor":4},{"not_picked":["ThirdEye","WreathOfFlame"],"picked":"PathToVictory","floor":6},{"not_picked":["SashWhip","Evaluate"],"picked":"FlurryOfBlows","floor":7},{"not_picked":["CutThroughFate","Evaluate"],"picked":"JustLucky","floor":8},{"not_picked":["EmptyFist","SpiritShield"],"picked":"MasterReality","floor":11},{"not_picked":["Perseverance","CrushJoints"],"picked":"Weave","floor":12},{"not_picked":["Wireheading","FollowUp"],"picked":"PathToVictory","floor":14},{"not_picked":["DeusExMachina","MasterReality"],"picked":"DevaForm","floor":16},{"not_picked":["ClearTheMind","CutThroughFate"],"picked":"FlurryOfBlows","floor":18},{"not_picked":["SandsOfTime","WreathOfFlame"],"picked":"ReachHeaven+1","floor":19},{"not_picked":["SashWhip+1","Alpha"],"picked":"ThirdEye","floor":21},{"not_picked":["Protect","WaveOfTheHand"],"picked":"Evaluate+1","floor":24},{"not_picked":["CarveReality+1","EmptyFist"],"picked":"PathToVictory","floor":28},{"not_picked":["Prostrate","WreathOfFlame"],"picked":"CutThroughFate+1","floor":30},{"not_picked":["SandsOfTime","SashWhip"],"picked":"MentalFortress+1","floor":31}],"player_experience":2102837,"relics_obtained":[{"floor":6,"key":"Runesmith:AutoHammer"},{"floor":9,"key":"Shuriken"},{"floor":11,"key":"Pen Nib"},{"floor":26,"key":"Strawberry"}],"event_choices":[{"damage_healed":0,"gold_gain":0,"player_choice":"Ignored","damage_taken":0,"max_hp_gain":0,"max_hp_loss":0,"event_name":"Cursed Tome","floor":22,"gold_loss":0}],"is_beta":false,"boss_relics":[{"not_picked":["Black Star","aspiration:RitualDagger"],"picked":"Empty Cage"}],"items_purged_floors":[],"is_endless":false,"potions_floor_spawned":[1,4,6,11,18,21,24,31],"killed_by":"Collector","ascension_level":4}}