{"host":"kqmpijrcxbgb80ry","time":1613702449,"event":{"mods":["BaseMod","Colored Map","Colored Powertips","Duelist Mod","Hermit","Highlight Path","Hubris","Infinite Spire","Mimic Mod","Minty Spire (QoL Compilation)","Permanent Neow","Replay The Spire","Shop Mod","StSLib","SuperFastMode"],"gold_per_floor":[112,129,146,146,146,189,201,231,270,293,161,197,232,88,88,191,191,208,228,228,228,228,240,165,185,210,210,210],"floor_reached":27,"language":"ENG","playtime":1273,"items_purged":[],"score":248,"play_id":"ee491615-c173-4e07-a80d-50c82ec3c11b","local_time":"20210218214049","is_ascension_mode":false,"campfire_choices":[{"floor":15,"key":"REST"}],"circlet_count":0,"master_deck":["Strike_B","Strike_B","Defend_B","Defend_B","Defend_B","Defend_B","Zap+1","Dualcast","Gash","Leap","Hologram","BootSequence"],"relics":["Cracked Core","Dream Catcher","MawBank","hubris:EvacipatedBox","Gremlin Horn","Pen Nib","Strawberry","infinitespire:Broken Mirror","Replay:Baseball","hubris:Backtick","Singing Bowl","Raider\u0027s Mask","Akabeko"],"acts_visited":["Exordium","TheCity"],"potions_floor_usage":[16,16,19,23],"damage_taken":[{"damage":0,"enemies":"2 Louse","floor":1,"turns":2},{"damage":0,"enemies":"Cultist","floor":2,"turns":2},{"damage":0,"enemies":"Jaw Worm","floor":3,"turns":3},{"damage":10,"enemies":"Replay:BlueRogue","floor":6,"turns":6},{"damage":2,"enemies":"Looter","floor":8,"turns":3},{"damage":2,"enemies":"3 Louse","floor":10,"turns":3},{"damage":18,"enemies":"Lagavulin","floor":13,"turns":6},{"damage":35,"enemies":"Hexaghost","floor":16,"turns":11},{"damage":2,"enemies":"Shell Parasite","floor":18,"turns":5},{"damage":20,"enemies":"Spheric Guardian","floor":19,"turns":5},{"damage":54,"enemies":"Snecko","floor":23,"turns":10},{"damage":8,"enemies":"Centurion and Healer","floor":25,"turns":10},{"damage":6,"enemies":"Snake Plant","floor":27,"turns":2}],"seed_played":"7728668160765033287","potions_obtained":[{"floor":8,"key":"EssenceOfSteel"},{"floor":10,"key":"Strength Potion"},{"floor":12,"key":"LiquidBronze"},{"floor":16,"key":"FearPotion"},{"floor":18,"key":"Elixir"},{"floor":23,"key":"SteroidPotion"}],"is_trial":false,"path_per_floor":["M","M","M","?","$","E","?","M","T","M","$","?","E","$","R","B",null,"M","M","AVR","?","?","M","?","M","T","M"],"character_chosen":"DEFECT","items_purchased":["MawBank","hubris:EvacipatedBox","Strawberry","Replay:Baseball"],"campfire_rested":1,"item_purchase_floors":[5,5,11,14],"current_hp_per_floor":[75,75,75,75,46,36,36,34,34,32,39,39,21,21,45,10,82,82,64,64,64,64,12,12,6,6,0,0],"gold":210,"neow_bonus":"RANDOM_COMMON_RELIC","is_daily":false,"chose_seed":false,"campfire_upgraded":0,"win_rate":0.0,"timestamp":1613702449,"path_taken":["M","M","M","?","?","E","?","M","T","M","$","?","E","$","R","BOSS","M","M","AVR","?","?","M","?","M","T","M"],"items_purchased_type":["Relic","Relic","Relic","Relic"],"build_version":"2020-12-22","purchased_purges":0,"victory":false,"max_hp_per_floor":[75,75,75,75,75,75,75,75,75,75,82,82,82,82,82,82,82,84,86,86,86,86,88,88,90,90,90,90],"card_choices":[{"not_picked":["Turbo","Streamline"],"picked":"Gash","floor":1},{"not_picked":["Amplify","Compile Driver"],"picked":"Leap","floor":2},{"not_picked":["Sunder","Barrage","Blizzard"],"picked":"SKIP","floor":3},{"not_picked":["ReplayTheSpireMod:Reroute Power","Redo"],"picked":"Hologram","floor":6},{"not_picked":["ReplayTheSpireMod:System Scan","Tempest","Lockon"],"picked":"SKIP","floor":8},{"not_picked":["Ball Lightning","Chill","Compile Driver"],"picked":"SKIP","floor":10},{"not_picked":["hubris:PowerSurge","Reboot"],"picked":"BootSequence","floor":13},{"not_picked":["Rip and Tear+1","Go for the Eyes","Beam Cell"],"picked":"Singing Bowl","floor":18},{"not_picked":["Turbo","Rebound+1","Conserve Battery"],"picked":"Singing Bowl","floor":19},{"not_picked":["Barrage+1","Cold Snap","Sweeping Beam"],"picked":"Singing Bowl","floor":23},{"not_picked":["Compile Driver","Steam Power","Static Discharge"],"picked":"Singing Bowl","floor":25}],"player_experience":375859,"relics_obtained":[{"floor":6,"key":"Gremlin Horn"},{"floor":9,"key":"Pen Nib"},{"floor":13,"key":"infinitespire:Broken Mirror"},{"floor":26,"key":"Akabeko"}],"event_choices":[{"damage_healed":0,"gold_gain":0,"player_choice":"Forge","damage_taken":0,"max_hp_gain":0,"max_hp_loss":0,"event_name":"Accursed Blacksmith","floor":4,"gold_loss":0,"cards_upgraded":["Zap"]},{"cards_removed":["Strike_B"],"damage_healed":0,"gold_gain":0,"player_choice":"Gave Gold","damage_taken":0,"max_hp_gain":0,"max_hp_loss":0,"event_name":"Beggar","floor":24,"gold_loss":75}],"is_beta":false,"boss_relics":[{"not_picked":["FrozenCore","SacredBark","infinitespire:Cupcake"],"picked":"hubris:Backtick"}],"items_purged_floors":[],"is_endless":false,"potions_floor_spawned":[8,10,13,16,18,23],"killed_by":"Snake Plant","ascension_level":0}}