{"host":"j37i0m9ltjmpbz2t","time":1613707146,"event":{"mods":["BaseMod","Minty Spire (QoL Compilation)","StSLib","WarShipGirlsR/’ΩΩ¢…Ÿ≈ÆR mod"],"gold_per_floor":[10014,10114,10128,10148,113,113,151,151,202,202,122,132,141,166,166,247,247,275,275,302,302,302,302,327,327,627,542,561,595,595,19,19,100,100,115,143,152,152,233,233,267,22,22,56,88,111,111,132,132,132,132,132,12,41,41],"floor_reached":56,"language":"ZHS","playtime":1919,"items_purged":["rmod:strick","rmod:strick","rmod:strick+1","rmod:defend"],"score":2669,"play_id":"b4f588b0-abae-446c-ae3a-bd153d787b88","local_time":"20210219115905","is_ascension_mode":true,"campfire_choices":[{"floor":6.0,"key":"DIG"},{"data":"rmod:basicallowance","floor":8.0,"key":"SMITH"},{"floor":10.0,"key":"DIG"},{"floor":15.0,"key":"DIG"},{"floor":23.0,"key":"DIG"},{"floor":25.0,"key":"DIG"},{"floor":30.0,"key":"DIG"},{"floor":32.0,"key":"RECALL"},{"data":"1","floor":47.0,"key":"LIFT"},{"data":"2","floor":49,"key":"LIFT"},{"data":"3","floor":52,"key":"LIFT"}],"circlet_count":7,"master_deck":["AscendersBane","rmod:strick+1","rmod:defend+1","rmod:defend","rmod:defend","rmod:basicallowance+1","rmod:maingunfire","rmod:aviationdawn+1","rmod:firesupport","rmod:fuelsupply+1","rmod:seals+1","rmod:ridicule+1","rmod:mineteam+1","rmod:lastglory+1","rmod:expeditionaryescort+1","rmod:acesubmarine+1","rmod:fuelsupply+1","Deep Breath+1","rmod:highspeedmaneuver+1","rmod:ring+1"],"relics":["The Courier","Oddly Smooth Stone","Nunchaku","Letter Opener","Sling","Ancient Tea Set","Eternal Feather","PreservedInsect","Mummified Hand","Toy Ornithopter","Regal Pillow","White Beast Statue","Mercury Hourglass","Potion Belt","Shovel","Du-Vu Doll","Matryoshka","StrikeDummy","Omamori","Bag of Preparation","Unceasing Top","Gremlin Horn","InkBottle","Blue Candle","Darkstone Periapt","Centennial Puzzle","Blood Vial","Happy Flower","Meat on the Bone","rmod:equipmentrecovery","Pen Nib","Singing Bowl","Bottled Lightning","Orichalcum","War Paint","CeramicFish","Art of War","Bird Faced Urn","Whetstone","Lantern","Tiny Chest","Gambling Chip","HornCleat","Anchor","rmod:extraamm","Frozen Egg 2","Juzu Bracelet","Boot","Bag of Marbles","MealTicket","Vajra","Toxic Egg 2","Strawberry","Sundial","Question Card","Lizard Tail","Pantograph","Shuriken","Bronze Scales","Molten Egg 2","Pear","FossilizedHelix","Kunai","Ornamental Fan","StoneCalendar","Ice Cream","Calipers","CaptainsWheel","Prayer Wheel","Philosopher\u0027s Stone","Turnip","Incense Burner","Girya","TungstenRod","Pocketwatch","Ginger","Old Coin","Mango","WingedGreaves","Thread and Needle","Medical Kit","rmod:quickrepair","rmod:mogul","Circlet","TheAbacus","PrismaticShard"],"acts_visited":["TheCity","TheBeyond","TheEnding"],"potions_floor_usage":[],"damage_taken":[{"damage":4.0,"enemies":"Jaw Worm","floor":1.0,"turns":4.0},{"damage":0.0,"enemies":"Small Slimes","floor":3.0,"turns":3.0},{"damage":8.0,"enemies":"2 Louse","floor":4.0,"turns":2.0},{"damage":0.0,"enemies":"Lagavulin","floor":7.0,"turns":1.0},{"damage":0.0,"enemies":"Blue Slaver","floor":12.0,"turns":1.0},{"damage":0.0,"enemies":"3 Sentries","floor":14.0,"turns":1.0},{"damage":0.0,"enemies":"Slime Boss","floor":16.0,"turns":2.0},{"damage":0.0,"enemies":"2 Thieves","floor":18.0,"turns":1.0},{"damage":0.0,"enemies":"Spheric Guardian","floor":22.0,"turns":1.0},{"damage":0.0,"enemies":"Gremlin Leader","floor":24.0,"turns":1.0},{"damage":0.0,"enemies":"Snake Plant","floor":28.0,"turns":1.0},{"damage":0.0,"enemies":"Book of Stabbing","floor":29.0,"turns":1.0},{"damage":0.0,"enemies":"Collector","floor":33.0,"turns":2.0},{"damage":0.0,"enemies":"Orb Walker","floor":35.0,"turns":1.0},{"damage":0.0,"enemies":"3 Darklings","floor":36.0,"turns":1.0},{"damage":0.0,"enemies":"Giant Head","floor":41.0,"turns":1.0},{"damage":0.0,"enemies":"Mind Bloom Boss Battle","floor":44.0,"turns":2.0},{"damage":0.0,"enemies":"Reptomancer","floor":45.0,"turns":1.0},{"damage":0.0,"enemies":"Writhing Mass","floor":48.0,"turns":1.0},{"damage":0,"enemies":"Awakened One","floor":50,"turns":4},{"damage":0,"enemies":"Shield and Spear","floor":54,"turns":1},{"damage":0,"enemies":"The Heart","floor":55,"turns":5}],"seed_played":"6716773257644172288","potions_obtained":[{"floor":4.0,"key":"PowerPotion"},{"floor":7.0,"key":"Fire Potion"},{"floor":12.0,"key":"Explosive Potion"},{"floor":14.0,"key":"LiquidBronze"},{"floor":16.0,"key":"Swift Potion"}],"is_trial":false,"path_per_floor":["M","?","M","M","$","R","E","R","T","R","$","M","?","E","R","B",null,"M","?","T","?","M","R","E","R","T","?","M","E","R","$","R","B",null,"M","M","?","T","T","?","E","$","T","?","E","T","R","M","R","B",null,"R","$","E","B",null],"character_chosen":"PRAEFECT","items_purchased":["Nunchaku","Letter Opener","Sling","Ancient Tea Set","Eternal Feather","PreservedInsect","Mummified Hand","rmod:aviationdawn","rmod:firesupport","Toy Ornithopter","Regal Pillow","White Beast Statue","Mercury Hourglass","Potion Belt","Shovel","Du-Vu Doll","Matryoshka","StrikeDummy","Omamori","Bag of Preparation","Unceasing Top","Gremlin Horn","InkBottle","Blue Candle","Darkstone Periapt","Centennial Puzzle","Blood Vial","Happy Flower","Meat on the Bone","rmod:equipmentrecovery","Pen Nib","Singing Bowl","Bottled Lightning","Orichalcum","War Paint","CeramicFish","Art of War","Bird Faced Urn","Whetstone","Lantern","Tiny Chest","Gambling Chip","HornCleat","Anchor","rmod:extraamm","Frozen Egg 2","Juzu Bracelet","Boot","Bag of Marbles","MealTicket","Vajra","Toxic Egg 2","Strawberry","Sundial","Question Card","Lizard Tail","Pantograph","Shuriken","Bronze Scales","Molten Egg 2","Pear","FossilizedHelix","Medical Kit","rmod:quickrepair","rmod:expeditionaryescort+1","TheAbacus","PrismaticShard"],"campfire_rested":0,"item_purchase_floors":[5,5,5,5,5,5,5,5,5,5,5,5,5,5,5,5,5,5,5,5,5,5,5,5,5,5,5,5,5,5,5,5,5,5,5,5,5,5,5,5,5,5,5,5,5,5,5,5,5,5,5,5,5,5,5,5,5,5,5,5,5,5,31,31,31,42,53],"current_hp_per_floor":[59,59,59,51,68,74,76,82,82,87,87,89,89,91,91,91,91,93,75,75,75,85,94,102,104,104,118,120,122,122,122,122,122,122,126,128,123,123,123,123,133,134,134,134,136,136,136,138,138,138,138,138,138,140,140],"gold":41,"neow_bonus":"RANDOM_COMMON_RELIC","is_daily":false,"chose_seed":false,"campfire_upgraded":1,"win_rate":0.0,"timestamp":1613707145,"path_taken":["M","?","?","M","$","R","E","R","T","R","?","M","?","E","R","BOSS","M","?","?","?","M","R","E","R","T","?","M","E","R","$","R","BOSS","M","M","?","?","?","?","E","$","T","?","E","?","R","M","R","BOSS","R","$","E","BOSS"],"items_purchased_type":["Relic","Relic","Relic","Relic","Relic","Relic","Relic","Card","Card","Relic","Relic","Relic","Relic","Relic","Relic","Relic","Relic","Relic","Relic","Relic","Relic","Relic","Relic","Relic","Relic","Relic","Relic","Relic","Relic","Relic","Relic","Relic","Relic","Relic","Relic","Relic","Relic","Relic","Relic","Relic","Relic","Relic","Relic","Relic","Relic","Relic","Relic","Relic","Relic","Relic","Relic","Relic","Relic","Relic","Relic","Relic","Relic","Relic","Relic","Relic","Relic","Relic","Relic","Relic","Card","Relic","Relic"],"build_version":"2020-12-22","purchased_purges":4,"victory":true,"max_hp_per_floor":[70,70,70,70,87,87,87,87,87,87,87,89,89,91,91,91,91,93,98,98,98,102,102,104,104,104,118,120,122,122,122,122,122,122,126,128,132,132,132,132,134,134,134,134,136,136,136,138,138,138,138,138,138,140,140],"card_choices":[{"not_picked":["rmod:fuelsupply","rmod:concentratefire","rmod:circuitoustactics"],"picked":"SKIP","floor":1.0},{"not_picked":["rmod:intelligenceanalysis","rmod:gendarmerie","rmod:slowdown"],"picked":"SKIP","floor":3.0},{"not_picked":["rmod:wasp","rmod:firesupport","rmod:diamondstrike"],"picked":"SKIP","floor":4.0},{"not_picked":["rmod:gendarmerie+1","rmod:supportescort+1","rmod:supportaircraftcarrier+1"],"picked":"rmod:fuelsupply+1","floor":7.0},{"not_picked":["rmod:chargemoney+1","rmod:supportaircraftcarrier+1","rmod:luckystar+1","rmod:ammunitionsupply+1"],"picked":"Singing Bowl","floor":12.0},{"not_picked":[],"picked":"rmod:seals","floor":13.0},{"not_picked":["rmod:timeschanged+1","rmod:guardianhero+1","rmod:advancebysurprise+1","rmod:maintain+1"],"picked":"Singing Bowl","floor":14.0},{"not_picked":["rmod:lastglory+1","rmod:secretscript+1","rmod:timeschanged+1"],"picked":"rmod:ridicule+1","floor":16.0},{"not_picked":["rmod:supportescort+1","rmod:goodfighter+1","rmod:combined+1"],"picked":"rmod:mineteam+1","floor":18.0},{"not_picked":["rmod:victimresponsibility+1","rmod:spoils+1","rmod:fletcherpendant+1","rmod:circuitoustactics+1"],"picked":"Singing Bowl","floor":18.0},{"not_picked":["rmod:highspeedshooting+1","rmod:tearstotiara+1","rmod:fuelsupply+1","rmod:unsinkable+1"],"picked":"Singing Bowl","floor":22.0},{"not_picked":["rmod:wolves+1","rmod:tearstotiara+1","rmod:fletcherpendant+1","rmod:aviationdawn+1"],"picked":"Singing Bowl","floor":22.0},{"not_picked":["rmod:salvage+1","rmod:tearstotiara+1","rmod:intelligenceanalysis+1","rmod:punchline+1"],"picked":"Singing Bowl","floor":24.0},{"not_picked":["rmod:wife+1","rmod:guardianhero+1","rmod:robin+1","rmod:maintain+1"],"picked":"Singing Bowl","floor":28.0},{"not_picked":["rmod:lastglory+1","rmod:salvage+1","rmod:firesupport+1","rmod:circuitoustactics+1"],"picked":"SKIP","floor":28.0},{"not_picked":["rmod:salvage+1","rmod:firesupport+1","rmod:circuitoustactics+1"],"picked":"rmod:lastglory+1","floor":28.0},{"not_picked":["rmod:victimresponsibility+1","rmod:salvage+1","rmod:capitalist+1","rmod:aviationdawn+1"],"picked":"Singing Bowl","floor":29.0},{"not_picked":["rmod:stealaluminum+1","rmod:secretscript+1","rmod:saltedfish+1"],"picked":"rmod:acesubmarine+1","floor":33.0},{"not_picked":["rmod:tearstotiara+1","rmod:highspeedshooting+1","rmod:circuitoustactics+1","rmod:aluminumsupply+1"],"picked":"Singing Bowl","floor":35.0},{"not_picked":["rmod:steelsupply+1","rmod:highspeedshooting+1","rmod:aluminumsupply+1","rmod:unsinkable+1"],"picked":"Singing Bowl","floor":35.0},{"not_picked":["rmod:unsinkable+1","rmod:garrisonisland+1","rmod:intelligenceanalysis+1"],"picked":"rmod:fuelsupply+1","floor":36.0},{"not_picked":["rmod:circuitoustactics+1","rmod:maintain+1","rmod:generalist+1","rmod:goodsister+1"],"picked":"Singing Bowl","floor":36.0},{"not_picked":["Blind+1","Swift Strike+1","Impatience+1","Metamorphosis+1"],"picked":"Singing Bowl","floor":37.0},{"not_picked":["Trip+1","Secret Technique+1","Mayhem+1"],"picked":"Deep Breath+1","floor":37.0},{"not_picked":["Blind+1","The Bomb+1","Apotheosis+1","Transmutation+1"],"picked":"Singing Bowl","floor":37.0},{"not_picked":["rmod:supportescort+1","rmod:circuitoustactics+1","rmod:overbreakdown+1","rmod:highspeedshooting+1"],"picked":"Singing Bowl","floor":41.0},{"not_picked":["rmod:ammunitionsupply+1","rmod:supportescort+1","rmod:slowdown+1"],"picked":"rmod:highspeedmaneuver+1","floor":44.0},{"not_picked":["rmod:abidefaith+1","rmod:ammunitionsupply+1","rmod:smokecover+1","rmod:supportaircraftcarrier+1"],"picked":"Singing Bowl","floor":45.0},{"not_picked":["rmod:slowdown+1","rmod:expedition+1","rmod:lonelyqueen+1"],"picked":"rmod:ring+1","floor":48.0},{"not_picked":["rmod:overbreakdown+1","rmod:goodsister+1","rmod:fletcherpendant+1","rmod:gendarmerie+1"],"picked":"Singing Bowl","floor":48.0},{"not_picked":["Sword Boomerang+1","Predator+1","Rage+1","Violence+1"],"picked":"Singing Bowl","floor":54}],"player_experience":237944,"relics_obtained":[{"floor":6.0,"key":"Kunai"},{"floor":7.0,"key":"Ornamental Fan"},{"floor":9.0,"key":"StoneCalendar"},{"floor":9.0,"key":"Ice Cream"},{"floor":10.0,"key":"Calipers"},{"floor":14.0,"key":"CaptainsWheel"},{"floor":15.0,"key":"Prayer Wheel"},{"floor":20.0,"key":"Turnip"},{"floor":20.0,"key":"Incense Burner"},{"floor":23.0,"key":"TungstenRod"},{"floor":24.0,"key":"Pocketwatch"},{"floor":25.0,"key":"Ginger"},{"floor":26.0,"key":"Old Coin"},{"floor":29.0,"key":"WingedGreaves"},{"floor":30.0,"key":"Thread and Needle"},{"floor":39.0,"key":"Circlet"},{"floor":41.0,"key":"Circlet"},{"floor":43.0,"key":"Circlet"},{"floor":44.0,"key":"Circlet"},{"floor":45.0,"key":"Circlet"},{"floor":46.0,"key":"Circlet"},{"floor":54,"key":"Circlet"}],"event_choices":[{"damage_healed":0.0,"max_hp_gain":0.0,"max_hp_loss":0.0,"gold_gain":100.0,"event_name":"Wheel of Change","player_choice":"Gold","floor":2.0,"gold_loss":0.0,"damage_taken":0.0},{"damage_healed":0.0,"max_hp_gain":5.0,"max_hp_loss":0.0,"gold_gain":0.0,"event_name":"Forgotten Altar","player_choice":"Shed Blood","floor":19.0,"gold_loss":0.0,"damage_taken":23.0},{"damage_healed":0.0,"max_hp_gain":0.0,"max_hp_loss":0.0,"gold_gain":0.0,"event_name":"The Mausoleum","player_choice":"Opened","floor":21.0,"gold_loss":0.0,"damage_taken":0.0,"relics_obtained":["Girya"]},{"damage_healed":0.0,"max_hp_gain":0.0,"max_hp_loss":0.0,"gold_gain":0.0,"event_name":"Addict","player_choice":"Obtained Relic","floor":27.0,"gold_loss":85.0,"damage_taken":0.0,"relics_obtained":["Mango"]},{"damage_healed":0.0,"max_hp_gain":0.0,"max_hp_loss":0.0,"gold_gain":0.0,"event_name":"SensoryStone","player_choice":"Memory 3","floor":37.0,"gold_loss":0.0,"damage_taken":10.0},{"damage_healed":0.0,"max_hp_gain":0.0,"max_hp_loss":0.0,"gold_gain":0.0,"event_name":"Lab","player_choice":"Got Potions","floor":40.0,"gold_loss":0.0,"damage_taken":0.0},{"damage_healed":0.0,"max_hp_gain":0.0,"max_hp_loss":0.0,"gold_gain":0.0,"event_name":"MindBloom","player_choice":"Fight","floor":44.0,"gold_loss":0.0,"damage_taken":0.0}],"is_beta":false,"boss_relics":[{"not_picked":["Snecko Eye","SacredBark"],"picked":"Philosopher\u0027s Stone"},{"not_picked":["Astrolabe","Coffee Dripper"],"picked":"rmod:mogul"}],"items_purged_floors":[5,11,31,42],"is_endless":false,"potions_floor_spawned":[4,7,12,14,16,18,22,24,28,29,33,35,36,41,44,45,48,54],"ascension_level":14}}