{"host":"1v3mnj67s3trvm6y","time":1613757321,"event":{"mods":["BaseMod","Challenge The Spire","Minty Spire (QoL Compilation)","StSLib","The Cursed"],"gold_per_floor":[115,115,115,131,154,193,193,193,243,256,271,286,286,310,310,430,430,448,467,566,580,580,580,621,400,452,727,758,758,61,105,105,224,224,238,252,152,152,221,261,261,294,294,294,294,294,294,309,309,309,309,309,40,84,84,84],"floor_reached":55,"language":"ENG","playtime":2646,"items_purged":["TheCursedMod:Strike_TheCursed","TheCursedMod:Strike_TheCursed"],"score":961,"play_id":"333e6c34-cffd-4e54-a584-39011e1ae2c6","local_time":"20210220025521","is_ascension_mode":false,"campfire_choices":[{"data":"TheCursedMod:DoubleShield","floor":8,"key":"SMITH"},{"data":"TheCursedMod:SoulReap","floor":13,"key":"SMITH"},{"data":"TheCursedMod:LuckyCharm","floor":15,"key":"SMITH"},{"data":"TheCursedMod:CollectTribute","floor":32,"key":"SMITH"},{"floor":41,"key":"RECALL"},{"data":"TheCursedMod:SmokeScreen","floor":44,"key":"SMITH"},{"data":"TheCursedMod:NeowsMight","floor":45,"key":"SMITH"},{"data":"Magnetism","floor":49,"key":"SMITH"},{"data":"Forethought","floor":52,"key":"SMITH"}],"circlet_count":0,"master_deck":["TheCursedMod:Strike_TheCursed","TheCursedMod:Defend_TheCursed","TheCursedMod:Defend_TheCursed","TheCursedMod:Defend_TheCursed","TheCursedMod:Defend_TheCursed","TheCursedMod:CursedWand","TheCursedMod:Dregs","TheCursedMod:DoubleShield+1","TheCursedMod:HellfireBreathing","Injury","TheCursedMod:FleshFromBone","TheCursedMod:CursedSpellbook","Pain","TheCursedMod:RapidMovement","TheCursedMod:CursedBlade","TheCursedMod:SoulReap+1","TheCursedMod:LuckyCharm+1","TheCursedMod:CollectTribute+1","TheCursedMod:TacticalStrike","TheCursedMod:CircleOfCorruption","TheCursedMod:AbyssShockwave","Shame","TheCursedMod:SmokeScreen+1","TheCursedMod:NeowsMight+1","TheCursedMod:HellfireBreathing","Regret","TheCursedMod:CursedBoomerang","Flash of Steel","TheCursedMod:StunningStrike","TheCursedMod:LuckyCharm","TheCursedMod:SoulReap","TheCursedMod:DemonSword","TheCursedMod:SmokeScreen+1","TheCursedMod:DemonSword","TheCursedMod:CircleOfFocus+1","TheCursedMod:CursedBoomerang+1","TheCursedMod:FleshFromBone+1","Impatience","Forethought+1","Magnetism+1","TheCursedMod:SpitefulPray+1","Panache","TheCursedMod:DarkBarrier","TheCursedMod:SpitefulPray+1"],"relics":["TheCursedMod:BlackMagic101","Golden Idol","MealTicket","WarpedTongs","Potion Belt","TheCursedMod:FourLeafCloverCharm","Juzu Bracelet","Bronze Scales","Sling","Tiny Chest","Red Mask","Singing Bowl","WingedGreaves","Bag of Marbles","Philosopher\u0027s Stone","TheCursedMod:CrystalBall","Mummified Hand","Mercury Hourglass","TheCursedMod:BloodyHarpoon","TheCursedMod:Tack"],"acts_visited":["Exordium","TheCity","TheBeyond","TheEnding"],"potions_floor_usage":[6,19,28,31,31,48,55,55],"damage_taken":[{"damage":0,"enemies":"Small Slimes","floor":1,"turns":5},{"damage":0,"enemies":"2 Louse","floor":4,"turns":4},{"damage":0,"enemies":"Cultist","floor":5,"turns":5},{"damage":12,"enemies":"3 Sentries","floor":6,"turns":10},{"damage":2,"enemies":"Large Slime","floor":10,"turns":5},{"damage":2,"enemies":"Exordium Thugs","floor":11,"turns":4},{"damage":1,"enemies":"Looter","floor":12,"turns":3},{"damage":5,"enemies":"Blue Slaver","floor":14,"turns":4},{"damage":18,"enemies":"Slime Boss","floor":16,"turns":11},{"damage":5,"enemies":"2 Thieves","floor":18,"turns":4},{"damage":6,"enemies":"3 Byrds","floor":19,"turns":4},{"damage":6,"enemies":"3 Cultists","floor":21,"turns":4},{"damage":1,"enemies":"Book of Stabbing","floor":24,"turns":7},{"damage":10,"enemies":"Masked Bandits","floor":28,"turns":2},{"damage":2,"enemies":"Slavers","floor":31,"turns":2},{"damage":17,"enemies":"Champ","floor":33,"turns":11},{"damage":0,"enemies":"Orb Walker","floor":35,"turns":3},{"damage":6,"enemies":"3 Shapes","floor":36,"turns":4},{"damage":1,"enemies":"2 Orb Walkers","floor":39,"turns":4},{"damage":3,"enemies":"Nemesis","floor":40,"turns":5},{"damage":4,"enemies":"Reptomancer","floor":42,"turns":4},{"damage":17,"enemies":"Sphere and 2 Shapes","floor":48,"turns":4},{"damage":68,"enemies":"Time Eater","floor":50,"turns":9},{"damage":4,"enemies":"Shield and Spear","floor":54,"turns":6},{"damage":88,"enemies":"The Heart","floor":55,"turns":5}],"seed_played":"-5289682764286447516","potions_obtained":[{"floor":1,"key":"LiquidMemories"},{"floor":6,"key":"Weak Potion"},{"floor":12,"key":"SneckoOil"},{"floor":14,"key":"Regen Potion"},{"floor":18,"key":"GamblersBrew"},{"floor":21,"key":"Fire Potion"},{"floor":28,"key":"Ancient Potion"},{"floor":31,"key":"Fire Potion"},{"floor":33,"key":"Block Potion"},{"floor":36,"key":"SpeedPotion"},{"floor":40,"key":"Ancient Potion"},{"floor":54,"key":"LiquidMemories"}],"is_trial":false,"path_per_floor":["M","?","?","M","M","E","?","R","T","M","M","M","R","M","R","B",null,"M","M","?","M","?","?","E","$","T","?","?","?","$","E","R","B",null,"M","M","$","T","?","E","R","E","T","R","R","?","?","M","R","B",null,"R","$","E","B"],"character_chosen":"THE_CURSED","items_purchased":["TheCursedMod:HellfireBreathing","Sling","TheCursedMod:LuckyCharm","Singing Bowl","WingedGreaves","Panache","TheCursedMod:DarkBarrier"],"campfire_rested":0,"item_purchase_floors":[25,25,30,30,30,53,53],"current_hp_per_floor":[75,75,75,75,75,63,63,63,63,61,59,58,58,60,60,49,75,75,69,69,70,70,70,75,75,75,75,65,65,75,73,73,63,75,75,69,75,75,75,72,72,68,68,68,68,58,58,51,51,3,75,75,75,75,0,0],"gold":84,"neow_bonus":"TRANSFORM_CARD","is_daily":false,"chose_seed":false,"campfire_upgraded":8,"win_rate":0.0,"timestamp":1613757321,"path_taken":["M","?","?","M","?","E","?","R","T","M","M","M","R","M","R","BOSS","M","M","?","M","?","?","E","?","T","?","?","?","$","E","R","BOSS","M","M","$","?","?","E","R","E","T","R","R","?","?","M","R","BOSS","R","$","E","BOSS"],"items_purchased_type":["Card","Relic","Card","Relic","Relic","Card","Card"],"build_version":"2020-12-22","purchased_purges":2,"victory":false,"max_hp_per_floor":[75,75,75,75,75,75,75,75,75,75,75,75,75,75,75,75,75,75,75,75,75,75,75,75,75,75,75,75,75,75,75,75,75,75,75,75,75,75,75,75,75,75,75,75,75,75,75,75,75,75,75,75,75,75,75,75],"card_choices":[{"not_picked":["TheCursedMod:Stretching","TheCursedMod:TacticalStrike"],"picked":"TheCursedMod:HellfireBreathing","floor":1},{"not_picked":["TheCursedMod:CursedAmulet","TheCursedMod:CircleOfFocus"],"picked":"TheCursedMod:FleshFromBone","floor":4},{"not_picked":["TheCursedMod:BlessingInDisguise","TheCursedMod:RapidMovement"],"picked":"TheCursedMod:CursedSpellbook","floor":5},{"not_picked":["TheCursedMod:Stigma","TheCursedMod:RapidMovement"],"picked":"TheCursedMod:CursedSpellbook","floor":6},{"not_picked":["TheCursedMod:UltimatePain","TheCursedMod:RavingStaff"],"picked":"TheCursedMod:RapidMovement","floor":10},{"not_picked":["TheCursedMod:EmpowerCircles","TheCursedMod:FuryStrike"],"picked":"TheCursedMod:CursedBlade","floor":11},{"not_picked":["TheCursedMod:ReleasedStrength","TheCursedMod:CircleOfFlame"],"picked":"TheCursedMod:SoulReap","floor":12},{"not_picked":["TheCursedMod:Mangle","TheCursedMod:CursedAmulet"],"picked":"TheCursedMod:LuckyCharm","floor":14},{"not_picked":["TheCursedMod:ShockAndAwe","TheCursedMod:OutForBlood"],"picked":"TheCursedMod:CollectTribute","floor":16},{"not_picked":["TheCursedMod:Torture+1","TheCursedMod:Mangle"],"picked":"TheCursedMod:TacticalStrike","floor":18},{"not_picked":["TheCursedMod:Torture+1","TheCursedMod:SpreadPlague+1"],"picked":"TheCursedMod:CircleOfCorruption","floor":19},{"not_picked":["TheCursedMod:CursedArmor","TheCursedMod:CursedBlade+1"],"picked":"TheCursedMod:AbyssShockwave","floor":21},{"not_picked":["TheCursedMod:SurpriseAttack+1","TheCursedMod:CircleOfFocus"],"picked":"TheCursedMod:NeowsMight","floor":24},{"not_picked":["TheCursedMod:Stretching","TheCursedMod:TroublousMinions+1"],"picked":"TheCursedMod:CursedBoomerang","floor":28},{"not_picked":["TheCursedMod:Stigma","TheCursedMod:Obscuration"],"picked":"TheCursedMod:SoulReap","floor":31},{"not_picked":["TheCursedMod:DarkBarrier","TheCursedMod:VoidForm"],"picked":"TheCursedMod:DemonSword","floor":33},{"not_picked":["TheCursedMod:Stretching+1","TheCursedMod:Torture"],"picked":"TheCursedMod:SmokeScreen+1","floor":35},{"not_picked":["TheCursedMod:Wield","TheCursedMod:RavingStaff+1"],"picked":"TheCursedMod:DemonSword","floor":36},{"not_picked":["TheCursedMod:SurpriseAttack","TheCursedMod:CircleOfFlame+1"],"picked":"TheCursedMod:CircleOfFocus+1","floor":39},{"not_picked":["TheCursedMod:Stigma","TheCursedMod:HellsGateOpen+1"],"picked":"TheCursedMod:CursedBoomerang+1","floor":40},{"not_picked":["TheCursedMod:SpitefulStrike","TheCursedMod:CursedAmulet"],"picked":"TheCursedMod:FleshFromBone+1","floor":42},{"not_picked":["Forethought","Thinking Ahead"],"picked":"Impatience","floor":46},{"not_picked":["Mind Blast","Dramatic Entrance"],"picked":"Forethought","floor":46},{"not_picked":["Mayhem","Chrysalis"],"picked":"Magnetism","floor":46},{"not_picked":["TheCursedMod:RavingStaff","TheCursedMod:TacticalStrike"],"picked":"TheCursedMod:SpitefulPray+1","floor":48},{"not_picked":["TheCursedMod:Wield","TheCursedMod:ReleasedKnowledge"],"picked":"TheCursedMod:SpitefulPray+1","floor":54}],"player_experience":1563170,"relics_obtained":[{"floor":6,"key":"MealTicket"},{"floor":9,"key":"Potion Belt"},{"floor":24,"key":"Bronze Scales"},{"floor":26,"key":"Tiny Chest"},{"floor":28,"key":"Red Mask"},{"floor":31,"key":"Bag of Marbles"},{"floor":39,"key":"TheCursedMod:CrystalBall"},{"floor":40,"key":"Mummified Hand"},{"floor":42,"key":"Mercury Hourglass"},{"floor":43,"key":"TheCursedMod:BloodyHarpoon"},{"floor":54,"key":"TheCursedMod:Tack"}],"event_choices":[{"damage_healed":0,"gold_gain":0,"player_choice":"Take Wound","damage_taken":0,"relics_obtained":["Golden Idol"],"max_hp_gain":0,"max_hp_loss":0,"event_name":"Golden Idol","floor":2,"gold_loss":0,"cards_obtained":["Injury"]},{"cards_removed":["TheCursedMod:Strike_TheCursed"],"damage_healed":0,"gold_gain":0,"player_choice":"Purged","damage_taken":0,"max_hp_gain":0,"max_hp_loss":0,"event_name":"Purifier","floor":3,"gold_loss":0},{"damage_healed":0,"gold_gain":0,"player_choice":"Rummage","damage_taken":0,"relics_obtained":["WarpedTongs"],"max_hp_gain":0,"max_hp_loss":0,"event_name":"Accursed Blacksmith","floor":7,"gold_loss":0,"cards_obtained":["Pain"]},{"damage_healed":0,"gold_gain":99,"player_choice":"Stole From Cult","damage_taken":0,"max_hp_gain":0,"max_hp_loss":0,"event_name":"Nest","floor":20,"gold_loss":0},{"damage_healed":0,"gold_gain":0,"player_choice":"Stole Relic","damage_taken":0,"relics_obtained":["Juzu Bracelet"],"max_hp_gain":0,"max_hp_loss":0,"event_name":"Addict","floor":22,"gold_loss":0,"cards_obtained":["Shame"]},{"damage_healed":0,"gold_gain":0,"player_choice":"Read","damage_taken":0,"max_hp_gain":0,"max_hp_loss":0,"event_name":"The Library","floor":23,"gold_loss":0,"cards_obtained":["TheCursedMod:SmokeScreen"]},{"damage_healed":0,"gold_gain":275,"player_choice":"Desecrate","damage_taken":0,"max_hp_gain":0,"max_hp_loss":0,"event_name":"Golden Shrine","floor":27,"gold_loss":0,"cards_obtained":["Regret"]},{"damage_healed":0,"gold_gain":0,"player_choice":"Fought Bandits","damage_taken":0,"max_hp_gain":0,"max_hp_loss":0,"event_name":"Masked Bandits","floor":28,"gold_loss":0},{"damage_healed":0,"gold_gain":0,"player_choice":"2 cards matched","damage_taken":0,"max_hp_gain":0,"max_hp_loss":0,"event_name":"Match and Keep!","floor":29,"gold_loss":0,"cards_obtained":["Flash of Steel","TheCursedMod:StunningStrike"]},{"damage_healed":0,"gold_gain":0,"player_choice":"Fight","damage_taken":0,"max_hp_gain":0,"max_hp_loss":0,"event_name":"Mysterious Sphere","floor":39,"gold_loss":0},{"damage_healed":0,"gold_gain":0,"player_choice":"Memory 3","damage_taken":10,"max_hp_gain":0,"max_hp_loss":0,"event_name":"SensoryStone","floor":46,"gold_loss":0},{"cards_removed":["TheCursedMod:CursedSpellbook"],"damage_healed":0,"gold_gain":0,"player_choice":"Removed Skill","damage_taken":0,"max_hp_gain":0,"max_hp_loss":0,"event_name":"Falling","floor":47,"gold_loss":0}],"is_beta":false,"boss_relics":[{"not_picked":["Coffee Dripper","Pandora\u0027s Box"],"picked":"TheCursedMod:FourLeafCloverCharm"},{"not_picked":["Runic Pyramid","Astrolabe"],"picked":"Philosopher\u0027s Stone"}],"items_purged_floors":[30,37],"is_endless":false,"potions_floor_spawned":[1,6,12,14,18,21,28,31,33,36,40,54],"killed_by":"The Heart","ascension_level":0}}