{"host":"snampf0t8p8psf53","time":1613769152,"event":{"mods":["AchievementEnabler","BaseMod","Bestiary","DeckTracker","Minty Spire (QoL Compilation)","Permanent Neow","SuperFastMode"],"gold_per_floor":[109,120,131,146,161,190,223,255,278,293,327,362,397,431,431,546,558,583,615,643,673,703,753,809,859,948,995,1042,1072,1128,1184,1196,1318,1330,1358,1299,1317,1317,1168,1168,1168,1168,1168,1202,1202,1244,1282,1320,1320,1320],"floor_reached":51,"language":"ENG","playtime":3102,"items_purged":[],"score":1186,"play_id":"0a44f294-9c6b-4b30-8aad-5a08acd711f7","local_time":"20210219131232","daily_mods":["Vintage","Heirloom","Time Dilation","Flight","DeadlyEvents","Elite Swarm","Lethality"],"is_ascension_mode":true,"campfire_choices":[{"floor":15,"key":"DIG"},{"floor":32,"key":"DIG"},{"floor":40,"key":"DIG"},{"floor":41,"key":"DIG"},{"floor":42,"key":"DIG"},{"floor":45,"key":"DIG"},{"floor":49,"key":"DIG"}],"circlet_count":0,"master_deck":["Strike_R","Strike_R","Strike_R","Strike_R","Strike_R","Defend_R+1","Defend_R","Defend_R","Defend_R","Bash","Feed","Reaper","Demon Form+1","Offering","Berserk+1","Corruption+1","Reaper","Brutality+1","Berserk+1","Double Tap+1","Offering","Reaper","Demon Form+1","Feed","Demon Form+1","Demon Form+1","Shrug It Off","Shockwave","Offering","Bludgeon","Feed","Demon Form+1"],"relics":["Burning Blood","TungstenRod","Blue Candle","Meat on the Bone","PreservedInsect","Ancient Tea Set","Omamori","Frozen Egg 2","Shovel","Sundial","Bronze Scales","Blood Vial","Vajra","Smiling Mask","Toy Ornithopter","Nunchaku","MawBank","Runic Pyramid","Regal Pillow","MealTicket","CeramicFish","Bottled Tornado","Bottled Flame","Turnip","Akabeko","Bird Faced Urn","Self Forming Clay","Red Skull","War Paint","Matryoshka","Letter Opener","Boot","Happy Flower","Snecko Eye","Charon\u0027s Ashes","Bottled Lightning","Bag of Marbles","Question Card","Incense Burner","Orichalcum","Pen Nib","InkBottle","Lantern","Potion Belt","White Beast Statue","Dream Catcher","Pocketwatch","Mummified Hand"],"acts_visited":["Exordium","TheCity","TheBeyond"],"potions_floor_usage":[12,16,16,16,16,16,22,25,50,50,50,50],"damage_taken":[{"damage":13,"enemies":"Jaw Worm","floor":1,"turns":2},{"damage":0,"enemies":"Cultist","floor":2,"turns":2},{"damage":0,"enemies":"Small Slimes","floor":3,"turns":2},{"damage":20,"enemies":"Exordium Wildlife","floor":4,"turns":4},{"damage":12,"enemies":"2 Fungi Beasts","floor":5,"turns":2},{"damage":34,"enemies":"3 Sentries","floor":6,"turns":6},{"damage":13,"enemies":"Gremlin Nob","floor":7,"turns":3},{"damage":28,"enemies":"3 Sentries","floor":8,"turns":5},{"damage":23,"enemies":"Gremlin Gang","floor":10,"turns":4},{"damage":5,"enemies":"Lagavulin","floor":11,"turns":4},{"damage":23,"enemies":"3 Sentries","floor":12,"turns":4},{"damage":5,"enemies":"Lagavulin","floor":13,"turns":3},{"damage":16,"enemies":"Gremlin Nob","floor":14,"turns":3},{"damage":65,"enemies":"Hexaghost","floor":16,"turns":5},{"damage":19,"enemies":"Chosen","floor":18,"turns":2},{"damage":31,"enemies":"Spheric Guardian","floor":19,"turns":4},{"damage":60,"enemies":"Shelled Parasite and Fungi","floor":20,"turns":4},{"damage":27,"enemies":"Cultist and Chosen","floor":21,"turns":4},{"damage":36,"enemies":"Chosen and Byrds","floor":22,"turns":4},{"damage":80,"enemies":"Slavers","floor":23,"turns":4},{"damage":57,"enemies":"Book of Stabbing","floor":24,"turns":4},{"damage":75,"enemies":"Slavers","floor":25,"turns":4},{"damage":37,"enemies":"Gremlin Leader","floor":27,"turns":3},{"damage":21,"enemies":"Book of Stabbing","floor":28,"turns":3},{"damage":40,"enemies":"Shelled Parasite and Fungi","floor":29,"turns":3},{"damage":41,"enemies":"Gremlin Leader","floor":30,"turns":3},{"damage":23,"enemies":"Book of Stabbing","floor":31,"turns":3},{"damage":52,"enemies":"Automaton","floor":33,"turns":5},{"damage":18,"enemies":"Orb Walker","floor":35,"turns":3},{"damage":25,"enemies":"3 Darklings","floor":37,"turns":3},{"damage":43,"enemies":"Reptomancer","floor":44,"turns":4},{"damage":20,"enemies":"Giant Head","floor":46,"turns":5},{"damage":34,"enemies":"Nemesis","floor":47,"turns":3},{"damage":19,"enemies":"Giant Head","floor":48,"turns":3},{"damage":63,"enemies":"Donu and Deca","floor":50,"turns":4}],"seed_played":"7162686822192947829","potions_obtained":[{"floor":4,"key":"Fire Potion"},{"floor":5,"key":"Energy Potion"},{"floor":6,"key":"Weak Potion"},{"floor":8,"key":"Dexterity Potion"},{"floor":11,"key":"EntropicBrew"},{"floor":12,"key":"Fruit Juice"},{"floor":14,"key":"ColorlessPotion"},{"floor":18,"key":"SpeedPotion"},{"floor":22,"key":"Fruit Juice"},{"floor":23,"key":"Regen Potion"},{"floor":25,"key":"PowerPotion"},{"floor":31,"key":"FairyPotion"},{"floor":46,"key":"Explosive Potion"},{"floor":47,"key":"LiquidBronze"}],"is_trial":true,"path_per_floor":["M","M","M","M","M","E","E","E","T","M","E","E","E","E","R","B",null,"M","M","M","M","M","E","E","E","T","E","E","M","E","E","R","B",null,"M","$","M","$","$","R","R","R","T","E","R","E","E","E","R","B",null],"character_chosen":"IRONCLAD","items_purchased":["Shrug It Off","Shockwave","Bag of Marbles"],"campfire_rested":0,"item_purchase_floors":[36,36,39],"current_hp_per_floor":[73,79,80,66,60,44,52,54,54,68,74,91,94,86,86,100,100,90,67,63,74,104,99,78,103,103,120,113,119,108,123,123,135,135,130,138,129,138,138,138,138,138,138,123,123,132,119,147,147,150],"gold":1320,"neow_bonus":"","is_daily":false,"chose_seed":false,"campfire_upgraded":0,"win_rate":0.0,"timestamp":1613769152,"path_taken":["M","M","M","M","M","E","E","E","T","M","E","E","E","E","R","BOSS","M","M","M","M","M","E","E","E","T","E","E","M","E","E","R","BOSS","M","$","M","$","$","R","R","R","T","E","R","E","E","E","R","BOSS"],"items_purchased_type":["Card","Card","Relic"],"build_version":"2020-12-22","purchased_purges":0,"victory":true,"max_hp_per_floor":[80,80,80,80,80,80,83,86,86,89,92,100,100,100,100,100,100,103,103,103,106,114,117,120,123,123,123,126,129,132,135,135,135,135,138,138,138,138,138,138,138,138,138,141,141,144,147,147,147,150],"card_choices":[{"not_picked":["Brutality+1","Juggernaut+1"],"picked":"Feed","floor":6},{"not_picked":["Juggernaut+1","Exhume"],"picked":"Reaper","floor":7},{"not_picked":["Reaper","Bludgeon"],"picked":"Demon Form+1","floor":8},{"not_picked":["Double Tap","Exhume"],"picked":"Offering","floor":11},{"not_picked":["Fiend Fire","Exhume"],"picked":"Berserk+1","floor":12},{"not_picked":["Limit Break","Juggernaut+1"],"picked":"Corruption+1","floor":13},{"not_picked":["Berserk+1","Fiend Fire"],"picked":"Reaper","floor":14},{"not_picked":["Juggernaut+1","Barricade+1"],"picked":"Brutality+1","floor":16},{"not_picked":["Impervious","Corruption+1"],"picked":"Berserk+1","floor":23},{"not_picked":["Exhume","Juggernaut+1"],"picked":"Double Tap","floor":24},{"not_picked":["Reaper","Berserk+1"],"picked":"Offering","floor":25},{"not_picked":["Bludgeon","Corruption+1"],"picked":"Reaper","floor":27},{"not_picked":["Berserk+1","Impervious"],"picked":"Demon Form+1","floor":28},{"not_picked":["Demon Form+1","Barricade+1"],"picked":"Feed","floor":30},{"not_picked":["Double Tap","Barricade+1"],"picked":"Demon Form+1","floor":31},{"not_picked":["Reaper","Barricade+1"],"picked":"Demon Form+1","floor":33},{"not_picked":["Barricade+1","Impervious","Demon Form+1"],"picked":"Offering","floor":44},{"not_picked":["Corruption+1","Double Tap","Exhume"],"picked":"Bludgeon","floor":46},{"not_picked":["Exhume","Fiend Fire","Demon Form+1"],"picked":"Feed","floor":47},{"not_picked":["Reaper","Double Tap","Brutality+1"],"picked":"Demon Form+1","floor":48}],"player_experience":117675,"relics_obtained":[{"floor":1,"key":"Blue Candle"},{"floor":2,"key":"Meat on the Bone"},{"floor":3,"key":"PreservedInsect"},{"floor":4,"key":"Ancient Tea Set"},{"floor":5,"key":"Omamori"},{"floor":6,"key":"Frozen Egg 2"},{"floor":7,"key":"Shovel"},{"floor":8,"key":"Sundial"},{"floor":9,"key":"Bronze Scales"},{"floor":10,"key":"Blood Vial"},{"floor":11,"key":"Vajra"},{"floor":12,"key":"Smiling Mask"},{"floor":13,"key":"Toy Ornithopter"},{"floor":14,"key":"Nunchaku"},{"floor":15,"key":"MawBank"},{"floor":18,"key":"Regal Pillow"},{"floor":19,"key":"MealTicket"},{"floor":20,"key":"CeramicFish"},{"floor":21,"key":"Bottled Tornado"},{"floor":22,"key":"Bottled Flame"},{"floor":23,"key":"Turnip"},{"floor":24,"key":"Akabeko"},{"floor":25,"key":"Bird Faced Urn"},{"floor":26,"key":"Self Forming Clay"},{"floor":27,"key":"Red Skull"},{"floor":28,"key":"War Paint"},{"floor":29,"key":"Matryoshka"},{"floor":30,"key":"Letter Opener"},{"floor":31,"key":"Boot"},{"floor":32,"key":"Happy Flower"},{"floor":35,"key":"Charon\u0027s Ashes"},{"floor":37,"key":"Bottled Lightning"},{"floor":40,"key":"Question Card"},{"floor":41,"key":"Incense Burner"},{"floor":42,"key":"Orichalcum"},{"floor":43,"key":"Pen Nib"},{"floor":43,"key":"InkBottle"},{"floor":44,"key":"Lantern"},{"floor":45,"key":"Potion Belt"},{"floor":46,"key":"White Beast Statue"},{"floor":47,"key":"Dream Catcher"},{"floor":48,"key":"Pocketwatch"},{"floor":49,"key":"Mummified Hand"}],"event_choices":[],"is_beta":false,"boss_relics":[{"not_picked":["Runic Dome","Empty Cage"],"picked":"Runic Pyramid"},{"not_picked":["Black Star","Tiny House"],"picked":"Snecko Eye"}],"items_purged_floors":[],"is_endless":false,"potions_floor_spawned":[4,5,6,7,8,11,12,14,18,22,23,25,27,28,31,33,46,47,48],"ascension_level":1}}