{"host":"8d3fefv2347kqkpz","time":1613766693,"event":{"mods":["AchievementEnabler","BaseMod","Better Vampires","BetterRewards","Colored Map","Colored Powertips","Downfall","Emptier Cage","Highlight Path","Marked Mod","Minty Spire (QoL Compilation)","Permanent Neow","Quick Restart","Rare Cards Sparkle","Relic Stats","Say the Spire","Spicy Shops","StSLib","Waifu the Spire"],"gold_per_floor":[118,118,118,43,59,59,80,96,96,110,129,129,129],"floor_reached":12,"language":"ZHS","playtime":384,"items_purged":["Defend_G"],"score":72,"play_id":"9d3e123b-6937-42d7-a3bc-723716e17607","local_time":"20210220043133","is_ascension_mode":false,"campfire_choices":[{"floor":6,"key":"RECALL"}],"circlet_count":0,"master_deck":["Strike_G","Strike_G","Strike_G","Strike_G","Defend_G","Defend_G","Defend_G","Defend_G","Survivor","Neutralize+1","Dagger Spray","Backflip","Tactician"],"relics":["Ring of the Snake","Golden Idol","Kunai"],"acts_visited":["Exordium"],"potions_floor_usage":[],"damage_taken":[{"damage":2,"enemies":"Small Slimes","floor":1,"turns":5},{"damage":0,"enemies":"Jaw Worm","floor":5,"turns":3},{"damage":0,"enemies":"2 Louse","floor":7,"turns":2},{"damage":2,"enemies":"Exordium Wildlife","floor":8,"turns":3},{"damage":2,"enemies":"Red Slaver","floor":10,"turns":5},{"damage":3,"enemies":"Large Slime","floor":11,"turns":9},{"damage":44,"enemies":"3 Sentries","floor":12,"turns":7}],"seed_played":"3493871427105574118","potions_obtained":[{"floor":5,"key":"SkillPotion"},{"floor":8,"key":"CunningPotion"}],"is_trial":false,"path_per_floor":["M","?","?","$","M","R","M","M","T","M","M","E"],"character_chosen":"THE_SILENT","items_purchased":[],"campfire_rested":0,"item_purchase_floors":[],"current_hp_per_floor":[68,68,51,51,51,51,51,49,49,47,44,0,0],"gold":129,"neow_bonus":"UPGRADE_CARD","is_daily":false,"chose_seed":false,"campfire_upgraded":0,"win_rate":0.0,"timestamp":1613766693,"path_taken":["M","?","?","$","M","R","M","M","T","M","M","E"],"items_purchased_type":[],"build_version":"2020-12-22","purchased_purges":1,"victory":false,"max_hp_per_floor":[70,70,70,70,70,70,70,70,70,70,70,70,70],"relic_stats":{"counters":[7,34],"Golden Idol":17,"Kunai":[3],"obtain_stats":[{"Golden Idol":3,"Kunai":9,"Ring of the Snake":0},{"Golden Idol":1,"Kunai":4,"Ring of the Snake":0},{"Golden Idol":5,"Kunai":13,"Ring of the Snake":0}],"Ring of the Snake":[14]},"card_choices":[{"not_picked":["Heel Hook","Underhanded Strike"],"picked":"Dagger Spray","floor":1},{"not_picked":["Choke","Quick Slash","Sucker Punch"],"picked":"SKIP","floor":5},{"not_picked":["Distraction","Masterful Stab","Prepared"],"picked":"SKIP","floor":7},{"not_picked":["Endless Agony","Deflect"],"picked":"Backflip","floor":8},{"not_picked":["Poisoned Stab","Deflect","Reflex"],"picked":"SKIP","floor":10},{"not_picked":["Cloak And Dagger","Slice"],"picked":"Tactician","floor":11}],"player_experience":479411,"relics_obtained":[{"floor":9,"key":"Kunai"}],"event_choices":[{"cards_removed":["Strike_G"],"damage_healed":0,"gold_gain":0,"player_choice":"Forget","damage_taken":0,"max_hp_gain":0,"max_hp_loss":0,"event_name":"Living Wall","floor":2,"gold_loss":0},{"damage_healed":0,"gold_gain":0,"player_choice":"Take Damage","damage_taken":17,"relics_obtained":["Golden Idol"],"max_hp_gain":0,"max_hp_loss":0,"event_name":"Golden Idol","floor":3,"gold_loss":0}],"is_beta":false,"boss_relics":[],"items_purged_floors":[4],"is_endless":false,"potions_floor_spawned":[5,8],"killed_by":"3 Sentries","ascension_level":0}}