{"host":"gsp4qlltb0c3ynci","time":1613725745,"event":{"mods":["2.2 Compatiblity","Abigail Mod","Ascension Reborn","BaseMod","Friendly Minions","Minty Spire (QoL Compilation)","Prisma Mod","Replay The Spire","Say the Spire","StSLib"],"gold_per_floor":[438,492,31,31,31,142,240,295,320,411,453,489,489,587,587,902,902,967,86,144,12,12,128,246,308,308,410,485,607,263,49,49,401,401,478,653,240,240,310,432,555,888,940,1048,557,613,445,546,546,566],"floor_reached":51,"playtime":1349,"items_purged":["AbbyMod:Ab_Strike+1","AbbyMod:Ab_Strike+1","AbbyMod:Ab_Strike+1","Pot Of Greed+1","Pot Of Greed+1"],"score":1294,"play_id":"a59219b7-56b6-4350-b9d5-f2a24553cf0e","local_time":"20210219180905","daily_mods":["Vintage","Heirloom","Time Dilation","Flight","DeadlyEvents","Elite Swarm","Midas"],"is_ascension_mode":true,"campfire_choices":[{"floor":15.0,"key":"REST"},{"floor":32.0,"key":"REST"}],"circlet_count":0,"master_deck":["AbbyMod:Ab_Strike+1","AbbyMod:Ab_Defend+1","AbbyMod:Ab_Defend+1","AbbyMod:Ab_Defend+1","AbbyMod:FleetingSanity+1","AbbyMod:ForeheadBeam+1","Enlightenment+1","AbbyMod:PapaProtection+1","AbbyMod:BlackKey+1","AbbyMod:VoidWhispers","Madness+1","AbbyMod:LossOfSanity+1","AbbyMod:SanityCheck+1","Replay:Bootleg Shield Generator+1","Jack Of All Trades+1","ReplayUltimateDefense+1","AbbyMod:PowerGamer+1","Master of Strategy+1","AbbyMod:FamiliarShield+1","AbbyMod:Dabigail+1","AbbyMod:HolidayWishes+1","ReplayTheSpireMod:Private Reserves+1","Pot Of Greed+1","AbbyMod:DemonPancake+1"],"relics":["AbbyMod:Salem_Diary","Old Coin","Toy Ornithopter","Bag of Preparation","Replay:Ringing Soul","Darkstone Periapt","Replay:Rubber Ducky","Potion Belt","Replay:WaspNest","Anchor","Toxic Egg 2","Torii","Pen Nib","Lizard Tail","Quantum Egg","Fusion Hammer","Replay:Bandana","Gremlin Horn","Golden Egg","Strange Spoon","MealTicket","Du-Vu Doll","Bag of Marbles","Nunchaku","PreservedInsect","White Beast Statue","Bronze Scales","Divine Protection","Membership Card","Mirror","ReplayFunnel","Omamori","SlaversCollar","Blue Candle","Girya","Vajra","Whetstone","HandDrill","HornCleat","Bottled Flame","Pocketwatch","Grinning Jar","Mummified Hand","Kunai","Sling","Bottled Lightning","Replay:Bottled Eggs","Art of War"],"acts_visited":["Exordium","TheCity","TheBeyond"],"potions_floor_usage":[50,50,50],"damage_taken":[{"damage":0.0,"enemies":"Small Slimes","floor":1.0,"turns":2.0},{"damage":12.0,"enemies":"2 Louse","floor":2.0,"turns":2.0},{"damage":8.0,"enemies":"Gremlin Nob","floor":6.0,"turns":4.0},{"damage":0.0,"enemies":"Lagavulin","floor":7.0,"turns":5.0},{"damage":0.0,"enemies":"Jaw Worm","floor":8.0,"turns":3.0},{"damage":0.0,"enemies":"Gremlin Nob","floor":10.0,"turns":2.0},{"damage":0.0,"enemies":"3 Louse","floor":11.0,"turns":1.0},{"damage":0.0,"enemies":"Gremlin Gang","floor":12.0,"turns":3.0},{"damage":1.0,"enemies":"Lagavulin","floor":14.0,"turns":4.0},{"damage":0.0,"enemies":"Hexaghost","floor":16.0,"turns":6.0},{"damage":0.0,"enemies":"Spheric Guardian","floor":18.0,"turns":4.0},{"damage":0.0,"enemies":"Chosen","floor":20.0,"turns":3.0},{"damage":8.0,"enemies":"Replay:Snechameleon","floor":23.0,"turns":3.0},{"damage":15.0,"enemies":"Book of Stabbing","floor":24.0,"turns":4.0},{"damage":0.0,"enemies":"Centurion and Healer","floor":25.0,"turns":3.0},{"damage":1.0,"enemies":"Slavers","floor":27.0,"turns":3.0},{"damage":0.0,"enemies":"Chosen and Byrds","floor":28.0,"turns":4.0},{"damage":0.0,"enemies":"Replay:Snechameleon","floor":29.0,"turns":2.0},{"damage":0.0,"enemies":"Champ","floor":33.0,"turns":4.0},{"damage":0.0,"enemies":"3 Shapes","floor":35.0,"turns":3.0},{"damage":0.0,"enemies":"Mind Bloom Boss Battle","floor":36.0,"turns":4.0},{"damage":0.0,"enemies":"Orb Walker","floor":39.0,"turns":3.0},{"damage":0.0,"enemies":"R_Hoarder","floor":40.0,"turns":4.0},{"damage":0.0,"enemies":"Giant Head","floor":41.0,"turns":3.0},{"damage":0.0,"enemies":"R_Hoarder","floor":44.0,"turns":3.0},{"damage":0.0,"enemies":"Maw","floor":46.0,"turns":3.0},{"damage":0,"enemies":"Reptomancer","floor":48,"turns":2},{"damage":0,"enemies":"Replay:Hell Engine","floor":50,"turns":3}],"seed_played":"-469310643308738530","potions_obtained":[{"floor":2.0,"key":"FearPotion"},{"floor":6.0,"key":"AttackPotion"},{"floor":7.0,"key":"Strength Potion"},{"floor":14.0,"key":"Reflective Coating"},{"floor":16.0,"key":"Strength Potion"},{"floor":20.0,"key":"Explosive Potion"},{"floor":23.0,"key":"PowerPotion"},{"floor":27.0,"key":"Adrenaline Potion"},{"floor":28.0,"key":"EssenceOfSteel"},{"floor":29.0,"key":"Fire Potion"},{"floor":33.0,"key":"CultistPotion"},{"floor":35.0,"key":"BlessingOfTheForge"},{"floor":36.0,"key":"SteroidPotion"},{"floor":39.0,"key":"Block Potion"},{"floor":40.0,"key":"Energy Potion"},{"floor":44.0,"key":"BlessingOfTheForge"},{"floor":48,"key":"Dexterity Potion"}],"is_trial":true,"path_per_floor":["M","M","$","?","?","E","E","M","T","E","M","M","T","E","R","B",null,"M","$","M","$","?","E","E","M","T","E","M","E","$","$","R","B",null,"M","?","$","?","M","E","E","?","T","E","$","M","$","E","R","B",null],"character_chosen":"Ab_Foreigner","items_purchased":["Enlightenment","Replay:Ringing Soul","AbbyMod:PapaProtection","Gremlin Horn","Golden Egg","Madness+1","AbbyMod:LossOfSanity+1","Strange Spoon","AbbyMod:SanityCheck+1","Replay:Bootleg Shield Generator+1","Membership Card","Mirror","ReplayFunnel","Jack Of All Trades+1","Omamori","ReplayUltimateDefense","Vajra","Whetstone","HandDrill","Master of Strategy+1","AbbyMod:FamiliarShield+1","AbbyMod:Dabigail+1","Kunai","Sling","Bottled Lightning","EssenceOfSteel","AbbyMod:WorldStrongest+1","AbbyMod:HolidayWishes","ReplayTheSpireMod:Private Reserves+1","AbbyMod:DemonPancake"],"campfire_rested":2,"item_purchase_floors":[3,3,3,19,19,19,19,19,21,21,30,30,30,31,31,31,37,37,37,37,37,37,45,45,45,45,45,45,47,47],"current_hp_per_floor":[60,48,51,36,33,30,35,35,35,40,40,40,40,42,61,69,69,69,72,72,75,75,67,58,63,63,67,67,67,76,79,79,79,79,79,82,85,81,81,81,81,81,84,84,87,87,90,90,90,90],"gold":566,"neow_bonus":"","is_daily":false,"chose_seed":false,"campfire_upgraded":0,"win_rate":0.0,"timestamp":1613725745,"path_taken":["M","M","$","?","?","E","E","M","T","E","M","?","?","?","R","BOSS","M","$","M","?","?","E","E","M","T","E","?","?","$","$","R","BOSS","M","?","$","?","M","E","E","?","T","E","$","?","$","E","R","BOSS"],"items_purchased_type":["Card","Relic","Card","Relic","Relic","Card","Card","Relic","Card","Card","Relic","Relic","Relic","Card","Relic","Card","Relic","Relic","Relic","Card","Card","Card","Relic","Relic","Relic","Potion","Card","Card","Card","Card"],"build_version":"2020-12-22","purchased_purges":5,"victory":true,"max_hp_per_floor":[60,60,63,63,63,63,63,63,63,63,63,63,63,66,66,69,69,69,72,72,75,75,75,76,76,76,76,76,76,76,79,79,79,79,79,82,85,81,81,81,81,81,84,84,87,87,90,90,90,90],"card_choices":[{"not_picked":["AbbyMod:VoidPriest","AbbyMod:MindCleanse","AbbyMod:SlimyBody"],"picked":"SKIP","floor":6.0},{"not_picked":["AbbyMod:AbsoluteCorruption","AbbyMod:CosmicSpark","AbbyMod:SlimyBody"],"picked":"SKIP","floor":7.0},{"not_picked":["AbbyMod:Ab_PuppyEyes+1","AbbyMod:BlackKey","AbbyMod:MindCleanse+1"],"picked":"SKIP","floor":10.0},{"not_picked":["AbbyMod:MysteryKey","AbbyMod:VoidHeretic"],"picked":"AbbyMod:BlackKey","floor":14.0},{"not_picked":["AbbyMod:VoidHeretic","AbbyMod:SlimyBody+1"],"picked":"AbbyMod:VoidWhispers","floor":16.0},{"not_picked":["AbbyMod:Ab_OldOneTrigger","AbbyMod:VoidWhispers","AbbyMod:MindCleanse+1"],"picked":"SKIP","floor":23.0},{"not_picked":["AbbyMod:PantyShot","AbbyMod:SlimyBody+1","AbbyMod:VoidPriest"],"picked":"SKIP","floor":24.0},{"not_picked":["AbbyMod:VoidHeretic","AbbyMod:CosmicSpark+1","AbbyMod:VoidPriest"],"picked":"SKIP","floor":27.0},{"not_picked":["AbbyMod:GudaGudaParticle+1","AbbyMod:VoidWhispers","AbbyMod:BlackKey"],"picked":"SKIP","floor":29.0},{"not_picked":["AbbyMod:Kuroboshi+1","AbbyMod:AlignStars"],"picked":"AbbyMod:PowerGamer+1","floor":36.0},{"not_picked":["AbbyMod:BadGirl","AbbyMod:EquivalentExchange+1","AbbyMod:GudaGudaParticle+1"],"picked":"SKIP","floor":40.0},{"not_picked":["AbbyMod:SlimyBody+1","AbbyMod:VoidPriest","AbbyMod:EquivalentExchange+1"],"picked":"SKIP","floor":41.0},{"not_picked":["AbbyMod:BadGirl","AbbyMod:VoidHeretic","AbbyMod:AbsoluteCorruption"],"picked":"SKIP","floor":44.0},{"not_picked":["AbbyMod:Ab_PuppyEyes+1","AbbyMod:GudaGudaParticle+1","AbbyMod:SlimyBody+1"],"picked":"SKIP","floor":48}],"player_experience":504534,"relics_obtained":[{"floor":1.0,"key":"Toy Ornithopter"},{"floor":2.0,"key":"Bag of Preparation"},{"floor":6.0,"key":"Replay:Rubber Ducky"},{"floor":7.0,"key":"Potion Belt"},{"floor":8.0,"key":"Replay:WaspNest"},{"floor":9.0,"key":"Anchor"},{"floor":10.0,"key":"Toxic Egg 2"},{"floor":11.0,"key":"Torii"},{"floor":12.0,"key":"Pen Nib"},{"floor":13.0,"key":"Lizard Tail"},{"floor":14.0,"key":"Quantum Egg"},{"floor":18.0,"key":"Replay:Bandana"},{"floor":20.0,"key":"MealTicket"},{"floor":23.0,"key":"Du-Vu Doll"},{"floor":24.0,"key":"Bag of Marbles"},{"floor":25.0,"key":"Nunchaku"},{"floor":26.0,"key":"PreservedInsect"},{"floor":27.0,"key":"White Beast Statue"},{"floor":28.0,"key":"Bronze Scales"},{"floor":29.0,"key":"Divine Protection"},{"floor":35.0,"key":"Blue Candle"},{"floor":36.0,"key":"Girya"},{"floor":39.0,"key":"HornCleat"},{"floor":40.0,"key":"Bottled Flame"},{"floor":41.0,"key":"Pocketwatch"},{"floor":43.0,"key":"Grinning Jar"},{"floor":44.0,"key":"Mummified Hand"},{"floor":46.0,"key":"Replay:Bottled Eggs"},{"floor":48,"key":"Art of War"}],"event_choices":[{"damage_healed":0.0,"max_hp_gain":0.0,"max_hp_loss":0.0,"gold_gain":0.0,"event_name":"Golden Idol","player_choice":"Take Damage","floor":4.0,"gold_loss":0.0,"damage_taken":15.0,"relics_obtained":["Golden Idol"]},{"damage_healed":0.0,"max_hp_gain":0.0,"max_hp_loss":0.0,"gold_gain":0.0,"event_name":"Scrap Ooze","player_choice":"Success","floor":5.0,"gold_loss":0.0,"damage_taken":3.0,"relics_obtained":["Darkstone Periapt"]},{"damage_healed":0.0,"max_hp_gain":0.0,"max_hp_loss":0.0,"gold_gain":0.0,"event_name":"MindBloom","player_choice":"Fight","floor":36.0,"gold_loss":0.0,"damage_taken":0.0},{"damage_healed":0.0,"max_hp_gain":0.0,"max_hp_loss":4.0,"gold_gain":0.0,"event_name":"Winding Halls","player_choice":"Max HP","floor":38.0,"gold_loss":0.0,"damage_taken":0.0},{"damage_healed":0.0,"max_hp_gain":0.0,"max_hp_loss":0.0,"gold_gain":333.0,"event_name":"The Moai Head","player_choice":"Gave Idol","floor":42.0,"relics_lost":["Golden Idol"],"gold_loss":0.0,"damage_taken":0.0}],"is_beta":false,"boss_relics":[{"not_picked":["ReplayTheSpireMod:DimensionalGlitch","Snecko Heart"],"picked":"Fusion Hammer"},{"not_picked":["Runic Pyramid","Tiny House"],"picked":"SlaversCollar"}],"items_purged_floors":[3,19,37,45,47],"is_endless":false,"potions_floor_spawned":[2,6,7,14,16,20,23,27,28,29,33,35,36,39,40,41,44,46,48],"ascension_level":0}}