{"host":"rm0ctv8qd8mnbkg1","time":1613740372,"event":{"mods":["BaseMod","Beaked The Cultist","BetterRewards","Colored Map","DNKmod","Dark Map","Defuse TimeMaze Blight","Downfall","Friendly Minions","Hubris","Marisa????????","Minty Spire (QoL Compilation)","MostiFishMod","Permanent Neow","Rare Cards Sparkle","Relic Sorter","Reliquary","Replay The Spire","RumiaBox-????????","Shade Mod","Shop Mod","Spicy Shops","Spire Arcade","StSLib","The Construct","The Servant 0.9.4","TheVacant","Wandering Minibosses","??????REMEMod"],"gold_per_floor":[10010,9071,9120,9120,9164,9164,8049,8114,8114,8216,8276,8276,8397,8443,8443,8611,8661,8704,8704,8473,8473,8580,8688,8688],"floor_reached":23,"language":"ENG","playtime":584,"items_purged":[],"score":394,"play_id":"8c595f96-bce8-40bc-a19a-8d883841c388","local_time":"20210219131252","is_ascension_mode":false,"campfire_choices":[{"data":"UpSweep","floor":6,"key":"SMITH"},{"data":"UnstableBomb","floor":12,"key":"SMITH"},{"data":"UnstableBomb","floor":15,"key":"SMITH"}],"circlet_count":0,"master_deck":["Strike_MRS","Strike_MRS","Strike_MRS","Strike_MRS","Defend_MRS","Defend_MRS","Defend_MRS","Defend_MRS","MasterSpark","UpSweep+1","Devotion+1","WitchLeyline","ChargingUp+1","MilkyWay+1","ManaRampage+1","Replay:Sssssssssshield+1","UnstableBomb+1","UnstableBomb+1","DoubleSpark+1","WitchLeyline","PropBag+1","JA","DragonMeteor","BlazeAway+1","CasketOfStar","AsteroidBelt+1","EscapeVelocity","OrrerysSun+1"],"relics":["MiniHakkero","REME_ComplimentaryCards","DaveBox","DaCapo","Potion Belt","Replay:Bandana","reliquary:Knoch","Toxic Egg 2","HandDrill","reliquary:FingerTrap","Sling","Mercury Hourglass","Anchor","ClockworkSouvenir","Replay:Bottled Snecko","Replay:Bottled Steam","hexamod:BolsterEngine","Ancient Tea Set","Tiny House","beaked:ShinyBauble"],"acts_visited":["Exordium","TheCity"],"potions_floor_usage":[7,7,7,10],"damage_taken":[{"damage":0,"enemies":"2 Louse","floor":1,"turns":2},{"damage":0,"enemies":"Small Slimes","floor":3,"turns":2},{"damage":0,"enemies":"Jaw Worm","floor":5,"turns":2},{"damage":0,"enemies":"3 Sentries","floor":8,"turns":3},{"damage":0,"enemies":"3 Sentries","floor":10,"turns":3},{"damage":0,"enemies":"Lagavulin","floor":11,"turns":2},{"damage":0,"enemies":"Exordium Thugs","floor":13,"turns":1},{"damage":0,"enemies":"Looter","floor":14,"turns":2},{"damage":0,"enemies":"Slime Boss","floor":16,"turns":3},{"damage":0,"enemies":"Spheric Guardian","floor":18,"turns":2},{"damage":0,"enemies":"3 Byrds","floor":22,"turns":2},{"damage":0,"enemies":"Gremlin Leader","floor":23,"turns":3}],"seed_played":"3344801032943464525","potions_obtained":[{"floor":1,"key":"sneckomod:MuddlingPotion"},{"floor":5,"key":"Weak Potion"},{"floor":11,"key":"Strength Potion"},{"floor":14,"key":"ShroomBrew"},{"floor":17,"key":"Slimebound:ThreeZeroPotion"}],"is_trial":false,"path_per_floor":["M","$","M","?","M","R","$","E","T","?","E","R","M","M","R","B",null,"M","?","$","?","M","E"],"character_chosen":"MARISA","items_purchased":["Replay:Bandana","reliquary:Knoch","Toxic Egg 2","HandDrill","reliquary:FingerTrap","FearPotion","EntropicBrew","ManaRampage+1","Sling","Mercury Hourglass","Anchor","ClockworkSouvenir","Replay:Sssssssssshield+1","CasketOfStar","BottledSpark"],"campfire_rested":0,"item_purchase_floors":[2,2,2,2,2,2,7,7,7,7,7,7,7,20,20],"current_hp_per_floor":[1000,1000,1000,1000,1000,1000,1000,1000,1000,1000,1000,1000,1000,1000,1000,1000,1005,1005,759,759,759,759,759,759],"gold":8688,"neow_bonus":"RANDOM_COMMON_RELIC","is_daily":false,"chose_seed":false,"campfire_upgraded":3,"win_rate":0.0,"timestamp":1613740372,"path_taken":["M","$","M","?","M","R","$","E","T","?","E","R","M","M","R","BOSS","M","?","$","?","M","E"],"items_purchased_type":["Relic","Relic","Relic","Relic","Relic","Potion","Potion","Card","Relic","Relic","Relic","Relic","Card","Card","Potion"],"build_version":"2020-12-22","purchased_purges":0,"victory":false,"max_hp_per_floor":[1000,1000,1000,1000,1000,1000,1000,1000,1000,1000,1000,1000,1000,1000,1000,1000,1005,1005,1010,1010,1010,1010,1010,1010],"card_choices":[{"not_picked":["MysteriousBeam","SprinkleStarSeal"],"picked":"WitchLeyline","floor":1},{"not_picked":["SuperPerseids+1","GalacticHalo+1"],"picked":"ChargingUp+1","floor":3},{"not_picked":["6A","ShootingEcho"],"picked":"MilkyWay+1","floor":5},{"not_picked":["DC","WitchOfGreed"],"picked":"UnstableBomb","floor":8},{"not_picked":["AbsoluteMagnitude","Acceleration+1"],"picked":"UnstableBomb","floor":10},{"not_picked":["StarlightTyphoon+1","SprinkleStarSeal+1"],"picked":"DoubleSpark","floor":11},{"not_picked":["IllusionStar+1","AsteroidBelt+1"],"picked":"WitchLeyline","floor":13},{"not_picked":["MilkyWay+1","Acceleration+1"],"picked":"PropBag+1","floor":14},{"not_picked":["BinaryStars+1","BigCrunch+1"],"picked":"JA","floor":16},{"not_picked":["ManaConvection+1","DarkSpark"],"picked":"DragonMeteor","floor":17},{"not_picked":["Robbery","StarBarrage+1"],"picked":"BlazeAway+1","floor":18},{"not_picked":["PowerUp+1","DC"],"picked":"OrrerysSun+1","floor":22},{"not_picked":["DoubleSpark+1","StarDustReverie+1","DC"],"picked":"SKIP","floor":23}],"player_experience":382596,"relics_obtained":[{"floor":8,"key":"Replay:Bottled Snecko"},{"floor":9,"key":"Replay:Bottled Steam"},{"floor":10,"key":"hexamod:BolsterEngine"},{"floor":11,"key":"Ancient Tea Set"},{"floor":23,"key":"beaked:ShinyBauble"}],"event_choices":[{"damage_healed":0,"gold_gain":0,"player_choice":"Searched \u00271\u0027 times","damage_taken":0,"max_hp_gain":0,"max_hp_loss":0,"event_name":"Dead Adventurer","floor":10,"gold_loss":0},{"damage_healed":0,"gold_gain":0,"player_choice":"Shed Blood","damage_taken":251,"max_hp_gain":5,"max_hp_loss":0,"event_name":"Forgotten Altar","floor":19,"gold_loss":0},{"damage_healed":0,"gold_gain":0,"player_choice":"2 cards matched","damage_taken":0,"max_hp_gain":0,"max_hp_loss":0,"event_name":"Match and Keep!","floor":21,"gold_loss":0,"cards_obtained":["AsteroidBelt","EscapeVelocity"]}],"is_beta":false,"boss_relics":[{"not_picked":["GreenFoldingFan","beaked:MawFillet"],"picked":"Tiny House"}],"items_purged_floors":[],"is_endless":false,"potions_floor_spawned":[1,5,11,14,18,23],"killed_by":"Gremlin Leader","ascension_level":0}}