{"host":"4fh9yvpwiit32sut","time":1613761769,"event":{"mods":["BaseMod","Better Note","Better Sensory Stone","Better Vampires","Block Reminder","Colored Map","Colored Powertips","Highlight Path","Minty Spire (QoL Compilation)","Quick Restart","Relic Sorter","StSLib"],"gold_per_floor":[109,129,129,140,155,155,183,195,195,208,208,225,225,225],"floor_reached":13,"language":"ENG","playtime":1008,"items_purged":[],"score":134,"play_id":"57120309-d400-42a0-a7a6-fe3ca5cc5913","local_time":"20210219140929","is_ascension_mode":true,"campfire_choices":[{"data":"Neutralize","floor":6,"key":"SMITH"},{"floor":11,"key":"REST"}],"circlet_count":0,"master_deck":["AscendersBane","Strike_G","Strike_G","Strike_G","Strike_G","Strike_G","Defend_G","Defend_G","Defend_G","Defend_G","Defend_G","Survivor+1","Neutralize+1","Poisoned Stab","Backflip","Quick Slash","Poisoned Stab","Deflect"],"relics":["Ring of the Snake","NeowsBlessing","MealTicket","Molten Egg 2"],"acts_visited":["Exordium"],"potions_floor_usage":[8,10],"damage_taken":[{"damage":0,"enemies":"Jaw Worm","floor":1,"turns":1},{"damage":0,"enemies":"Cultist","floor":2,"turns":1},{"damage":0,"enemies":"2 Louse","floor":4,"turns":1},{"damage":4,"enemies":"2 Fungi Beasts","floor":5,"turns":4},{"damage":29,"enemies":"3 Sentries","floor":7,"turns":10},{"damage":2,"enemies":"Large Slime","floor":8,"turns":7},{"damage":20,"enemies":"Exordium Thugs","floor":10,"turns":6},{"damage":11,"enemies":"3 Louse","floor":12,"turns":4},{"damage":28,"enemies":"Gremlin Nob","floor":13,"turns":4}],"seed_played":"5618148348887623488","potions_obtained":[{"floor":1,"key":"SteroidPotion"},{"floor":2,"key":"Weak Potion"}],"is_trial":false,"path_per_floor":["M","M","?","M","M","R","E","M","T","M","R","M","E"],"character_chosen":"THE_SILENT","items_purchased":[],"campfire_rested":1,"item_purchase_floors":[],"current_hp_per_floor":[63,63,63,63,59,59,30,28,28,8,29,18,0,0],"gold":225,"neow_bonus":"THREE_ENEMY_KILL","is_daily":false,"chose_seed":false,"campfire_upgraded":1,"win_rate":0.0,"timestamp":1613761769,"path_taken":["M","M","?","M","M","R","E","M","T","M","R","M","E"],"items_purchased_type":[],"build_version":"2020-12-22","purchased_purges":0,"victory":false,"max_hp_per_floor":[70,70,70,70,70,70,70,70,70,70,70,70,70,70],"card_choices":[{"not_picked":["Riddle With Holes","Terror","Catalyst"],"picked":"SKIP","floor":1},{"not_picked":["Dodge and Roll","Blade Dance"],"picked":"Poisoned Stab","floor":2},{"not_picked":["Prepared","Concentrate"],"picked":"Backflip","floor":4},{"not_picked":["Blur","Backflip"],"picked":"Quick Slash","floor":5},{"not_picked":["Dagger Throw","Underhanded Strike","Heel Hook"],"picked":"SKIP","floor":7},{"not_picked":["Deadly Poison","Dodge and Roll"],"picked":"Poisoned Stab","floor":8},{"not_picked":["Blade Dance","Finisher+1"],"picked":"Deflect","floor":10},{"not_picked":["Eviscerate+1","Flechettes+1","Deadly Poison"],"picked":"SKIP","floor":12}],"player_experience":1169837,"relics_obtained":[{"floor":7,"key":"MealTicket"},{"floor":9,"key":"Molten Egg 2"}],"event_choices":[{"damage_healed":0,"gold_gain":0,"player_choice":"Upgraded","damage_taken":0,"max_hp_gain":0,"max_hp_loss":0,"event_name":"Upgrade Shrine","floor":3,"gold_loss":0,"cards_upgraded":["Survivor"]}],"is_beta":false,"boss_relics":[],"items_purged_floors":[],"is_endless":false,"potions_floor_spawned":[1,2],"killed_by":"Gremlin Nob","ascension_level":10}}