{"host":"ju66gn9zov5ov15o","time":1613751947,"event":{"mods":["100% Spire Juice","2.2 Compatiblity","Act Like it!","Aspiration","BaseMod","Conspire","Downfall","GifTheSpireLib","Hubris","Lobotomy","LobotomyExtend","Marisa????????","Minty Spire (QoL Compilation)","Pale of the Ancients","Rare Cards Sparkle","Relic Stats","Ruina","Shapeshifter Mod","StSLib","The Alterego","The Animator"],"gold_per_floor":[110,129,129,145,158,184,203,203,203,233,233,244,275,275,275,374,374,390,423,138,153,153,153,173,203,203,203,222,250,250,250],"floor_reached":13,"language":"ENG","playtime":2058,"items_purged":[],"score":227,"play_id":"240fb70e-b953-494d-afff-65e966bbe7a9","local_time":"20210219172547","is_ascension_mode":true,"campfire_choices":[{"data":"Bash","floor":8,"key":"SMITH"},{"data":"Metallicize+1","floor":15,"key":"SMITH"},{"floor":6,"key":"REST"},{"data":"conspire:Banana","floor":10,"key":"SMITH"}],"circlet_count":0,"master_deck":["Strike_R+1","Strike_R","Strike_R","Strike_R+1","Defend_R","Defend_R","Defend_R","Defend_R","Bash+1","Scorched","Anger","GreedKing","CrumblingArmor","Impervious","SpiderBud","ShyLook","MeatLantern","Cleave","BeautyBeast","Metallicize+2","CherryBlossoms","Murderer","Fiend Fire","Berserk+1","MHz","LaLuna","Iron Wave","Barricade+1","conspire:Banana+1","BigBird","QueenOfHatred","LittleHelper","Rupture+1","QueenBee"],"relics":["Burning Blood","CogitoBucket","Sundial","TreeSap","aspiration:FrozenJewel","Frozen Egg 2","conspire:InfiniteJournal","conspire:SlowCooker","Gaze_r","LetterFromLob","ChangeAnything","Centennial Puzzle","hubris:GlazedTorus","AtMidnight","LuminousBracelet","aspiration:Lifesprig","LaetitiaHeart"],"acts_visited":["Exordium","ruina:Briah"],"potions_floor_usage":[6,18,7,13],"damage_taken":[{"damage":12,"enemies":"Jaw Worm","floor":1,"turns":2},{"damage":0,"enemies":"Small Slimes","floor":2,"turns":2},{"damage":0,"enemies":"2 Louse","floor":4,"turns":1},{"damage":17,"enemies":"Exordium Wildlife","floor":5,"turns":4},{"damage":20,"enemies":"Lagavulin","floor":6,"turns":4},{"damage":0,"enemies":"3 Louse","floor":7,"turns":2},{"damage":21,"enemies":"Gremlin Nob","floor":10,"turns":4},{"damage":9,"enemies":"Large Slime","floor":12,"turns":5},{"damage":0,"enemies":"Lagavulin","floor":13,"turns":6},{"damage":19,"enemies":"Hexaghost","floor":16,"turns":7},{"damage":8,"enemies":"ruina:3_Bats","floor":18,"turns":6},{"damage":12,"enemies":"Jaw Worm","floor":1,"turns":6},{"damage":22,"enemies":"Small Slimes","floor":2,"turns":3},{"damage":10,"enemies":"Cultist","floor":4,"turns":3},{"damage":6,"enemies":"2 Fungi Beasts","floor":7,"turns":4},{"damage":31,"enemies":"Lagavulin","floor":8,"turns":7},{"damage":50,"enemies":"Blue Slaver","floor":11,"turns":15},{"damage":18,"enemies":"Gremlin Nob","floor":12,"turns":5},{"damage":1,"enemies":"Exordium Wildlife","floor":13,"turns":2},{"damage":0,"enemies":"Exordium Wildlife","floor":13,"turns":3},{"damage":1,"enemies":"Exordium Wildlife","floor":13,"turns":2}],"seed_played":"8986767985967004724","potions_obtained":[{"floor":2,"key":"Fire Potion"},{"floor":7,"key":"FairyPotion"},{"floor":10,"key":"SmokeBomb"},{"floor":12,"key":"Fire Potion"},{"floor":1,"key":"sneckomod:MuddlingPotion"},{"floor":8,"key":"Energy Potion"},{"floor":12,"key":"BloodPotion"}],"is_trial":false,"path_per_floor":["M","M","?","M","M","E","M","R","T","E","$","M","E","?","R","B",null,"M","M","M","$","M","?","R","M","E","T","R","M","E","M"],"character_chosen":"IRONCLAD","items_purchased":["BloodPotion","Barricade+1","conspire:Banana"],"campfire_rested":1,"item_purchase_floors":[3,3,3],"current_hp_per_floor":[66,72,72,78,67,53,59,59,59,44,44,41,67,67,67,54,74,59,43,43,39,26,45,59,44,44,44,25,22,0,0],"gold":250,"neow_bonus":"","is_daily":false,"chose_seed":false,"campfire_upgraded":3,"win_rate":0.0,"timestamp":1613751947,"path_taken":["M","M","?","M","M","E","M","R","T","E","$","M","E","?","R","BOSS","M","M","M","$","M","?","R","M","E","T","R","M","E","M"],"items_purchased_type":["Potion","Card","Card"],"build_version":"2020-12-22","purchased_purges":0,"victory":false,"max_hp_per_floor":[80,80,80,80,80,80,80,80,80,80,80,80,80,80,80,80,80,65,65,65,65,65,65,66,67,67,67,86,88,90,90],"relic_stats":{"Centennial Puzzle":[12],"counters":[24,96],"Sundial":[6],"obtain_stats":[{"aspiration:Lifesprig":12,"LuminousBracelet":11,"conspire:SlowCooker":17,"Frozen Egg 2":10,"Burning Blood":0,"aspiration:FrozenJewel":9,"conspire:InfiniteJournal":13,"Gaze_r":18,"Yang_Lob":4,"CogitoBucket":0,"Centennial Puzzle":8,"LaetitiaHeart":13,"Sundial":6,"TreeSap":7,"AtMidnight":11,"LetterFromLob":1,"ChangeAnything":1,"hubris:GlazedTorus":9},{"aspiration:Lifesprig":21,"LuminousBracelet":20,"conspire:SlowCooker":11,"Frozen Egg 2":8,"Burning Blood":0,"aspiration:FrozenJewel":7,"conspire:InfiniteJournal":10,"Gaze_r":12,"Yang_Lob":16,"CogitoBucket":0,"Centennial Puzzle":18,"LaetitiaHeart":21,"Sundial":5,"TreeSap":7,"AtMidnight":20,"LetterFromLob":1,"ChangeAnything":14,"hubris:GlazedTorus":18},{"aspiration:Lifesprig":89,"LuminousBracelet":84,"conspire:SlowCooker":38,"Frozen Egg 2":20,"Burning Blood":0,"aspiration:FrozenJewel":16,"conspire:InfiniteJournal":31,"Gaze_r":44,"Yang_Lob":57,"CogitoBucket":0,"Centennial Puzzle":68,"LaetitiaHeart":89,"Sundial":13,"TreeSap":16,"AtMidnight":84,"LetterFromLob":2,"ChangeAnything":51,"hubris:GlazedTorus":68}],"Burning Blood":126},"card_choices":[{"not_picked":["HeroicMonk","SpiderBud"],"picked":"Scorched","floor":1},{"not_picked":["Perfected Strike","Armaments"],"picked":"Anger","floor":1},{"not_picked":["BeautyBeast","ShyLook"],"picked":"GreedKing","floor":2},{"not_picked":["hubris:ReadiedAction","Sever Soul","Headbutt"],"picked":"SKIP","floor":2},{"not_picked":["ShyLook","Yin"],"picked":"CrumblingArmor","floor":4},{"not_picked":["Dual Wield","Headbutt","Pummel"],"picked":"SKIP","floor":4},{"not_picked":["Warcry","Flame Barrier"],"picked":"Impervious","floor":5},{"not_picked":["SnowQueen","Wellcheers"],"picked":"SpiderBud","floor":5},{"not_picked":["OSAHOGD","Wellcheers","MHz"],"picked":"Singing Bowl","floor":6},{"not_picked":["OSAHOGD","FairyFestival"],"picked":"ShyLook","floor":6},{"not_picked":["Wild Strike","Hemokinesis","Clash"],"picked":"SKIP","floor":6},{"not_picked":["OSAHOGD","SnowQueen"],"picked":"MeatLantern","floor":7},{"not_picked":["Carnage","Clash","Shockwave"],"picked":"SKIP","floor":7},{"not_picked":["Iron Wave","Perfected Strike"],"picked":"Cleave","floor":10},{"not_picked":["MHz","HeroicMonk"],"picked":"BeautyBeast","floor":10},{"not_picked":["Clothesline","Cleave"],"picked":"Metallicize+1","floor":12},{"not_picked":["Bloodbath","WallGazer"],"picked":"CherryBlossoms","floor":12},{"not_picked":["BlackArmy","Bloodbath"],"picked":"Murderer","floor":13},{"not_picked":["Shrug It Off","Anger"],"picked":"Fiend Fire","floor":13},{"not_picked":["Corruption+1","Demon Form+1"],"picked":"Berserk+1","floor":16},{"not_picked":["Variant","OSAHOGD"],"picked":"MHz","floor":16},{"not_picked":["Scarecrow","Porccubus"],"picked":"LaLuna","floor":1},{"not_picked":["Rampage","Rage","Reckless Charge"],"picked":"SKIP","floor":1},{"not_picked":["WallGazer","PunishingBird"],"picked":"Yin","floor":2},{"not_picked":["Havoc","hubris:CleavingFinish"],"picked":"Iron Wave","floor":2},{"not_picked":["hubris:ReadiedAction","Clothesline","Warcry"],"picked":"SKIP","floor":4},{"not_picked":["FairyFestival","OSAHOGD"],"picked":"BigBird","floor":7},{"not_picked":["Warcry","Dark Embrace+1","Impervious"],"picked":"SKIP","floor":7},{"not_picked":["Bloodbath","Scarecrow"],"picked":"QueenOfHatred","floor":8},{"not_picked":["Cleave","Perfected Strike","Seeing Red"],"picked":"SKIP","floor":8},{"not_picked":["Wellcheers","Porccubus"],"picked":"LittleHelper","floor":11},{"not_picked":["Second Wind","Power Through"],"picked":"Rupture+1","floor":11},{"not_picked":["BlackSwan","UniverseFragment"],"picked":"QueenBee","floor":12},{"not_picked":["Clash","True Grit","Dual Wield"],"picked":"SKIP","floor":12},{"not_picked":["Clash","True Grit","Dual Wield"],"picked":"SKIP","floor":12}],"player_experience":500285,"relics_obtained":[{"floor":1,"key":"LetterFromLob"},{"floor":6,"key":"Sundial"},{"floor":9,"key":"aspiration:FrozenJewel"},{"floor":10,"key":"Frozen Egg 2"},{"floor":13,"key":"conspire:InfiniteJournal"},{"floor":1,"key":"LetterFromLob"},{"floor":8,"key":"Centennial Puzzle"},{"floor":9,"key":"hubris:GlazedTorus"},{"floor":11,"key":"AtMidnight"},{"floor":12,"key":"aspiration:Lifesprig"}],"event_choices":[{"damage_healed":0,"gold_gain":0,"player_choice":"Leave","damage_taken":0,"max_hp_gain":0,"max_hp_loss":0,"event_name":"conspire:Investor","floor":3,"gold_loss":0},{"cards_removed":["Strike_R"],"damage_healed":0,"gold_gain":0,"player_choice":"Forget","damage_taken":0,"max_hp_gain":0,"max_hp_loss":0,"event_name":"Living Wall","floor":14,"gold_loss":0},{"damage_healed":0,"gold_gain":0,"player_choice":"Entered Light","damage_taken":13,"max_hp_gain":0,"max_hp_loss":0,"event_name":"Shining Light","floor":5,"gold_loss":0,"cards_upgraded":["Strike_R","Strike_R"]}],"is_beta":false,"boss_relics":[{"not_picked":["hubris:TerracottaHorce","aspiration:SecretTechniqueScroll"],"picked":"conspire:SlowCooker"}],"items_purged_floors":[],"is_endless":false,"potions_floor_spawned":[2,7,10,12,13,1,8,12,13],"killed_by":"Exordium Wildlife","ascension_level":8}}