{"host":"iovigr651ajk16h5","time":1613744407,"event":{"mods":["2.2 Compatiblity","AchievementEnabler","Aspiration","BaseMod","Better Altar","Better Match","Better Note","Better Sensory Stone","Better Skull","Better Third Choice","Block Reminder","CapriCore","Colored Map","Ekko","Energized Spire","GifTheSpireLib","GungeonMod","Halation","Hermit","Highlight Path","Hubris","Infinite Spire","Koishi","Luminous","Marisa????????","Minty Spire (QoL Compilation)","Nova Terra(??·??)","Onozuka Komachi Mod","Permanent Neow","Prisma Mod","Quick Restart","Railgun Mod","Remilia??????","Replay The Spire","StSLib","Stuff the Spire","Td1madao Mod","The Administrix","The Bladedancer","The Bug Knight","The Construct","The Exalted","The Immortal","The Marked","The Problem Sleuth","The Servant 0.9.4","TheFirefly","TheSwordswoman","Trackpad","Waifu the Spire","WarShipGirlsR/????R mod","everything is the same but u backflip on backflip"],"gold_per_floor":[111,129,139,139,10,21,33,46,46,62,62,90,64,83,83,178,178,193,203,203,203],"floor_reached":20,"language":"ENG","playtime":1317,"items_purged":["Koishi:BasicStrike"],"score":180,"play_id":"3a413d29-8ee8-4101-b06d-658d6e2f4c4d","local_time":"20210219092007","is_ascension_mode":false,"campfire_choices":[{"data":"Koishi:FourthEye","floor":15,"key":"SMITH"}],"circlet_count":0,"master_deck":["Koishi:BasicStrike","Koishi:BasicStrike","Koishi:BasicStrike","Koishi:BasicDefend","Koishi:BasicDefend","Koishi:BasicDefend","Koishi:BasicDefend","Koishi:Provoke","Koishi:HauntingSlash","Koishi:StingingMind+1","Koishi:DreadfulBlow","Koishi:StingingMind","Koishi:JumpScare","Koishi:BloodcurdlingScream","Koishi:FourthEye+1","Koishi:ImGoingToCallYouNow"],"relics":["Koishi:ImaginaryFriend","NeowsBlessing","Pantograph","aspiration:MarisaSkillbook","Frozen Eye"],"acts_visited":["Exordium","TheCity"],"potions_floor_usage":[6,16,16,19,20],"damage_taken":[{"damage":0,"enemies":"2 Louse","floor":1,"turns":1},{"damage":0,"enemies":"Jaw Worm","floor":2,"turns":1},{"damage":0,"enemies":"Small Slimes","floor":3,"turns":1},{"damage":1,"enemies":"Exordium Thugs","floor":6,"turns":4},{"damage":6,"enemies":"Blue Slaver","floor":7,"turns":3},{"damage":0,"enemies":"3 Louse","floor":8,"turns":3},{"damage":8,"enemies":"Red Slaver","floor":10,"turns":4},{"damage":41,"enemies":"Lagavulin","floor":12,"turns":9},{"damage":11,"enemies":"Exordium Wildlife","floor":14,"turns":4},{"damage":57,"enemies":"The Guardian","floor":16,"turns":13},{"damage":21,"enemies":"Spheric Guardian","floor":18,"turns":4},{"damage":43,"enemies":"Centurion and Healer","floor":19,"turns":6},{"damage":43,"enemies":"Chosen and Byrds","floor":20,"turns":6}],"seed_played":"-5399464751688963815","potions_obtained":[{"floor":1,"key":"Languid Potion"},{"floor":2,"key":"AttackPotion"},{"floor":3,"key":"Elixir"},{"floor":7,"key":"Adrenaline Potion"},{"floor":12,"key":"Fire Potion"},{"floor":19,"key":"AttackPotion"}],"is_trial":false,"path_per_floor":["M","M","M","?","$","M","M","M","T","M","?","E","?","M","R","B",null,"M","M","M"],"character_chosen":"KOISHI","items_purchased":["Koishi:StingingMind"],"campfire_rested":0,"item_purchase_floors":[5],"current_hp_per_floor":[60,60,60,60,60,60,60,60,60,60,65,44,44,44,44,44,65,50,22,0,0],"gold":203,"neow_bonus":"THREE_ENEMY_KILL","is_daily":false,"chose_seed":false,"campfire_upgraded":1,"win_rate":0.0,"timestamp":1613744407,"path_taken":["M","M","M","?","$","M","M","M","T","M","?","E","?","M","R","BOSS","M","M","M"],"items_purchased_type":["Card"],"build_version":"2020-12-22","purchased_purges":1,"victory":false,"max_hp_per_floor":[60,60,60,60,60,60,60,60,60,60,65,65,65,65,65,65,65,65,65,65,65],"card_choices":[{"not_picked":["Koishi:Prune","Koishi:CatchAndRose"],"picked":"Koishi:StingingMind","floor":1},{"not_picked":["Koishi:UnconsciousUprising","Koishi:JumpScare"],"picked":"Koishi:DreadfulBlow","floor":2},{"not_picked":["Koishi:Whimsy","Koishi:EmbryosDream","Koishi:SubconsciousSweep"],"picked":"SKIP","floor":3},{"not_picked":["Koishi:SubconsciousSweep","Koishi:EmbryosDream","Koishi:ReflexRadar"],"picked":"SKIP","floor":6},{"not_picked":["Koishi:PhilosophyOfTheDespised","Koishi:RorschachInDanmaku","Koishi:EmbryosDream"],"picked":"SKIP","floor":7},{"not_picked":["Koishi:SprinkleStarAndHeart","Koishi:SubconsciousSweep"],"picked":"Koishi:JumpScare","floor":8},{"not_picked":["Koishi:Ego","Koishi:SubconsciousSweep"],"picked":"Koishi:BloodcurdlingScream","floor":10},{"not_picked":["Koishi:EmbryosDream","Koishi:HeartAttack","Koishi:PhilosophyOfTheDespised"],"picked":"SKIP","floor":12},{"not_picked":["Koishi:DreadfulBlow","Koishi:DanmakuParanoia"],"picked":"Koishi:FourthEye","floor":14},{"not_picked":["Koishi:GrowingPain","Koishi:ConfinedInnocent"],"picked":"Koishi:ImGoingToCallYouNow","floor":16},{"not_picked":["OrrerysSun","Koishi:LastRemote","ChargingUp","6A"],"picked":"SKIP","floor":18},{"not_picked":["Koishi:GeneticsOfTheUnconscious+1","Koishi:SpiritedAway","Koishi:TraumaticStroke+1","OpenUniverse"],"picked":"SKIP","floor":19}],"player_experience":389585,"relics_obtained":[{"floor":12,"key":"Pantograph"}],"event_choices":[{"damage_healed":0,"gold_gain":0,"player_choice":"Donut","damage_taken":0,"max_hp_gain":5,"max_hp_loss":0,"event_name":"Big Fish","floor":11,"gold_loss":0},{"damage_healed":0,"gold_gain":0,"player_choice":"Left","damage_taken":0,"max_hp_gain":0,"max_hp_loss":0,"event_name":"betterThird:BetterGoop","floor":13,"gold_loss":26}],"is_beta":false,"boss_relics":[{"not_picked":["energizedSpire:HugeHouse","Replay:Wanted Poster"],"picked":"aspiration:MarisaSkillbook"}],"items_purged_floors":[5],"is_endless":false,"potions_floor_spawned":[1,2,3,7,12,19],"killed_by":"Chosen and Byrds","ascension_level":0}}