{"host":"8is2j71l4wmybkoi","time":1613744597,"event":{"mods":["AchievementEnabler","BaseMod","Colored Map","DeckTracker","Minty Spire (QoL Compilation)","Rare Cards Sparkle","Relic Stats","StSLib","SuperFastMode"],"gold_per_floor":[114,114,39,56,69,69,94,106,106,106,124,124,156,173,173,246,246,261,176,176,187,206,206,223,250,324,324,349,349,381,396,396,475,475,491,504,517,530,155,155,190,190,215,215,233,233,233,88,88,88,88,88,16,16,16],"floor_reached":54,"language":"KOR","playtime":2074,"items_purged":["All Out Attack","Defend_G"],"score":1290,"play_id":"fc45fddb-f51a-4443-bc37-871a831af630","local_time":"20210219232317","is_ascension_mode":true,"campfire_choices":[{"data":"Neutralize","floor":6.0,"key":"SMITH"},{"data":"Bouncing Flask","floor":10.0,"key":"SMITH"},{"data":"Tactician","floor":12.0,"key":"SMITH"},{"data":"Eviscerate","floor":15.0,"key":"SMITH"},{"floor":23.0,"key":"RECALL"},{"floor":27.0,"key":"REST"},{"floor":32.0,"key":"REST"},{"floor":40,"key":"REST"},{"floor":42,"key":"REST"},{"floor":47,"key":"REST"},{"floor":49,"key":"REST"},{"floor":52,"key":"REST"}],"circlet_count":0,"master_deck":["AscendersBane","Strike_G","Defend_G","Survivor","Neutralize+1","Bouncing Flask+1","Heel Hook","Tactician+1","Unload","Eviscerate+1","Malaise","Calculated Gamble+1","Backflip+1","Terror","Dodge and Roll+1","Reflex","Grand Finale","Malaise+1","All Out Attack+1","Night Terror+1","Footwork+1","PiercingWail","Prepared","Acrobatics"],"relics":["Ring of the Snake","Pocketwatch","Ninja Scroll","Matryoshka","Fusion Hammer","Mercury Hourglass","Lantern","Omamori","Meat on the Bone","Regal Pillow","Bronze Scales","Astrolabe","TheAbacus","Anchor","CeramicFish","Toy Ornithopter"],"acts_visited":["Exordium","TheCity","TheBeyond","TheEnding"],"potions_floor_usage":[45],"damage_taken":[{"damage":2.0,"enemies":"Small Slimes","floor":1.0,"turns":4.0},{"damage":1.0,"enemies":"Jaw Worm","floor":4.0,"turns":3.0},{"damage":8.0,"enemies":"2 Louse","floor":5.0,"turns":2.0},{"damage":12.0,"enemies":"Gremlin Nob","floor":7.0,"turns":3.0},{"damage":0.0,"enemies":"Large Slime","floor":8.0,"turns":4.0},{"damage":0.0,"enemies":"Exordium Wildlife","floor":11.0,"turns":2.0},{"damage":10.0,"enemies":"3 Sentries","floor":13.0,"turns":3.0},{"damage":0.0,"enemies":"Gremlin Gang","floor":14.0,"turns":2.0},{"damage":16.0,"enemies":"The Guardian","floor":16.0,"turns":9.0},{"damage":0.0,"enemies":"Chosen","floor":18.0,"turns":3.0},{"damage":3.0,"enemies":"3 Byrds","floor":21.0,"turns":3.0},{"damage":6.0,"enemies":"Snecko","floor":22.0,"turns":4.0},{"damage":1.0,"enemies":"Snake Plant","floor":24.0,"turns":3.0},{"damage":5.0,"enemies":"Book of Stabbing","floor":25.0,"turns":4.0},{"damage":19.0,"enemies":"Slavers","floor":28.0,"turns":6.0},{"damage":0.0,"enemies":"Gremlin Leader","floor":30.0,"turns":5.0},{"damage":4.0,"enemies":"3 Cultists","floor":31.0,"turns":3.0},{"damage":27.0,"enemies":"Champ","floor":33.0,"turns":10.0},{"damage":0.0,"enemies":"3 Darklings","floor":35.0,"turns":3.0},{"damage":4,"enemies":"3 Shapes","floor":36,"turns":4},{"damage":25,"enemies":"Sphere and 2 Shapes","floor":37,"turns":5},{"damage":27,"enemies":"Spire Growth","floor":38,"turns":5},{"damage":19,"enemies":"Giant Head","floor":41,"turns":9},{"damage":12,"enemies":"Transient","floor":45,"turns":5},{"damage":15,"enemies":"Awakened One","floor":50,"turns":15},{"damage":80,"enemies":"Shield and Spear","floor":54,"turns":6}],"seed_played":"-4220808373676614169","potions_obtained":[{"floor":4.0,"key":"FearPotion"},{"floor":5.0,"key":"GamblersBrew"},{"floor":8.0,"key":"BlessingOfTheForge"},{"floor":14.0,"key":"SpeedPotion"},{"floor":18.0,"key":"BlessingOfTheForge"},{"floor":21.0,"key":"Block Potion"},{"floor":28.0,"key":"BlessingOfTheForge"},{"floor":30.0,"key":"PowerPotion"},{"floor":31.0,"key":"Swift Potion"},{"floor":37,"key":"Explosive Potion"},{"floor":38,"key":"BlessingOfTheForge"}],"is_trial":false,"path_per_floor":["M","?","?","M","M","R","E","M","T","R","M","R","E","M","R","B",null,"M","?","?","M","M","R","M","E","T","R","E","?","E","M","R","B",null,"M","M","M","M","$","R","E","R","T","?","M","?","R","$","R","B",null,"R","$","E"],"character_chosen":"THE_SILENT","items_purchased":["TheAbacus","Anchor","Acrobatics","DuplicationPotion"],"campfire_rested":7,"item_purchase_floors":[39,39,48,53],"current_hp_per_floor":[57,57,57,56,48,48,36,36,36,36,36,36,26,26,26,10,52,52,52,52,49,43,43,42,37,37,56,37,37,37,45,66,39,59,59,55,42,27,27,61,42,66,66,66,54,54,66,66,66,51,62,66,66,0,0],"gold":16,"neow_bonus":"REMOVE_CARD","is_daily":false,"chose_seed":false,"campfire_upgraded":4,"win_rate":0.0,"timestamp":1613744597,"path_taken":["M","?","?","M","M","R","E","M","T","R","M","R","E","M","R","BOSS","M","?","?","M","M","R","M","E","T","R","E","?","E","M","R","BOSS","M","M","M","M","$","R","E","R","T","?","M","?","R","$","R","BOSS","R","$","E"],"items_purchased_type":["Relic","Relic","Card","Potion"],"build_version":"2020-12-22","purchased_purges":2,"victory":false,"max_hp_per_floor":[66,66,66,66,66,66,66,66,66,66,66,66,66,66,66,66,66,66,66,66,66,66,66,66,66,66,66,66,66,66,66,66,66,66,66,66,66,66,66,66,66,66,66,66,66,66,66,66,66,66,66,66,66,66,66],"relic_stats":{"Regal Pillow":22,"TheAbacus":[132],"counters":[26,124],"Bronze Scales":[198],"Astrolabe":["Malaise","All Out Attack","Night Terror"],"CeramicFish":18,"obtain_stats":[{"Lantern":25,"Regal Pillow":28,"Astrolabe":34,"CeramicFish":41,"Omamori":26,"Mercury Hourglass":19,"Anchor":39,"Matryoshka":13,"TheAbacus":39,"Ninja Scroll":9,"Bronze Scales":30,"Fusion Hammer":17,"Toy Ornithopter":43,"Ring of the Snake":0,"Pocketwatch":7,"Meat on the Bone":26},{"Lantern":14,"Regal Pillow":15,"Astrolabe":18,"CeramicFish":23,"Omamori":14,"Mercury Hourglass":10,"Anchor":22,"Matryoshka":7,"TheAbacus":22,"Ninja Scroll":5,"Bronze Scales":16,"Fusion Hammer":9,"Toy Ornithopter":23,"Ring of the Snake":0,"Pocketwatch":4,"Meat on the Bone":14},{"Lantern":49,"Regal Pillow":54,"Astrolabe":72,"CeramicFish":98,"Omamori":49,"Mercury Hourglass":35,"Anchor":89,"Matryoshka":21,"TheAbacus":89,"Ninja Scroll":16,"Bronze Scales":59,"Fusion Hammer":32,"Toy Ornithopter":98,"Ring of the Snake":0,"Pocketwatch":12,"Meat on the Bone":49}],"Toy Ornithopter":0,"Ring of the Snake":[52],"Pocketwatch":[72],"Mercury Hourglass":[351],"Meat on the Bone":36},"card_choices":[{"not_picked":["Acrobatics","Skewer"],"picked":"All Out Attack","floor":1.0},{"not_picked":["Outmaneuver","Reflex"],"picked":"Bouncing Flask","floor":4.0},{"not_picked":["Cloak And Dagger","Blade Dance"],"picked":"Heel Hook","floor":5.0},{"not_picked":["Riddle With Holes","Escape Plan"],"picked":"Tactician","floor":7.0},{"not_picked":["Dagger Throw","Infinite Blades"],"picked":"Unload","floor":8.0},{"not_picked":["Endless Agony","Outmaneuver"],"picked":"Eviscerate","floor":11.0},{"not_picked":["Cloak And Dagger","A Thousand Cuts","Dodge and Roll"],"picked":"SKIP","floor":13.0},{"not_picked":["Bane","Riddle With Holes","Accuracy"],"picked":"SKIP","floor":14.0},{"not_picked":["Die Die Die","Envenom"],"picked":"Malaise","floor":16.0},{"not_picked":["Dash","Deflect","Dagger Spray"],"picked":"SKIP","floor":18.0},{"not_picked":["Predator","Terror"],"picked":"Calculated Gamble+1","floor":21.0},{"not_picked":["Sucker Punch","Deflect"],"picked":"Backflip+1","floor":22.0},{"not_picked":["Deflect","Outmaneuver"],"picked":"Terror","floor":24.0},{"not_picked":["All Out Attack","Dodge and Roll","Dash"],"picked":"SKIP","floor":25.0},{"not_picked":["Outmaneuver","Underhanded Strike+1"],"picked":"Dodge and Roll+1","floor":28.0},{"not_picked":["Malaise","Outmaneuver","Crippling Poison"],"picked":"SKIP","floor":30.0},{"not_picked":["Deadly Poison","Acrobatics"],"picked":"Reflex","floor":31.0},{"not_picked":["Adrenaline","Bullet Time"],"picked":"Grand Finale","floor":33.0},{"not_picked":["Bane","Outmaneuver","Slice+1"],"picked":"SKIP","floor":35.0},{"not_picked":["Bouncing Flask","Reflex"],"picked":"Footwork+1","floor":36},{"not_picked":["Finisher+1","Dagger Spray+1","Bane"],"picked":"SKIP","floor":37},{"not_picked":["Dodge and Roll","Masterful Stab"],"picked":"PiercingWail","floor":38},{"not_picked":["Blade Dance","Expertise"],"picked":"Prepared","floor":41},{"not_picked":["Reflex","Dodge and Roll","Prepared"],"picked":"SKIP","floor":45}],"player_experience":1257727,"relics_obtained":[{"floor":7.0,"key":"Pocketwatch"},{"floor":9.0,"key":"Ninja Scroll"},{"floor":13.0,"key":"Matryoshka"},{"floor":25.0,"key":"Lantern"},{"floor":26.0,"key":"Omamori"},{"floor":26.0,"key":"Meat on the Bone"},{"floor":28.0,"key":"Regal Pillow"},{"floor":30.0,"key":"Bronze Scales"},{"floor":41,"key":"CeramicFish"},{"floor":43,"key":"Toy Ornithopter"}],"event_choices":[{"cards_removed":["Strike_G"],"damage_healed":0.0,"max_hp_gain":0.0,"max_hp_loss":0.0,"gold_gain":0.0,"event_name":"Living Wall","player_choice":"Forget","floor":2.0,"gold_loss":0.0,"damage_taken":0.0},{"cards_removed":["Defend_G"],"damage_healed":0.0,"max_hp_gain":0.0,"max_hp_loss":0.0,"gold_gain":0.0,"event_name":"The Cleric","player_choice":"Card Removal","floor":3.0,"gold_loss":75.0,"damage_taken":0.0},{"damage_healed":0.0,"max_hp_gain":0.0,"max_hp_loss":0.0,"gold_gain":0.0,"event_name":"Addict","player_choice":"Obtained Relic","floor":19.0,"gold_loss":85.0,"damage_taken":0.0,"relics_obtained":["Mercury Hourglass"]},{"damage_healed":0.0,"max_hp_gain":0.0,"max_hp_loss":0.0,"gold_gain":0.0,"event_name":"The Mausoleum","player_choice":"Ignored","floor":20.0,"gold_loss":0.0,"damage_taken":0.0},{"cards_removed":["Strike_G"],"damage_healed":0.0,"max_hp_gain":0.0,"max_hp_loss":0.0,"gold_gain":0.0,"event_name":"Back to Basics","player_choice":"Elegance","floor":29.0,"gold_loss":0.0,"damage_taken":0.0},{"damage_healed":0,"gold_gain":0,"player_choice":"Ignored","damage_taken":0,"max_hp_gain":0,"max_hp_loss":0,"event_name":"Tomb of Lord Red Mask","floor":44,"gold_loss":0},{"damage_healed":0,"gold_gain":0,"player_choice":"Ignored","damage_taken":0,"max_hp_gain":0,"max_hp_loss":0,"event_name":"Mysterious Sphere","floor":46,"gold_loss":0}],"is_beta":false,"boss_relics":[{"not_picked":["WristBlade","Philosopher\u0027s Stone"],"picked":"Fusion Hammer"},{"not_picked":["Coffee Dripper","Tiny House"],"picked":"Astrolabe"}],"items_purged_floors":[39,48],"is_endless":false,"potions_floor_spawned":[4,5,8,14,18,21,28,30,31,37,38,41],"killed_by":"Shield and Spear","ascension_level":15}}