{"host":"1v3mnj67s3trvm6y","time":1613732907,"event":{"mods":["BaseMod","Challenge The Spire","Minty Spire (QoL Compilation)","StSLib","The Cursed"],"gold_per_floor":[119,129,149,139,162,162,177,177,177],"floor_reached":8,"language":"ENG","playtime":525,"items_purged":[],"score":50,"play_id":"cf40ae2c-0fe5-4e4e-a8fb-907d4abdf5ea","local_time":"20210219200827","is_ascension_mode":false,"campfire_choices":[{"data":"TheCursedMod:CollectTribute","floor":6,"key":"SMITH"}],"circlet_count":0,"master_deck":["TheCursedMod:Strike_TheCursed","TheCursedMod:Strike_TheCursed","TheCursedMod:Strike_TheCursed","TheCursedMod:Strike_TheCursed","TheCursedMod:Defend_TheCursed","TheCursedMod:Defend_TheCursed","TheCursedMod:Defend_TheCursed","TheCursedMod:Defend_TheCursed","TheCursedMod:CursedWand","TheCursedMod:CleanUpWorkshop","TheCursedMod:Dregs","TheCursedMod:CollectTribute+1","TheCursedMod:CursedSpellbook","TheCursedMod:CursedShiv","TheCursedMod:WearCloak","TheCursedMod:Obscuration","TheCursedMod:StunningStrike"],"relics":["TheCursedMod:BlackMagic101"],"acts_visited":["Exordium"],"potions_floor_usage":[],"damage_taken":[{"damage":0,"enemies":"Cultist","floor":1,"turns":4},{"damage":0,"enemies":"Jaw Worm","floor":2,"turns":5},{"damage":0,"enemies":"Small Slimes","floor":3,"turns":3},{"damage":4,"enemies":"Exordium Thugs","floor":4,"turns":4},{"damage":1,"enemies":"Looter","floor":7,"turns":4},{"damage":79,"enemies":"Lagavulin","floor":8,"turns":15}],"seed_played":"5575466284125940213","potions_obtained":[{"floor":7,"key":"Energy Potion"}],"is_trial":false,"path_per_floor":["M","M","M","M","T","R","M","E"],"character_chosen":"THE_CURSED","items_purchased":[],"campfire_rested":0,"item_purchase_floors":[],"current_hp_per_floor":[75,75,75,71,71,71,70,0,0],"gold":177,"neow_bonus":"ONE_RANDOM_RARE_CARD","is_daily":false,"chose_seed":false,"campfire_upgraded":1,"win_rate":0.0,"timestamp":1613732907,"path_taken":["M","M","M","M","?","R","M","E"],"items_purchased_type":[],"build_version":"2020-12-22","purchased_purges":0,"victory":false,"max_hp_per_floor":[75,75,75,75,75,75,75,75,75],"card_choices":[{"not_picked":["TheCursedMod:Stretching","TheCursedMod:Mangle"],"picked":"TheCursedMod:CursedSpellbook","floor":1},{"not_picked":["TheCursedMod:Wield","TheCursedMod:VitalStrike"],"picked":"TheCursedMod:CursedShiv","floor":2},{"not_picked":["TheCursedMod:CursedMace","TheCursedMod:SurpriseAttack"],"picked":"TheCursedMod:WearCloak","floor":3},{"not_picked":["TheCursedMod:CircleOfCorruption","TheCursedMod:BlessingInDisguise"],"picked":"TheCursedMod:Obscuration","floor":4},{"not_picked":["TheCursedMod:CursedSpellbook","TheCursedMod:CircleOfFlame"],"picked":"TheCursedMod:StunningStrike","floor":7}],"player_experience":1541053,"relics_obtained":[],"event_choices":[],"is_beta":false,"boss_relics":[],"items_purged_floors":[],"is_endless":false,"potions_floor_spawned":[7],"killed_by":"Lagavulin","ascension_level":0}}