{"host":"6affnl2vk6en9o4b","time":1613742736,"event":{"mods":["AchievementEnabler","Aspiration","BaseMod","BetterRewards","Colored Powertips","Conspire","Downfall","Friendly Minions","Googly Eyes","Highlight Path","Hubris","Infinite Spire","Minty Spire (QoL Compilation)","Quick Restart","Replay The Spire","StSLib","Unceasing Turn Reminder"],"gold_per_floor":[99,111,126,126,142,169,169,169,169,184,218,235,246,265,281,477,477,277,395,407,407,407,407,407,424,424,424,424],"floor_reached":26,"language":"ENG","playtime":1198,"items_purged":[],"score":222,"play_id":"0a901bb5-7b90-4984-a2d5-a063018c2897","local_time":"20210219135216","is_ascension_mode":false,"campfire_choices":[{"floor":1.0,"key":"RECALL"},{"data":"sneckomod:UnendingSupply","floor":18,"key":"SMITH"},{"data":"sneckomod:MorePower","floor":23,"key":"SMITH"}],"circlet_count":0,"master_deck":["sneckomod:Strike","sneckomod:Strike","sneckomod:Strike","sneckomod:Defend","sneckomod:Defend","sneckomod:Defend","sneckomod:TailWhip","sneckomod:SnekBite","sneckomod:Unknown","sneckomod:Unknown","sneckomod:MasterEye","sneckomod:UnknownCommonSkill","sneckomod:UnendingSupply+1","sneckomod:PureSnecko","sneckomod:UnknownVulnerable","sneckomod:UnknownClassINFINITE_BLACK","sneckomod:IronFang","sneckomod:DiceBlock","sneckomod:UnknownBlock","sneckomod:WideSting","sneckomod:MorePower+1","sneckomod:UnknownBoss+1","sneckomod:TrashToTreasure","sneckomod:Unknown3Cost+1","sneckomod:UnknownDexterity","sneckomod:UnknownStrength+1","sneckomod:ImprovisedAttack","Meteor Strike"],"relics":["sneckomod:SneckoSoul","hubris:Towel","hubris:SphereOfDissonance","sneckomod:LoadedDie","hubris:Icosahedron","hubris:FunFungus","Black Star","downfall:HeartBlessingRed","downfall:HeartBlessingGreen","Prayer Wheel"],"acts_visited":["Exordium","TheCity"],"potions_floor_usage":[16,16,26,26],"damage_taken":[{"damage":8.0,"enemies":"Jaw Worm","floor":2.0,"turns":5.0},{"damage":3.0,"enemies":"Small Slimes","floor":3.0,"turns":3.0},{"damage":9.0,"enemies":"Cultist","floor":5.0,"turns":5.0},{"damage":7.0,"enemies":"Gremlin Nob","floor":6.0,"turns":4.0},{"damage":10.0,"enemies":"Lots of Slimes","floor":10.0,"turns":4.0},{"damage":29.0,"enemies":"3 Sentries","floor":11.0,"turns":9.0},{"damage":2.0,"enemies":"downfall:LooterAlt","floor":12.0,"turns":4.0},{"damage":4.0,"enemies":"Blue Slaver","floor":13.0,"turns":2.0},{"damage":0.0,"enemies":"3 Louse","floor":14.0,"turns":2.0},{"damage":15,"enemies":"Exordium Wildlife","floor":15,"turns":6},{"damage":65,"enemies":"WA_ARCHETYPE_RETAIN","floor":16,"turns":7},{"damage":35,"enemies":"Spheric Guardian","floor":19,"turns":9},{"damage":11,"enemies":"downfall:LooterAlt2","floor":20,"turns":5},{"damage":24,"enemies":"Snake Plant","floor":25,"turns":5},{"damage":73,"enemies":"Nightmare","floor":26,"turns":9}],"seed_played":"1655213252708995544","potions_obtained":[{"floor":2.0,"key":"FearPotion"},{"floor":3.0,"key":"Strength Potion"},{"floor":5.0,"key":"ColorlessPotion"},{"floor":14.0,"key":"CultistPotion"},{"floor":15,"key":"sneckomod:DiceRollPotion"},{"floor":16,"key":"bronze:BurnAndBuffPotion"}],"is_trial":false,"path_per_floor":["R","M","M","?","M","E","T","?","?","M","E","M","M","M","M","B",null,"R","M","M","?","?","R","T","M","NM"],"character_chosen":"THE_SNECKO","items_purchased":[],"campfire_rested":0,"item_purchase_floors":[],"current_hp_per_floor":[99,91,88,88,79,72,72,72,72,62,33,97,93,93,80,15,99,99,64,89,89,89,89,89,68,0,0,0],"gold":424,"neow_bonus":"TEN_PERCENT_HP_BONUS","is_daily":false,"chose_seed":false,"campfire_upgraded":2,"win_rate":0.0,"timestamp":1613742736,"path_taken":["R","M","M","?","M","E","T","?","?","M","E","M","M","M","M","BOSS","R","M","M","?","?","R","T","?","NM"],"items_purchased_type":[],"build_version":"2020-12-22","purchased_purges":0,"victory":false,"max_hp_per_floor":[99,99,99,99,99,99,99,99,99,99,99,99,99,99,99,99,99,99,99,99,99,99,99,99,99,99,99,99],"card_choices":[{"not_picked":["sneckomod:UnknownStrike","sneckomod:Unknown1Cost"],"picked":"sneckomod:MasterEye","floor":2.0},{"not_picked":["sneckomod:SerpentIdol","sneckomod:RainOfDice"],"picked":"sneckomod:UnknownCommonSkill","floor":3.0},{"not_picked":["sneckomod:SerpentIdol","sneckomod:UnknownDraw"],"picked":"sneckomod:UnendingSupply","floor":5.0},{"not_picked":["sneckomod:UnknownX","sneckomod:DefensiveFlair"],"picked":"sneckomod:PureSnecko","floor":6.0},{"not_picked":["sneckomod:Rotation","sneckomod:TrashToTreasure"],"picked":"sneckomod:UnknownVulnerable","floor":10.0},{"not_picked":["sneckomod:RainOfDice","sneckomod:UnknownDraw"],"picked":"sneckomod:UnknownClassINFINITE_BLACK","floor":11.0},{"not_picked":["sneckomod:UnknownExhaust","sneckomod:SoulDraw"],"picked":"sneckomod:IronFang","floor":12.0},{"not_picked":["sneckomod:UnknownStrike","sneckomod:Memorize"],"picked":"sneckomod:DiceBlock","floor":13.0},{"not_picked":["sneckomod:SoulRoll","sneckomod:UnknownDraw"],"picked":"sneckomod:UnknownBlock","floor":14.0},{"not_picked":["sneckomod:UnknownCommonSkill","sneckomod:UnknownDraw"],"picked":"sneckomod:WideSting","floor":15},{"not_picked":["sneckomod:Cheat","sneckomod:Restock"],"picked":"sneckomod:MorePower","floor":16},{"not_picked":["sneckomod:UnknownX+1","sneckomod:UnknownUncommonSkill+1"],"picked":"sneckomod:UnknownBoss+1","floor":19},{"not_picked":["sneckomod:DiceCrush","sneckomod:SoulDraw+1"],"picked":"sneckomod:TrashToTreasure","floor":19},{"not_picked":["sneckomod:UnknownCommonAttack+1","sneckomod:UnknownStrike+1"],"picked":"sneckomod:Unknown3Cost+1","floor":20},{"not_picked":["sneckomod:UnknownCommonAttack","sneckomod:SoulRoll"],"picked":"sneckomod:UnknownDexterity","floor":20},{"not_picked":["sneckomod:UnknownExhaust+1","sneckomod:UnknownBlock+1"],"picked":"sneckomod:UnknownStrength+1","floor":25},{"not_picked":["sneckomod:QuickMove+1","sneckomod:UnknownClassBLUE+1"],"picked":"sneckomod:ImprovisedAttack","floor":25}],"player_experience":275468,"relics_obtained":[{"floor":6.0,"key":"hubris:SphereOfDissonance"},{"floor":7.0,"key":"sneckomod:LoadedDie"},{"floor":11.0,"key":"hubris:FunFungus"}],"event_choices":[],"is_beta":false,"boss_relics":[{"not_picked":["ReplayTheSpireMod:SealedPack","aspiration:RunicSpoon"],"picked":"Black Star"}],"items_purged_floors":[],"is_endless":false,"potions_floor_spawned":[2,3,5,14,15,16],"killed_by":"Nightmare","ascension_level":0}}