{"host":"j5shy70asow5koz5","time":1613721295,"event":{"mods":["2.2 Compatiblity","Act Like it!","Arknights","BaseMod","Colored Map","Marisa£¨Ùöéë¡¡Øª×âÞÞ£©","Minty Spire (QoL Compilation)","Prisma Mod","StSLib","SuperFastMode","Td1madao Mod","The Disciple","The Gatherer","The Servant 0.9.3","Waifu the Spire"],"gold_per_floor":[113,31,44,21,39,39,65,65,88,105,125,75,75,103,103,198,198,214,214,228,243,253,253,253],"floor_reached":23,"language":"KOR","playtime":1063,"items_purged":[],"score":193,"play_id":"75c3a6ca-245f-4b1f-9b2d-c8fcab231f95","local_time":"20210219165455","is_ascension_mode":false,"campfire_choices":[{"data":"Luminosity","floor":6,"key":"SMITH"},{"data":"BottledTime","floor":8,"key":"SMITH"},{"data":"Barrier","floor":15,"key":"SMITH"}],"circlet_count":0,"master_deck":["Strike_S","Strike_S","Strike_S","Defend_S","Defend_S","Defend_S","Defend_S","KidneyShot","Exchange","Luminosity+1","Moonlight","BottledTime+1","ShiftingGears","Barrier+1","Initiator","CurseOfTheBell","GearUp","BestPractice+1"],"relics":["Uniform","MealTicket","Lantern","Tiny Chest","Odd Mushroom","Calling Bell","Juzu Bracelet","Kunai","Ice Cream","Smiling Mask"],"acts_visited":["Exordium","TheCity"],"potions_floor_usage":[7,14,14,23,23,23,23],"damage_taken":[{"damage":4,"enemies":"Cultist","floor":1,"turns":3},{"damage":0,"enemies":"Small Slimes","floor":3,"turns":4},{"damage":3,"enemies":"Jaw Worm","floor":5,"turns":3},{"damage":18,"enemies":"3 Sentries","floor":7,"turns":7},{"damage":9,"enemies":"2 Fungi Beasts","floor":10,"turns":4},{"damage":11,"enemies":"Exordium Thugs","floor":11,"turns":5},{"damage":2,"enemies":"The Mushroom Lair","floor":14,"turns":6},{"damage":2,"enemies":"Slime Boss","floor":16,"turns":24},{"damage":22,"enemies":"Spheric Guardian","floor":18,"turns":5},{"damage":10,"enemies":"Chosen","floor":20,"turns":4},{"damage":1,"enemies":"Shelled Parasite and Fungi","floor":21,"turns":11},{"damage":0,"enemies":"Snecko","floor":22,"turns":4},{"damage":42,"enemies":"Gremlin Leader","floor":23,"turns":3}],"seed_played":"-302917032983602100","potions_obtained":[{"floor":5,"key":"AttackPotion"},{"floor":7,"key":"Strength Potion"},{"floor":10,"key":"Ancient Potion"},{"floor":16,"key":"Explosive Potion"},{"floor":18,"key":"SkillPotion"},{"floor":20,"key":"GamblersBrew"},{"floor":21,"key":"EntropicBrew"}],"is_trial":false,"path_per_floor":["M","$","M","$","M","R","E","R","T","M","M","?","?","?","R","B",null,"M","T","M","M","M","E"],"character_chosen":"THE_SERVANT","items_purchased":["Luminosity","BottledTime"],"campfire_rested":0,"item_purchase_floors":[2,4],"current_hp_per_floor":[61,65,65,65,62,62,44,44,44,35,24,24,29,27,27,25,70,48,48,38,37,37,0,0],"gold":253,"neow_bonus":"RANDOM_COMMON_RELIC","is_daily":false,"chose_seed":false,"campfire_upgraded":3,"win_rate":0.0,"timestamp":1613721295,"path_taken":["M","$","M","?","M","R","E","R","T","M","M","?","?","?","R","BOSS","M","?","M","M","M","E"],"items_purchased_type":["Card","Card"],"build_version":"2020-12-22","purchased_purges":0,"victory":false,"max_hp_per_floor":[65,65,65,65,65,65,65,65,65,65,65,65,70,70,70,70,70,70,70,70,70,70,70,70],"card_choices":[{"not_picked":["Potential","Alleviate","Hightail"],"picked":"SKIP","floor":1},{"not_picked":["Advance","SurpressingFire"],"picked":"Moonlight","floor":3},{"not_picked":["TimeWarp","Potential","ShiftingGears"],"picked":"SKIP","floor":5},{"not_picked":["TimeWarp","Potential"],"picked":"ShiftingGears","floor":5},{"not_picked":["FastForward","SurpressingFire","BottledTime"],"picked":"SKIP","floor":7},{"not_picked":["Potential","TimeWarp","Rewind"],"picked":"SKIP","floor":10},{"not_picked":["Starlight","BottledTime"],"picked":"Barrier","floor":11},{"not_picked":["Deny","KillingDoll"],"picked":"Initiator","floor":16},{"not_picked":["ShatteredReality","Alleviate","Foresight"],"picked":"SKIP","floor":18},{"not_picked":["Alleviate","BestPractice"],"picked":"GearUp","floor":20},{"not_picked":["Replace","Rearm+1","StarChef"],"picked":"SKIP","floor":21},{"not_picked":["TimeWarp","Advance"],"picked":"BestPractice+1","floor":22}],"player_experience":119159,"relics_obtained":[{"floor":7,"key":"Lantern"},{"floor":9,"key":"Tiny Chest"},{"floor":14,"key":"Odd Mushroom"},{"floor":17,"key":"Juzu Bracelet"},{"floor":17,"key":"Kunai"},{"floor":17,"key":"Ice Cream"},{"floor":19,"key":"Smiling Mask"}],"event_choices":[{"cards_removed":["Strike_S"],"damage_healed":0,"gold_gain":0,"player_choice":"Card Removal","damage_taken":0,"max_hp_gain":0,"max_hp_loss":0,"event_name":"The Cleric","floor":12,"gold_loss":50},{"damage_healed":0,"gold_gain":0,"player_choice":"Donut","damage_taken":0,"max_hp_gain":5,"max_hp_loss":0,"event_name":"Big Fish","floor":13,"gold_loss":0},{"damage_healed":0,"gold_gain":0,"player_choice":"Fought Mushrooms","damage_taken":0,"max_hp_gain":0,"max_hp_loss":0,"event_name":"Mushrooms","floor":14,"gold_loss":0}],"is_beta":false,"boss_relics":[{"not_picked":["Snecko Eye","SacredBark"],"picked":"Calling Bell"}],"items_purged_floors":[],"is_endless":false,"potions_floor_spawned":[5,7,10,16,18,20,21],"killed_by":"Gremlin Leader","ascension_level":0}}