{"host":"7wwmf5ihvdzput8s","time":1613729232,"event":{"mods":["BaseMod","Minty Spire (QoL Compilation)","Quick Restart","Replay The Spire","StSLib","UnlockEverythingMod"],"gold_per_floor":[118,131,131,141,141,169,195,225,277,277,277,277,307,350,362,448,460,484,528,559,571,600,612,657,697,736,748,69,102,102,19,19,99,99,125,125,125,78,78,119,164,97,121,160,85,105,131,176,176,204,212],"floor_reached":52,"language":"ZHS","playtime":698,"items_purged":["Quick Slash"],"score":2922,"play_id":"46347f24-52fa-42bc-831d-86789b353cd4","local_time":"20210219180712","daily_mods":["SealedDeck","Vintage","Green Cards","Purple Cards","Heirloom","Time Dilation","Flight","DeadlyEvents","Elite Swarm","Lethality","Night Terrors"],"is_ascension_mode":true,"campfire_choices":[{"data":"Blasphemy","floor":10.0,"key":"SMITH"},{"data":"Flex","floor":12.0,"key":"SMITH"},{"data":"Heavy Blade","floor":15.0,"key":"SMITH"},{"data":"Flex","floor":23.0,"key":"SMITH"},{"data":"Finisher","floor":27.0,"key":"SMITH"},{"data":"FlurryOfBlows","floor":32.0,"key":"SMITH"}],"circlet_count":0,"master_deck":["AscendersBane","FlurryOfBlows+1","FlyingSleeves","Thunderclap+1","Heavy Blade+1","Flex+1","Finisher+1","Pommel Strike+1","Flex+1","Blasphemy+1","Ragnarok+1","Limit Break+1","Blasphemy+1","Tantrum+1","Limit Break+1","Limit Break+1"],"relics":["Unceasing Top","Lizard Tail","ReplayTheSpireMod:TigerMarble","ReplayTheSpireMod:Shallot","ReplayTheSpireMod:Spearhead","Replay:Wax Seal","Replay:Bottled Snecko","Blue Doll","PreservedInsect","NeowsBlessing","MawBank","Golden Egg","Philosopher\u0027s Stone","Mercury Hourglass","Red Mask","Magic Flower","NeowsBlessing","Toy Ornithopter","Self Forming Clay","Whetstone","Replay:Bandana","Potion Belt","Incense Burner","Durian","Blue Candle","ReplayTheSpireMod:DimensionalGlitch","Strawberry","Art of War","Bag of Preparation","Anchor","ReplayFunnel","Orichalcum","Kunai","Red Skull","Du-Vu Doll"],"acts_visited":["Exordium","TheCity","TheBeyond"],"potions_floor_usage":[51,51,51,51,51,51,51,51],"damage_taken":[{"damage":0.0,"enemies":"Cultist","floor":1.0,"turns":1.0},{"damage":0.0,"enemies":"Jaw Worm","floor":2.0,"turns":1.0},{"damage":0.0,"enemies":"Small Slimes","floor":4.0,"turns":1.0},{"damage":0.0,"enemies":"Gremlin Nob","floor":6.0,"turns":2.0},{"damage":0.0,"enemies":"3 Sentries","floor":7.0,"turns":2.0},{"damage":0.0,"enemies":"Lagavulin","floor":8.0,"turns":2.0},{"damage":0.0,"enemies":"3 Sentries","floor":13.0,"turns":1.0},{"damage":0.0,"enemies":"Lagavulin","floor":14.0,"turns":1.0},{"damage":0.0,"enemies":"Fading Forest","floor":16.0,"turns":1.0},{"damage":0.0,"enemies":"3 Byrds","floor":18.0,"turns":1.0},{"damage":0.0,"enemies":"Masked Bandits","floor":19.0,"turns":1.0},{"damage":0.0,"enemies":"Shell Parasite","floor":20.0,"turns":1.0},{"damage":0.0,"enemies":"Centurion and Healer","floor":22.0,"turns":1.0},{"damage":0.0,"enemies":"Book of Stabbing","floor":24.0,"turns":1.0},{"damage":0.0,"enemies":"Gremlin Leader","floor":25.0,"turns":1.0},{"damage":6.0,"enemies":"Book of Stabbing","floor":29.0,"turns":1.0},{"damage":0.0,"enemies":"Automaton","floor":33.0,"turns":1.0},{"damage":2.0,"enemies":"3 Darklings","floor":35.0,"turns":1.0},{"damage":2.0,"enemies":"2 Orb Walkers","floor":38.0,"turns":1.0},{"damage":0,"enemies":"R_Hoarder","floor":40,"turns":1},{"damage":1,"enemies":"Reptomancer","floor":41,"turns":1},{"damage":2,"enemies":"Nemesis","floor":42,"turns":1},{"damage":0,"enemies":"R_Hoarder","floor":44,"turns":1},{"damage":0,"enemies":"3 Shapes","floor":46,"turns":1},{"damage":0,"enemies":"Reptomancer","floor":48,"turns":1},{"damage":0,"enemies":"Awakened One","floor":50,"turns":2},{"damage":0,"enemies":"Donu and Deca","floor":51,"turns":1}],"seed_played":"-492682818907087879","potions_obtained":[{"floor":4.0,"key":"Strength Potion"},{"floor":6.0,"key":"SpeedPotion"},{"floor":8.0,"key":"Strength Potion"},{"floor":13.0,"key":"SteroidPotion"},{"floor":19.0,"key":"Elixir"},{"floor":29.0,"key":"SteroidPotion"},{"floor":35.0,"key":"SkillPotion"},{"floor":44,"key":"EntropicBrew"}],"is_trial":true,"path_per_floor":["M","M","$","M","?","E","E","E","T","R","WH","R","E","E","R","B",null,"M","?","M","WH","M","R","E","E","T","R","$","E","?","$","R","B",null,"M","?","$","?","?","E","E","E","T","E","$","M","T","E","R","B","B",null],"character_chosen":"IRONCLAD","items_purchased":["Tantrum","Potion Belt","Incense Burner","Fruit Juice","Blue Candle"],"campfire_rested":0,"item_purchase_floors":[28,28,28,28,31],"current_hp_per_floor":[68,68,68,68,64,64,64,64,64,64,64,64,64,64,64,64,72,72,72,72,72,72,72,72,72,72,72,80,79,79,79,79,79,84,89,89,89,90,92,92,91,89,89,89,89,89,89,89,89,89,92],"gold":212,"neow_bonus":"THREE_ENEMY_KILL","is_daily":false,"chose_seed":false,"campfire_upgraded":6,"win_rate":0.0,"timestamp":1613729232,"path_taken":["M","?","?","?","?","E","E","E","T","R","WH","R","?","E","R","BOSS","M","?","?","WH","M","R","?","E","T","R","$","E","?","$","R","BOSS","M","?","$","?","?","E","E","?","T","E","$","?","?","?","R","BOSS","BOSS"],"items_purchased_type":["Card","Relic","Relic","Potion","Relic"],"build_version":"2020-12-22","purchased_purges":1,"victory":true,"max_hp_per_floor":[75,75,75,75,75,75,75,75,75,75,75,75,75,75,75,75,75,75,75,75,75,75,75,75,75,75,75,80,85,85,85,85,85,85,92,92,92,92,92,92,92,92,92,92,92,92,92,92,92,92,92],"card_choices":[{"not_picked":["ReplayTheSpireMod:Necrosis","Vault","Double Tap"],"picked":"SKIP","floor":6.0},{"not_picked":["Barricade","Juggernaut","Wraith Form v2"],"picked":"SKIP","floor":7.0},{"not_picked":["After Image","Scrawl"],"picked":"Blasphemy","floor":8.0},{"not_picked":["Alpha","Blasphemy"],"picked":"Ragnarok","floor":14.0},{"not_picked":["Devotion","ReplayTheSpireMod:From All Sides"],"picked":"Limit Break","floor":16.0},{"not_picked":["Doppelganger","Die Die Die"],"picked":"Blasphemy","floor":25.0},{"not_picked":["Brilliance","DevaForm"],"picked":"Limit Break","floor":29.0},{"not_picked":["Double Tap","Venomology"],"picked":"Limit Break","floor":33.0}],"player_experience":72051,"relics_obtained":[{"floor":1.0,"key":"ReplayTheSpireMod:TigerMarble"},{"floor":2.0,"key":"ReplayTheSpireMod:Shallot"},{"floor":4.0,"key":"ReplayTheSpireMod:Spearhead"},{"floor":6.0,"key":"Replay:Wax Seal"},{"floor":7.0,"key":"Replay:Bottled Snecko"},{"floor":8.0,"key":"Blue Doll"},{"floor":9.0,"key":"PreservedInsect"},{"floor":13.0,"key":"MawBank"},{"floor":14.0,"key":"Golden Egg"},{"floor":18.0,"key":"Mercury Hourglass"},{"floor":19.0,"key":"Red Mask"},{"floor":20.0,"key":"Magic Flower"},{"floor":22.0,"key":"Toy Ornithopter"},{"floor":24.0,"key":"Self Forming Clay"},{"floor":25.0,"key":"Whetstone"},{"floor":26.0,"key":"Replay:Bandana"},{"floor":29.0,"key":"Durian"},{"floor":35.0,"key":"Strawberry"},{"floor":40,"key":"Art of War"},{"floor":41,"key":"Bag of Preparation"},{"floor":42,"key":"Anchor"},{"floor":43,"key":"ReplayFunnel"},{"floor":44,"key":"Orichalcum"},{"floor":46,"key":"Kunai"},{"floor":47,"key":"Red Skull"},{"floor":48,"key":"Du-Vu Doll"}],"event_choices":[{"damage_healed":0.0,"max_hp_gain":0.0,"max_hp_loss":0.0,"gold_gain":0.0,"event_name":"The Woman in Blue","player_choice":"Bought 0 Potions","floor":5.0,"gold_loss":0.0,"damage_taken":0.0},{"damage_healed":0.0,"max_hp_gain":0.0,"max_hp_loss":0.0,"gold_gain":0.0,"event_name":"Masked Bandits","player_choice":"Fought Bandits","floor":19.0,"gold_loss":0.0,"damage_taken":0.0},{"damage_healed":0.0,"max_hp_gain":0.0,"max_hp_loss":0.0,"gold_gain":0.0,"event_name":"Ghosts","player_choice":"Ignored","floor":30.0,"gold_loss":0.0,"damage_taken":0.0},{"damage_healed":0.0,"max_hp_gain":0.0,"max_hp_loss":0.0,"gold_gain":0.0,"event_name":"Mysterious Sphere","player_choice":"Fight","floor":38.0,"gold_loss":0.0,"damage_taken":0.0},{"cards_removed":["Slice"],"damage_healed":5,"gold_gain":0,"player_choice":"Offered Common","damage_taken":0,"max_hp_gain":0,"max_hp_loss":0,"event_name":"Bonfire Elementals","floor":39,"gold_loss":0},{"cards_removed":["Slice"],"damage_healed":5,"gold_gain":0,"player_choice":"Offered Special","damage_taken":0,"max_hp_gain":0,"max_hp_loss":0,"event_name":"Bonfire Elementals","floor":39,"gold_loss":0}],"is_beta":false,"boss_relics":[{"not_picked":["Velvet Choker","Replay:Ancient Bell"],"picked":"Philosopher\u0027s Stone"},{"not_picked":["Runic Pyramid","Kintsugi"],"picked":"ReplayTheSpireMod:DimensionalGlitch"}],"items_purged_floors":[45],"is_endless":false,"potions_floor_spawned":[4,6,8,13,16,19,20,22,25,29,35,44,46,48],"ascension_level":20}}