{"host":"121m0oxswv9tg9hk","time":1613772451,"event":{"mods":["BaseMod","Better Altar","Better Third Choice","Hermit","Hubris","Ironclad Rager","Minty Spire (QoL Compilation)","Replay The Spire","Shade Mod","StSLib","The Construct","The Mystic"],"gold_per_floor":[113,113,124,299,310,345,345,357,357,383,383,44,44,56,56,155,155,172,172,188,42,62,62,97,97,97,130,148,148,160,172,172,272,272,290,128,148,148,148,148],"floor_reached":39,"language":"ENG","playtime":2844,"items_purged":["Doubt","Shade:Strike_Shade","Shade:Defend_Shade"],"score":901,"play_id":"afae3254-44ff-49b0-9767-f7e490e76b92","local_time":"20210219230731","is_ascension_mode":true,"campfire_choices":[{"floor":7,"key":"REST"},{"data":"Shade:LastGasp","floor":11,"key":"SMITH"},{"floor":13,"key":"REST"},{"data":"Shade:DangerousRitual","floor":15,"key":"SMITH"},{"data":"Shade:TouchOfTheGrave","floor":23,"key":"SMITH"},{"floor":25,"key":"REST"},{"data":"Shade:OminousRitual","floor":29,"key":"SMITH"},{"floor":32,"key":"REST"}],"circlet_count":0,"master_deck":["AscendersBane","Shade:Strike_Shade","Shade:Strike_Shade","Shade:Strike_Shade","Shade:Defend_Shade","Shade:Defend_Shade","Shade:Defend_Shade","Shade:AnimateDead","Shade:CarefulCut","Shade:FingerOfDeath+1","Shade:AncientSpear","Shade:AncientSpear","Shade:LastGasp+1","Shade:DangerousRitual+1","Shade:GreyBargain+1","Shade:GreyBargain+1","Shade:FuneraryArmor","Shade:OminousRitual+1","Shade:StitchTogether","Blind","Shade:FleshToFlesh","Shade:GreyBargain+1","Shade:TouchOfTheGrave+1","Shade:Brains","Shade:TouchOfTheGrave+1","Shade:LoseControl","Shade:GraveStillness","Shade:GraveStillness","Shade:AnimateDead"],"relics":["Shade:YorickSkull","NeowsBlessing","Snack Pack","TungstenRod","Replay:WaspNest","Replay:Bottled Eggs","Replay:Bronze Core","PreservedInsect","Calipers","Replay:Bottled Steam","hubris:BlackHole"],"acts_visited":["Exordium","TheCity","TheBeyond"],"potions_floor_usage":[6,10,18,27,28,33],"damage_taken":[{"damage":0,"enemies":"Jaw Worm","floor":1,"turns":1},{"damage":0,"enemies":"Cultist","floor":3,"turns":1},{"damage":0,"enemies":"2 Louse","floor":5,"turns":1},{"damage":24,"enemies":"Replay:BlueRogue","floor":6,"turns":4},{"damage":10,"enemies":"Exordium Wildlife","floor":8,"turns":5},{"damage":30,"enemies":"Lagavulin","floor":10,"turns":8},{"damage":3,"enemies":"Red Slaver","floor":14,"turns":3},{"damage":25,"enemies":"Fading Forest","floor":16,"turns":11},{"damage":0,"enemies":"Spheric Guardian","floor":18,"turns":3},{"damage":10,"enemies":"Shell Parasite","floor":20,"turns":7},{"damage":13,"enemies":"Centurion and Healer","floor":22,"turns":11},{"damage":21,"enemies":"Slavers","floor":24,"turns":4},{"damage":13,"enemies":"Book of Stabbing","floor":27,"turns":6},{"damage":16,"enemies":"Snake Plant","floor":28,"turns":7},{"damage":28,"enemies":"Sentry and Sphere","floor":30,"turns":5},{"damage":15,"enemies":"Shelled Parasite and Fungi","floor":31,"turns":7},{"damage":38,"enemies":"Pondfish","floor":33,"turns":10},{"damage":18,"enemies":"3 Darklings","floor":35,"turns":4},{"damage":24,"enemies":"3 Shapes","floor":37,"turns":2},{"damage":34,"enemies":"Maw","floor":39,"turns":8}],"seed_played":"1313170600008052078","potions_obtained":[{"floor":1,"key":"LiquidMemories"},{"floor":6,"key":"SkillPotion"},{"floor":16,"key":"AttackPotion"},{"floor":22,"key":"Weak Potion"},{"floor":27,"key":"Regen Potion"},{"floor":31,"key":"Dexterity Potion"}],"is_trial":false,"path_per_floor":["M","?","M","?","M","E","R","M","T","E","R","$","R","M","R","B",null,"M","?","M","$","M","R","E","R","T","E","M","R","M","M","R","B",null,"M","$","M","?","M"],"character_chosen":"SHADE","items_purchased":["Replay:Bottled Eggs","Shade:GreyBargain","Shade:GreyBargain","Shade:GraveStillness"],"campfire_rested":4,"item_purchase_floors":[12,12,21,36],"current_hp_per_floor":[59,59,59,59,59,35,54,46,46,18,18,18,37,34,34,25,55,59,59,51,51,47,47,28,47,47,43,48,48,20,16,35,12,52,38,38,14,14,0,0],"gold":148,"neow_bonus":"THREE_ENEMY_KILL","is_daily":false,"chose_seed":false,"campfire_upgraded":4,"win_rate":0.0,"timestamp":1613772451,"path_taken":["M","?","?","?","M","E","R","M","T","E","R","?","R","M","R","BOSS","M","?","?","?","M","R","E","R","T","E","?","R","M","M","R","BOSS","M","?","M","?","M"],"items_purchased_type":["Relic","Card","Card","Card"],"build_version":"2020-12-22","purchased_purges":3,"victory":false,"max_hp_per_floor":[65,65,65,65,65,65,65,65,65,65,65,65,65,65,65,65,65,65,65,65,65,65,65,65,65,65,65,65,65,65,65,65,65,65,65,65,65,65,65,65],"card_choices":[{"not_picked":["Shade:ScuttlingHand","Shade:SkeletonHug"],"picked":"Shade:FingerOfDeath","floor":1},{"not_picked":["Shade:DangerousRitual","Shade:FeralStrike"],"picked":"Shade:AncientSpear","floor":3},{"not_picked":["Shade:GraveStillness","Shade:FuneraryJewels"],"picked":"Shade:AncientSpear","floor":5},{"not_picked":["Shade:Haruspicy","Shade:GraveStillness"],"picked":"Shade:LastGasp","floor":6},{"not_picked":["Shade:CoffinDance","Shade:FuneraryArmor"],"picked":"Shade:DangerousRitual","floor":8},{"not_picked":["Shade:LyeBath","Shade:Bonestorm"],"picked":"Shade:GreyBargain","floor":10},{"not_picked":["Shade:CallOfTheGrave","Shade:BoneShards"],"picked":"Shade:FuneraryArmor","floor":14},{"not_picked":["Shade:LastGasp","Shade:Consume"],"picked":"Shade:OminousRitual","floor":16},{"not_picked":["Shade:CallOfTheGrave","Shade:AncientSpear"],"picked":"Shade:StitchTogether","floor":18},{"not_picked":["Shade:FeralStrike","Shade:Carnophage"],"picked":"Shade:FleshToFlesh","floor":20},{"not_picked":["Shade:Frenzy","Shade:AncientSpear"],"picked":"Shade:TouchOfTheGrave","floor":22},{"not_picked":["Shade:FingerOfDeath","Shade:BoneShards","Shade:Premonition"],"picked":"SKIP","floor":24},{"not_picked":["Shade:SoulToxin+1","Shade:Haruspicy+1"],"picked":"Shade:Brains","floor":27},{"not_picked":["Shade:CoffinDance","Shade:SkeletonHug"],"picked":"Shade:TouchOfTheGrave+1","floor":28},{"not_picked":["Shade:Bonestorm","Shade:Frenzy+1","Shade:FreshBones+1"],"picked":"SKIP","floor":30},{"not_picked":["Shade:CallWraith","Shade:OpenGraves","Shade:DangerousRitual+1"],"picked":"SKIP","floor":31},{"not_picked":["Shade:LastGasp","Shade:Putrefaction"],"picked":"Shade:LoseControl","floor":33},{"not_picked":["Shade:Excise","Shade:CommandSoldier","Shade:RitualOffering+1"],"picked":"SKIP","floor":35},{"not_picked":["Shade:CommandSoldier","Shade:Frenzy+1","Shade:SpectralStrikes"],"picked":"SKIP","floor":37}],"player_experience":2557312,"relics_obtained":[{"floor":6,"key":"Snack Pack"},{"floor":9,"key":"TungstenRod"},{"floor":10,"key":"Replay:WaspNest"},{"floor":24,"key":"PreservedInsect"},{"floor":26,"key":"Calipers"},{"floor":27,"key":"Replay:Bottled Steam"}],"event_choices":[{"damage_healed":0,"gold_gain":0,"player_choice":"Upgraded","damage_taken":0,"max_hp_gain":0,"max_hp_loss":0,"event_name":"Upgrade Shrine","floor":2,"gold_loss":0,"cards_upgraded":["Shade:FingerOfDeath"]},{"damage_healed":0,"gold_gain":175,"player_choice":"AGREE","damage_taken":124,"max_hp_gain":0,"max_hp_loss":0,"event_name":"betterThird:BetterSerpent","floor":4,"gold_loss":0},{"damage_healed":0,"gold_gain":0,"player_choice":"1 cards matched","damage_taken":0,"max_hp_gain":0,"max_hp_loss":0,"event_name":"Match and Keep!","floor":19,"gold_loss":0,"cards_obtained":["Blind"]},{"damage_healed":0,"gold_gain":0,"player_choice":"1 cards matched","damage_taken":0,"max_hp_gain":0,"max_hp_loss":0,"event_name":"Match and Keep!","floor":38,"gold_loss":0,"cards_obtained":["Shade:AnimateDead"]}],"is_beta":false,"boss_relics":[{"not_picked":["Kintsugi","construct:ClawGrip"],"picked":"Replay:Bronze Core"},{"not_picked":["Tiny House","SlaversCollar"],"picked":"hubris:BlackHole"}],"items_purged_floors":[12,21,36],"is_endless":false,"potions_floor_spawned":[1,6,16,22,27,31],"killed_by":"Maw","ascension_level":11}}