{"host":"q9718omregw4er46","time":1613726482,"event":{"mods":["BaseMod","Bestiary","Colored Powertips","Custom Start","Minty Spire (QoL Compilation)","Quick Restart","Relic Stats"],"gold_per_floor":[111,130,146,164,164,164,225,257,309,32,32,67,67,42,42,116,116,130,180,230,241,48,48,82,82,152,117,167,217,217,242,242,242,242],"floor_reached":33,"language":"ENG","playtime":1127,"items_purged":["Strike_B"],"score":628,"play_id":"e8320a80-0b97-41ae-ba6b-42365be97a64","local_time":"20210219142122","is_ascension_mode":true,"campfire_choices":[{"data":"Sweeping Beam","floor":6.0,"key":"SMITH"},{"floor":11.0,"key":"REST"},{"data":"Melter","floor":15.0,"key":"SMITH"},{"floor":23,"key":"REST"},{"floor":25,"key":"REST"},{"data":"White Noise","floor":30,"key":"SMITH"},{"data":"White Noise","floor":32,"key":"SMITH"}],"circlet_count":0,"master_deck":["AscendersBane","Strike_B","Strike_B","Defend_B","Defend_B","Defend_B","Defend_B","Zap","Dualcast","White Noise+1","Sweeping Beam+1","Glacier","Melter+1","Seek+1","Compile Driver","RitualDagger","Defragment+1","White Noise+1"],"relics":["Cracked Core","Thread and Needle","SsserpentHead","Mercury Hourglass","Happy Flower","Frozen Egg 2","Cables","Inserter","Enchiridion","Boot","Toxic Egg 2","Juzu Bracelet","Mummified Hand"],"acts_visited":["Exordium","TheCity"],"potions_floor_usage":[24,33],"damage_taken":[{"damage":2.0,"enemies":"2 Louse","floor":1.0,"turns":3.0},{"damage":0.0,"enemies":"Cultist","floor":2.0,"turns":4.0},{"damage":0.0,"enemies":"Small Slimes","floor":3.0,"turns":4.0},{"damage":2.0,"enemies":"Looter","floor":4.0,"turns":4.0},{"damage":0.0,"enemies":"Blue Slaver","floor":7.0,"turns":6.0},{"damage":33.0,"enemies":"Gremlin Nob","floor":8.0,"turns":5.0},{"damage":11.0,"enemies":"3 Sentries","floor":12.0,"turns":5.0},{"damage":18.0,"enemies":"Hexaghost","floor":16.0,"turns":9.0},{"damage":0,"enemies":"3 Byrds","floor":18,"turns":3},{"damage":8,"enemies":"2 Thieves","floor":21,"turns":3},{"damage":21,"enemies":"Slavers","floor":24,"turns":4},{"damage":0,"enemies":"Gremlin Leader","floor":31,"turns":5},{"damage":43,"enemies":"Automaton","floor":33,"turns":6}],"seed_played":"577713392156682417","potions_obtained":[{"floor":1.0,"key":"LiquidMemories"},{"floor":3.0,"key":"EntropicBrew"},{"floor":18,"key":"PowerPotion"},{"floor":31,"key":"SpeedPotion"}],"is_trial":false,"path_per_floor":["M","M","M","M","?","R","M","E","T","$","R","E","$","?","R","B",null,"M","?","?","M","$","R","E","R","T","?","?","?","R","E","R","B"],"character_chosen":"DEFECT","items_purchased":["Frozen Egg 2","Defragment+1","White Noise"],"campfire_rested":3,"item_purchase_floors":[10,22,22],"current_hp_per_floor":[62,62,62,60,60,60,60,27,27,27,46,35,35,35,35,17,52,52,46,25,17,17,36,15,34,34,34,34,34,34,34,34,0,0],"gold":242,"neow_bonus":"ONE_RARE_RELIC","is_daily":false,"chose_seed":false,"campfire_upgraded":4,"win_rate":0.0,"timestamp":1613726482,"path_taken":["M","M","M","M","?","R","?","E","T","$","R","E","$","?","R","BOSS","M","?","?","M","?","R","E","R","T","?","?","?","R","E","R","BOSS"],"items_purchased_type":["Relic","Card","Card"],"build_version":"2020-12-22","purchased_purges":1,"victory":false,"max_hp_per_floor":[64,64,64,64,64,64,64,64,64,64,64,64,64,64,64,64,64,64,64,64,64,64,64,64,64,64,64,64,64,64,64,64,64,64],"relic_stats":{"SsserpentHead":400,"Inserter":[10],"Happy Flower":[11],"counters":[13,61],"Mummified Hand":[4],"Juzu Bracelet":1,"Boot":[0],"obtain_stats":[{"Inserter":17,"Happy Flower":9,"Enchiridion":20,"Thread and Needle":0,"Juzu Bracelet":27,"Frozen Egg 2":10,"Boot":24,"Mercury Hourglass":8,"Cables":12,"SsserpentHead":5,"Mummified Hand":31,"Toxic Egg 2":26,"Cracked Core":0},{"Inserter":8,"Happy Flower":6,"Enchiridion":9,"Thread and Needle":0,"Juzu Bracelet":11,"Frozen Egg 2":6,"Boot":11,"Mercury Hourglass":6,"Cables":7,"SsserpentHead":4,"Mummified Hand":12,"Toxic Egg 2":11,"Cracked Core":0},{"Inserter":40,"Happy Flower":26,"Enchiridion":43,"Thread and Needle":0,"Juzu Bracelet":50,"Frozen Egg 2":26,"Boot":50,"Mercury Hourglass":26,"Cables":31,"SsserpentHead":15,"Mummified Hand":55,"Toxic Egg 2":50,"Cracked Core":0}],"Mercury Hourglass":[210],"Cables":[29,17,12,0,0]},"card_choices":[{"not_picked":["Doom and Gloom","Gash"],"picked":"White Noise","floor":1.0},{"not_picked":["Darkness","Beam Cell"],"picked":"Sweeping Beam","floor":2.0},{"not_picked":["Redo","Leap","Streamline"],"picked":"SKIP","floor":3.0},{"not_picked":["Barrage","Rainbow"],"picked":"Glacier","floor":4.0},{"not_picked":["Stack","Melter","Consume"],"picked":"SKIP","floor":7.0},{"not_picked":["Stack","Consume"],"picked":"Melter","floor":7.0},{"not_picked":["Leap","Reprogram","Redo"],"picked":"SKIP","floor":8.0},{"not_picked":["Gash","Steam Power","Double Energy"],"picked":"SKIP","floor":12.0},{"not_picked":["Machine Learning+1","Multi-Cast"],"picked":"Seek","floor":16.0},{"not_picked":["Skim","Turbo"],"picked":"Compile Driver","floor":18},{"not_picked":["Sweeping Beam","Redo+1","Hello World+1"],"picked":"SKIP","floor":21},{"not_picked":["Lockon","Scrape","Fusion"],"picked":"SKIP","floor":24},{"not_picked":["Leap+1","Hyperbeam","Rebound"],"picked":"SKIP","floor":31}],"player_experience":814580,"relics_obtained":[{"floor":8.0,"key":"Mercury Hourglass"},{"floor":9.0,"key":"Happy Flower"},{"floor":12.0,"key":"Cables"},{"floor":20,"key":"Enchiridion"},{"floor":24,"key":"Boot"},{"floor":26,"key":"Toxic Egg 2"},{"floor":31,"key":"Mummified Hand"}],"event_choices":[{"damage_healed":0.0,"max_hp_gain":0.0,"max_hp_loss":0.0,"gold_gain":0.0,"event_name":"FaceTrader","player_choice":"Trade","floor":5.0,"gold_loss":0.0,"damage_taken":0.0,"relics_obtained":["SsserpentHead"]},{"cards_removed":["Strike_B"],"damage_healed":0.0,"max_hp_gain":0.0,"max_hp_loss":0.0,"gold_gain":0.0,"event_name":"The Cleric","player_choice":"Card Removal","floor":14.0,"gold_loss":75.0,"damage_taken":0.0},{"damage_healed":0,"gold_gain":0,"player_choice":"Joined the Cult","damage_taken":6,"max_hp_gain":0,"max_hp_loss":0,"event_name":"Nest","floor":19,"gold_loss":0,"cards_obtained":["RitualDagger"]},{"damage_healed":0,"gold_gain":0,"player_choice":"Obtained Book","damage_taken":21,"max_hp_gain":0,"max_hp_loss":0,"event_name":"Cursed Tome","floor":20,"gold_loss":0},{"damage_healed":0,"gold_gain":0,"player_choice":"Obtained Relic","damage_taken":0,"relics_obtained":["Juzu Bracelet"],"max_hp_gain":0,"max_hp_loss":0,"event_name":"Addict","floor":27,"gold_loss":85},{"damage_healed":0,"gold_gain":0,"player_choice":"Ignored","damage_taken":0,"max_hp_gain":0,"max_hp_loss":0,"event_name":"The Mausoleum","floor":28,"gold_loss":0},{"damage_healed":0,"gold_gain":0,"player_choice":"Upgraded","damage_taken":0,"max_hp_gain":0,"max_hp_loss":0,"event_name":"Upgrade Shrine","floor":29,"gold_loss":0,"cards_upgraded":["Seek"]}],"is_beta":false,"boss_relics":[{"not_picked":["Philosopher\u0027s Stone","Empty Cage"],"picked":"Inserter"}],"items_purged_floors":[22],"is_endless":false,"potions_floor_spawned":[1,3,4,8,18,31],"killed_by":"Automaton","ascension_level":20}}