{"host":"xsuxkwaivmtd234a","time":1613692943,"event":{"mods":["BaseMod","Bestiary","Colored Map","Filter the Spire","Minty Spire (QoL Compilation)","Relic Stats","StSLib"],"gold_per_floor":[114,128,143,143,0,30,30,63,90,15,15,44,44,75,75,175,175,187,187,200,212,212,241,241,270,270,43,75,75,91,102,102,206,206,218,218,58,58,0,0,28,28,28,58,58,58,58,77,77,77,77,77,44,73,73,73],"floor_reached":55,"language":"ENG","playtime":2730,"items_purged":["Strike_R"],"score":1059,"play_id":"e03968a0-7262-47d2-80c1-f4bdb4887762","local_time":"20210218190223","is_ascension_mode":true,"campfire_choices":[{"data":"Inflame","floor":7.0,"key":"SMITH"},{"data":"Bash","floor":15.0,"key":"SMITH"},{"floor":24.0,"key":"REST"},{"data":"Shockwave","floor":32.0,"key":"SMITH"},{"data":"Panacea","floor":40,"key":"SMITH"},{"data":"Impervious","floor":42,"key":"SMITH"},{"floor":45,"key":"RECALL"},{"floor":47,"key":"REST"},{"floor":49,"key":"REST"},{"data":"Barricade","floor":52,"key":"SMITH"}],"circlet_count":0,"master_deck":["Strike_R","Strike_R","Strike_R+1","Defend_R","Defend_R","Defend_R","Defend_R","Bash+1","Bludgeon+1","Cleave","Metallicize","Inflame+1","Burning Pact","Battle Trance+1","Impervious+1","Battle Trance","Feed","CurseOfTheBell","Flex+1","Reaper","Flame Barrier","Second Wind+1","Shockwave+1","Reaper","Entrench+1","Feel No Pain","Panacea+1","Feel No Pain+1","Body Slam+1","Impervious","Heavy Blade+1","Barricade+1","Evolve","Sentinel+1"],"relics":["Burning Blood","Tiny Chest","Dream Catcher","Anchor","Champion Belt","Bird Faced Urn","Calling Bell","Strawberry","Eternal Feather","Lizard Tail","Pear","Question Card","Pen Nib","Magic Flower","Bag of Preparation","Letter Opener","Philosopher\u0027s Stone","Red Mask","Ornamental Fan","Omamori","Meat on the Bone","White Beast Statue"],"acts_visited":["Exordium","TheCity","TheBeyond","TheEnding"],"potions_floor_usage":[41,44,48],"damage_taken":[{"damage":12.0,"enemies":"Jaw Worm","floor":1.0,"turns":2.0},{"damage":8.0,"enemies":"2 Louse","floor":2.0,"turns":3.0},{"damage":3.0,"enemies":"Cultist","floor":3.0,"turns":3.0},{"damage":0.0,"enemies":"Gremlin Nob","floor":6.0,"turns":2.0},{"damage":29.0,"enemies":"Lagavulin","floor":8.0,"turns":6.0},{"damage":13.0,"enemies":"Gremlin Nob","floor":12.0,"turns":3.0},{"damage":13.0,"enemies":"3 Sentries","floor":14.0,"turns":6.0},{"damage":24.0,"enemies":"Hexaghost","floor":16.0,"turns":7.0},{"damage":5.0,"enemies":"2 Thieves","floor":18.0,"turns":5.0},{"damage":3.0,"enemies":"Shell Parasite","floor":20.0,"turns":4.0},{"damage":8.0,"enemies":"Centurion and Healer","floor":21.0,"turns":8.0},{"damage":65.0,"enemies":"Book of Stabbing","floor":23.0,"turns":6.0},{"damage":60.0,"enemies":"Slavers","floor":25.0,"turns":8.0},{"damage":39.0,"enemies":"Book of Stabbing","floor":28.0,"turns":5.0},{"damage":9.0,"enemies":"Cultist and Chosen","floor":29.0,"turns":4.0},{"damage":1.0,"enemies":"Chosen and Byrds","floor":30.0,"turns":6.0},{"damage":5.0,"enemies":"Snecko","floor":31.0,"turns":4.0},{"damage":108.0,"enemies":"Automaton","floor":33.0,"turns":12.0},{"damage":12.0,"enemies":"3 Shapes","floor":35.0,"turns":5.0},{"damage":63,"enemies":"Giant Head","floor":41,"turns":9},{"damage":65,"enemies":"Reptomancer","floor":44,"turns":7},{"damage":8,"enemies":"3 Darklings","floor":48,"turns":6},{"damage":126,"enemies":"Donu and Deca","floor":50,"turns":17},{"damage":103,"enemies":"Shield and Spear","floor":54,"turns":11},{"damage":175,"enemies":"The Heart","floor":55,"turns":12}],"seed_played":"-4984485564303656304","potions_obtained":[{"floor":2.0,"key":"Energy Potion"},{"floor":12.0,"key":"SteroidPotion"},{"floor":14.0,"key":"SmokeBomb"},{"floor":16.0,"key":"EssenceOfSteel"},{"floor":18.0,"key":"Fire Potion"},{"floor":21.0,"key":"Ancient Potion"},{"floor":23.0,"key":"GamblersBrew"},{"floor":28.0,"key":"FearPotion"},{"floor":35,"key":"Swift Potion"},{"floor":44,"key":"AttackPotion"}],"is_trial":false,"path_per_floor":["M","M","M","?","$","E","R","E","T","$","?","E","?","E","R","B",null,"M","?","M","M","T","E","R","E","T","$","E","M","M","M","R","B",null,"M","?","$","T","?","R","E","R","T","E","R","?","R","M","R","B",null,"R","$","E","B"],"character_chosen":"IRONCLAD","items_purchased":["Inflame","LiquidMemories","Bag of Preparation","Flame Barrier","Feel No Pain","Panacea","Evolve"],"campfire_rested":3,"item_purchase_floors":[5,5,27,27,37,37,53],"current_hp_per_floor":[74,72,75,75,75,80,80,57,57,57,57,50,34,27,27,11,70,75,75,82,87,97,45,87,40,40,40,13,30,67,77,92,32,90,112,112,112,112,112,112,93,108,108,81,99,99,112,112,112,97,108,112,112,51,0,0],"gold":73,"neow_bonus":"THREE_RARE_CARDS","is_daily":false,"chose_seed":false,"campfire_upgraded":6,"win_rate":0.0,"timestamp":1613692943,"path_taken":["M","M","M","?","$","E","R","E","T","$","?","E","?","E","R","BOSS","M","?","M","M","?","E","R","E","T","?","E","?","M","M","R","BOSS","M","?","$","?","?","R","E","R","T","E","R","?","R","?","R","BOSS","R","$","E","BOSS"],"items_purchased_type":["Card","Potion","Relic","Card","Card","Card","Card"],"build_version":"2020-12-22","purchased_purges":1,"victory":false,"max_hp_per_floor":[80,80,80,80,80,80,80,80,80,80,80,80,80,80,80,80,87,87,87,87,90,100,103,103,106,106,106,106,106,109,109,109,109,109,112,112,112,112,112,112,112,112,112,112,112,112,112,112,112,112,112,112,112,112,112,112],"relic_stats":{"counters":[25,161],"Magic Flower":[159],"Eternal Feather":77,"Pen Nib":[11],"Bag of Preparation":[24],"Letter Opener":[178],"Question Card":14,"Burning Blood":159,"Dream Catcher":3,"Lizard Tail":84,"Ornamental Fan":[12],"Bird Faced Urn":[101],"Tiny Chest":2,"Champion Belt":[31],"obtain_stats":[{"Pear":22,"Magic Flower":26,"Eternal Feather":17,"Pen Nib":25,"Bag of Preparation":27,"Omamori":43,"Letter Opener":28,"Question Card":23,"Burning Blood":0,"White Beast Statue":54,"Calling Bell":17,"Dream Catcher":8,"Anchor":9,"Lizard Tail":17,"Ornamental Fan":41,"Bird Faced Urn":14,"Strawberry":17,"Tiny Chest":6,"Philosopher\u0027s Stone":34,"Red Mask":39,"Champion Belt":12,"Meat on the Bone":44},{"Pear":11,"Magic Flower":13,"Eternal Feather":8,"Pen Nib":13,"Bag of Preparation":13,"Omamori":20,"Letter Opener":14,"Question Card":12,"Burning Blood":0,"White Beast Statue":24,"Calling Bell":8,"Dream Catcher":5,"Anchor":5,"Lizard Tail":8,"Ornamental Fan":20,"Bird Faced Urn":7,"Strawberry":8,"Tiny Chest":4,"Philosopher\u0027s Stone":18,"Red Mask":19,"Champion Belt":6,"Meat on the Bone":21},{"Pear":49,"Magic Flower":63,"Eternal Feather":32,"Pen Nib":63,"Bag of Preparation":63,"Omamori":108,"Letter Opener":68,"Question Card":55,"Burning Blood":0,"White Beast Statue":149,"Calling Bell":32,"Dream Catcher":16,"Anchor":16,"Lizard Tail":32,"Ornamental Fan":108,"Bird Faced Urn":25,"Strawberry":32,"Tiny Chest":10,"Philosopher\u0027s Stone":94,"Red Mask":99,"Champion Belt":19,"Meat on the Bone":115}],"Meat on the Bone":18},"card_choices":[{"not_picked":["Reaper","Berserk"],"picked":"Bludgeon","floor":0.0},{"not_picked":["Hemokinesis","Pommel Strike","Dropkick"],"picked":"SKIP","floor":1.0},{"not_picked":["Bloodletting","Pommel Strike"],"picked":"Cleave","floor":2.0},{"not_picked":["Perfected Strike","Warcry"],"picked":"Metallicize","floor":3.0},{"not_picked":["Infernal Blade","Inflame"],"picked":"Burning Pact","floor":6.0},{"not_picked":["Rage","Pommel Strike"],"picked":"Battle Trance","floor":8.0},{"not_picked":["Havoc","Power Through"],"picked":"Impervious","floor":12.0},{"not_picked":["Burning Pact","Flex"],"picked":"Battle Trance","floor":14.0},{"not_picked":["Offering","Bludgeon"],"picked":"Feed","floor":16.0},{"not_picked":["Perfected Strike","Dropkick"],"picked":"Flex+1","floor":18.0},{"not_picked":["Wild Strike","True Grit","Rampage"],"picked":"SKIP","floor":20.0},{"not_picked":["Body Slam+1","Intimidate"],"picked":"Anger+1","floor":21.0},{"not_picked":["Pummel","True Grit","Headbutt"],"picked":"SKIP","floor":23.0},{"not_picked":["Bloodletting+1","Anger","Havoc+1"],"picked":"Reaper","floor":25.0},{"not_picked":["Body Slam","Dropkick","Headbutt+1"],"picked":"Second Wind+1","floor":28.0},{"not_picked":["Iron Wave","Twin Strike+1","Hemokinesis"],"picked":"Shockwave","floor":30.0},{"not_picked":["Thunderclap+1","Havoc","Armaments","Berserk"],"picked":"SKIP","floor":31.0},{"not_picked":["Impervious","Exhume","Feed"],"picked":"Reaper","floor":33.0},{"not_picked":["Sword Boomerang+1","Fire Breathing","Cleave+1"],"picked":"Entrench+1","floor":35},{"not_picked":["Cleave+1","Pummel","Sentinel"],"picked":"Feel No Pain+1","floor":41},{"not_picked":["Armaments","True Grit","Searing Blow+1"],"picked":"Body Slam+1","floor":44},{"not_picked":["Intimidate+1","Shrug It Off+1","Anger"],"picked":"Impervious","floor":47},{"not_picked":["Iron Wave+1","Sever Soul","Carnage+1"],"picked":"Heavy Blade+1","floor":48},{"not_picked":["Flame Barrier","Iron Wave","Sentinel"],"picked":"Barricade","floor":49},{"not_picked":["Pommel Strike+1","Twin Strike+1","Body Slam+1"],"picked":"Sentinel+1","floor":54}],"player_experience":1300300,"relics_obtained":[{"floor":6.0,"key":"Tiny Chest"},{"floor":8.0,"key":"Dream Catcher"},{"floor":9.0,"key":"Anchor"},{"floor":12.0,"key":"Champion Belt"},{"floor":14.0,"key":"Bird Faced Urn"},{"floor":17.0,"key":"Strawberry"},{"floor":17.0,"key":"Eternal Feather"},{"floor":17.0,"key":"Lizard Tail"},{"floor":22.0,"key":"Pear"},{"floor":23.0,"key":"Question Card"},{"floor":25.0,"key":"Pen Nib"},{"floor":26.0,"key":"Magic Flower"},{"floor":28.0,"key":"Letter Opener"},{"floor":41,"key":"Ornamental Fan"},{"floor":43,"key":"Omamori"},{"floor":44,"key":"Meat on the Bone"},{"floor":54,"key":"White Beast Statue"}],"event_choices":[{"damage_healed":0.0,"max_hp_gain":0.0,"max_hp_loss":0.0,"gold_gain":0.0,"event_name":"Living Wall","player_choice":"Grow","floor":4.0,"gold_loss":0.0,"damage_taken":0.0,"cards_upgraded":["Bludgeon"]},{"damage_healed":0.0,"max_hp_gain":0.0,"max_hp_loss":0.0,"gold_gain":0.0,"event_name":"Liars Game","player_choice":"Ignored","floor":11.0,"gold_loss":0.0,"damage_taken":0.0},{"damage_healed":0.0,"max_hp_gain":0.0,"max_hp_loss":0.0,"gold_gain":0.0,"event_name":"Shining Light","player_choice":"Entered Light","floor":13.0,"gold_loss":0.0,"damage_taken":16.0,"cards_upgraded":["Battle Trance","Strike_R"]},{"cards_removed":["Decay"],"damage_healed":0.0,"max_hp_gain":0.0,"max_hp_loss":0.0,"gold_gain":0.0,"event_name":"Fountain of Cleansing","player_choice":"Removed Curses","floor":19.0,"gold_loss":0.0,"damage_taken":0.0},{"cards_removed":["Anger"],"damage_healed":0,"gold_gain":0,"player_choice":"Removed Attack","damage_taken":0,"max_hp_gain":0,"max_hp_loss":0,"event_name":"Falling","floor":36,"gold_loss":0},{"damage_healed":0,"gold_gain":0,"player_choice":"Paid","damage_taken":0,"relics_obtained":["Red Mask"],"max_hp_gain":0,"max_hp_loss":0,"event_name":"Tomb of Lord Red Mask","floor":39,"gold_loss":58},{"cards_removed":["Strike_R"],"damage_healed":0,"gold_gain":0,"player_choice":"Purged","damage_taken":0,"max_hp_gain":0,"max_hp_loss":0,"event_name":"Purifier","floor":46,"gold_loss":0}],"is_beta":false,"boss_relics":[{"not_picked":["Mark of Pain","Runic Pyramid"],"picked":"Calling Bell"},{"not_picked":["SacredBark","Black Blood"],"picked":"Philosopher\u0027s Stone"}],"items_purged_floors":[10],"is_endless":false,"potions_floor_spawned":[2,12,14,16,18,21,23,28,29,35,44],"killed_by":"The Heart","ascension_level":5}}