{"host":"q4axc00jr2bozlh9","time":1613754148,"event":{"mods":["AchievementEnabler","BaseMod","Bestiary","Colored Map","Colored Powertips","Curses Come First","Minty Spire (QoL Compilation)","Relic Stats","StSLib","SuperFastMode","UnlockEverythingMod"],"gold_per_floor":[110,136,19,35,35,61,61,88,88,98,98,114,129,129,129,228,228,239,164,184,196,216,251,251,33,60,86,101,136,136,154,154,255,255,272,272,283,283,297,297,329,329,329,357,357,357,407,92,92,92,92,92,40,72,72],"floor_reached":56,"language":"ENG","playtime":2523,"items_purged":["Strike_R"],"score":1373,"play_id":"4b4e9a64-3707-46ce-bf5a-f1cf065791ac","local_time":"20210219180228","is_ascension_mode":false,"campfire_choices":[{"data":"Whirlwind","floor":7,"key":"SMITH"},{"data":"Metallicize","floor":11,"key":"SMITH"},{"data":"Carnage","floor":15,"key":"SMITH"},{"data":"True Grit","floor":30,"key":"SMITH"},{"data":"Rage","floor":32,"key":"SMITH"},{"floor":40,"key":"RECALL"},{"data":"Limit Break","floor":42,"key":"SMITH"},{"data":"Shrug It Off","floor":45,"key":"SMITH"},{"data":"Madness","floor":49,"key":"SMITH"},{"data":"Madness","floor":52,"key":"SMITH"}],"circlet_count":0,"master_deck":["Strike_R","Strike_R","Strike_R","Defend_R","Defend_R","Defend_R","Defend_R","Bash","Rage+1","Metallicize+1","Carnage+1","Shrug It Off+1","Whirlwind+1","Metallicize+1","Reaper","True Grit+1","Metallicize+1","Rupture+1","Necronomicurse","Impervious","Flex+1","Metallicize+1","Limit Break+1","Disarm","Dark Shackles","Magnetism+1","Entrench+1","Madness+1","Madness+1","Mayhem+1","Shockwave+1"],"relics":["Black Blood","Pen Nib","StrikeDummy","Frozen Egg 2","Bottled Flame","Charon\u0027s Ashes","Coffee Dripper","Darkstone Periapt","Necronomicon","Sling","Red Skull","Blue Candle","TungstenRod","PreservedInsect","Blood Vial","Champion Belt","Oddly Smooth Stone","Bronze Scales"],"acts_visited":["Exordium","TheCity","TheBeyond","TheEnding"],"potions_floor_usage":[6,8,23,33,50,54,55,55,55],"damage_taken":[{"damage":1,"enemies":"Cultist","floor":1,"turns":3},{"damage":2,"enemies":"2 Louse","floor":4,"turns":3},{"damage":11,"enemies":"Gremlin Nob","floor":6,"turns":4},{"damage":25,"enemies":"Lagavulin","floor":8,"turns":6},{"damage":0,"enemies":"Small Slimes","floor":10,"turns":1},{"damage":2,"enemies":"Exordium Wildlife","floor":12,"turns":4},{"damage":0,"enemies":"3 Louse","floor":13,"turns":1},{"damage":27,"enemies":"Slime Boss","floor":16,"turns":11},{"damage":4,"enemies":"Chosen","floor":18,"turns":5},{"damage":0,"enemies":"2 Thieves","floor":20,"turns":1},{"damage":16,"enemies":"Sentry and Sphere","floor":21,"turns":6},{"damage":12,"enemies":"Centurion and Healer","floor":22,"turns":2},{"damage":0,"enemies":"Gremlin Leader","floor":23,"turns":5},{"damage":13,"enemies":"Book of Stabbing","floor":27,"turns":6},{"damage":4,"enemies":"Cultist and Chosen","floor":28,"turns":5},{"damage":19,"enemies":"Gremlin Leader","floor":29,"turns":4},{"damage":12,"enemies":"Shelled Parasite and Fungi","floor":31,"turns":3},{"damage":23,"enemies":"Champ","floor":33,"turns":10},{"damage":5,"enemies":"Orb Walker","floor":35,"turns":3},{"damage":14,"enemies":"3 Shapes","floor":37,"turns":1},{"damage":0,"enemies":"3 Darklings","floor":39,"turns":1},{"damage":0,"enemies":"Giant Head","floor":41,"turns":8},{"damage":0,"enemies":"Nemesis","floor":44,"turns":3},{"damage":8,"enemies":"Mind Bloom Boss Battle","floor":47,"turns":7},{"damage":62,"enemies":"Time Eater","floor":50,"turns":17},{"damage":17,"enemies":"Shield and Spear","floor":54,"turns":3},{"damage":101,"enemies":"The Heart","floor":55,"turns":11}],"seed_played":"-6231293819229894224","potions_obtained":[{"floor":1,"key":"SteroidPotion"},{"floor":4,"key":"Block Potion"},{"floor":8,"key":"Strength Potion"},{"floor":12,"key":"FearPotion"},{"floor":20,"key":"GamblersBrew"},{"floor":21,"key":"Explosive Potion"},{"floor":31,"key":"Fire Potion"},{"floor":33,"key":"Regen Potion"},{"floor":54,"key":"Energy Potion"}],"is_trial":false,"path_per_floor":["M","T","$","M","?","E","R","E","T","M","R","M","M","?","R","B",null,"M","?","M","M","M","E","?","$","T","E","M","E","R","M","R","B",null,"M","?","M","?","M","R","E","R","T","E","R","?","?","$","R","B",null,"R","$","E","B",null],"character_chosen":"IRONCLAD","items_purchased":["Metallicize","Carnage","Sling","Mayhem+1","Oddly Smooth Stone","Strength Potion"],"campfire_rested":0,"item_purchase_floors":[3,3,25,48,48,53],"current_hp_per_floor":[77,77,77,81,81,76,76,57,57,63,63,67,73,73,73,52,96,96,96,96,86,80,96,86,86,86,91,102,102,102,96,96,90,102,102,102,100,96,102,102,102,102,102,102,102,90,102,102,102,72,102,102,102,97,32],"gold":72,"neow_bonus":"TWENTY_PERCENT_HP_BONUS","is_daily":false,"chose_seed":false,"campfire_upgraded":9,"win_rate":0.0,"timestamp":1613754148,"path_taken":["M","?","$","M","?","E","R","E","T","M","R","M","M","?","R","BOSS","M","?","M","M","M","E","?","?","T","E","M","E","R","M","R","BOSS","M","?","M","?","M","R","E","R","T","E","R","?","?","?","R","BOSS","R","$","E","BOSS"],"items_purchased_type":["Card","Card","Relic","Card","Relic","Potion"],"build_version":"2020-12-22","purchased_purges":1,"victory":true,"max_hp_per_floor":[96,96,96,96,96,96,96,96,96,96,96,96,96,96,96,96,96,96,96,96,96,96,96,102,102,102,102,102,102,102,102,102,102,102,102,102,102,102,102,102,102,102,102,102,102,102,102,102,102,102,102,102,102,102,102],"relic_stats":{"Darkstone Periapt":6,"counters":[27,134],"Blue Candle":[1],"Black Blood":153,"Pen Nib":[21],"Charon\u0027s Ashes":[239],"PreservedInsect":115,"Blood Vial":4,"Bronze Scales":[117],"Necronomicon":[49],"Champion Belt":[8],"obtain_stats":[{"Darkstone Periapt":23,"Blue Candle":27,"Black Blood":34,"Oddly Smooth Stone":48,"Pen Nib":2,"Charon\u0027s Ashes":14,"PreservedInsect":41,"Frozen Egg 2":8,"Sling":25,"Burning Blood":0,"Blood Vial":44,"Bottled Flame":9,"Bronze Scales":54,"Coffee Dripper":17,"Necronomicon":24,"Champion Belt":47,"StrikeDummy":6,"Red Skull":26,"TungstenRod":29},{"Darkstone Periapt":13,"Blue Candle":14,"Black Blood":18,"Oddly Smooth Stone":24,"Pen Nib":1,"Charon\u0027s Ashes":7,"PreservedInsect":22,"Frozen Egg 2":4,"Sling":13,"Burning Blood":0,"Blood Vial":23,"Bottled Flame":4,"Bronze Scales":26,"Coffee Dripper":8,"Necronomicon":13,"Champion Belt":24,"StrikeDummy":3,"Red Skull":13,"TungstenRod":16},{"Darkstone Periapt":52,"Blue Candle":58,"Black Blood":80,"Oddly Smooth Stone":103,"Pen Nib":3,"Charon\u0027s Ashes":22,"PreservedInsect":93,"Frozen Egg 2":16,"Sling":52,"Burning Blood":0,"Blood Vial":96,"Bottled Flame":16,"Bronze Scales":123,"Coffee Dripper":33,"Necronomicon":52,"Champion Belt":103,"StrikeDummy":10,"Red Skull":52,"TungstenRod":67}],"TungstenRod":75},"card_choices":[{"not_picked":["Body Slam","Searing Blow"],"picked":"Rage","floor":1},{"not_picked":["Pommel Strike","Dark Embrace"],"picked":"Shrug It Off","floor":4},{"not_picked":["Dropkick","Headbutt"],"picked":"Whirlwind","floor":6},{"not_picked":["Dual Wield","Impervious"],"picked":"Metallicize+1","floor":8},{"not_picked":["Cleave","Clothesline","Shrug It Off"],"picked":"SKIP","floor":10},{"not_picked":["Cleave","Clothesline","Shrug It Off"],"picked":"SKIP","floor":10},{"not_picked":["Rage","Flex","Body Slam"],"picked":"SKIP","floor":12},{"not_picked":["Body Slam","Shrug It Off","Sword Boomerang"],"picked":"SKIP","floor":13},{"not_picked":["Corruption+1","Offering"],"picked":"Reaper","floor":16},{"not_picked":["Iron Wave","Power Through"],"picked":"True Grit","floor":18},{"not_picked":["Intimidate","Havoc"],"picked":"Metallicize+1","floor":20},{"not_picked":["Body Slam+1","Perfected Strike","Havoc"],"picked":"SKIP","floor":21},{"not_picked":["Clash","Havoc","Carnage"],"picked":"SKIP","floor":22},{"not_picked":["Anger","Armaments"],"picked":"Rupture+1","floor":23},{"not_picked":["Flame Barrier+1","Pommel Strike+1"],"picked":"Impervious","floor":27},{"not_picked":["Clash","Sentinel"],"picked":"Flex+1","floor":28},{"not_picked":["Pommel Strike","Wild Strike","Rage+1"],"picked":"SKIP","floor":29},{"not_picked":["Pommel Strike","Wild Strike","Rage+1"],"picked":"SKIP","floor":29},{"not_picked":["Iron Wave","Searing Blow+1"],"picked":"Metallicize+1","floor":31},{"not_picked":["Fiend Fire","Feed"],"picked":"Limit Break","floor":33},{"not_picked":["Thunderclap","Flex","Sword Boomerang+1"],"picked":"SKIP","floor":35},{"not_picked":["Warcry+1","Blood for Blood"],"picked":"Disarm","floor":37},{"not_picked":["Mind Blast","Sadistic Nature+1"],"picked":"Dark Shackles","floor":38},{"not_picked":["Blind","Deep Breath"],"picked":"Magnetism+1","floor":38},{"not_picked":["Cleave","Feel No Pain+1","Pommel Strike+1"],"picked":"SKIP","floor":39},{"not_picked":["Whirlwind","Flame Barrier+1","Rage+1"],"picked":"SKIP","floor":41},{"not_picked":["Warcry+1","Second Wind+1"],"picked":"Entrench+1","floor":44},{"not_picked":["Pommel Strike","Immolate"],"picked":"Shockwave+1","floor":54}],"player_experience":285903,"relics_obtained":[{"floor":2,"key":"Pen Nib"},{"floor":6,"key":"StrikeDummy"},{"floor":8,"key":"Frozen Egg 2"},{"floor":9,"key":"Bottled Flame"},{"floor":23,"key":"Darkstone Periapt"},{"floor":24,"key":"Necronomicon"},{"floor":26,"key":"Red Skull"},{"floor":27,"key":"Blue Candle"},{"floor":29,"key":"TungstenRod"},{"floor":41,"key":"PreservedInsect"},{"floor":44,"key":"Blood Vial"},{"floor":47,"key":"Champion Belt"},{"floor":54,"key":"Bronze Scales"}],"event_choices":[{"damage_healed":0,"gold_gain":0,"player_choice":"Leave","damage_taken":0,"max_hp_gain":0,"max_hp_loss":0,"event_name":"The Cleric","floor":5,"gold_loss":0},{"damage_healed":0,"gold_gain":0,"player_choice":"Box","damage_taken":0,"relics_obtained":["Charon\u0027s Ashes"],"max_hp_gain":0,"max_hp_loss":0,"event_name":"Big Fish","floor":14,"gold_loss":0,"cards_obtained":["Regret"]},{"cards_removed":["Regret"],"damage_healed":0,"gold_gain":0,"player_choice":"Gave Gold","damage_taken":0,"max_hp_gain":0,"max_hp_loss":0,"event_name":"Beggar","floor":19,"gold_loss":75},{"damage_healed":0,"gold_gain":0,"player_choice":"Obtained Book","damage_taken":16,"max_hp_gain":0,"max_hp_loss":0,"event_name":"Cursed Tome","floor":24,"gold_loss":0},{"cards_removed":["Strike_R"],"damage_healed":0,"gold_gain":0,"player_choice":"Removed Attack","damage_taken":0,"max_hp_gain":0,"max_hp_loss":0,"event_name":"Falling","floor":36,"gold_loss":0},{"damage_healed":0,"gold_gain":0,"player_choice":"Memory 2","damage_taken":5,"max_hp_gain":0,"max_hp_loss":0,"event_name":"SensoryStone","floor":38,"gold_loss":0},{"damage_healed":0,"gold_gain":0,"player_choice":"Embrace Madness","damage_taken":13,"max_hp_gain":0,"max_hp_loss":0,"event_name":"Winding Halls","floor":46,"gold_loss":0,"cards_obtained":["Madness","Madness"]},{"damage_healed":0,"gold_gain":0,"player_choice":"Fight","damage_taken":0,"max_hp_gain":0,"max_hp_loss":0,"event_name":"MindBloom","floor":47,"gold_loss":0}],"is_beta":false,"boss_relics":[{"not_picked":["Ectoplasm","Empty Cage"],"picked":"Coffee Dripper"},{"not_picked":["Mark of Pain","Velvet Choker"],"picked":"Black Blood"}],"items_purged_floors":[25],"is_endless":false,"potions_floor_spawned":[1,4,8,12,20,21,31,33,37,41,44,47,54],"ascension_level":0}}