{"host":"Ringo","time":1613735576,"event":{"mods":["BaseMod","Colored Map","Conspire","Dota2Spire","Hubris","Minty Spire (QoL Compilation)","Replay The Spire","StSLib","The Construct","[IsaacMod]ÒÔÈö¼âËþ","¡¾ÒÅÎï¿¨ÅÆ¡¿REMEMod"],"gold_per_floor":[111,124,124,206,206,233,267,399,399,425,443,470,600,634,634,708,708,720,720,774,804,846,846,978,978,1002,1027,1073,1155,1212,1275,1275,1395,1395,1422,1206,1280,1280,823,864,864,954,954,1004,1079,643,731,768,768,848,928],"floor_reached":52,"language":"ZHS","playtime":1013,"items_purged":[],"score":3726,"play_id":"0163abe5-5ba0-4198-b794-6ec8f8c8ddd8","local_time":"20210219195256","daily_mods":["SealedDeck","Vintage","Green Cards","Purple Cards","Colorless Cards","Heirloom","Time Dilation","Flight","DeadlyEvents","Elite Swarm","Lethality","Binary"],"is_ascension_mode":true,"campfire_choices":[{"data":"Crescendo","floor":15.0,"key":"SMITH"},{"data":"REME_CRH","floor":23.0,"key":"SMITH"},{"data":"Sword Boomerang","floor":25.0,"key":"SMITH"},{"data":"Dagger Spray","floor":32,"key":"SMITH"},{"data":"Devotion","floor":41,"key":"SMITH"},{"data":"Ragnarok","floor":49,"key":"SMITH"}],"circlet_count":0,"master_deck":["AscendersBane","REME_Flogging","CarveReality","Hidden Blade","ReplayTheSpireMod:Muscle Training","Backflip","FlurryOfBlows","Dodge and Roll","Dagger Spray+1","Crescendo+1","Swift Strike","Sword Boomerang+1","Anger","REME_CRH+1","CrushJoints","FlyingSleeves","Armaments","Devotion+1","Ragnarok+1","Replay:Undeath\u0027s Touch"],"relics":["Burning Blood","Busted Crown","HushsDoor","REME_ComplimentaryCards","replay:Trail_Library","MoneyPower","Charon\u0027s Ashes","hubris:TinFlute","hubris:DeckOfHolding","hubris:Icosahedron","Pantograph","Pen Nib","conspire:DecoderRing","NineVolt","conspire:GlowingRock","DeadEye","Champion Belt","Mango","Chameleon Ring","REME_LimitBreaker","Runic Dome","GuppysCollar","GuppysPaw","GuppysHairball","conspire:Flyswatter","Dota2Spire:HandOfMidas","Pondfish Scales","hubris:ChampionShield","Gremlin Food","Replay:Bandana","ReplayFunnel","King of Hearts","Dota2Spire:OrchidMalevolence","Orichalcum","MagicMushroom","Oddly Smooth Stone","Lee\u0027s Waffle","Dota2Spire:ArmletOfMordiggian","Anchor","hubris:DisguiseKit","DeathBook","Omamori","HornCleat","Dota2Spire:CrimsonGuard","Dota2Spire:Satanic","PrismaticShard","Dota2Spire:ArcaneBoots","Durian","Centennial Puzzle"],"acts_visited":["Exordium","TheCity","TheBeyond"],"potions_floor_usage":[33,46,51],"damage_taken":[{"damage":1.0,"enemies":"Cultist","floor":1.0,"turns":1.0},{"damage":0.0,"enemies":"2 Louse","floor":2.0,"turns":1.0},{"damage":0.0,"enemies":"Gremlin Nob","floor":6.0,"turns":1.0},{"damage":0.0,"enemies":"Replay:BlueRogue","floor":7.0,"turns":1.0},{"damage":1.0,"enemies":"Lagavulin","floor":8.0,"turns":2.0},{"damage":0.0,"enemies":"Gremlin Nob","floor":10.0,"turns":2.0},{"damage":0.0,"enemies":"Small Slimes","floor":11.0,"turns":1.0},{"damage":1.0,"enemies":"3 Sentries","floor":12.0,"turns":2.0},{"damage":1.0,"enemies":"Gremlin Nob","floor":13.0,"turns":1.0},{"damage":0.0,"enemies":"3 Sentries","floor":14.0,"turns":1.0},{"damage":1.0,"enemies":"Slime Boss","floor":16.0,"turns":1.0},{"damage":0.0,"enemies":"3 Byrds","floor":18.0,"turns":2.0},{"damage":0.0,"enemies":"REME_1_Revenger","floor":21.0,"turns":1.0},{"damage":0.0,"enemies":"Chosen","floor":22.0,"turns":1.0},{"damage":0.0,"enemies":"Replay:Snechameleon","floor":24.0,"turns":2.0},{"damage":0,"enemies":"Gremlin Leader","floor":27,"turns":1},{"damage":0,"enemies":"Shelled Parasite and Fungi","floor":28,"turns":1},{"damage":0,"enemies":"Slavers","floor":29,"turns":1},{"damage":0,"enemies":"conspire:SneckoGhost","floor":30,"turns":1},{"damage":0,"enemies":"REME_1_Revenger","floor":31,"turns":1},{"damage":0,"enemies":"Champ","floor":33,"turns":1},{"damage":0,"enemies":"Orb Walker","floor":35,"turns":1},{"damage":0,"enemies":"3 Darklings","floor":37,"turns":1},{"damage":0,"enemies":"Nemesis","floor":40,"turns":1},{"damage":0,"enemies":"Reptomancer","floor":42,"turns":2},{"damage":0,"enemies":"Nemesis","floor":44,"turns":1},{"damage":0,"enemies":"Mind Bloom Boss Battle","floor":45,"turns":1},{"damage":0,"enemies":"Reptomancer","floor":47,"turns":1},{"damage":0,"enemies":"Sphere and 2 Shapes","floor":48,"turns":1},{"damage":0,"enemies":"Awakened One","floor":50,"turns":2},{"damage":0,"enemies":"hubris:GrandSnecko","floor":51,"turns":1}],"seed_played":"6976391447031432491","potions_obtained":[{"floor":2.0,"key":"AttackPotion"},{"floor":7.0,"key":"Strength Potion"},{"floor":12.0,"key":"SteroidPotion"},{"floor":22.0,"key":"Swift Potion"},{"floor":33,"key":"Venom Potion"},{"floor":47,"key":"HeartOfIron"},{"floor":48,"key":"Adrenaline Potion"}],"is_trial":true,"path_per_floor":["M","M","?","?","T","E","E","E","T","E","M","E","E","E","R","B",null,"M","?","?","E","M","R","E","R","T","E","M","E","E","E","R","B",null,"M","$","M","?","$","E","R","E","T","E","?","$","E","M","R","B","B",null],"character_chosen":"IRONCLAD","items_purchased":["GuppysCollar","GuppysPaw","GuppysHairball","REME_CRH","CrushJoints","Lee\u0027s Waffle","FlyingSleeves","Anchor","hubris:DisguiseKit","PrismaticShard","Dota2Spire:ArcaneBoots","Fruit Juice"],"campfire_rested":0,"item_purchase_floors":[17,17,17,17,34,36,36,39,39,46,46,46],"current_hp_per_floor":[73,75,75,60,60,66,72,75,75,75,75,89,89,89,89,89,52,40,40,25,31,37,37,40,40,40,40,40,40,40,40,40,40,46,46,53,53,53,53,53,53,53,53,53,53,60,65,65,65,65,65],"gold":928,"neow_bonus":"","is_daily":false,"chose_seed":false,"campfire_upgraded":6,"win_rate":0.0,"timestamp":1613735576,"path_taken":["M","?","?","?","?","E","?","E","T","E","?","?","E","E","R","BOSS","M","?","?","?","?","R","E","R","T","E","?","E","E","E","R","BOSS","M","$","M","?","$","E","R","E","T","E","?","$","?","?","R","BOSS","BOSS"],"items_purchased_type":["Relic","Relic","Relic","Card","Card","Relic","Card","Relic","Relic","Relic","Relic","Potion"],"build_version":"2020-12-18","purchased_purges":0,"victory":true,"max_hp_per_floor":[75,75,75,75,75,75,75,75,75,75,75,89,89,89,89,89,52,40,40,40,40,40,40,40,40,40,40,40,40,40,40,40,40,46,46,53,53,53,53,53,53,53,53,53,53,60,65,65,65,65,65],"card_choices":[{"not_picked":[],"picked":"Devotion","floor":40},{"not_picked":[],"picked":"Ragnarok","floor":42},{"not_picked":["REME_WorshipGod"],"picked":"SKIP","floor":44},{"not_picked":["MasterReality"],"picked":"SKIP","floor":47}],"player_experience":723350,"relics_obtained":[{"floor":1.0,"key":"hubris:TinFlute"},{"floor":2.0,"key":"hubris:DeckOfHolding"},{"floor":5.0,"key":"Pantograph"},{"floor":6.0,"key":"Pen Nib"},{"floor":7.0,"key":"conspire:DecoderRing"},{"floor":8.0,"key":"NineVolt"},{"floor":9.0,"key":"conspire:GlowingRock"},{"floor":10.0,"key":"DeadEye"},{"floor":11.0,"key":"Champion Belt"},{"floor":12.0,"key":"Mango"},{"floor":13.0,"key":"Chameleon Ring"},{"floor":14.0,"key":"REME_LimitBreaker"},{"floor":18.0,"key":"conspire:Flyswatter"},{"floor":21.0,"key":"Dota2Spire:HandOfMidas"},{"floor":22.0,"key":"Pondfish Scales"},{"floor":24.0,"key":"hubris:ChampionShield"},{"floor":26.0,"key":"Gremlin Food"},{"floor":27,"key":"Replay:Bandana"},{"floor":28,"key":"ReplayFunnel"},{"floor":29,"key":"King of Hearts"},{"floor":30,"key":"Dota2Spire:OrchidMalevolence"},{"floor":31,"key":"Orichalcum"},{"floor":35,"key":"Oddly Smooth Stone"},{"floor":37,"key":"Dota2Spire:ArmletOfMordiggian"},{"floor":40,"key":"DeathBook"},{"floor":42,"key":"Omamori"},{"floor":43,"key":"HornCleat"},{"floor":44,"key":"Dota2Spire:CrimsonGuard"},{"floor":45,"key":"Dota2Spire:Satanic"},{"floor":47,"key":"Durian"},{"floor":48,"key":"Centennial Puzzle"}],"event_choices":[{"damage_healed":0,"gold_gain":0,"player_choice":"Fight","damage_taken":0,"max_hp_gain":0,"max_hp_loss":0,"event_name":"MindBloom","floor":45,"gold_loss":0}],"is_beta":true,"boss_relics":[{"not_picked":["hubris:HollowSoul","Replay:Ancient Bell"],"picked":"Runic Dome"},{"not_picked":[]},{"not_picked":["hubris:ScarierMask","Abe\u0027s Treasure"],"picked":"MagicMushroom"},{"not_picked":[]}],"items_purged_floors":[],"is_endless":false,"potions_floor_spawned":[2,7,12,13,14,22,24,27,29,33,42,45,47,48],"ascension_level":20}}