{"host":"xpzu3ao9bvbn9hmu","time":1613716322,"event":{"mods":["ATMod(∞¢Ë™Mod)","Alarm Clock","BaseMod","Colored Powertips","Dota2Spire","GifTheSpireLib","KinomotoSakuraMod(ƒæ÷Æ±æ”£)","LagranYue(¿≠∏Ò¿ °§‘¬)","Luminous","Marisa£®ÏF”Í°°ƒß¿Ì…≥£©","Minty Spire (QoL Compilation)","Reimu£®≤©¿ˆ¡È√Œ£©","Relic Stats","Remilia£®¿Ÿ√◊¿Ú—«£©","Replay The Spire","SIMod","StSLib","The Gatherer","The Runesmith","The Servant 0.9.4","Waifu the Spire","WarShipGirlsR/’ΩΩ¢…Ÿ≈ÆR mod","Yakumo Yukari mod","Youmu£®ªÍ∆«—˝√Œ£©","Yuyuko","[IsaacMod]“‘»ˆº‚À˛","≤–¡Ù÷ÆŒÔ"],"gold_per_floor":[113,113,126,126,126,154,188,188,238,303,357,357,357,348,348,503,503,631,664,671,661,708,750,750],"floor_reached":23,"language":"ZHS","playtime":1320,"items_purged":[],"score":224,"play_id":"980212ff-d218-4892-ac56-bb520f9f52f2","local_time":"20210219143202","is_ascension_mode":false,"campfire_choices":[{"data":"Ghost Spot","floor":8.0,"key":"SMITH"},{"data":"Deathly Ground","floor":13,"key":"SMITH"},{"data":"Butterflies Rainbow","floor":15,"key":"SMITH"}],"circlet_count":0,"master_deck":["Fantasy Butterflies","Fantasy Butterflies","Fantasy Butterflies","Fantasy Butterflies","Fantasy Butterflies","Dreamy Sakura","Dreamy Sakura","Dreamy Sakura","Dreamy Sakura","Dreamy Sakura","Deathly Ground+1","Faramita\u0027s Temptation","AT_DarkMatter","Unstable Ward","Ghost Spot+1","Doubt","Cerasus Subhirtella","Snow","Gauzy Sakura","Butterflies Rainbow+1","Full Inky Sakura","Phantom Gift","Butterflies in Dream","Nihility","All Wander","Open The Fan"],"relics":["Coronal","Yuyuko\u0027s fan","AT_ATBox","HushsDoor","LagranYue:RandomDrawCardRelic","PillsDrop","NeowsBlessing","Ring of Panic","SalivaCoin","Happy Flower","TheBible","Question Card","Dota2Spire:RefresherOrb"],"acts_visited":["Exordium","TheCity"],"potions_floor_usage":[10,16,23,23],"damage_taken":[{"damage":1.0,"enemies":"Small Slimes","floor":1.0,"turns":1.0},{"damage":1.0,"enemies":"Cultist","floor":3.0,"turns":1.0},{"damage":1.0,"enemies":"Replay:BlueRogue","floor":6.0,"turns":1.0},{"damage":9.0,"enemies":"2 Louse","floor":7.0,"turns":3.0},{"damage":46,"enemies":"Gremlin Nob","floor":10,"turns":6},{"damage":25,"enemies":"Gremlin Gang","floor":11,"turns":4},{"damage":23,"enemies":"Looter","floor":14,"turns":4},{"damage":38,"enemies":"Slime Boss","floor":16,"turns":12},{"damage":19,"enemies":"3 Byrds","floor":18,"turns":4},{"damage":10,"enemies":"Spheric Guardian","floor":19,"turns":3},{"damage":32,"enemies":"Snecko","floor":22,"turns":5},{"damage":44,"enemies":"Book of Stabbing","floor":23,"turns":3}],"seed_played":"-4090670021112357390","potions_obtained":[{"floor":1.0,"key":"Firefly"},{"floor":7.0,"key":"LiquidBronze"},{"floor":11,"key":"AttackPotion"},{"floor":18,"key":"SkillPotion"}],"is_trial":false,"path_per_floor":["M","?","M","?","?","E","M","R","T","E","M","T","R","M","R","B",null,"M","M","?","?","M","E"],"character_chosen":"YUYOKO","items_purchased":[],"campfire_rested":0,"item_purchase_floors":[],"current_hp_per_floor":[39,39,38,38,38,37,37,37,37,33,35,35,35,37,37,21,38,34,35,29,29,21,0,0],"gold":750,"neow_bonus":"THREE_ENEMY_KILL","is_daily":false,"chose_seed":false,"campfire_upgraded":3,"win_rate":0.0,"timestamp":1613716322,"path_taken":["M","?","M","?","?","E","M","R","T","E","M","?","R","M","R","BOSS","M","M","?","?","M","E"],"items_purchased_type":[],"build_version":"2020-12-22","purchased_purges":0,"victory":false,"max_hp_per_floor":[40,40,40,40,40,40,40,40,40,43,43,43,43,38,38,38,38,38,38,38,38,38,38,38],"relic_stats":{"Happy Flower":[13],"counters":[12,46],"Question Card":9,"obtain_stats":[{"KeepersGift":0,"AT_ATBox":0,"LagranYue:RandomDrawCardRelic":0,"NeowsBlessing":0,"Happy Flower":9,"Dota2Spire:RefresherOrb":17,"Question Card":12,"Yuyuko\u0027s fan":0,"TheBible":10,"Coronal":0,"PillsDrop":0,"SalivaCoin":6,"Ring of Panic":4,"HushsDoor":0},{"KeepersGift":0,"AT_ATBox":0,"LagranYue:RandomDrawCardRelic":0,"NeowsBlessing":0,"Happy Flower":4,"Dota2Spire:RefresherOrb":8,"Question Card":6,"Yuyuko\u0027s fan":0,"TheBible":5,"Coronal":0,"PillsDrop":0,"SalivaCoin":3,"Ring of Panic":2,"HushsDoor":0},{"KeepersGift":0,"AT_ATBox":0,"LagranYue:RandomDrawCardRelic":0,"NeowsBlessing":0,"Happy Flower":6,"Dota2Spire:RefresherOrb":31,"Question Card":15,"Yuyuko\u0027s fan":0,"TheBible":11,"Coronal":0,"PillsDrop":0,"SalivaCoin":3,"Ring of Panic":2,"HushsDoor":0}]},"card_choices":[{"not_picked":["All Wander","Monster Cherry Tree"],"picked":"Unstable Ward","floor":1.0},{"not_picked":["End of Faramita","Open The Fan"],"picked":"Ghost Spot","floor":3.0},{"not_picked":["Elegance","Unknown Petal"],"picked":"Cerasus Subhirtella","floor":6.0},{"not_picked":["Sweet of Phantom","Unreal","Become Phantom"],"picked":"SKIP","floor":7.0},{"not_picked":["Gone","Become Phantom"],"picked":"Snow","floor":10},{"not_picked":["Phantom Village","Full Moon"],"picked":"Gauzy Sakura","floor":11},{"not_picked":["Chase The Sukhavati","Unstable Ward","Elegance"],"picked":"Butterflies Rainbow","floor":14},{"not_picked":["Dream of Spring","Unfulfilling Attachment","Revive The Butterflies"],"picked":"Full Inky Sakura","floor":16},{"not_picked":["Snow","Fondling of Papilio","Suicide+1"],"picked":"Phantom Gift","floor":18},{"not_picked":["Serene Spring","Dancing Soul","Unborn Light+1"],"picked":"Butterflies in Dream","floor":19},{"not_picked":[],"picked":"Nihility","floor":21},{"not_picked":[],"picked":"All Wander","floor":21},{"not_picked":["Full Moon+1","Final of Final","Snow"],"picked":"Open The Fan","floor":22}],"player_experience":78867,"relics_obtained":[{"floor":4.0,"key":"Ring of Panic"},{"floor":6.0,"key":"SalivaCoin"},{"floor":9.0,"key":"Happy Flower"},{"floor":10,"key":"TheBible"},{"floor":12,"key":"Question Card"}],"event_choices":[{"damage_healed":0,"gold_gain":0,"player_choice":"","damage_taken":6,"max_hp_gain":0,"max_hp_loss":0,"event_name":"Knowing Skull","floor":20,"potions_obtained":[],"gold_loss":0,"cards_obtained":[]}],"is_beta":false,"boss_relics":[{"not_picked":["Black Star","Astrolabe"],"picked":"Dota2Spire:RefresherOrb"},{"not_picked":[]}],"items_purged_floors":[],"is_endless":false,"potions_floor_spawned":[1,7,11,18],"killed_by":"Book of Stabbing","ascension_level":0}}