{"host":"bp6b47iftb3mluh0","time":1613747485,"event":{"mods":["100% Spire Juice","Act Like it!","Alarm Clock","Aspiration","Astrologer","BaseMod","Bestiary","Better Third Choice","Better Vampires","Challenge The Spire","Colored Powertips","Conspire","Curses Come First","Dota2Spire","Downfall","Friendly Minions","Gensokyo","Hallownest","Hermit","Kiyohime£®«Âºß£©","Lobotomy","LobotomyExtend","Marisa£®ÏF”Í°°ƒß¿Ì…≥£©","Marked Mod","Minty Spire (QoL Compilation)","Quick Restart","Rare Cards Sparkle","Red Circlet Mod","Relic Filter Mod","Relic Stats","Remilia£®¿Ÿ√◊¿Ú—«£©","Replay The Spire","Reworked Bosses","Ruina","Ryuuou¡˙Õı","Shop Mod","Spicy Shops","StSLib","The Bug Knight","The Invoker Mod","Uncapped","Waifu the Spire","Youmu£®ªÍ∆«—˝√Œ£©","°æ“≈ŒÔø®≈∆°øREMEMod","≤–¡Ù÷ÆŒÔ"],"gold_per_floor":[114,114,0,0,0,0,40,59,59,59,74,39,59,72,72,176,176,187,40,40,40,40,67,19,19,19,19,71,86,99,109,109,121,121,222,222,239,250,250,265,265,265,278,290,358,383,403,403,313,51,51,51],"floor_reached":53,"language":"ZHS","playtime":1485,"items_purged":["Strike_G","Strike_G","Defend_G","Strike_G"],"score":847,"play_id":"a6cfbb2a-7742-4675-8416-0a19b8dfe7bf","local_time":"20210219231125","is_ascension_mode":false,"campfire_choices":[{"data":"KillingBlow","floor":6.0,"key":"SMITH"},{"data":"All Out Attack","floor":15.0,"key":"SMITH"},{"floor":34.0,"key":"REST"},{"data":"Distraction","floor":42.0,"key":"SMITH"},{"data":"Die Die Die","floor":51,"key":"SMITH"}],"circlet_count":1,"master_deck":["Strike_G","Defend_G","Defend_G","Survivor","Neutralize","KillingBlow+1","All Out Attack+1","OSAHOGD","Distraction+1","Die Die Die+1","Slice+1","Grand Finale","Blade Dance+1","Terror+1","conspire:DoublingDagger+1","Gensokyo:CustomPotion"],"relics":["Ring of the Snake","REME_ComplimentaryCards","CogitoBucket","LetterFromLob","RedMistMask","Hallownest:BankAccountRelic","Hallownest:DreamNailRelic","Sundial","Divine Protection","Circlet","WristBlade","AspirationHeart","MerchantsRug","ReplayTheSpireMod:Lightbulb","Dead Branch","ChangeAnything","aspiration:PoetsPen_weak","Gensokyo:TheCrow","Golden Egg","Replay:WaspNest","Medical Kit"],"acts_visited":["Hallownest:Greenpath","Hallownest:CityofTears","Gensokyo:Gensokyoest"],"potions_floor_usage":[52],"damage_taken":[{"damage":0.0,"enemies":"Hallownest:monsterHuskWarrior","floor":1.0,"turns":5.0},{"damage":0.0,"enemies":"2_ Uuma","floor":8.0,"turns":2.0},{"damage":0.0,"enemies":"Hallownest:monsterHuskGuard","floor":11.0,"turns":1.0},{"damage":0.0,"enemies":"Hallownest:2_Tiktiks_1_Baldur_1_Crawlid","floor":13.0,"turns":2.0},{"damage":0.0,"enemies":"Hallownest:Guard_and_Warrior","floor":14.0,"turns":2.0},{"damage":35.0,"enemies":"Hallownest:BossBrokenVessel","floor":16.0,"turns":7.0},{"damage":0.0,"enemies":"Hallownest:Guard_and_Sentry","floor":18.0,"turns":3.0},{"damage":39.0,"enemies":"Hallownest:eliteSoulWarrior","floor":23.0,"turns":6.0},{"damage":0.0,"enemies":"Hallownest:2_Mistakes","floor":29.0,"turns":2.0},{"damage":0.0,"enemies":"Hallownest:Master_and_Novice","floor":30.0,"turns":3.0},{"damage":0.0,"enemies":"Hallownest:3_Mistakes","floor":31.0,"turns":2.0},{"damage":10.0,"enemies":"Hallownest:2_Husk_Sentries","floor":33.0,"turns":5.0},{"damage":38.0,"enemies":"Hallownest:BossMantisLord","floor":35.0,"turns":6.0},{"damage":1.0,"enemies":"Gensokyo:AncientGuardian","floor":37.0,"turns":1.0},{"damage":0.0,"enemies":"Gensokyo:3_Boulders","floor":38.0,"turns":2.0},{"damage":0.0,"enemies":"Gensokyo:Sharpion","floor":40.0,"turns":1.0},{"damage":0.0,"enemies":"Gensokyo:Rafflesia","floor":43.0,"turns":2.0},{"damage":0.0,"enemies":"Gensokyo:AtlasGolem","floor":44.0,"turns":2.0},{"damage":19,"enemies":"Gensokyo:Marisa","floor":46,"turns":2},{"damage":0,"enemies":"Gensokyo:4_Bats","floor":47,"turns":1},{"damage":37,"enemies":"Gensokyo:Scarlet_Devils","floor":52,"turns":3}],"seed_played":"4283524822144954919","potions_obtained":[{"floor":1.0,"key":"conspire:TimeTravelPotion"},{"floor":11.0,"key":"Reflective Coating"},{"floor":13.0,"key":"Energy Potion"},{"floor":18.0,"key":"Block Potion"},{"floor":23.0,"key":"ColorlessPotion"},{"floor":29.0,"key":"Dota2Spire:HealingSalve"},{"floor":33.0,"key":"champ:CounterPotion"},{"floor":40.0,"key":"Strength Potion"},{"floor":44.0,"key":"Milkshake"},{"floor":46,"key":"AttackPotion"}],"is_trial":false,"path_per_floor":["M","?","?","?","T","R","$","M","T","?","M","$","M","M","R","B",null,"M","$","?","?","?","E","$","?","PTL","PTL","T","M","M","M","T","M","R","B",null,"M","M","?","M","?","R","M","M","T","E","M","?","?","$","R","B",null],"character_chosen":"THE_SILENT","items_purchased":["MerchantsRug","Medical Kit"],"campfire_rested":1,"item_purchase_floors":[19,50],"current_hp_per_floor":[70,63,63,63,63,63,63,63,63,63,63,63,63,63,63,28,63,73,73,73,69,69,30,30,30,30,30,30,30,30,30,30,20,41,11,73,72,72,72,72,72,72,72,72,72,53,53,53,53,53,53,16],"gold":51,"neow_bonus":"","is_daily":false,"chose_seed":false,"campfire_upgraded":4,"win_rate":0.0,"timestamp":1613747485,"path_taken":["M","?","?","?","?","R","?","?","T","?","?","$","?","M","R","BOSS","M","?","?","?","?","E","$","?","PTL","PTL","T","?","M","M","?","M","R","BOSS","M","M","?","M","?","R","?","M","T","E","M","?","?","$","R","BOSS"],"items_purchased_type":["Relic","Relic"],"build_version":"2020-12-22","purchased_purges":4,"victory":true,"max_hp_per_floor":[70,63,63,63,63,63,63,63,63,63,63,63,63,63,63,63,63,73,73,73,73,73,73,73,73,73,73,73,73,73,73,73,73,73,73,73,73,73,73,73,73,73,73,73,73,73,73,73,73,73,73,73],"relic_stats":{"counters":[24,63],"Sundial":[8],"Dead Branch":[57],"Medical Kit":[0],"obtain_stats":[{"Divine Protection":9,"MerchantsRug":19,"Golden Egg":45,"ScarletDevilRocket":23,"Dead Branch":32,"Gensokyo:TheCrow":39,"Circlet":10,"AspirationHeart":18,"aspiration:PoetsPen_weak":36,"Replay:WaspNest":46,"Hallownest:DreamNailRelic":4,"Medical Kit":50,"CogitoBucket":0,"WristBlade":17,"Hallownest:BankAccountRelic":3,"Sundial":5,"RedMistMask":1,"LetterFromLob":1,"ChangeAnything":33,"ReplayTheSpireMod:Lightbulb":28,"Ring of the Snake":0,"REME_ComplimentaryCards":0},{"Divine Protection":2,"MerchantsRug":8,"Golden Egg":21,"ScarletDevilRocket":9,"Dead Branch":12,"Gensokyo:TheCrow":17,"Circlet":2,"AspirationHeart":8,"aspiration:PoetsPen_weak":15,"Replay:WaspNest":22,"Hallownest:DreamNailRelic":1,"Medical Kit":23,"CogitoBucket":0,"WristBlade":6,"Hallownest:BankAccountRelic":1,"Sundial":1,"RedMistMask":1,"LetterFromLob":1,"ChangeAnything":14,"ReplayTheSpireMod:Lightbulb":9,"Ring of the Snake":0,"REME_ComplimentaryCards":0},{"Divine Protection":7,"MerchantsRug":23,"Golden Egg":57,"ScarletDevilRocket":29,"Dead Branch":36,"Gensokyo:TheCrow":51,"Circlet":7,"AspirationHeart":23,"aspiration:PoetsPen_weak":48,"Replay:WaspNest":59,"Hallownest:DreamNailRelic":5,"Medical Kit":60,"CogitoBucket":0,"WristBlade":19,"Hallownest:BankAccountRelic":5,"Sundial":5,"RedMistMask":5,"LetterFromLob":5,"ChangeAnything":42,"ReplayTheSpireMod:Lightbulb":29,"Ring of the Snake":0,"REME_ComplimentaryCards":0}],"Ring of the Snake":[48]},"card_choices":[{"not_picked":["OldLady","VoidDream"],"picked":"MHz","floor":1.0},{"not_picked":["Outmaneuver","Blade Dance","Sucker Punch"],"picked":"SKIP","floor":1.0},{"not_picked":["Hidden Blade","Well Laid Plans"],"picked":"All Out Attack","floor":8.0},{"not_picked":["QueenOfHatred","HeroicMonk"],"picked":"OSAHOGD","floor":11.0},{"not_picked":["Dodge and Roll","Draining Mist","Bouncing Flask"],"picked":"SKIP","floor":11.0},{"not_picked":["Infinite Blades","Quick Slash"],"picked":"Distraction","floor":13.0},{"not_picked":["Dagger Throw","Slice","Bouncing Flask"],"picked":"SKIP","floor":14.0},{"not_picked":["REME_SpectralBlade","After Image"],"picked":"Die Die Die","floor":16.0},{"not_picked":["Dagger Throw+1","Prepared","Caltrops"],"picked":"SKIP","floor":18.0},{"not_picked":["Accuracy","Fluid Movement","Crippling Poison"],"picked":"SKIP","floor":23.0},{"not_picked":["Sucker Punch","Endless Agony","Slice"],"picked":"SKIP","floor":29.0},{"not_picked":["DreamingCurrent","SingingMachine"],"picked":"MeatLantern","floor":30.0},{"not_picked":["All Out Attack","Hidden Blade"],"picked":"Slice+1","floor":30.0},{"not_picked":["Sucker Punch","Catalyst","Caltrops"],"picked":"SKIP","floor":31.0},{"not_picked":["Reflex","Backflip"],"picked":"Grand Finale","floor":33.0},{"not_picked":["Deadly Poison+1","Poisoned Stab+1"],"picked":"Blade Dance+1","floor":37.0},{"not_picked":["Slice","Dagger Spray","Eviscerate"],"picked":"SKIP","floor":38.0},{"not_picked":["Concentrate","Sneak Up","Dagger Throw"],"picked":"SKIP","floor":40.0},{"not_picked":["Toxin Wave+1","Slice"],"picked":"Terror+1","floor":43.0},{"not_picked":["Eviscerate","Expertise+1","Quick Slash"],"picked":"SKIP","floor":44.0},{"not_picked":["ReplayTheSpireMod:The Works","Acrobatics+1","Night Terror"],"picked":"SKIP","floor":46},{"not_picked":["Poisoned Stab","Acrobatics"],"picked":"conspire:DoublingDagger+1","floor":47}],"player_experience":213722,"relics_obtained":[{"floor":1.0,"key":"LetterFromLob"},{"floor":1.0,"key":"RedMistMask"},{"floor":5.0,"key":"Sundial"},{"floor":9.0,"key":"Divine Protection"},{"floor":23.0,"key":"ScarletDevilRocket"},{"floor":28.0,"key":"ReplayTheSpireMod:Lightbulb"},{"floor":32.0,"key":"Dead Branch"},{"floor":45.0,"key":"Golden Egg"},{"floor":46,"key":"Replay:WaspNest"}],"event_choices":[],"is_beta":false,"boss_relics":[{"not_picked":["conspire:SeveredTorchhead","Replay:Drink Me"],"picked":"WristBlade"},{"not_picked":["Empty Cage","aspiration:FutureDiary"],"picked":"aspiration:PoetsPen_weak"}],"items_purged_floors":[12,19,24,50],"is_endless":false,"potions_floor_spawned":[1,11,13,18,23,29,33,40,44,46],"ascension_level":0}}