{"host":"6gwm7y0tp7acoxay","time":1613713192,"event":{"mods":["BaseMod","Colored Map","Keyboard Shortcuts","Minty Spire (QoL Compilation)","Quick Restart","StSLib","SuperFastMode","everything is the same but u backflip on backflip"],"gold_per_floor":[117,117,177,204,204,229,229,259,283,312,10,22,41,66,66,143,143,159,159,178,178,14,29,42,76,152,179,179,206,241,574,574,655,655,675,692,300,300,300,331,1,34,84,118,135,6,15,27,27,27,27,27,27,27,53,53],"floor_reached":57,"language":"KOR","playtime":1596,"items_purged":["Dropkick","Dropkick","Brutality"],"score":3374,"play_id":"a8d04b28-d807-4ad7-87b0-50228a6c7dcd","local_time":"20210219143952","daily_mods":["SealedDeck","Heirloom","Flight"],"is_ascension_mode":true,"campfire_choices":[{"data":"Armaments","floor":7.0,"key":"SMITH"},{"data":"Limit Break","floor":15.0,"key":"SMITH"},{"floor":28.0,"key":"RECALL"},{"data":"Berserk","floor":32.0,"key":"SMITH"},{"data":"Disarm","floor":49.0,"key":"SMITH"},{"data":"Inflame","floor":53.0,"key":"SMITH"}],"circlet_count":0,"master_deck":["AscendersBane","True Grit","Shrug It Off","Flex+1","Battle Trance+1","Whirlwind+1","Uppercut+1","Sword Boomerang","Armaments+1","Berserk+1","Second Wind","Limit Break+1","Inflame+1","Reaper+1","Evolve+1","Seeing Red+1","Exhume","Impervious","Power Through+1","Disarm+1","Shockwave+1","Deep Breath"],"relics":["Burning Blood","TungstenRod","Bag of Marbles","Gremlin Horn","War Paint","Smiling Mask","Vajra","Ginger","Black Star","Chemical X","Bronze Scales","Bottled Lightning","Mummified Hand","Art of War","Pantograph","Potion Belt","Blood Vial","Meat on the Bone","Happy Flower","CeramicFish","Old Coin","Philosopher\u0027s Stone","FossilizedHelix","Akabeko","Letter Opener","Membership Card","Pen Nib","Boot","Nunchaku","Lantern","Molten Egg 2","ClockworkSouvenir","Whetstone","Strawberry"],"acts_visited":["Exordium","TheCity","TheBeyond","TheEnding"],"potions_floor_usage":[56,56,56],"damage_taken":[{"damage":3.0,"enemies":"Small Slimes","floor":1.0,"turns":3.0},{"damage":19.0,"enemies":"3 Sentries","floor":6.0,"turns":4.0},{"damage":3.0,"enemies":"Lagavulin","floor":8.0,"turns":4.0},{"damage":0.0,"enemies":"Gremlin Nob","floor":10.0,"turns":2.0},{"damage":0.0,"enemies":"Jaw Worm","floor":12.0,"turns":1.0},{"damage":0.0,"enemies":"Cultist","floor":13.0,"turns":2.0},{"damage":11.0,"enemies":"3 Sentries","floor":14.0,"turns":3.0},{"damage":0.0,"enemies":"Slime Boss","floor":16.0,"turns":3.0},{"damage":0.0,"enemies":"Chosen","floor":18.0,"turns":3.0},{"damage":0.0,"enemies":"2 Thieves","floor":20.0,"turns":1.0},{"damage":2.0,"enemies":"Snecko","floor":23.0,"turns":3.0},{"damage":17.0,"enemies":"Shelled Parasite and Fungi","floor":24.0,"turns":2.0},{"damage":12.0,"enemies":"Gremlin Leader","floor":25.0,"turns":4.0},{"damage":0.0,"enemies":"Slavers","floor":27.0,"turns":1.0},{"damage":27.0,"enemies":"Book of Stabbing","floor":29.0,"turns":3.0},{"damage":3.0,"enemies":"Gremlin Leader","floor":30.0,"turns":3.0},{"damage":14.0,"enemies":"Slavers","floor":31.0,"turns":2.0},{"damage":27.0,"enemies":"Champ","floor":33.0,"turns":6.0},{"damage":6.0,"enemies":"Orb Walker","floor":35.0,"turns":3.0},{"damage":0.0,"enemies":"3 Darklings","floor":36.0,"turns":2.0},{"damage":1.0,"enemies":"Giant Head","floor":40.0,"turns":5.0},{"damage":3.0,"enemies":"Reptomancer","floor":42.0,"turns":3.0},{"damage":40.0,"enemies":"Giant Head","floor":44.0,"turns":7.0},{"damage":0.0,"enemies":"Spire Growth","floor":45.0,"turns":3.0},{"damage":0.0,"enemies":"4 Shapes","floor":48.0,"turns":2.0},{"damage":48.0,"enemies":"Awakened One","floor":50.0,"turns":9.0},{"damage":5.0,"enemies":"Donu and Deca","floor":51.0,"turns":6.0},{"damage":0.0,"enemies":"Shield and Spear","floor":55.0,"turns":1.0},{"damage":106,"enemies":"The Heart","floor":56,"turns":8}],"seed_played":"-3621948694324296219","potions_obtained":[{"floor":1.0,"key":"BloodPotion"},{"floor":8.0,"key":"SteroidPotion"},{"floor":29.0,"key":"Ancient Potion"},{"floor":35.0,"key":"Ancient Potion"}],"is_trial":true,"path_per_floor":["M","?","?","T","?","E","R","E","T","E","$","M","M","E","R","B",null,"M","?","M","?","$","M","M","E","T","E","R","E","E","E","R","B",null,"M","M","$","?","?","E","$","E","T","E","M","$","?","M","R","B","B",null,"R","$","E","B",null],"character_chosen":"IRONCLAD","items_purchased":["Limit Break","Inflame","Dropkick","Chemical X","FossilizedHelix","Membership Card","Disarm","Pen Nib","ClockworkSouvenir"],"campfire_rested":0,"item_purchase_floors":[11,11,11,22,37,41,41,41,46],"current_hp_per_floor":[71,71,71,71,76,63,63,66,66,72,72,78,80,75,75,80,80,80,80,80,80,80,80,69,80,80,80,80,78,80,80,80,80,80,80,80,80,80,76,76,76,76,76,76,76,76,67,75,75,76,76,76,76,76,83,66],"gold":53,"neow_bonus":"","is_daily":false,"chose_seed":false,"campfire_upgraded":5,"win_rate":0.0,"timestamp":1613713192,"path_taken":["M","?","?","?","?","E","R","E","T","E","$","?","?","E","R","BOSS","M","?","?","?","?","M","M","E","T","E","R","E","E","E","R","BOSS","M","M","$","?","?","E","$","E","T","E","?","?","?","M","R","BOSS","BOSS","R","$","E","BOSS"],"items_purchased_type":["Card","Card","Card","Relic","Relic","Relic","Card","Relic","Relic"],"build_version":"2020-12-22","purchased_purges":3,"victory":true,"max_hp_per_floor":[75,75,75,75,80,80,80,80,80,80,80,80,80,80,80,80,80,80,80,80,80,80,80,80,80,80,80,80,80,80,80,80,80,80,80,80,80,80,76,76,76,76,76,76,76,76,76,76,76,76,76,76,76,76,83,83],"card_choices":[{"not_picked":["Armaments","Ghostly Armor","Sword Boomerang"],"picked":"SKIP","floor":1.0},{"not_picked":["Iron Wave","Shrug It Off"],"picked":"Berserk","floor":6.0},{"not_picked":["Searing Blow","Sword Boomerang"],"picked":"Second Wind","floor":8.0},{"not_picked":["Havoc","Armaments","True Grit"],"picked":"SKIP","floor":10.0},{"not_picked":["Twin Strike","Clash","Thunderclap"],"picked":"SKIP","floor":12.0},{"not_picked":["True Grit","Body Slam","Berserk"],"picked":"SKIP","floor":13.0},{"not_picked":["Havoc","Metallicize","Sentinel"],"picked":"SKIP","floor":14.0},{"not_picked":["Immolate","Limit Break"],"picked":"Reaper","floor":16.0},{"not_picked":["Havoc","Heavy Blade"],"picked":"Evolve+1","floor":18.0},{"not_picked":["Searing Blow","Whirlwind","Clash"],"picked":"SKIP","floor":20.0},{"not_picked":["Havoc","Perfected Strike","Brutality"],"picked":"SKIP","floor":23.0},{"not_picked":["Wild Strike","Twin Strike","Heavy Blade"],"picked":"SKIP","floor":24.0},{"not_picked":["Heavy Blade+1","Clash","Spot Weakness"],"picked":"SKIP","floor":25.0},{"not_picked":["Wild Strike+1","Flex","Warcry"],"picked":"SKIP","floor":27.0},{"not_picked":["Havoc","Reckless Charge"],"picked":"Seeing Red+1","floor":29.0},{"not_picked":["Sever Soul","Clash+1"],"picked":"Exhume","floor":30.0},{"not_picked":["Warcry+1","Anger+1","Evolve"],"picked":"SKIP","floor":31.0},{"not_picked":["Corruption","Brutality"],"picked":"Impervious","floor":33.0},{"not_picked":["Pommel Strike","Heavy Blade+1"],"picked":"Power Through+1","floor":35.0},{"not_picked":["Warcry","Shrug It Off","Limit Break"],"picked":"SKIP","floor":36.0},{"not_picked":["Rupture","Havoc","Clothesline"],"picked":"SKIP","floor":40.0},{"not_picked":["Dropkick+1","Fire Breathing+1","True Grit"],"picked":"SKIP","floor":42.0},{"not_picked":["Warcry+1","Wild Strike+1"],"picked":"Shockwave+1","floor":44.0},{"not_picked":["Pommel Strike+1","Warcry","Sentinel"],"picked":"SKIP","floor":45.0},{"not_picked":["Blind","Discovery"],"picked":"Deep Breath","floor":47.0},{"not_picked":["Warcry","Dark Embrace","Perfected Strike+1"],"picked":"SKIP","floor":48.0},{"not_picked":["Shrug It Off+1","Headbutt+1","Sword Boomerang+1"],"picked":"SKIP","floor":55.0}],"player_experience":4575009,"relics_obtained":[{"floor":4.0,"key":"Bag of Marbles"},{"floor":6.0,"key":"Gremlin Horn"},{"floor":8.0,"key":"War Paint"},{"floor":9.0,"key":"Smiling Mask"},{"floor":10.0,"key":"Vajra"},{"floor":14.0,"key":"Ginger"},{"floor":25.0,"key":"Bronze Scales"},{"floor":25.0,"key":"Bottled Lightning"},{"floor":26.0,"key":"Mummified Hand"},{"floor":27.0,"key":"Art of War"},{"floor":27.0,"key":"Pantograph"},{"floor":29.0,"key":"Potion Belt"},{"floor":29.0,"key":"Blood Vial"},{"floor":30.0,"key":"Meat on the Bone"},{"floor":30.0,"key":"Happy Flower"},{"floor":31.0,"key":"CeramicFish"},{"floor":31.0,"key":"Old Coin"},{"floor":40.0,"key":"Akabeko"},{"floor":40.0,"key":"Letter Opener"},{"floor":42.0,"key":"Boot"},{"floor":42.0,"key":"Nunchaku"},{"floor":44.0,"key":"Lantern"},{"floor":44.0,"key":"Molten Egg 2"},{"floor":55.0,"key":"Whetstone"},{"floor":55.0,"key":"Strawberry"}],"event_choices":[{"damage_healed":0.0,"max_hp_gain":0.0,"max_hp_loss":0.0,"gold_gain":0.0,"event_name":"Liars Game","player_choice":"Ignored","floor":2.0,"gold_loss":0.0,"damage_taken":0.0},{"damage_healed":0.0,"max_hp_gain":0.0,"max_hp_loss":0.0,"gold_gain":60.0,"event_name":"Golden Wing","player_choice":"Gained Gold","floor":3.0,"gold_loss":0.0,"damage_taken":0.0},{"damage_healed":0.0,"max_hp_gain":5.0,"max_hp_loss":0.0,"gold_gain":0.0,"event_name":"Big Fish","player_choice":"Donut","floor":5.0,"gold_loss":0.0,"damage_taken":0.0},{"damage_healed":0.0,"max_hp_gain":0.0,"max_hp_loss":0.0,"gold_gain":0.0,"event_name":"Upgrade Shrine","player_choice":"Upgraded","floor":19.0,"gold_loss":0.0,"damage_taken":0.0,"cards_upgraded":["Whirlwind"]},{"damage_healed":0.0,"max_hp_gain":0.0,"max_hp_loss":0.0,"gold_gain":0.0,"cards_transformed":["Infernal Blade"],"event_name":"Transmorgrifier","player_choice":"Transformed","floor":21.0,"gold_loss":0.0,"damage_taken":0.0,"cards_obtained":["Brutality"]},{"damage_healed":0.0,"max_hp_gain":0.0,"max_hp_loss":0.0,"gold_gain":0.0,"event_name":"Tomb of Lord Red Mask","player_choice":"Ignored","floor":38.0,"gold_loss":0.0,"damage_taken":0.0},{"damage_healed":0.0,"max_hp_gain":0.0,"max_hp_loss":4.0,"gold_gain":0.0,"event_name":"Winding Halls","player_choice":"Max HP","floor":39.0,"gold_loss":0.0,"damage_taken":0.0},{"damage_healed":0.0,"max_hp_gain":0.0,"max_hp_loss":0.0,"gold_gain":0.0,"event_name":"SensoryStone","player_choice":"Memory 3","floor":47.0,"gold_loss":0.0,"damage_taken":10.0}],"is_beta":false,"boss_relics":[{"not_picked":["Velvet Choker","Busted Crown"],"picked":"Black Star"},{"not_picked":["Black Blood","Astrolabe"],"picked":"Philosopher\u0027s Stone"}],"items_purged_floors":[37,41,46],"is_endless":false,"potions_floor_spawned":[1,8,12,13,16,20,23,24,29,35,48],"ascension_level":20}}