{"host":"viqlxz8almhbqoia","time":1613763377,"event":{"mods":["BaseMod","CapriCore","Colored Map","Custom Start","DeckTracker","Minty Spire (QoL Compilation)","READ ME - Guardian Mod","StSLib","SuperFastMode","The Cursed"],"gold_per_floor":[117,38,38,54,54,54,82,99,124,150,75,75,125,135,135,209,209,228,278,297,309,209,209,209,209],"floor_reached":24,"language":"KOR","playtime":498,"items_purged":["Defend_P","Strike_P"],"score":457,"play_id":"ac68fe54-eb7f-445f-940a-aa6085692435","local_time":"20210220043617","is_ascension_mode":true,"campfire_choices":[{"data":"ConjureBlade","floor":6,"key":"SMITH"},{"data":"Eruption","floor":15,"key":"SMITH"},{"floor":23,"key":"REST"}],"circlet_count":0,"master_deck":["AscendersBane","Strike_P","Strike_P","Strike_P","Defend_P","Defend_P","Defend_P","Eruption+1","Vigilance","Halt","FearNoEvil","ConjureBlade+1","Vengeance","EmptyBody","Scrawl"],"relics":["PureWater","NeowsBlessing","Bag of Marbles","Matryoshka","Juzu Bracelet","Strawberry","StrikeDummy","Philosopher\u0027s Stone"],"acts_visited":["Exordium","TheCity"],"potions_floor_usage":[10,20,24,24],"damage_taken":[{"damage":0,"enemies":"Small Slimes","floor":1,"turns":1},{"damage":0,"enemies":"Jaw Worm","floor":4,"turns":1},{"damage":0,"enemies":"3 Sentries","floor":7,"turns":2},{"damage":0,"enemies":"2 Louse","floor":8,"turns":1},{"damage":0,"enemies":"Gremlin Nob","floor":10,"turns":2},{"damage":0,"enemies":"Red Slaver","floor":14,"turns":1},{"damage":28,"enemies":"Hexaghost","floor":16,"turns":9},{"damage":9,"enemies":"Shell Parasite","floor":18,"turns":3},{"damage":4,"enemies":"2 Thieves","floor":20,"turns":3},{"damage":17,"enemies":"Centurion and Healer","floor":21,"turns":6},{"damage":66,"enemies":"Book of Stabbing","floor":24,"turns":5}],"seed_played":"4527517020616904909","potions_obtained":[{"floor":4,"key":"DistilledChaos"},{"floor":8,"key":"SkillPotion"},{"floor":14,"key":"SneckoOil"},{"floor":20,"key":"SkillPotion"}],"is_trial":false,"path_per_floor":["M","$","?","M","?","R","E","M","T","E","$","$","?","M","R","B",null,"M","?","M","M","$","R","E"],"character_chosen":"WATCHER","items_purchased":["FearNoEvil"],"campfire_rested":1,"item_purchase_floors":[2],"current_hp_per_floor":[61,61,66,66,55,55,55,55,62,62,62,62,54,54,54,26,67,58,58,54,37,37,61,0,0],"gold":209,"neow_bonus":"THREE_ENEMY_KILL","is_daily":false,"chose_seed":false,"campfire_upgraded":2,"win_rate":0.0,"timestamp":1613763377,"path_taken":["M","$","?","M","?","R","E","M","T","E","?","$","?","M","R","BOSS","M","?","M","M","$","R","E"],"items_purchased_type":["Card"],"build_version":"2020-12-22","purchased_purges":2,"victory":false,"max_hp_per_floor":[68,68,73,73,73,73,73,73,80,80,80,80,80,80,80,80,80,80,80,80,80,80,80,80,80],"card_choices":[{"not_picked":["SashWhip","ThirdEye"],"picked":"Halt","floor":1},{"not_picked":["Prostrate","Halt"],"picked":"ConjureBlade","floor":4},{"not_picked":["FollowUp","Perseverance"],"picked":"Vengeance","floor":7},{"not_picked":["Wallop","Nirvana","ForeignInfluence"],"picked":"SKIP","floor":8},{"not_picked":["CutThroughFate","PathToVictory"],"picked":"EmptyBody","floor":10},{"not_picked":["Crescendo","ClearTheMind","Protect"],"picked":"SKIP","floor":14},{"not_picked":["Omniscience","Alpha"],"picked":"Scrawl","floor":16},{"not_picked":["EmptyBody","Consecrate","Protect"],"picked":"SKIP","floor":18},{"not_picked":["EmptyBody","DevaForm","JustLucky"],"picked":"SKIP","floor":20},{"not_picked":["EmptyFist","Protect","Fasting2"],"picked":"SKIP","floor":21}],"player_experience":885550,"relics_obtained":[{"floor":7,"key":"Matryoshka"},{"floor":9,"key":"Juzu Bracelet"},{"floor":9,"key":"Strawberry"},{"floor":10,"key":"StrikeDummy"}],"event_choices":[{"damage_healed":0,"gold_gain":0,"player_choice":"Donut","damage_taken":0,"max_hp_gain":5,"max_hp_loss":0,"event_name":"Big Fish","floor":3,"gold_loss":0},{"damage_healed":0,"gold_gain":0,"player_choice":"Success","damage_taken":11,"relics_obtained":["Bag of Marbles"],"max_hp_gain":0,"max_hp_loss":0,"event_name":"Scrap Ooze","floor":5,"gold_loss":0},{"damage_healed":0,"gold_gain":50,"player_choice":"Touch","damage_taken":8,"max_hp_gain":0,"max_hp_loss":0,"event_name":"FaceTrader","floor":13,"gold_loss":0},{"damage_healed":0,"gold_gain":50,"player_choice":"Pray","damage_taken":0,"max_hp_gain":0,"max_hp_loss":0,"event_name":"Golden Shrine","floor":19,"gold_loss":0}],"is_beta":false,"boss_relics":[{"not_picked":["Runic Dome","Black Star"],"picked":"Philosopher\u0027s Stone"}],"items_purged_floors":[11,22],"is_endless":false,"potions_floor_spawned":[4,8,14,18,20],"killed_by":"Book of Stabbing","ascension_level":16}}