{"host":"w4b7hmige5bnqipq","time":1613750252,"event":{"mods":["2.2 Compatiblity","BaseMod","Colored Map","DeckTracker","Keyboard Shortcuts","Minty Spire (QoL Compilation)","Permanent Neow","Rare Cards Sparkle","SuperFastMode","everything is the same but u backflip on backflip","slay the spire mod where everything is the same but ironclad has a cowboy hat"],"gold_per_floor":[115,128,146,157,157,182,182,182,182,202,227,227,260,277,277,351,351,370,387,387,29,49,49,82,98,98,98,116,116,31,31,31,108,108,125,125,125,88,111,140,140,152,177,177,192,223,223,251,251,251,251,251,28,55,55,55],"floor_reached":55,"language":"KOR","playtime":3199,"items_purged":["Darkness"],"score":1744,"play_id":"f1c11172-4196-475b-9ce7-59ab9425a77b","local_time":"20210219235732","is_ascension_mode":true,"campfire_choices":[{"floor":8.0,"key":"REST"},{"data":"Genetic Algorithm","floor":12.0,"key":"SMITH"},{"data":"Buffer","floor":15.0,"key":"SMITH"},{"data":"Buffer","floor":23.0,"key":"SMITH"},{"floor":29.0,"key":"REST"},{"floor":32.0,"key":"REST"},{"data":"Defragment","floor":41.0,"key":"SMITH"},{"floor":44.0,"key":"REST"},{"floor":49,"key":"RECALL"},{"data":"Amplify","floor":52,"key":"SMITH"}],"circlet_count":0,"master_deck":["AscendersBane","Defend_B","Defend_B","Defend_B","Defend_B","Zap","Dualcast","Melter","Go for the Eyes","Ball Lightning","Genetic Algorithm+1","Buffer+1","Hologram","Buffer+1","Amplify+1","Chaos+1","Reboot+1","Coolheaded","FTL","Machine Learning","Conserve Battery","Capacitor","Creative AI","Capacitor","Defragment+1","Coolheaded+1","Reinforced Body+1"],"relics":["Cracked Core","Incense Burner","Bag of Preparation","Smiling Mask","Mummified Hand","Centennial Puzzle","Astrolabe","Ice Cream","Du-Vu Doll","Mercury Hourglass","Busted Crown","Strawberry","Regal Pillow","Art of War","Toxic Egg 2","Ancient Tea Set","Anchor","Medical Kit","CaptainsWheel"],"acts_visited":["Exordium","TheCity","TheBeyond","TheEnding"],"potions_floor_usage":[55],"damage_taken":[{"damage":2.0,"enemies":"Cultist","floor":1.0,"turns":4.0},{"damage":9.0,"enemies":"Small Slimes","floor":2.0,"turns":3.0},{"damage":7.0,"enemies":"Jaw Worm","floor":3.0,"turns":3.0},{"damage":14.0,"enemies":"3 Louse","floor":4.0,"turns":4.0},{"damage":25.0,"enemies":"3 Sentries","floor":6.0,"turns":6.0},{"damage":3.0,"enemies":"Looter","floor":10.0,"turns":2.0},{"damage":1.0,"enemies":"Gremlin Nob","floor":11.0,"turns":3.0},{"damage":0.0,"enemies":"Lagavulin","floor":13.0,"turns":7.0},{"damage":14.0,"enemies":"Exordium Thugs","floor":14.0,"turns":4.0},{"damage":24.0,"enemies":"The Guardian","floor":16.0,"turns":12.0},{"damage":0.0,"enemies":"Spheric Guardian","floor":18.0,"turns":1.0},{"damage":16.0,"enemies":"Shell Parasite","floor":19.0,"turns":5.0},{"damage":1.0,"enemies":"Chosen and Byrds","floor":22.0,"turns":7.0},{"damage":21.0,"enemies":"Book of Stabbing","floor":24.0,"turns":6.0},{"damage":0.0,"enemies":"Snecko","floor":25.0,"turns":5.0},{"damage":0.0,"enemies":"Colosseum Slavers","floor":27.0,"turns":5.0},{"damage":1.0,"enemies":"Centurion and Healer","floor":28.0,"turns":9.0},{"damage":0.0,"enemies":"Automaton","floor":33.0,"turns":12.0},{"damage":9.0,"enemies":"3 Shapes","floor":35.0,"turns":6.0},{"damage":25.0,"enemies":"Giant Head","floor":40.0,"turns":10.0},{"damage":4.0,"enemies":"3 Darklings","floor":42.0,"turns":7.0},{"damage":0.0,"enemies":"Transient","floor":45.0,"turns":6.0},{"damage":15,"enemies":"Reptomancer","floor":46,"turns":6},{"damage":0,"enemies":"Giant Head","floor":48,"turns":7},{"damage":0,"enemies":"Donu and Deca","floor":50,"turns":7},{"damage":20,"enemies":"Shield and Spear","floor":54,"turns":8},{"damage":90,"enemies":"The Heart","floor":55,"turns":9}],"seed_played":"7062263817539535161","potions_obtained":[{"floor":1.0,"key":"FocusPotion"},{"floor":10.0,"key":"DuplicationPotion"},{"floor":11.0,"key":"Dexterity Potion"},{"floor":13.0,"key":"SteroidPotion"},{"floor":18.0,"key":"PowerPotion"},{"floor":25.0,"key":"Weak Potion"},{"floor":28.0,"key":"BlessingOfTheForge"},{"floor":35.0,"key":"FairyPotion"},{"floor":40.0,"key":"SkillPotion"},{"floor":48,"key":"Regen Potion"}],"is_trial":false,"path_per_floor":["M","M","M","M","?","E","?","R","T","M","E","R","E","M","R","B",null,"M","M","?","$","M","R","E","M","T","?","M","R","?","$","R","B",null,"M","?","?","$","T","E","R","M","T","R","M","E","T","E","R","B",null,"R","$","E","B"],"character_chosen":"DEFECT","items_purchased":["Ice Cream","Conserve Battery","Defragment","Medical Kit"],"campfire_rested":4,"item_purchase_floors":[21,21,38,53],"current_hp_per_floor":[62,53,46,32,53,28,28,47,47,44,43,43,43,29,29,5,49,49,33,33,33,32,32,11,11,11,11,10,29,29,29,48,48,60,51,51,51,51,58,33,33,29,29,65,65,50,50,50,50,50,66,66,66,46,0,0],"gold":55,"neow_bonus":"ONE_RARE_RELIC","is_daily":false,"chose_seed":false,"campfire_upgraded":5,"win_rate":0.0,"timestamp":1613750252,"path_taken":["M","M","M","M","?","E","?","R","T","M","E","R","E","M","R","BOSS","M","M","?","$","M","R","E","M","T","?","M","R","?","?","R","BOSS","M","?","?","?","?","E","R","M","T","R","?","E","?","E","R","BOSS","R","$","E","BOSS"],"items_purchased_type":["Relic","Card","Card","Relic"],"build_version":"2020-12-22","purchased_purges":1,"victory":false,"max_hp_per_floor":[64,64,64,64,64,64,64,64,64,64,64,64,64,64,64,64,64,64,64,64,64,64,64,64,64,64,64,64,64,64,64,64,64,64,64,64,64,64,71,71,71,71,71,71,71,71,71,71,71,71,71,71,71,71,71,71],"card_choices":[{"not_picked":["Gash","Hello World"],"picked":"Melter","floor":1.0},{"not_picked":["Turbo","Barrage"],"picked":"Go for the Eyes","floor":2.0},{"not_picked":["Cold Snap","Compile Driver"],"picked":"Rebound","floor":3.0},{"not_picked":["Compile Driver","Streamline"],"picked":"Ball Lightning","floor":4.0},{"not_picked":["Gash","Sweeping Beam"],"picked":"Genetic Algorithm","floor":6.0},{"not_picked":["Gash","Steam","Go for the Eyes"],"picked":"SKIP","floor":10.0},{"not_picked":["Multi-Cast","Leap"],"picked":"Buffer","floor":11.0},{"not_picked":["Steam","Ball Lightning"],"picked":"Hologram","floor":13.0},{"not_picked":["Turbo","Sweeping Beam"],"picked":"Buffer","floor":14.0},{"not_picked":["Fission","Rainbow"],"picked":"Amplify","floor":16.0},{"not_picked":["White Noise","Cold Snap"],"picked":"Coolheaded","floor":18.0},{"not_picked":["Sweeping Beam","Redo+1"],"picked":"FTL","floor":19.0},{"not_picked":["Reinforced Body","Leap"],"picked":"Capacitor","floor":22.0},{"not_picked":["Machine Learning","Redo","Leap"],"picked":"SKIP","floor":24.0},{"not_picked":["Barrage","Hologram","Leap"],"picked":"SKIP","floor":25.0},{"not_picked":["Sweeping Beam","Genetic Algorithm","Scrape"],"picked":"SKIP","floor":28.0},{"not_picked":["Fission","Multi-Cast"],"picked":"Creative AI","floor":33.0},{"not_picked":[],"picked":"Capacitor","floor":35.0},{"not_picked":["Stack"],"picked":"SKIP","floor":40.0},{"not_picked":["Gash"],"picked":"SKIP","floor":42.0},{"not_picked":["Redo"],"picked":"SKIP","floor":45.0},{"not_picked":[],"picked":"Coolheaded+1","floor":46},{"not_picked":[],"picked":"Reinforced Body+1","floor":48},{"not_picked":["Redo+1"],"picked":"SKIP","floor":54}],"player_experience":784932,"relics_obtained":[{"floor":6.0,"key":"Bag of Preparation"},{"floor":9.0,"key":"Smiling Mask"},{"floor":11.0,"key":"Mummified Hand"},{"floor":13.0,"key":"Centennial Puzzle"},{"floor":24.0,"key":"Du-Vu Doll"},{"floor":39.0,"key":"Strawberry"},{"floor":40.0,"key":"Regal Pillow"},{"floor":43.0,"key":"Art of War"},{"floor":46,"key":"Toxic Egg 2"},{"floor":47,"key":"Ancient Tea Set"},{"floor":48,"key":"Anchor"},{"floor":54,"key":"CaptainsWheel"}],"event_choices":[{"damage_healed":21.0,"max_hp_gain":0.0,"max_hp_loss":0.0,"gold_gain":0.0,"event_name":"Big Fish","player_choice":"Banana","floor":5.0,"gold_loss":0.0,"damage_taken":0.0},{"damage_healed":0.0,"max_hp_gain":0.0,"max_hp_loss":0.0,"gold_gain":0.0,"event_name":"Scrap Ooze","player_choice":"Fled","floor":7.0,"gold_loss":0.0,"damage_taken":0.0},{"damage_healed":0.0,"max_hp_gain":0.0,"max_hp_loss":0.0,"gold_gain":0.0,"cards_transformed":["Strike_B","Meteor Strike"],"event_name":"Drug Dealer","player_choice":"Became Test Subject","floor":20.0,"gold_loss":0.0,"damage_taken":0.0,"cards_obtained":["Machine Learning","Darkness"]},{"damage_healed":0.0,"max_hp_gain":0.0,"max_hp_loss":0.0,"gold_gain":0.0,"event_name":"Colosseum","player_choice":"Fight","floor":27.0,"gold_loss":0.0,"damage_taken":0.0},{"damage_healed":0.0,"max_hp_gain":0.0,"max_hp_loss":0.0,"gold_gain":0.0,"event_name":"Colosseum","player_choice":"Fled From Nobs","floor":27.0,"gold_loss":0.0,"damage_taken":0.0},{"damage_healed":0.0,"max_hp_gain":0.0,"max_hp_loss":0.0,"gold_gain":0.0,"event_name":"Addict","player_choice":"Obtained Relic","floor":30.0,"gold_loss":85.0,"damage_taken":0.0,"relics_obtained":["Mercury Hourglass"]},{"cards_removed":["Rebound"],"damage_healed":0.0,"max_hp_gain":0.0,"max_hp_loss":0.0,"gold_gain":0.0,"event_name":"Falling","player_choice":"Removed Attack","floor":36.0,"gold_loss":0.0,"damage_taken":0.0},{"damage_healed":0.0,"max_hp_gain":0.0,"max_hp_loss":0.0,"gold_gain":0.0,"event_name":"Tomb of Lord Red Mask","player_choice":"Ignored","floor":37.0,"gold_loss":0.0,"damage_taken":0.0}],"is_beta":false,"boss_relics":[{"not_picked":["Fusion Hammer","Velvet Choker"],"picked":"Astrolabe"},{"not_picked":["SlaversCollar","Philosopher\u0027s Stone"],"picked":"Busted Crown"}],"items_purged_floors":[53],"is_endless":false,"potions_floor_spawned":[1,10,11,13,18,25,27,28,35,40,48],"killed_by":"The Heart","ascension_level":18}}