{"host":"Sean","time":1613737817,"event":{"mods":["BaseMod","Block Reminder","Colored Map","Colored Powertips","Highlight Path","Minty Spire (QoL Compilation)","Permanent Neow","Relic Stats"],"gold_per_floor":[110,60,74,93,168,168,200,217,286,138,138,156,156,174,174,270,270,285,299,299,46,46,46,46,46],"floor_reached":24,"language":"ENG","playtime":1581,"items_purged":["Strike_R","Strike_R"],"score":329,"play_id":"a920cd9f-6080-45c3-bdf4-8551ff83a7f2","local_time":"20210219123017","is_ascension_mode":true,"campfire_choices":[{"data":"Pommel Strike","floor":6,"key":"SMITH"},{"data":"Strike_R","floor":11,"key":"PURGE"},{"data":"Defend_R","floor":13,"key":"PURGE"},{"data":"Strike_R","floor":15,"key":"PURGE"},{"data":"Defend_R","floor":23,"key":"PURGE"}],"circlet_count":0,"master_deck":["AscendersBane","Bash","Pommel Strike+1","Rage","Ghostly Armor","Inflame","Shrug It Off","Evolve","Headbutt","Barricade","Armaments+1","Body Slam","Ghostly","Ghostly","Ghostly","Ghostly","Ghostly","Ghostly","Clash"],"relics":["Burning Blood","Peace Pipe","FossilizedHelix","Singing Bowl","Empty Cage","DollysMirror"],"acts_visited":["Exordium","TheCity"],"potions_floor_usage":[7,14],"damage_taken":[{"damage":14.0,"enemies":"Jaw Worm","floor":1.0,"turns":3.0},{"damage":3.0,"enemies":"2 Louse","floor":3.0,"turns":3.0},{"damage":1.0,"enemies":"Cultist","floor":4.0,"turns":4.0},{"damage":14,"enemies":"Lagavulin","floor":7,"turns":5},{"damage":15,"enemies":"3 Louse","floor":8,"turns":4},{"damage":0,"enemies":"Blue Slaver","floor":12,"turns":4},{"damage":17,"enemies":"Gremlin Gang","floor":14,"turns":5},{"damage":31,"enemies":"The Guardian","floor":16,"turns":15},{"damage":16,"enemies":"Shell Parasite","floor":18,"turns":5},{"damage":22,"enemies":"Spheric Guardian","floor":19,"turns":12},{"damage":40,"enemies":"Slavers","floor":24,"turns":6}],"seed_played":"6530540653037959915","potions_obtained":[{"floor":3.0,"key":"BlessingOfTheForge"},{"floor":7,"key":"SteroidPotion"},{"floor":8,"key":"EssenceOfSteel"},{"floor":16,"key":"SkillPotion"}],"is_trial":false,"path_per_floor":["M","?","M","M","?","R","E","M","T","$","R","M","R","M","R","B",null,"M","M","?","$","?","R","E"],"character_chosen":"IRONCLAD","items_purchased":["Evolve","DollysMirror"],"campfire_rested":0,"item_purchase_floors":[10,21],"current_hp_per_floor":[64,64,67,72,65,65,57,48,48,48,48,56,56,45,45,20,61,51,35,35,35,35,35,0,0],"gold":46,"neow_bonus":"ONE_RARE_RELIC","is_daily":false,"chose_seed":false,"campfire_upgraded":1,"win_rate":0.0,"timestamp":1613737817,"path_taken":["M","?","M","M","?","R","E","?","T","$","R","M","R","M","R","BOSS","M","M","?","$","?","R","E"],"items_purchased_type":["Card","Relic"],"build_version":"2020-12-18","purchased_purges":2,"victory":false,"max_hp_per_floor":[72,72,72,72,72,72,72,72,72,72,72,74,74,74,74,74,74,74,74,37,37,37,37,37,37],"relic_stats":{"Peace Pipe":4,"Singing Bowl":2,"counters":[11,66],"obtain_stats":[{"Peace Pipe":0,"Singing Bowl":9,"DollysMirror":21,"Empty Cage":17,"Burning Blood":0,"FossilizedHelix":7},{"Peace Pipe":0,"Singing Bowl":5,"DollysMirror":10,"Empty Cage":8,"Burning Blood":0,"FossilizedHelix":4},{"Peace Pipe":0,"Singing Bowl":19,"DollysMirror":60,"Empty Cage":43,"Burning Blood":0,"FossilizedHelix":15}],"Burning Blood":60},"card_choices":[{"not_picked":["Body Slam","Blood for Blood"],"picked":"Pommel Strike","floor":1.0},{"not_picked":["Body Slam","Clash"],"picked":"Rage","floor":3.0},{"not_picked":["Bloodletting","Thunderclap"],"picked":"Ghostly Armor","floor":4.0},{"not_picked":["Pommel Strike","Fire Breathing"],"picked":"Inflame","floor":7},{"not_picked":["Clash","Rage"],"picked":"Shrug It Off","floor":8},{"not_picked":["Perfected Strike","Clothesline","Rage"],"picked":"Singing Bowl","floor":12},{"not_picked":["Searing Blow","Pummel"],"picked":"Headbutt","floor":14},{"not_picked":["Fiend Fire","Brutality"],"picked":"Barricade","floor":16},{"not_picked":["Reckless Charge","Clash"],"picked":"Armaments+1","floor":18},{"not_picked":["Clash","Shrug It Off"],"picked":"Body Slam","floor":19}],"player_experience":561736,"relics_obtained":[{"floor":7,"key":"FossilizedHelix"},{"floor":9,"key":"Singing Bowl"}],"event_choices":[{"cards_removed":["Defend_R"],"damage_healed":0.0,"max_hp_gain":0.0,"max_hp_loss":0.0,"gold_gain":0.0,"event_name":"The Cleric","player_choice":"Card Removal","floor":2.0,"gold_loss":50.0,"damage_taken":0.0},{"damage_healed":0,"gold_gain":75,"player_choice":"Touch","damage_taken":7,"max_hp_gain":0,"max_hp_loss":0,"event_name":"FaceTrader","floor":5,"gold_loss":0},{"damage_healed":0,"gold_gain":0,"player_choice":"Became a Ghost","damage_taken":0,"max_hp_gain":0,"max_hp_loss":37,"event_name":"Ghosts","floor":20,"gold_loss":0,"cards_obtained":["Ghostly","Ghostly","Ghostly","Ghostly","Ghostly"]},{"damage_healed":0,"gold_gain":0,"player_choice":"1 cards matched","damage_taken":0,"max_hp_gain":0,"max_hp_loss":0,"event_name":"Match and Keep!","floor":22,"gold_loss":0,"cards_obtained":["Clash"]}],"is_beta":true,"boss_relics":[{"not_picked":["Mark of Pain","Coffee Dripper"],"picked":"Empty Cage"}],"items_purged_floors":[10,21],"is_endless":false,"potions_floor_spawned":[3,7,8,16],"killed_by":"Slavers","ascension_level":11}}