{"host":"uidy69bgx28xzt88","time":1613738294,"event":{"mods":["BaseMod","Minty Spire (QoL Compilation)","Relic Stats"],"gold_per_floor":[118,132,146,156,175,210,210,237,264,298,209,236,252,21,21,124,124,141,155,174,17,17,35,68,68,68,68,18,28,62,62,62,164,164,178,138,152,102,120,151,151,168,215,247,247,267,282,140,140,140,140,140,41,75,75],"floor_reached":56,"language":"ENG","playtime":3752,"items_purged":["Strike_B","Strike_B","Strike_B"],"score":1695,"play_id":"af912d6c-024f-430d-87e4-24da7adfd83b","local_time":"20210219143814","is_ascension_mode":true,"campfire_choices":[{"data":"Aggregate","floor":7.0,"key":"SMITH"},{"floor":15.0,"key":"REST"},{"data":"Creative AI","floor":27.0,"key":"SMITH"},{"data":"Buffer","floor":32.0,"key":"SMITH"},{"floor":41.0,"key":"RECALL"},{"data":"Barrage","floor":45.0,"key":"SMITH"},{"data":"Defragment","floor":49.0,"key":"SMITH"},{"data":"Defragment","floor":52.0,"key":"SMITH"}],"circlet_count":0,"master_deck":["Strike_B","Defend_B","Defend_B","Defend_B+1","Defend_B","Zap","Dualcast+1","Electrodynamics","Barrage+1","Self Repair+1","Cold Snap","Cold Snap","FTL+1","Aggregate+1","Beam Cell","Undo","Creative AI+1","Skim","Self Repair+1","Barrage+1","Hologram+1","Cold Snap+1","Buffer+1","Reboot","Consume+1","Double Energy+1","Static Discharge","Core Surge","Defragment+1","Hologram+1","Defragment+1"],"relics":["Cracked Core","Singing Bowl","Gremlin Horn","Omamori","War Paint","MealTicket","FossilizedHelix","Potion Belt","SacredBark","Runic Capacitor","Smiling Mask","Strawberry","Eternal Feather","Bag of Preparation","Nuclear Battery","Prayer Wheel","Dream Catcher","Nunchaku","Bottled Lightning"],"acts_visited":["Exordium","TheCity","TheBeyond","TheEnding"],"potions_floor_usage":[55,55,55,55],"damage_taken":[{"damage":0.0,"enemies":"2 Louse","floor":1.0,"turns":1.0},{"damage":0.0,"enemies":"Cultist","floor":2.0,"turns":3.0},{"damage":7.0,"enemies":"Jaw Worm","floor":3.0,"turns":3.0},{"damage":7.0,"enemies":"Exordium Wildlife","floor":4.0,"turns":3.0},{"damage":9.0,"enemies":"Blue Slaver","floor":5.0,"turns":4.0},{"damage":24.0,"enemies":"Gremlin Nob","floor":6.0,"turns":4.0},{"damage":18.0,"enemies":"Lagavulin","floor":8.0,"turns":7.0},{"damage":19.0,"enemies":"Gremlin Nob","floor":10.0,"turns":4.0},{"damage":1.0,"enemies":"3 Sentries","floor":12.0,"turns":5.0},{"damage":30.0,"enemies":"Gremlin Gang","floor":13.0,"turns":4.0},{"damage":50.0,"enemies":"Hexaghost","floor":16.0,"turns":14.0},{"damage":30.0,"enemies":"Spheric Guardian","floor":18.0,"turns":7.0},{"damage":0.0,"enemies":"2 Thieves","floor":19.0,"turns":3.0},{"damage":35.0,"enemies":"Snecko","floor":20.0,"turns":6.0},{"damage":24.0,"enemies":"Sentry and Sphere","floor":23.0,"turns":6.0},{"damage":19.0,"enemies":"Book of Stabbing","floor":24.0,"turns":6.0},{"damage":69.0,"enemies":"Snake Plant","floor":29.0,"turns":9.0},{"damage":46.0,"enemies":"Gremlin Leader","floor":30.0,"turns":8.0},{"damage":17.0,"enemies":"Automaton","floor":33.0,"turns":12.0},{"damage":24.0,"enemies":"3 Shapes","floor":35.0,"turns":2.0},{"damage":17.0,"enemies":"3 Darklings","floor":37.0,"turns":5.0},{"damage":12.0,"enemies":"Spire Growth","floor":39.0,"turns":7.0},{"damage":23.0,"enemies":"Reptomancer","floor":40.0,"turns":4.0},{"damage":0.0,"enemies":"Sphere and 2 Shapes","floor":42.0,"turns":4.0},{"damage":0.0,"enemies":"Giant Head","floor":44.0,"turns":9.0},{"damage":10.0,"enemies":"Jaw Worm Horde","floor":46.0,"turns":4.0},{"damage":0.0,"enemies":"Spire Growth","floor":47.0,"turns":4.0},{"damage":44.0,"enemies":"Donu and Deca","floor":50.0,"turns":10.0},{"damage":69.0,"enemies":"Shield and Spear","floor":54.0,"turns":6.0},{"damage":18,"enemies":"The Heart","floor":55,"turns":8}],"seed_played":"-8580302864620716863","potions_obtained":[{"floor":1.0,"key":"Dexterity Potion"},{"floor":6.0,"key":"BlessingOfTheForge"},{"floor":8.0,"key":"Explosive Potion"},{"floor":10.0,"key":"FairyPotion"},{"floor":12.0,"key":"Regen Potion"},{"floor":18.0,"key":"SteroidPotion"},{"floor":19.0,"key":"FocusPotion"},{"floor":30.0,"key":"Swift Potion"},{"floor":35.0,"key":"Ancient Potion"},{"floor":37.0,"key":"DistilledChaos"},{"floor":39.0,"key":"FocusPotion"}],"is_trial":false,"path_per_floor":["M","M","M","M","M","E","R","E","T","E","?","E","M","$","R","B",null,"M","M","M","$","?","M","E","?","T","R","$","M","E","$","R","B",null,"M","?","M","$","M","E","R","M","T","E","R","M","M","$","R","B",null,"R","$","E","B",null],"character_chosen":"DEFECT","items_purchased":["Potion Belt","Runic Capacitor","Defragment","EssenceOfSteel","PowerPotion","SteroidPotion"],"campfire_rested":1,"item_purchase_floors":[14,21,48,48,53,53],"current_hp_per_floor":[68,68,68,68,66,49,49,38,38,28,28,36,13,28,51,23,65,42,51,23,38,38,31,36,36,36,48,63,69,33,48,60,60,81,69,69,72,87,90,87,90,92,92,94,94,96,98,98,98,64,90,98,98,41,23],"gold":75,"neow_bonus":"ONE_RANDOM_RARE_CARD","is_daily":false,"chose_seed":false,"campfire_upgraded":6,"win_rate":0.0,"timestamp":1613738294,"path_taken":["M","M","M","M","M","E","R","E","T","E","?","E","M","?","R","BOSS","M","M","M","$","?","M","E","?","T","R","?","M","E","$","R","BOSS","M","?","?","$","M","E","R","M","T","E","R","M","M","?","R","BOSS","R","$","E","BOSS"],"items_purchased_type":["Relic","Relic","Card","Potion","Potion","Potion"],"build_version":"2020-12-22","purchased_purges":3,"victory":true,"max_hp_per_floor":[75,75,75,75,75,75,75,75,75,77,77,79,79,79,79,79,79,79,81,81,81,81,81,88,88,88,88,88,88,88,88,88,88,88,90,90,90,90,90,90,90,92,92,94,94,96,98,98,98,98,98,98,98,100,100],"relic_stats":{"Dream Catcher":0,"Nunchaku":[6],"Singing Bowl":18,"Gremlin Horn":[27,27],"counters":[30,172],"MealTicket":75,"Eternal Feather":35,"Prayer Wheel":3,"Bag of Preparation":[24],"War Paint":["Dualcast","Defend_B"],"Smiling Mask":125,"obtain_stats":[{"Potion Belt":14,"Singing Bowl":6,"Gremlin Horn":8,"SacredBark":17,"Eternal Feather":25,"Omamori":9,"Runic Capacitor":21,"Bag of Preparation":30,"War Paint":10,"Smiling Mask":22,"Nuclear Battery":34,"Dream Catcher":43,"Nunchaku":44,"Strawberry":24,"MealTicket":11,"Prayer Wheel":40,"Bottled Lightning":54,"Cracked Core":0,"FossilizedHelix":12},{"Potion Belt":10,"Singing Bowl":6,"Gremlin Horn":7,"SacredBark":11,"Eternal Feather":16,"Omamori":7,"Runic Capacitor":14,"Bag of Preparation":18,"War Paint":8,"Smiling Mask":14,"Nuclear Battery":19,"Dream Catcher":24,"Nunchaku":25,"Strawberry":16,"MealTicket":8,"Prayer Wheel":23,"Bottled Lightning":29,"Cracked Core":0,"FossilizedHelix":9},{"Potion Belt":38,"Singing Bowl":18,"Gremlin Horn":25,"SacredBark":52,"Eternal Feather":80,"Omamori":25,"Runic Capacitor":68,"Bag of Preparation":97,"War Paint":29,"Smiling Mask":68,"Nuclear Battery":109,"Dream Catcher":131,"Nunchaku":140,"Strawberry":80,"MealTicket":29,"Prayer Wheel":127,"Bottled Lightning":164,"Cracked Core":0,"FossilizedHelix":34}]},"card_choices":[{"not_picked":["Rip and Tear","Gash"],"picked":"Barrage","floor":1.0},{"not_picked":["Sweeping Beam","Compile Driver"],"picked":"Self Repair","floor":2.0},{"not_picked":["Tempest","Stack"],"picked":"Cold Snap","floor":3.0},{"not_picked":["Beam Cell","Compile Driver"],"picked":"Cold Snap","floor":4.0},{"not_picked":["Gash","Blizzard"],"picked":"FTL","floor":5.0},{"not_picked":["Redo","Core Surge"],"picked":"Aggregate","floor":6.0},{"not_picked":["Gash","Turbo"],"picked":"Beam Cell","floor":8.0},{"not_picked":["Turbo","Go for the Eyes","Leap"],"picked":"Singing Bowl","floor":10.0},{"not_picked":["Storm","Stack","Barrage"],"picked":"Singing Bowl","floor":12.0},{"not_picked":["Leap","Doom and Gloom"],"picked":"Undo","floor":13.0},{"not_picked":["Meteor Strike","Electrodynamics"],"picked":"Creative AI","floor":16.0},{"not_picked":["Auto Shields","Coolheaded"],"picked":"Skim","floor":18.0},{"not_picked":["Sunder","Rebound","Sweeping Beam"],"picked":"Singing Bowl","floor":19.0},{"not_picked":["Storm","Double Energy"],"picked":"Self Repair+1","floor":20.0},{"not_picked":["Streamline+1","Conserve Battery"],"picked":"Barrage+1","floor":23.0},{"not_picked":["Redo","Steam"],"picked":"Hologram+1","floor":24.0},{"not_picked":["Coolheaded","Ball Lightning"],"picked":"Cold Snap+1","floor":29.0},{"not_picked":["Self Repair","Conserve Battery"],"picked":"Buffer","floor":30.0},{"not_picked":["Amplify","Thunder Strike"],"picked":"Reboot","floor":33.0},{"not_picked":["Self Repair+1","Conserve Battery","Go for the Eyes"],"picked":"Singing Bowl","floor":35.0},{"not_picked":["Sunder+1","Rebound"],"picked":"Consume+1","floor":37.0},{"not_picked":["Go for the Eyes","Stack"],"picked":"Double Energy+1","floor":39.0},{"not_picked":["White Noise","Steam+1"],"picked":"Static Discharge","floor":40.0},{"not_picked":["Gash+1","Static Discharge"],"picked":"Core Surge","floor":42.0},{"not_picked":["Conserve Battery","Go for the Eyes+1","BootSequence+1"],"picked":"Singing Bowl","floor":42.0},{"not_picked":["Double Energy+1","Steam Power+1","Conserve Battery"],"picked":"Singing Bowl","floor":44.0},{"not_picked":["Rebound+1","White Noise"],"picked":"Defragment","floor":46.0},{"not_picked":["Doom and Gloom","Sweeping Beam+1","Gash+1"],"picked":"Singing Bowl","floor":46.0},{"not_picked":["Go for the Eyes+1","Reprogram","Leap+1"],"picked":"Singing Bowl","floor":47.0},{"not_picked":["Cold Snap+1","Stack+1"],"picked":"Hologram+1","floor":47.0},{"not_picked":["BootSequence+1","Sweeping Beam+1","Stack+1"],"picked":"Singing Bowl","floor":54.0}],"player_experience":273731,"relics_obtained":[{"floor":6.0,"key":"Singing Bowl"},{"floor":8.0,"key":"Gremlin Horn"},{"floor":9.0,"key":"Omamori"},{"floor":10.0,"key":"War Paint"},{"floor":12.0,"key":"FossilizedHelix"},{"floor":24.0,"key":"Strawberry"},{"floor":30.0,"key":"Bag of Preparation"},{"floor":40.0,"key":"Prayer Wheel"},{"floor":43.0,"key":"Dream Catcher"},{"floor":44.0,"key":"Nunchaku"},{"floor":54.0,"key":"Bottled Lightning"}],"event_choices":[{"damage_healed":0.0,"max_hp_gain":0.0,"max_hp_loss":0.0,"gold_gain":0.0,"event_name":"WeMeetAgain","player_choice":"Paid Gold","floor":11.0,"gold_loss":89.0,"damage_taken":0.0,"relics_obtained":["MealTicket"]},{"damage_healed":0.0,"max_hp_gain":0.0,"max_hp_loss":0.0,"gold_gain":0.0,"event_name":"The Mausoleum","player_choice":"Opened","floor":22.0,"gold_loss":0.0,"damage_taken":0.0,"relics_obtained":["Smiling Mask"],"cards_obtained":["Writhe"]},{"damage_healed":0.0,"max_hp_gain":0.0,"max_hp_loss":0.0,"gold_gain":0.0,"event_name":"Addict","player_choice":"Stole Relic","floor":25.0,"gold_loss":0.0,"damage_taken":0.0,"relics_obtained":["Eternal Feather"],"cards_obtained":["Shame"]},{"damage_healed":0.0,"max_hp_gain":0.0,"max_hp_loss":0.0,"gold_gain":0.0,"event_name":"Designer","player_choice":"Upgraded Two","floor":36.0,"gold_loss":40.0,"damage_taken":0.0,"cards_upgraded":["FTL","Self Repair"]}],"is_beta":false,"boss_relics":[{"not_picked":["Busted Crown","Tiny House"],"picked":"SacredBark"},{"not_picked":["SlaversCollar","Philosopher\u0027s Stone"],"picked":"Nuclear Battery"}],"items_purged_floors":[14,28,38],"is_endless":false,"potions_floor_spawned":[1,6,8,10,12,18,19,30,35,37,39,54],"ascension_level":9}}