{"host":"lvglfvqy3xrupc2a","time":1613776888,"event":{"mods":["Act Like it!","Aspiration","BaseMod","Better Altar","Better Match","Better Note","Better Sensory Stone","Better Skull","Better Third Choice","BetterRewards","Conspire","Friendly Minions","Gensokyo","Grow up Mod","Hubris","HumanHunterMod(????mod)","Humility","Infinite Spire","Lobotomy","LobotomyExtend","Mimic Mod","Minty Spire (QoL Compilation)","MostiFishMod","Remove Card Discount Mod","Replay The Spire","Reworked Bosses","Ruina","Spicy Shops","StSLib","The Blackbeard","The Blue Laboratory","Uncapped","[IsaacMod]????"],"gold_per_floor":[110,110,110,125,75,105,115,115,115,147,147,174,174,234,234,234,234,234],"floor_reached":16,"language":"ENG","playtime":538,"items_purged":[],"score":233,"play_id":"72eb906a-e18d-4401-8335-45c477cd066a","local_time":"20210219172128","is_ascension_mode":true,"campfire_choices":[{"data":"blackbeard:Cutlass","floor":8.0,"key":"SMITH"},{"data":"blackbeard:BeatUp","floor":11.0,"key":"SMITH"},{"data":"blackbeard:FieryDefense","floor":15.0,"key":"SMITH"}],"circlet_count":0,"master_deck":["blackbeard:BlackbeardStrike","blackbeard:BlackbeardStrike","blackbeard:BlackbeardStrike","blackbeard:BlackbeardStrike","blackbeard:IntimidatingStrike","blackbeard:BlackbeardDefend","blackbeard:BlackbeardDefend","blackbeard:BlackbeardDefend","blackbeard:BlackbeardDefend","blackbeard:Cutlass+1","OldLady","blackbeard:Shrapnel","WallGazer","blackbeard:Dagger","OSAHOGD","blackbeard:RearmingStrike","MHz","blackbeard:BeatUp+1","UniverseFragment","blackbeard:BlindAttacks","blackbeard:FieryDefense+1"],"relics":["blackbeard:LoadTheCannons","HushsDoor","DaveBox","CogitoBucket","RabbitCall","DeathBook","Sling","SynthV:TestCard","LetterFromLob","hubris:SlimyHat","Omamori","betterThird:SlimedRelic","hubris:DeckOfHolding","The Courier","hubris:MobiusCoin","MealTicket","hubris:Towel"],"acts_visited":["Exordium"],"potions_floor_usage":[],"damage_taken":[{"damage":2.0,"enemies":"2 Louse","floor":1.0,"turns":5.0},{"damage":4.0,"enemies":"conspire:RoseBush","floor":4.0,"turns":2.0},{"damage":0.0,"enemies":"3 Sentries","floor":6.0,"turns":1.0},{"damage":25.0,"enemies":"infinitespire:Voidling","floor":7.0,"turns":5.0},{"damage":8.0,"enemies":"Replay:BlueRogue","floor":10.0,"turns":5.0},{"damage":32.0,"enemies":"Gremlin Nob","floor":12.0,"turns":3.0},{"damage":115,"enemies":"Slime Boss","floor":16,"turns":7}],"seed_played":"5677873736807896591","potions_obtained":[{"floor":1.0,"key":"Strength Potion"},{"floor":12.0,"key":"SpeedPotion"}],"is_trial":false,"path_per_floor":["M","?","?","M","?","E","M","R","T","E","R","E","?","?","R","B"],"character_chosen":"BLACKBEARD_CLASS","items_purchased":[],"campfire_rested":0,"item_purchase_floors":[],"current_hp_per_floor":[86,93,88,94,93,103,88,98,108,110,120,98,108,103,113,0,0,0],"gold":234,"neow_bonus":"","is_daily":false,"chose_seed":false,"campfire_upgraded":3,"win_rate":0.0,"timestamp":1613776888,"path_taken":["M","?","?","M","?","E","M","R","T","E","R","E","?","?","R","BOSS"],"items_purchased_type":[],"build_version":"2020-12-22","purchased_purges":0,"victory":false,"max_hp_per_floor":[95,105,115,125,135,145,155,165,175,185,195,205,215,225,235,235,235,235],"card_choices":[{"not_picked":["GreedKing","VoidDream"],"picked":"OldLady","floor":1.0},{"not_picked":["blackbeard:WiseDefense","blackbeard:Dagger"],"picked":"blackbeard:Shrapnel","floor":1.0},{"not_picked":["Wellcheers","MHz"],"picked":"WallGazer","floor":4.0},{"not_picked":["blackbeard:FishingNets","blackbeard:Fencing","blackbeard:Eyepatch","blackbeard:Anchor"],"picked":"blackbeard:Dagger","floor":4.0},{"not_picked":["ShyLook","LongBird"],"picked":"OSAHOGD","floor":6.0},{"not_picked":["blackbeard:CannonballSupply","blackbeard:Eyepatch","blackbeard:CannonBarrage","blackbeard:Murder"],"picked":"blackbeard:RearmingStrike","floor":6.0},{"not_picked":["Bloodbath","Murderer"],"picked":"MHz","floor":7.0},{"not_picked":["blackbeard:VengefulSpirit","blackbeard:DangerousBlow","blackbeard:Sharpening","blackbeard:DelayedPain"],"picked":"blackbeard:BeatUp","floor":7.0},{"not_picked":["Murderer","SingingMachine","DreamingCurrent"],"picked":"Singing Bowl","floor":10.0},{"not_picked":["FairyFestival","ShyLook"],"picked":"UniverseFragment","floor":10.0},{"not_picked":["Bomb","blackbeard:HumongousCannonball","blackbeard:JollyRoger","blackbeard:Dagger"],"picked":"blackbeard:BlindAttacks","floor":10.0},{"not_picked":["Scarecrow","HappyTeddy","Funeral"],"picked":"Singing Bowl","floor":12.0},{"not_picked":["blackbeard:PiratesWill","blackbeard:RemoveScurvy","blackbeard:PowderKeg","blackbeard:Sword"],"picked":"blackbeard:FieryDefense","floor":12.0}],"player_experience":1129833,"relics_obtained":[{"floor":1.0,"key":"SynthV:TestCard"},{"floor":1.0,"key":"LetterFromLob"},{"floor":6.0,"key":"hubris:DeckOfHolding"},{"floor":9.0,"key":"The Courier"},{"floor":10.0,"key":"hubris:MobiusCoin"},{"floor":12.0,"key":"MealTicket"}],"event_choices":[{"damage_healed":0.0,"max_hp_gain":0.0,"max_hp_loss":0.0,"gold_gain":0.0,"event_name":"betterThird:BetterScrap","player_choice":"Relic ","floor":2.0,"gold_loss":0.0,"damage_taken":3.0,"cards_obtained":["MostiFishMod:Unraveling"]},{"damage_healed":0.0,"max_hp_gain":0.0,"max_hp_loss":0.0,"gold_gain":0.0,"event_name":"betterThird:BetterGoop","player_choice":"Slimed","floor":5.0,"gold_loss":50.0,"damage_taken":11.0}],"is_beta":false,"boss_relics":[],"items_purged_floors":[],"is_endless":false,"potions_floor_spawned":[1,12],"killed_by":"Slime Boss","ascension_level":6,"is_humility":true}}