{"host":"15ff3ltgpietarej","time":1613696778,"event":{"mods":["BaseMod","Bestiary","Downfall","Highlight Path","Minty Spire (QoL Compilation)","Relic Stats","StSLib"],"gold_per_floor":[115,115,115,126,136,136,136],"floor_reached":6,"language":"ENG","playtime":186,"items_purged":[],"score":50,"play_id":"3820baab-3ab7-46f7-ac13-05a60b67408f","local_time":"20210219020618","is_ascension_mode":true,"campfire_choices":[],"circlet_count":0,"master_deck":["Strike_B","Strike_B","Strike_B","Strike_B","Defend_B","Defend_B","Defend_B","Defend_B","Zap","Dualcast","Barrage","Coolheaded","Ball Lightning"],"relics":["Cracked Core","NeowsBlessing"],"acts_visited":["Exordium"],"potions_floor_usage":[],"damage_taken":[{"damage":0,"enemies":"Jaw Worm","floor":1,"turns":1},{"damage":0,"enemies":"Cultist","floor":4,"turns":1},{"damage":0,"enemies":"Small Slimes","floor":5,"turns":1},{"damage":6,"enemies":"3 Sentries","floor":6,"turns":2}],"seed_played":"-8013749356509596376","potions_obtained":[{"floor":4,"key":"Regen Potion"},{"floor":5,"key":"ColorlessPotion"}],"is_trial":false,"path_per_floor":["M","?","?","M","M","E"],"character_chosen":"DEFECT","items_purchased":[],"campfire_rested":0,"item_purchase_floors":[],"current_hp_per_floor":[68,68,68,68,68,62,62],"gold":136,"neow_bonus":"THREE_ENEMY_KILL","is_daily":false,"chose_seed":false,"campfire_upgraded":0,"win_rate":0.0,"timestamp":1613696778,"path_taken":["M","?","?","?","M","E"],"items_purchased_type":[],"build_version":"2020-12-22","purchased_purges":0,"victory":false,"max_hp_per_floor":[75,75,75,75,75,75,75],"relic_stats":{"counters":[4,5],"obtain_stats":[{"NeowsBlessing":0,"Cracked Core":0},{"NeowsBlessing":0,"Cracked Core":0},{"NeowsBlessing":0,"Cracked Core":0}]},"card_choices":[{"not_picked":["Sweeping Beam","Leap"],"picked":"Barrage","floor":1},{"not_picked":["Turbo","Rebound"],"picked":"Coolheaded","floor":4},{"not_picked":["Go for the Eyes","Sunder"],"picked":"Ball Lightning","floor":5}],"player_experience":475061,"relics_obtained":[],"event_choices":[{"damage_healed":0,"gold_gain":0,"player_choice":"Leave","damage_taken":0,"max_hp_gain":0,"max_hp_loss":0,"event_name":"The Cleric","floor":2,"gold_loss":0},{"damage_healed":0,"gold_gain":0,"player_choice":"Bought 0 Potions","damage_taken":0,"max_hp_gain":0,"max_hp_loss":0,"event_name":"The Woman in Blue","floor":3,"gold_loss":0}],"is_beta":false,"boss_relics":[],"items_purged_floors":[],"is_endless":false,"potions_floor_spawned":[4,5],"killed_by":"3 Sentries","ascension_level":8}}