{"host":"9slw7l0ws16384qq","time":1613763280,"event":{"mods":["A Penny For Your Troubles","BaseMod","Colored Map","Downfall","Evolution","Hubris","Minty Spire (QoL Compilation)","Replay The Spire","StS++","StSLib"],"gold_per_floor":[99,99,99,119,160,178,178,188,42,42,42,42],"floor_reached":10,"language":"FRA","playtime":242,"items_purged":["Guardian:Strike_Guardian"],"score":101,"play_id":"0432b4e3-9c41-4096-a4e1-dc0e72eda861","local_time":"20210219203440","is_ascension_mode":true,"campfire_choices":[{"floor":1,"key":"RECALL"}],"circlet_count":0,"master_deck":["AscendersBane","Guardian:TemporalStrike+1","Guardian:Strike_Guardian","Guardian:Defend_Guardian","Guardian:Defend_Guardian","Guardian:CurlUp","Guardian:TwinSlam","Guardian:SentryBeam","Guardian:Gem_Purple","Guardian:Gem_Purple"],"relics":["Guardian:ModeShifter","EVO:Axolotl","Iron Hammer","StSpp:SailingBoat"],"acts_visited":["Exordium"],"potions_floor_usage":[10],"damage_taken":[{"damage":7,"enemies":"Jaw Worm","floor":4,"turns":3},{"damage":7,"enemies":"Small Slimes","floor":6,"turns":3},{"damage":0,"enemies":"2 Louse","floor":8,"turns":2},{"damage":2,"enemies":"downfall:FleeingMerchant","floor":9,"turns":4},{"damage":4,"enemies":"Replay:BlueRogue","floor":10,"turns":5}],"seed_played":"-2839163488609877105","potions_obtained":[{"floor":8,"key":"Guardian:BlockOnCardUsePotion"}],"is_trial":false,"path_per_floor":["R","?","?","M","?","M","T","M","$","E"],"character_chosen":"GUARDIAN","items_purchased":["Guardian:Gem_Purple"],"campfire_rested":0,"item_purchase_floors":[9],"current_hp_per_floor":[47,47,47,40,12,5,5,5,3,0,0,0],"gold":42,"neow_bonus":"REMOVE_TWO","is_daily":false,"chose_seed":false,"campfire_upgraded":0,"win_rate":0.0,"timestamp":1613763280,"path_taken":["R","?","?","M","?","?","T","M","?","E"],"items_purchased_type":["Card"],"build_version":"2020-12-22","purchased_purges":1,"victory":false,"max_hp_per_floor":[72,72,72,72,72,72,72,72,72,72,72,72],"card_choices":[{"not_picked":["Guardian:ShieldCharger","Guardian:Recover","Guardian:Preprogram"],"picked":"SKIP","floor":4},{"not_picked":["Guardian:Planning","Guardian:Repulse","Guardian:DonusPower"],"picked":"SKIP","floor":6},{"not_picked":["Guardian:ChargeCore","Guardian:Incinerate","Guardian:VentSteam"],"picked":"SKIP","floor":8},{"not_picked":["Guardian:PrimingBeam","Guardian:CompilePackage"],"picked":"Guardian:SentryBeam","floor":9}],"player_experience":1717004,"relics_obtained":[{"floor":5,"key":"Iron Hammer"},{"floor":7,"key":"StSpp:SailingBoat"}],"event_choices":[{"cards_removed":["Guardian:Defend_Guardian"],"damage_healed":0,"gold_gain":0,"player_choice":"Card Removal","damage_taken":0,"max_hp_gain":0,"max_hp_loss":0,"event_name":"The Cleric","floor":2,"gold_loss":0}],"is_beta":false,"boss_relics":[],"items_purged_floors":[9],"is_endless":false,"potions_floor_spawned":[8],"killed_by":"Replay:BlueRogue","ascension_level":16}}