{"host":"x8sop9v6zw8yitbt","time":1613703958,"event":{"mods":["BaseMod","Best Route Mod","Block Reminder","Challenge The Spire","Colored Powertips","Custom Start","Dark Map","DeckTracker","Minty Spire (QoL Compilation)","Permanent Neow","Quick Restart","Rare Cards Sparkle","Reliquary","Spicy Shops","Spikes Relics","StSLib","Virulent Crown"],"gold_per_floor":[113,113,129,129,144,179,179,198,198,198,226,40,73,83,83,183,183,203,52,41,41,41,41,41,41,41,55,81,91,16,28,28,28,28],"floor_reached":33,"language":"ENG","playtime":1557,"items_purged":["Defend_R"],"score":378,"play_id":"8bdd171b-96d0-482a-9338-c8d606b1f990","local_time":"20210218220558","is_ascension_mode":true,"campfire_choices":[{"data":"Bash","floor":7,"key":"SMITH"},{"data":"Good Instincts","floor":15,"key":"SMITH"},{"data":"Impervious","floor":23,"key":"SMITH"},{"data":"Disarm","floor":25,"key":"SMITH"},{"data":"Strike_R","floor":32,"key":"SMITH"}],"circlet_count":0,"master_deck":["Strike_R","Strike_R+1","Defend_R","Defend_R","Bash+1","Barricade+1","Metallicize+1","Impervious+1","Good Instincts+1","Battle Trance+1","Disarm+1","Fiend Fire","Ghostly Armor+1"],"relics":["Burning Blood","reliquary:RosewoodLute","Red Skull","StrikeDummy","Mango","reliquary:SilkGlove","reliquary:RedCape","Lantern","reliquary:TatteredRug","Matryoshka","reliquary:Buckler"],"acts_visited":["Exordium","TheCity"],"potions_floor_usage":[6,16,20,33],"damage_taken":[{"damage":15.0,"enemies":"Jaw Worm","floor":1.0,"turns":5.0},{"damage":3.0,"enemies":"2 Louse","floor":3.0,"turns":4.0},{"damage":10.0,"enemies":"Cultist","floor":5.0,"turns":4.0},{"damage":8,"enemies":"3 Sentries","floor":6,"turns":3},{"damage":10,"enemies":"Lots of Slimes","floor":8,"turns":7},{"damage":9,"enemies":"Lagavulin","floor":11,"turns":9},{"damage":18,"enemies":"3 Sentries","floor":13,"turns":16},{"damage":4,"enemies":"3 Louse","floor":14,"turns":7},{"damage":0,"enemies":"Slime Boss","floor":16,"turns":19},{"damage":0,"enemies":"Shell Parasite","floor":18,"turns":6},{"damage":12,"enemies":"2 Thieves","floor":20,"turns":4},{"damage":2,"enemies":"Sentry and Sphere","floor":27,"turns":12},{"damage":0,"enemies":"Book of Stabbing","floor":28,"turns":10},{"damage":0,"enemies":"Chosen and Byrds","floor":29,"turns":13},{"damage":3,"enemies":"Centurion and Healer","floor":31,"turns":10},{"damage":0,"enemies":"Champ","floor":33,"turns":19}],"seed_played":"6406206570672910353","potions_obtained":[{"floor":1.0,"key":"Swift Potion"},{"floor":3.0,"key":"Regen Potion"},{"floor":5.0,"key":"ColorlessPotion"},{"floor":11,"key":"DuplicationPotion"},{"floor":14,"key":"DuplicationPotion"},{"floor":20,"key":"Strength Potion"},{"floor":28,"key":"EssenceOfSteel"}],"is_trial":false,"path_per_floor":["M","?","M","?","M","E","R","M","T","?","E","$","E","M","R","B",null,"M","$","M","?","?","R","?","R","T","M","E","M","$","M","R","B"],"character_chosen":"IRONCLAD","items_purchased":["Impervious","Good Instincts","Lantern"],"campfire_rested":0,"item_purchase_floors":[12,12,19],"current_hp_per_floor":[71,64,67,67,63,61,61,57,57,57,68,68,56,58,58,64,94,94,94,88,88,88,88,88,88,88,92,94,94,94,94,94,94,94],"gold":28,"neow_bonus":"TRANSFORM_CARD","is_daily":false,"chose_seed":false,"campfire_upgraded":5,"win_rate":0.0,"timestamp":1613703958,"path_taken":["M","?","M","?","?","E","R","?","T","?","E","$","E","M","R","BOSS","M","$","M","?","?","R","?","R","T","M","E","M","$","M","R","BOSS"],"items_purchased_type":["Card","Card","Relic"],"build_version":"2020-12-22","purchased_purges":1,"victory":false,"max_hp_per_floor":[80,80,80,80,80,80,80,80,80,80,94,94,94,94,94,94,94,94,94,94,94,94,94,94,94,94,94,94,94,94,94,94,94,94],"card_choices":[{"not_picked":["Shockwave","Thunderclap","Warcry"],"picked":"SKIP","floor":1.0},{"not_picked":["Evolve","Twin Strike","True Grit"],"picked":"SKIP","floor":3.0},{"not_picked":["Heavy Blade","Blood for Blood","Sword Boomerang"],"picked":"SKIP","floor":5.0},{"not_picked":["Perfected Strike","Clothesline"],"picked":"Metallicize","floor":6},{"not_picked":["Perfected Strike","Twin Strike","Feel No Pain"],"picked":"SKIP","floor":8},{"not_picked":["Bloodletting","Flex","Hemokinesis"],"picked":"SKIP","floor":11},{"not_picked":["Thunderclap","Perfected Strike","Barricade"],"picked":"SKIP","floor":13},{"not_picked":["Cleave","Hemokinesis","Wild Strike"],"picked":"SKIP","floor":14},{"not_picked":["Blood for Blood+1","Pummel+1"],"picked":"Battle Trance","floor":18},{"not_picked":["Perfected Strike+1","Iron Wave","Cleave"],"picked":"SKIP","floor":20},{"not_picked":["Whirlwind+1","Anger"],"picked":"Ghostly Armor+1","floor":27},{"not_picked":["Flex","Heavy Blade+1","Searing Blow"],"picked":"SKIP","floor":28},{"not_picked":["Clash+1","Heavy Blade","Intimidate"],"picked":"SKIP","floor":29},{"not_picked":["Bloodletting+1","Anger+1","Cleave"],"picked":"SKIP","floor":31}],"player_experience":905411,"relics_obtained":[{"floor":6,"key":"reliquary:RosewoodLute"},{"floor":9,"key":"Red Skull"},{"floor":11,"key":"Mango"},{"floor":13,"key":"reliquary:SilkGlove"},{"floor":26,"key":"Matryoshka"},{"floor":28,"key":"reliquary:Buckler"}],"event_choices":[{"cards_removed":["Strike_R"],"damage_healed":0.0,"max_hp_gain":0.0,"max_hp_loss":0.0,"gold_gain":0.0,"event_name":"Golden Wing","player_choice":"Card Removal","floor":2.0,"gold_loss":0.0,"damage_taken":7.0},{"damage_healed":0.0,"max_hp_gain":0.0,"max_hp_loss":0.0,"gold_gain":0.0,"event_name":"Upgrade Shrine","player_choice":"Upgraded","floor":4.0,"gold_loss":0.0,"damage_taken":0.0,"cards_upgraded":["Barricade"]},{"damage_healed":0,"gold_gain":0,"player_choice":"Searched \u00271\u0027 times","damage_taken":0,"relics_obtained":["StrikeDummy"],"max_hp_gain":0,"max_hp_loss":0,"event_name":"Dead Adventurer","floor":10,"gold_loss":0},{"damage_healed":0,"gold_gain":0,"cards_transformed":["Strike_R","Defend_R"],"player_choice":"Became Test Subject","damage_taken":0,"max_hp_gain":0,"max_hp_loss":0,"event_name":"Drug Dealer","floor":21,"gold_loss":0,"cards_obtained":["Disarm","Fiend Fire"]},{"damage_healed":0,"gold_gain":0,"player_choice":"Opened","damage_taken":0,"relics_obtained":["reliquary:TatteredRug"],"max_hp_gain":0,"max_hp_loss":0,"event_name":"The Mausoleum","floor":22,"gold_loss":0},{"damage_healed":0,"gold_gain":0,"player_choice":"Ignored","damage_taken":0,"max_hp_gain":0,"max_hp_loss":0,"event_name":"Vampires","floor":24,"gold_loss":0}],"is_beta":false,"boss_relics":[{"not_picked":["Velvet Choker","Calling Bell"],"picked":"reliquary:RedCape"}],"items_purged_floors":[30],"is_endless":false,"potions_floor_spawned":[1,3,5,11,14,20,28],"killed_by":"Champ","ascension_level":1}}