{"host":"7bb7osqc91rjfyph","time":1613766848,"event":{"mods":["AchievementEnabler","BaseMod","BetterRewards","Colored Map","Colored Powertips","Downfall","Googly Eyes","Hermit","Hubris","Marisa????????","Minty Spire (QoL Compilation)","Shop Mod","StSLib","The Cursed"],"gold_per_floor":[110,123,123,141,141,168,168,183,183,208,208,208,218,238,238,337,337,351,364,71,71,121,153,166,166,166,220,239,254,274,294,294,396,396,413,168,0,0,0,0,32,32,32,61,114,128,128,178,178,178,178,178,33,59,59],"floor_reached":56,"language":"ENG","playtime":3223,"items_purged":[],"score":1720,"play_id":"019099ff-6687-4943-a279-4562102c26c1","local_time":"20210219143408","is_ascension_mode":true,"campfire_choices":[{"data":"Backflip","floor":7.0,"key":"SMITH"},{"floor":11.0,"key":"REST"},{"floor":12.0,"key":"REST"},{"data":"Noxious Fumes","floor":15.0,"key":"SMITH"},{"data":"After Image","floor":25.0,"key":"SMITH"},{"floor":32.0,"key":"RECALL"},{"data":"Catalyst","floor":40,"key":"SMITH"},{"data":"Catalyst","floor":42,"key":"SMITH"},{"data":"After Image","floor":47,"key":"SMITH"},{"data":"Well Laid Plans","floor":49,"key":"SMITH"},{"data":"Caltrops","floor":52,"key":"SMITH"}],"circlet_count":0,"master_deck":["Survivor","Neutralize","Quick Slash","Noxious Fumes+1","Backflip+1","Leg Sweep","Catalyst","Slice","Cloak And Dagger","Die Die Die","Eviscerate","Leg Sweep","Phantasmal Killer","After Image+1","Sucker Punch","Caltrops+1","Blade Dance","Underhanded Strike","Flying Knee","Catalyst+1","PiercingWail","Deflect+1","Catalyst+1","After Image+1","PiercingWail","Footwork","Infinite Blades","Corpse Explosion","Well Laid Plans+1","Quick Slash+1","Blur+1","Noxious Fumes","Slice+1","Blur","Deadly Poison+1"],"relics":["Ring of the Snake","InkBottle","WingedGreaves","Mercury Hourglass","Tiny Chest","Pandora\u0027s Box","Lizard Tail","hubris:BottledHeart","hubris:Spice","Busted Crown","hubris:CrystalStatue","Red Mask","hubris:Towel","CaptainsWheel","hubris:Zylophone","Bronze Scales","Nunchaku","Ice Cream","Orrery","hubris:MysteriousPyramids"],"acts_visited":["Exordium","TheCity","TheBeyond","TheEnding"],"potions_floor_usage":[],"damage_taken":[{"damage":8.0,"enemies":"2 Louse","floor":1.0,"turns":2.0},{"damage":1.0,"enemies":"Small Slimes","floor":2.0,"turns":4.0},{"damage":1.0,"enemies":"Cultist","floor":4.0,"turns":4.0},{"damage":39.0,"enemies":"Gremlin Nob","floor":6.0,"turns":6.0},{"damage":8.0,"enemies":"Exordium Wildlife","floor":8.0,"turns":6.0},{"damage":5.0,"enemies":"3 Sentries","floor":10.0,"turns":6.0},{"damage":0.0,"enemies":"2 Fungi Beasts","floor":13.0,"turns":3.0},{"damage":1.0,"enemies":"Lots of Slimes","floor":14.0,"turns":3.0},{"damage":27.0,"enemies":"The Guardian","floor":16.0,"turns":11.0},{"damage":3.0,"enemies":"Shell Parasite","floor":18.0,"turns":7.0},{"damage":0.0,"enemies":"Spheric Guardian","floor":19.0,"turns":5.0},{"damage":0.0,"enemies":"Slavers","floor":23.0,"turns":4.0},{"damage":0.0,"enemies":"Centurion and Healer","floor":24.0,"turns":6.0},{"damage":0.0,"enemies":"Snecko","floor":28.0,"turns":4.0},{"damage":0.0,"enemies":"Cultist and Chosen","floor":29.0,"turns":5.0},{"damage":0.0,"enemies":"Snake Plant","floor":30.0,"turns":5.0},{"damage":0.0,"enemies":"Snecko","floor":31.0,"turns":7.0},{"damage":0,"enemies":"Champ","floor":33,"turns":14},{"damage":0,"enemies":"3 Darklings","floor":35,"turns":4},{"damage":0,"enemies":"Giant Head","floor":41,"turns":8},{"damage":0,"enemies":"Reptomancer","floor":44,"turns":5},{"damage":0,"enemies":"3 Shapes","floor":46,"turns":3},{"damage":0,"enemies":"2 Orb Walkers","floor":48,"turns":4},{"damage":0,"enemies":"Time Eater","floor":50,"turns":4},{"damage":0,"enemies":"Shield and Spear","floor":54,"turns":5},{"damage":0,"enemies":"The Heart","floor":55,"turns":6}],"seed_played":"-1863063591342845303","potions_obtained":[{"floor":4.0,"key":"SneckoOil"},{"floor":6.0,"key":"LiquidMemories"},{"floor":8.0,"key":"DistilledChaos"},{"floor":16.0,"key":"hexamod:SoulburnPotion"},{"floor":24.0,"key":"sneckomod:MuddlingPotion"},{"floor":28.0,"key":"PowerPotion"},{"floor":30.0,"key":"Swift Potion"},{"floor":41,"key":"DuplicationPotion"}],"is_trial":false,"path_per_floor":["M","M","?","M","?","E","R","M","T","E","R","R","M","M","R","B",null,"M","M","$","?","?","E","M","R","T","T","M","M","M","M","R","B",null,"M","$","?","?","?","R","E","R","T","E","T","M","R","?","R","B",null,"R","$","E","B",null],"character_chosen":"THE_SILENT","items_purchased":["Lizard Tail","hubris:CrystalStatue","Orrery"],"campfire_rested":2,"item_purchase_floors":[20,36,53],"current_hp_per_floor":[69,68,68,67,67,28,28,20,20,15,38,61,61,60,60,33,77,74,74,74,1,1,1,1,1,1,1,1,1,1,1,1,1,1,1,1,1,1,1,1,1,1,1,1,1,1,1,1,1,1,1,1,1,1,1],"gold":59,"neow_bonus":"TEN_PERCENT_HP_BONUS","is_daily":false,"chose_seed":false,"campfire_upgraded":8,"win_rate":0.0,"timestamp":1613766848,"path_taken":["M","M","?","M","?","E","R","M","T","E","R","R","M","?","R","BOSS","M","M","$","?","?","E","M","R","T","?","M","M","M","M","R","BOSS","M","$","?","?","?","R","E","R","T","E","?","?","R","?","R","BOSS","R","$","E","BOSS"],"items_purchased_type":["Relic","Relic","Relic"],"build_version":"2020-12-22","purchased_purges":0,"victory":true,"max_hp_per_floor":[77,77,77,77,77,77,77,77,77,77,77,77,77,77,77,77,77,77,77,77,1,1,1,1,1,1,1,1,1,1,1,1,1,1,1,1,1,1,1,1,1,1,1,1,1,1,1,1,1,1,1,1,1,1,1],"card_choices":[{"not_picked":["hubris:SlightOfHand","Flechettes"],"picked":"Quick Slash","floor":1.0},{"not_picked":["Slice","Masterful Stab"],"picked":"Noxious Fumes","floor":2.0},{"not_picked":["Blade Dance","Underhanded Strike"],"picked":"Leg Sweep","floor":4.0},{"not_picked":["Quick Slash","Blade Dance"],"picked":"Catalyst","floor":6.0},{"not_picked":["Masterful Stab","Glass Knife"],"picked":"Slice","floor":8.0},{"not_picked":["Bane","Dash"],"picked":"Cloak And Dagger","floor":10.0},{"not_picked":["hubris:SlightOfHand","Choke"],"picked":"Flying Knee","floor":13.0},{"not_picked":["Dagger Throw","Acrobatics","Flying Knee"],"picked":"SKIP","floor":14.0},{"not_picked":["A Thousand Cuts","Glass Knife"],"picked":"Die Die Die","floor":16.0},{"not_picked":["Backflip","Blade Dance"],"picked":"PiercingWail","floor":18.0},{"not_picked":["Sucker Punch","Outmaneuver","Bane"],"picked":"SKIP","floor":19.0},{"not_picked":["Acrobatics+1","hubris:Counter"],"picked":"Deflect+1","floor":23.0},{"not_picked":["Dash","Underhanded Strike"],"picked":"Catalyst","floor":24.0},{"not_picked":["Poisoned Stab","Heel Hook"],"picked":"After Image","floor":28.0},{"not_picked":["Poisoned Stab","Bouncing Flask"],"picked":"PiercingWail","floor":29.0},{"not_picked":["Flying Knee","Crippling Poison"],"picked":"Footwork","floor":30.0},{"not_picked":["hubris:TrickCloak","Acrobatics"],"picked":"Infinite Blades","floor":31.0},{"not_picked":["Storm of Steel","Malaise"],"picked":"Corpse Explosion","floor":33},{"not_picked":[],"picked":"Well Laid Plans","floor":35},{"not_picked":[],"picked":"Quick Slash+1","floor":41},{"not_picked":["hubris:SpiceAddiction"],"picked":"SKIP","floor":44},{"not_picked":[],"picked":"Blur+1","floor":46},{"not_picked":[],"picked":"Noxious Fumes","floor":53},{"not_picked":[],"picked":"Slice+1","floor":53},{"not_picked":[],"picked":"Blur","floor":53},{"not_picked":[],"picked":"Deadly Poison+1","floor":54}],"player_experience":106627,"relics_obtained":[{"floor":6.0,"key":"WingedGreaves"},{"floor":9.0,"key":"Mercury Hourglass"},{"floor":10.0,"key":"Tiny Chest"},{"floor":23.0,"key":"hubris:Spice"},{"floor":27.0,"key":"hubris:Spice"},{"floor":41,"key":"CaptainsWheel"},{"floor":43,"key":"hubris:Zylophone"},{"floor":44,"key":"Bronze Scales"},{"floor":45,"key":"Nunchaku"},{"floor":48,"key":"Ice Cream"},{"floor":54,"key":"hubris:MysteriousPyramids"}],"event_choices":[{"damage_healed":0.0,"max_hp_gain":0.0,"max_hp_loss":0.0,"gold_gain":0.0,"event_name":"WeMeetAgain","player_choice":"Gave Potion","floor":5.0,"gold_loss":0.0,"damage_taken":0.0,"relics_obtained":["InkBottle"]},{"damage_healed":0.0,"max_hp_gain":0.0,"max_hp_loss":0.0,"gold_gain":100.0,"event_name":"The Joust","player_choice":"Bet on Murderer","floor":22.0,"gold_loss":50.0,"damage_taken":0.0},{"damage_healed":0,"gold_gain":0,"player_choice":"Paid","damage_taken":0,"relics_obtained":["Red Mask"],"max_hp_gain":0,"max_hp_loss":0,"event_name":"Tomb of Lord Red Mask","floor":37,"gold_loss":168},{"cards_removed":["Flying Knee"],"damage_healed":0,"gold_gain":0,"player_choice":"Removed Attack","damage_taken":0,"max_hp_gain":0,"max_hp_loss":0,"event_name":"Falling","floor":39,"gold_loss":0},{"damage_healed":0,"gold_gain":0,"player_choice":"Fight","damage_taken":0,"max_hp_gain":0,"max_hp_loss":0,"event_name":"Mysterious Sphere","floor":48,"gold_loss":0}],"is_beta":false,"boss_relics":[{"not_picked":["hubris:Stopwatch","Black Star"],"picked":"Pandora\u0027s Box"},{"not_picked":["hubris:ScarierMask","hubris:VirtuousBlindfold"],"picked":"Busted Crown"}],"items_purged_floors":[],"is_endless":false,"potions_floor_spawned":[4,6,8,16,24,28,30,33,41,44,54],"ascension_level":3}}