{"host":"s924z949m5wc23z2","time":1613749793,"event":{"mods":["100% Spire Juice","ATMod(∞¢Ë™Mod)","Act Like it!","Arknights","Ascension Reborn","BaseMod","Colored Map","Colored Powertips","Conspire","Dota2Spire","Downfall","Good Game Mod","Lobotomy","LobotomyExtend","Luminous","Marisa£®ÏF”Í°°ƒß¿Ì…≥£©","Minty Spire (QoL Compilation)","MostiFishMod","Reimu£®≤©¿ˆ¡È√Œ£©","Relic Stats","Reliquary","Replay The Spire","Spicy Shops","StSLib","The Marked","WarShipGirlsR/’ΩΩ¢…Ÿ≈ÆR mod","Yakumo Yukari mod","Youmu£®ªÍ∆«—˝√Œ£©","Yuyuko","noobMod"],"gold_per_floor":[111,11,11,67,111,111,162,162,189,189,225,244,279,325,325,445,445,483,483,523,12,21,56,76,1,1,1,52,52,1,26,26,162,162,182,29,29,29,48,74,74,74,74,121,21,21,21],"floor_reached":46,"language":"ZHS","playtime":3783,"items_purged":["Alriune","BlackSwan"],"score":811,"play_id":"0bfb5837-f095-49ac-98fd-e398c049340e","local_time":"20210220004953","is_ascension_mode":true,"campfire_choices":[{"floor":6,"key":"RECALL"},{"data":"Phantasmal Killer","floor":8,"key":"SMITH"},{"data":"Calculated Gamble","floor":10,"key":"SMITH"},{"data":"AT_FamilyPortrait","floor":27,"key":"SMITH"},{"data":"conspire:SpireCoStock","floor":29,"key":"SMITH"},{"data":"MostiFishMod:AdrenalineArouse","floor":41,"key":"SMITH"}],"circlet_count":0,"master_deck":["Strike_G+1","Strike_G+1","Strike_G+1","Strike_G+1","Strike_G+1","Defend_G","Defend_G+1","Defend_G+1","Defend_G+1","Defend_G+1","Survivor","Neutralize+1","AT_FamilyPortrait+1","Infinite Blades+1","WallGazer","Calculated Gamble+1","conspire:SpireCoStock+1","conspire:SpireCoStock+1","SpiderBud","Backflip+1","Mercenary","Blade Dance+1","HeroicMonk","Phantasmal Killer+1","Hidden Blade+1","Laetitia","Terror+1","AT_KingSlayer+1","HappyTeddy","Hidden Blade+1","Scarecrow","AT_EssenceShift+1","Rudolta","AT_WomanClash+1","Blade Dance","Yin","Blade Dance","Hidden Blade+1","ReplayTheSpireMod:Scrap Shanks+1","PunishingBird","Dagger Throw+1","MostiFishMod:AdrenalineArouse+1","BlackArmy","MostiFishMod:LethalBlade+1","Cloak And Dagger","Sucker Punch","AT_WindFlip+1","ShyLook","AT_WindFlip","AT_ArcaneSupremacy"],"relics":["Ring of the Snake","AT_ATBox","ice","REME:ComplimentaryCards","DaveBox","DSteel32","CogitoBucket","SynthV:TestCard","LetterFromLob","Bronze Scales","Replay:Baseball","AspirationHeart","Blood Vial","PatriotShield","ChangeAnything","Dota2Spire:Desolator","reliquary:FingerTrap","Ying","LaetitiaHeart","HonorFeather","Moonlight_r","Gaze_r","Tiny Chest","reliquary:ExpiredCoupon","conspire:DecoderRing","ExusiaiGun","AT_ChloranthyRing","conspire:InfiniteJournal","AT_ArchangelStaff","conspire:Dentures","BehaviorAdjustment","AtMidnight"],"acts_visited":["Exordium","TheCity","TheBeyond"],"potions_floor_usage":[16],"damage_taken":[{"damage":22,"enemies":"Small Slimes","floor":1,"turns":3},{"damage":11,"enemies":"2 Louse","floor":4,"turns":3},{"damage":26,"enemies":"Jaw Worm","floor":5,"turns":6},{"damage":22,"enemies":"Replay:BlueRogue","floor":7,"turns":6},{"damage":25,"enemies":"Lots of Slimes","floor":11,"turns":3},{"damage":28,"enemies":"Exordium Thugs","floor":12,"turns":3},{"damage":9,"enemies":"Large Slime","floor":13,"turns":2},{"damage":4,"enemies":"2 Fungi Beasts","floor":14,"turns":2},{"damage":182,"enemies":"Fading Forest","floor":16,"turns":11},{"damage":0,"enemies":"conspire:FuzzyDice","floor":18,"turns":1},{"damage":25,"enemies":"Chosen","floor":20,"turns":1},{"damage":0,"enemies":"Chosen","floor":22,"turns":1},{"damage":0,"enemies":"Chosen","floor":22,"turns":1},{"damage":0,"enemies":"conspire:SneckoGhost","floor":23,"turns":1},{"damage":0,"enemies":"Sentry and Sphere","floor":24,"turns":1},{"damage":0,"enemies":"Slavers","floor":31,"turns":1},{"damage":0,"enemies":"conspire:MysteriousRune","floor":33,"turns":1},{"damage":0,"enemies":"Orb Walker","floor":35,"turns":1},{"damage":0,"enemies":"3 Shapes","floor":39,"turns":1},{"damage":0,"enemies":"Reptomancer","floor":40,"turns":1},{"damage":0,"enemies":"Transient","floor":44,"turns":1},{"damage":0,"enemies":"Sphere and 2 Shapes","floor":46,"turns":1}],"seed_played":"1628281862247961781","potions_obtained":[{"floor":1,"key":"BlessingOfTheForge"},{"floor":4,"key":"Swift Potion"},{"floor":7,"key":"Toxic Potion"},{"floor":20,"key":"ColorlessPotion"},{"floor":31,"key":"Adrenaline Potion"}],"is_trial":false,"path_per_floor":["M","?","?","M","M","R","E","R","T","R","M","M","M","M","R_BF","B",null,"M","?","M","$","?","E","M","?","T","R","T","R","$","E","R_BF","B",null,"M","$","?","T","M","E","R","?","T","M","$","M"],"character_chosen":"THE_SILENT","items_purchased":["Dota2Spire:Desolator","reliquary:FingerTrap","Ying","ReplayTheSpireMod:Scrap Shanks","AT_ChloranthyRing"],"campfire_rested":0,"item_purchase_floors":[21,21,21,30,36],"current_hp_per_floor":[48,48,48,37,11,11,58,58,58,58,33,15,6,93,93,68,108,108,108,97,97,39,64,89,89,89,108,108,108,108,108,108,108,108,108,108,108,108,108,108,108,108,108,108,108,0,0],"gold":21,"neow_bonus":"","is_daily":false,"chose_seed":false,"campfire_upgraded":5,"win_rate":0.0,"timestamp":1613749793,"path_taken":["M","?","?","M","?","R","E","R","T","R","M","M","M","M","R_BF","BOSS","M","?","M","$","?","E","M","?","T","R","?","R","$","E","R_BF","BOSS","M","$","?","?","M","E","R","?","T","?","$","M"],"items_purchased_type":["Relic","Relic","Relic","Card","Relic"],"build_version":"2020-12-22","purchased_purges":2,"victory":false,"max_hp_per_floor":[70,70,70,70,70,70,71,71,71,71,75,92,93,93,93,108,108,108,108,108,108,108,108,108,108,108,108,108,108,108,108,108,108,108,108,108,108,108,108,108,108,108,108,108,108,108,108],"relic_stats":{"Blood Vial":8,"counters":[26,56],"Bronze Scales":[48],"Tiny Chest":1,"obtain_stats":[{"PatriotShield":17,"HonorFeather":22,"AT_ATBox":0,"Ying":21,"DaveBox":0,"ice":0,"ExusiaiGun":34,"AT_ArchangelStaff":40,"conspire:InfiniteJournal":38,"Blood Vial":15,"Yang_Lob":24,"CogitoBucket":0,"LaetitiaHeart":22,"conspire:DecoderRing":31,"Tiny Chest":23,"reliquary:FingerTrap":21,"Ring of the Snake":0,"DSteel32":0,"AT_ChloranthyRing":36,"conspire:Dentures":43,"AspirationHeart":12,"Gaze_r":22,"Moonlight_r":22,"reliquary:ExpiredCoupon":28,"REME:ComplimentaryCards":0,"Replay:Baseball":9,"SynthV:TestCard":1,"Bronze Scales":7,"AtMidnight":44,"BehaviorAdjustment":44,"LetterFromLob":1,"ChangeAnything":20,"Dota2Spire:Desolator":21},{"PatriotShield":10,"HonorFeather":14,"AT_ATBox":0,"Ying":13,"DaveBox":0,"ice":0,"ExusiaiGun":20,"AT_ArchangelStaff":23,"conspire:InfiniteJournal":21,"Blood Vial":9,"Yang_Lob":18,"CogitoBucket":0,"LaetitiaHeart":13,"conspire:DecoderRing":19,"Tiny Chest":16,"reliquary:FingerTrap":13,"Ring of the Snake":0,"DSteel32":0,"AT_ChloranthyRing":21,"conspire:Dentures":23,"AspirationHeart":7,"Gaze_r":15,"Moonlight_r":14,"reliquary:ExpiredCoupon":18,"REME:ComplimentaryCards":0,"Replay:Baseball":4,"SynthV:TestCard":1,"Bronze Scales":4,"AtMidnight":25,"BehaviorAdjustment":25,"LetterFromLob":1,"ChangeAnything":13,"Dota2Spire:Desolator":13},{"PatriotShield":40,"HonorFeather":44,"AT_ATBox":0,"Ying":43,"DaveBox":0,"ice":0,"ExusiaiGun":50,"AT_ArchangelStaff":53,"conspire:InfiniteJournal":51,"Blood Vial":29,"Yang_Lob":48,"CogitoBucket":0,"LaetitiaHeart":43,"conspire:DecoderRing":49,"Tiny Chest":46,"reliquary:FingerTrap":43,"Ring of the Snake":0,"DSteel32":0,"AT_ChloranthyRing":51,"conspire:Dentures":53,"AspirationHeart":25,"Gaze_r":45,"Moonlight_r":44,"reliquary:ExpiredCoupon":48,"REME:ComplimentaryCards":0,"Replay:Baseball":18,"SynthV:TestCard":3,"Bronze Scales":18,"AtMidnight":55,"BehaviorAdjustment":55,"LetterFromLob":3,"ChangeAnything":43,"Dota2Spire:Desolator":43}],"Ring of the Snake":[52]},"card_choices":[{"not_picked":["UniverseFragment","SingingMachine"],"picked":"WallGazer","floor":1},{"not_picked":["Prepared","Dodge and Roll"],"picked":"Calculated Gamble","floor":1},{"not_picked":["GreedKing","CherryBlossoms"],"picked":"SpiderBud","floor":4},{"not_picked":["Prepared","Dagger Spray","Slice","Infinite Blades"],"picked":"Backflip","floor":4},{"not_picked":["Woodsman","SnowQueen"],"picked":"Mercenary","floor":5},{"not_picked":["Eviscerate","Underhanded Strike","Leg Sweep","Skewer"],"picked":"Blade Dance","floor":5},{"not_picked":["HappyTeddy","ShyLook"],"picked":"HeroicMonk","floor":7},{"not_picked":["Unload","Bouncing Flask","PiercingWail","Fluid Movement"],"picked":"Phantasmal Killer","floor":7},{"not_picked":["CherryBlossoms","MeatLantern"],"picked":"Porccubus","floor":11},{"not_picked":["MostiFishMod:PoisonShield","Bane","Outmaneuver","Acrobatics"],"picked":"Hidden Blade","floor":11},{"not_picked":["ShyLook","PunishingBird"],"picked":"Laetitia","floor":12},{"not_picked":["Bane","Dagger Throw","PiercingWail","Outmaneuver"],"picked":"Terror","floor":12},{"not_picked":["Alriune","UniverseFragment"],"picked":"BigBird","floor":13},{"not_picked":["Deflect","Eviscerate","Sneak Up","MostiFishMod:PerfectParry"],"picked":"AT_KingSlayer","floor":13},{"not_picked":["Freischutz","Wellcheers"],"picked":"HappyTeddy","floor":14},{"not_picked":["Skewer","Bouncing Flask","Acrobatics","Slice"],"picked":"Hidden Blade","floor":14},{"not_picked":["Scorched","MHz","CherryBlossoms"],"picked":"Singing Bowl","floor":16},{"not_picked":["DreamingCurrent","VoidDream"],"picked":"Scarecrow","floor":16},{"not_picked":["MostiFishMod:Listen","Doppelganger","Corpse Explosion","MostiFishMod:Neurotoxin"],"picked":"AT_EssenceShift","floor":16},{"not_picked":["SnowQueen","CherryBlossoms"],"picked":"Rudolta","floor":18},{"not_picked":["PiercingWail","MostiFishMod:PreservedThorns","Sucker Punch","Outmaneuver"],"picked":"AT_WomanClash","floor":18},{"not_picked":["Bloodbath","BlackSwan","BigBird"],"picked":"Singing Bowl","floor":20},{"not_picked":["MHz","CherryBlossoms"],"picked":"Alriune","floor":20},{"not_picked":["ReplayTheSpireMod:Shiv Toss","Poisoned Stab","Backstab","Outmaneuver+1"],"picked":"Blade Dance","floor":20},{"not_picked":["WhitesApple","OldLady"],"picked":"Yin","floor":23},{"not_picked":["AT_TwilightShroud","Bane","Toxin Wave","Backflip"],"picked":"Blade Dance","floor":23},{"not_picked":["MHz","Murderer"],"picked":"BeautyBeast","floor":24},{"not_picked":["Outmaneuver+1","Deflect","Dagger Throw","Flying Knee"],"picked":"Hidden Blade","floor":24},{"not_picked":["Porccubus","DreamingCurrent"],"picked":"PunishingBird","floor":31},{"not_picked":["ReplayTheSpireMod:Tripwire","Bouncing Flask","Tactician","Underhanded Strike"],"picked":"Dagger Throw+1","floor":31},{"not_picked":["Wellcheers","CrumblingArmor"],"picked":"BlackArmy","floor":33},{"not_picked":["MostiFishMod:GrandStart","MostiFishMod:WinterMarkForm","MostiFishMod:ShivMaster","AT_EssenceShift"],"picked":"MostiFishMod:LethalBlade","floor":33},{"not_picked":["LongBird","Porccubus"],"picked":"Woodsman","floor":35},{"not_picked":["Heel Hook+1","Prepared+1","Escape Plan+1","Deflect"],"picked":"Cloak And Dagger","floor":35},{"not_picked":["LaLuna","GalaxyChild"],"picked":"DreamingCurrent","floor":39},{"not_picked":["Deadly Poison","Catalyst+1","Outmaneuver+1","Storm of Steel"],"picked":"AT_WindFlip+1","floor":39},{"not_picked":["DespairKnight","MeatLantern"],"picked":"ShyLook","floor":40},{"not_picked":["Quick Slash","Calculated Gamble+1","Outmaneuver","Dodge and Roll+1"],"picked":"AT_WindFlip","floor":40},{"not_picked":["FieryBird","GalaxyChild"],"picked":"BlackSwan","floor":44},{"not_picked":["Masterful Stab+1","PiercingWail","Dagger Spray","Choke+1"],"picked":"AT_ArcaneSupremacy","floor":44}],"player_experience":325018,"relics_obtained":[{"floor":1,"key":"SynthV:TestCard"},{"floor":1,"key":"LetterFromLob"},{"floor":7,"key":"Bronze Scales"},{"floor":9,"key":"Replay:Baseball"},{"floor":23,"key":"Tiny Chest"},{"floor":28,"key":"reliquary:ExpiredCoupon"},{"floor":31,"key":"conspire:DecoderRing"},{"floor":38,"key":"conspire:InfiniteJournal"},{"floor":40,"key":"AT_ArchangelStaff"},{"floor":43,"key":"conspire:Dentures"},{"floor":44,"key":"AtMidnight"}],"event_choices":[{"damage_healed":0,"gold_gain":0,"player_choice":"Invest 2","damage_taken":0,"max_hp_gain":0,"max_hp_loss":0,"event_name":"conspire:Investor","floor":2,"gold_loss":0},{"damage_healed":0,"gold_gain":0,"player_choice":"Ignored","damage_taken":0,"max_hp_gain":0,"max_hp_loss":0,"event_name":"NoteForYourself","floor":3,"gold_loss":0},{"cards_removed":["BigBird"],"damage_healed":0,"gold_gain":0,"player_choice":"Gave Card","damage_taken":0,"relics_obtained":["Blood Vial"],"max_hp_gain":0,"max_hp_loss":0,"event_name":"WeMeetAgain","floor":15,"gold_loss":0},{"cards_removed":["Porccubus"],"damage_healed":0,"gold_gain":0,"player_choice":"Offered Uncommon","damage_taken":0,"max_hp_gain":0,"max_hp_loss":0,"event_name":"Bonfire Elementals","floor":19,"gold_loss":0},{"cards_removed":["BeautyBeast"],"damage_healed":0,"gold_gain":0,"player_choice":"Gave Gold","damage_taken":0,"max_hp_gain":0,"max_hp_loss":0,"event_name":"Beggar","floor":25,"gold_loss":75},{"damage_healed":0,"gold_gain":0,"player_choice":"Read","damage_taken":0,"max_hp_gain":0,"max_hp_loss":0,"event_name":"The Library","floor":32,"gold_loss":0,"cards_obtained":["MostiFishMod:AdrenalineArouse"]},{"damage_healed":0,"gold_gain":0,"cards_transformed":["Woodsman"],"player_choice":"Transformed","damage_taken":0,"max_hp_gain":0,"max_hp_loss":0,"event_name":"Transmorgrifier","floor":37,"gold_loss":0,"cards_obtained":["Sucker Punch"]},{"cards_removed":["DreamingCurrent"],"damage_healed":0,"gold_gain":0,"player_choice":"Purged","damage_taken":0,"max_hp_gain":0,"max_hp_loss":0,"event_name":"Purifier","floor":42,"gold_loss":0}],"is_beta":false,"boss_relics":[{"not_picked":["EE1DDrone","Cursed Key"],"picked":"PatriotShield"},{"not_picked":["JellyFishMachine","conspire:RunicOctahedron"],"picked":"ExusiaiGun"}],"items_purged_floors":[21,45],"is_endless":false,"potions_floor_spawned":[1,4,7,20,22,31,33,44],"killed_by":"Sphere and 2 Shapes","ascension_level":0}}