{"host":"08yfhu6uhosdn245","time":1613696417,"event":{"mods":["2.2 Compatiblity","AchievementEnabler","BaseMod","Bestiary","Colored Map","Colored Powertips","Curses Come First","Highlight Path","Minty Spire (QoL Compilation)","Quick Restart","Relic Stats","StSLib"],"gold_per_floor":[144,189,234,234,279,324,369,369,394,394,439,529,204,249,249,549,549,594,43,88,88,55,145,190,190,190,280,30,75,0,45,45,345,345,390,390,435,69,129,228,273,273,273,273,273,363,363,417,417,417,417],"floor_reached":50,"language":"ENG","playtime":2610,"items_purged":["Compile Driver","Redo"],"score":721,"play_id":"7e61eb03-196c-45db-bec6-e09c8b3f3cb0","local_time":"20210218200017","daily_mods":["Insanity","Blue Cards","Midas"],"is_ascension_mode":false,"campfire_choices":[{"floor":8.0,"key":"REST"},{"floor":15,"key":"REST"},{"floor":25,"key":"REST"},{"floor":32,"key":"REST"},{"floor":42,"key":"REST"},{"floor":44,"key":"REST"},{"floor":49,"key":"REST"}],"circlet_count":0,"master_deck":["Uppercut","Rebound","Aggregate","Streamline","Melter","Rebound","Hologram+1","Twin Strike","Evolve","Headbutt+1","Coolheaded","Ball Lightning","Streamline","Go for the Eyes","Warcry","True Grit","Skim","White Noise","Flex","Disarm","Sweeping Beam","Gash+1","Battle Trance","Anger","Undo","Stack","Stack","Steam","Pummel","Aggregate","Rage","Rampage","Sweeping Beam","Reprogram","Gash","Ball Lightning","Hologram","Blood for Blood","Heavy Blade","Warcry","Shrug It Off","Anger","Havoc","Rage+1","Combust","Inflame","Rebound","Corruption+1","Fiend Fire","Glacier+1","Pain","Dark Embrace+1","Turbo","BootSequence","Dual Wield+1","Demon Form+1","Havoc+1","Flame Barrier","Master of Strategy","Storm+1","Armaments+1"],"relics":["Burning Blood","Ancient Tea Set","Mummified Hand","Frozen Egg 2","Mark of Pain","Bag of Marbles","Sling","WarpedTongs","Lantern","Potion Belt","Pen Nib","Bottled Tornado","SacredBark","Whetstone","StoneCalendar","CeramicFish","War Paint","Letter Opener"],"acts_visited":["Exordium","TheCity","TheBeyond"],"potions_floor_usage":[16,23,29,39,41,45,48,50,50,50,50,50,50],"damage_taken":[{"damage":0.0,"enemies":"Small Slimes","floor":1.0,"turns":1.0},{"damage":0.0,"enemies":"2 Louse","floor":2.0,"turns":2.0},{"damage":0.0,"enemies":"Cultist","floor":3.0,"turns":2.0},{"damage":1.0,"enemies":"2 Fungi Beasts","floor":5.0,"turns":2.0},{"damage":0.0,"enemies":"Exordium Thugs","floor":6.0,"turns":3.0},{"damage":0.0,"enemies":"3 Louse","floor":7.0,"turns":2.0},{"damage":9.0,"enemies":"Lots of Slimes","floor":11.0,"turns":3.0},{"damage":0,"enemies":"Lagavulin","floor":12,"turns":5},{"damage":1,"enemies":"2 Fungi Beasts","floor":14,"turns":2},{"damage":32,"enemies":"Slime Boss","floor":16,"turns":6},{"damage":19,"enemies":"Shell Parasite","floor":18,"turns":5},{"damage":10,"enemies":"Chosen","floor":20,"turns":3},{"damage":21,"enemies":"Book of Stabbing","floor":23,"turns":3},{"damage":21,"enemies":"Snake Plant","floor":24,"turns":3},{"damage":45,"enemies":"Slavers","floor":27,"turns":6},{"damage":10,"enemies":"Centurion and Healer","floor":29,"turns":3},{"damage":0,"enemies":"Cultist and Chosen","floor":31,"turns":4},{"damage":3,"enemies":"Automaton","floor":33,"turns":5},{"damage":14,"enemies":"3 Shapes","floor":35,"turns":5},{"damage":29,"enemies":"3 Darklings","floor":37,"turns":4},{"damage":18,"enemies":"2 Orb Walkers","floor":39,"turns":4},{"damage":27,"enemies":"Giant Head","floor":40,"turns":7},{"damage":9,"enemies":"Writhing Mass","floor":41,"turns":4},{"damage":0,"enemies":"Transient","floor":45,"turns":1},{"damage":11,"enemies":"Reptomancer","floor":46,"turns":5},{"damage":24,"enemies":"Spire Growth","floor":48,"turns":3},{"damage":84,"enemies":"Awakened One","floor":50,"turns":5}],"seed_played":"778547550210687013","potions_obtained":[{"floor":1.0,"key":"SpeedPotion"},{"floor":5.0,"key":"Ancient Potion"},{"floor":11.0,"key":"FearPotion"},{"floor":12,"key":"BloodPotion"},{"floor":16,"key":"AttackPotion"},{"floor":23,"key":"EntropicBrew"},{"floor":31,"key":"Energy Potion"},{"floor":39,"key":"Fire Potion"},{"floor":41,"key":"SmokeBomb"},{"floor":46,"key":"AttackPotion"}],"is_trial":false,"path_per_floor":["M","M","M","?","M","M","M","R","T","?","M","E","$","M","R","B",null,"M","$","M","?","$","E","M","R","T","E","$","M","$","M","R","B",null,"M","?","M","$","?","E","M","R","T","R","M","E","?","M","R","B"],"character_chosen":"IRONCLAD","items_purchased":["Frozen Egg 2","Bag of Marbles","Fiend Fire","Sling","Dark Embrace+1","Bottled Tornado","DuplicationPotion","Whetstone","Master of Strategy","Swift Potion"],"campfire_rested":7,"item_purchase_floors":[13,19,19,19,22,28,30,38,38,38],"current_hp_per_floor":[80,80,80,85,85,85,85,85,85,85,82,85,85,85,85,59,85,72,72,68,68,68,53,38,63,63,24,24,37,37,43,68,71,85,77,85,62,62,50,29,26,51,51,76,82,77,77,59,84,0,0],"gold":417,"neow_bonus":"","is_daily":true,"chose_seed":false,"campfire_upgraded":0,"win_rate":0.0,"timestamp":1613696417,"path_taken":["M","M","M","?","M","M","M","R","T","?","?","E","$","M","R","BOSS","M","$","M","?","$","E","M","R","T","E","?","M","$","M","R","BOSS","M","?","?","$","?","E","M","R","T","R","M","E","?","M","R","BOSS"],"items_purchased_type":["Relic","Relic","Card","Relic","Card","Relic","Potion","Relic","Card","Potion"],"build_version":"2020-12-22","purchased_purges":2,"victory":false,"max_hp_per_floor":[80,80,80,85,85,85,85,85,85,85,85,85,85,85,85,85,85,85,85,85,85,85,85,85,85,85,85,85,85,85,85,85,85,85,85,85,85,85,85,85,85,85,85,85,85,85,85,85,85,85,85],"relic_stats":{"counters":[27,98],"Mummified Hand":[60],"CeramicFish":18,"StoneCalendar":[13],"Pen Nib":[14],"Whetstone":["Gash","Headbutt"],"Letter Opener":[26],"War Paint":["Rage","Hologram"],"obtain_stats":[{"Potion Belt":26,"Lantern":23,"SacredBark":34,"CeramicFish":40,"StoneCalendar":39,"Pen Nib":27,"Whetstone":38,"Letter Opener":46,"Frozen Egg 2":13,"Bottled Tornado":28,"War Paint":43,"Ancient Tea Set":9,"Sling":19,"Burning Blood":0,"WarpedTongs":21,"Mummified Hand":12,"Mark of Pain":17,"Bag of Marbles":19},{"Potion Belt":14,"Lantern":13,"SacredBark":18,"CeramicFish":22,"StoneCalendar":21,"Pen Nib":15,"Whetstone":20,"Letter Opener":25,"Frozen Egg 2":8,"Bottled Tornado":15,"War Paint":23,"Ancient Tea Set":6,"Sling":11,"Burning Blood":0,"WarpedTongs":12,"Mummified Hand":8,"Mark of Pain":10,"Bag of Marbles":11},{"Potion Belt":42,"Lantern":39,"SacredBark":60,"CeramicFish":80,"StoneCalendar":73,"Pen Nib":48,"Whetstone":69,"Letter Opener":90,"Frozen Egg 2":20,"Bottled Tornado":48,"War Paint":84,"Ancient Tea Set":12,"Sling":33,"Burning Blood":0,"WarpedTongs":36,"Mummified Hand":20,"Mark of Pain":28,"Bag of Marbles":33}],"Burning Blood":113,"WarpedTongs":[62]},"card_choices":[{"not_picked":["Consume","Undo","Reprogram"],"picked":"SKIP","floor":1.0},{"not_picked":["Beam Cell","Cold Snap","Power Through"],"picked":"SKIP","floor":2.0},{"not_picked":["Ball Lightning","Pommel Strike","Body Slam"],"picked":"SKIP","floor":3.0},{"not_picked":["Auto Shields","Armaments","Rainbow"],"picked":"SKIP","floor":5.0},{"not_picked":["Sweeping Beam","Rebound","Shrug It Off"],"picked":"SKIP","floor":6.0},{"not_picked":["Leap","Hologram","Clash"],"picked":"SKIP","floor":7.0},{"not_picked":["Pommel Strike","Carnage","Power Through"],"picked":"SKIP","floor":11.0},{"not_picked":["Headbutt","Ghostly Armor","Compile Driver"],"picked":"SKIP","floor":12},{"not_picked":["Rupture+1","Gash","Cold Snap"],"picked":"SKIP","floor":14},{"not_picked":["Barricade+1","Berserk+1"],"picked":"Corruption+1","floor":16},{"not_picked":["Compile Driver","Sweeping Beam","Leap+1"],"picked":"SKIP","floor":18},{"not_picked":["Dropkick","Hemokinesis+1"],"picked":"Glacier+1","floor":20},{"not_picked":["Seeing Red","Berserk+1"],"picked":"Turbo","floor":23},{"not_picked":["Rebound","Shrug It Off"],"picked":"BootSequence","floor":24},{"not_picked":["Turbo+1","Compile Driver+1","Searing Blow"],"picked":"SKIP","floor":27},{"not_picked":["Clash","Conserve Battery+1"],"picked":"Dual Wield+1","floor":29},{"not_picked":["Body Slam+1","Capacitor+1","True Grit"],"picked":"SKIP","floor":31},{"not_picked":["Meteor Strike","Exhume"],"picked":"Demon Form+1","floor":33},{"not_picked":["True Grit+1","Thunderclap+1"],"picked":"Havoc+1","floor":35},{"not_picked":["Go for the Eyes","Sweeping Beam"],"picked":"Flame Barrier","floor":37},{"not_picked":["Power Through+1","Streamline+1"],"picked":"Storm+1","floor":40},{"not_picked":["True Grit","Iron Wave","Rebound+1"],"picked":"SKIP","floor":41},{"not_picked":["Pommel Strike","Heavy Blade","Armaments"],"picked":"SKIP","floor":46},{"not_picked":["Cold Snap","Beam Cell"],"picked":"Armaments+1","floor":48}],"player_experience":412485,"relics_obtained":[{"floor":9.0,"key":"Ancient Tea Set"},{"floor":12,"key":"Mummified Hand"},{"floor":23,"key":"Lantern"},{"floor":26,"key":"Potion Belt"},{"floor":27,"key":"Pen Nib"},{"floor":39,"key":"StoneCalendar"},{"floor":40,"key":"CeramicFish"},{"floor":43,"key":"War Paint"},{"floor":46,"key":"Letter Opener"}],"event_choices":[{"damage_healed":0.0,"max_hp_gain":5.0,"max_hp_loss":0.0,"gold_gain":0.0,"event_name":"Big Fish","player_choice":"Donut","floor":4.0,"gold_loss":0.0,"damage_taken":0.0},{"cards_removed":["Searing Blow"],"damage_healed":0.0,"max_hp_gain":0.0,"max_hp_loss":0.0,"gold_gain":0.0,"event_name":"Bonfire Elementals","player_choice":"Offered Uncommon","floor":10.0,"gold_loss":0.0,"damage_taken":0.0},{"damage_healed":0,"gold_gain":0,"player_choice":"Rummage","damage_taken":0,"relics_obtained":["WarpedTongs"],"max_hp_gain":0,"max_hp_loss":0,"event_name":"Accursed Blacksmith","floor":21,"gold_loss":0,"cards_obtained":["Pain"]},{"damage_healed":8,"gold_gain":0,"player_choice":"Full Heal","damage_taken":0,"max_hp_gain":0,"max_hp_loss":0,"event_name":"Wheel of Change","floor":36,"gold_loss":0},{"damage_healed":0,"gold_gain":0,"player_choice":"Fight","damage_taken":0,"max_hp_gain":0,"max_hp_loss":0,"event_name":"Mysterious Sphere","floor":39,"gold_loss":0},{"damage_healed":0,"gold_gain":0,"player_choice":"Ignored","damage_taken":0,"max_hp_gain":0,"max_hp_loss":0,"event_name":"Tomb of Lord Red Mask","floor":47,"gold_loss":0}],"is_beta":false,"boss_relics":[{"not_picked":["Tiny House","Black Blood"],"picked":"Mark of Pain"},{"not_picked":["Philosopher\u0027s Stone","Runic Dome"],"picked":"SacredBark"}],"items_purged_floors":[13,19],"is_endless":false,"potions_floor_spawned":[1,5,11,12,16,20,23,24,31,39,41,45,46],"killed_by":"Awakened One","ascension_level":0}}