{"host":"ie50qk0ts9eskyyo","time":1613719098,"event":{"mods":["BaseMod","Colored Map","Downfall","Highlight Path","Hubris","Infinite Spire","Minty Spire (QoL Compilation)","Replay The Spire","StSLib","The Jungle"],"gold_per_floor":[111,122,53,64,64,64,89,105,130,154,154,154,154,174,174,299,299,315,315,315,385,136,136,136,136,161,202,218,251,274,288,288,407,407,432,452,153,177,177,177,510,586,886,964,732,732,830,887,887,982,982,990,1007,1017,1019,919,950,966,966,990,1006,1065,1078,1078,1078,1078,1176,1176,1230,1230,1283,1283,1336,1336,1382,1417,1417,1443,1443,1459,1516,1526,1526,1718,1718,1718,765,808,867,884,1049,1085,1142,1142,1213,1213,1344,1344,1401,1401,1540,1590,1599,1611,1664,1664,1664,1664,1740,1740,1740,1744,1744,1233,1305,1363,1363,1652,1702,1760,1805,1493,1537,1601,1601,1655,1700,1700,1745,1755,1755,1755,1809,1809,1784,1784],"floor_reached":135,"language":"ENG","playtime":6362,"items_purged":["Strike_G","Strike_G","Strike_G","Doubt","Injury","CommonCold","Replay:Bag of Tricks+1"],"score":2663,"play_id":"67a8e5e1-b737-4b9c-bab2-21b0279ebec6","local_time":"20210219021818","is_ascension_mode":false,"campfire_choices":[{"data":"Skewer","floor":6.0,"key":"SMITH"},{"data":"ReplayTheSpireMod:Black Plague","floor":12.0,"key":"SMITH"},{"data":"Beam Cell","floor":15.0,"key":"SMITH"},{"data":"Burst","floor":23.0,"key":"SMITH"},{"data":"Fluid Movement","floor":25.0,"key":"SMITH"},{"data":"infinitespire:Neurotoxin","floor":32.0,"key":"SMITH"},{"data":"Atom Bomb","floor":40.0,"key":"SMITH"},{"data":"Replay:Bag of Tricks","floor":46.0,"key":"SMITH"},{"floor":49.0,"key":"REST"},{"data":"ReplayTheSpireMod:Necrosis","floor":74.0,"key":"SMITH"},{"floor":83.0,"key":"DIG"},{"data":"hubris:DuctTapeCard","floor":108,"key":"SMITH"},{"data":"Panacea","floor":113,"key":"SMITH"},{"floor":117,"key":"REST"},{"data":"Adrenaline","floor":125,"key":"SMITH"},{"data":"hubris:InfiniteBlow","floor":134,"key":"SMITH"}],"circlet_count":0,"master_deck":["Deflect+1","ReplayTheSpireMod:Black Plague+1","Beam Cell+1","Fluid Movement+1","Burst+1","ReplayTheSpireMod:Black Plague+1","infinitespire:Neurotoxin+1","Atom Bomb+1","Fluid Movement+1","Catalyst+1","ReplayTheSpireMod:Necrosis+1","Toxin Wave+1","Deflect+1","infinitespire:Collect+1","Panacea+1","hubris:DuctTapeCard+2","CommonCold","Adrenaline+1","hubris:InfiniteBlow+1","ReplayTheSpireMod:Chaos Vortex"],"relics":["hubris:VirtuousBlindfold","Strawberry","hubris:Backtick","DollysMirror","ReplayTheSpireMod:Ring of Exchange","ReplayTheSpireMod:Ring of Challenge","hubris:DuctTape","Happy Flower","Replay:Baseball","Lantern","Philosopher\u0027s Stone","hubris:Zylophone","ReplayTheSpireMod:TigerMarble","hubris:MedicalManual","Medical Kit","Bag of Marbles","Old Coin","PreservedInsect","Pen Nib","infinitespire:Beetle Shell","infinitespire:ShieldingShard","Empty Cage","Replay:Towering Pillar of Hats","infinitespire:PuzzleCube","infinitespire:Lychee Nut","hubris:Towel","WristBlade","MutagenicStrength","Iron Hammer","hubris:MobiusCoin","ReplayFunnel","Nunchaku","hubris:AncientText","Toy Ornithopter","Replay:Drink Me","FossilizedHelix","Sling","Torii","Gremlin Food","hubris:DisguiseKit","infinitespire:Joker Card","Vampiric Spirits","MealTicket","infinitespire:Satchel","TungstenRod","Onion Ring","hubris:Icosahedron","Replay:Bandana","Replay:Ancient Bell","Orichalcum","Meat on the Bone","The Specimen","Ancient Tea Set","infinitespire:Cubic Diamond","Replay:Mystery Machine","Membership Card","White Beast Statue","Pet Ghost","Replay:Rubber Ducky","Mirror","Tiny House","Bag of Preparation","infinitespire:Magic Flask","hubris:TenFootPole","Snake Skull","Blue Doll","Sozu","Guide Book","theJungle:WildMango"],"acts_visited":["Exordium","theJungle:Jungle","TheBeyond","Exordium","TheCity","TheBeyond","Exordium","theJungle:Jungle"],"potions_floor_usage":[135,135,135],"damage_taken":[{"damage":0.0,"enemies":"Cultist","floor":1.0,"turns":4.0},{"damage":7.0,"enemies":"Small Slimes","floor":2.0,"turns":3.0},{"damage":0.0,"enemies":"2 Louse","floor":4.0,"turns":2.0},{"damage":1.0,"enemies":"2 Fungi Beasts","floor":7.0,"turns":4.0},{"damage":2.0,"enemies":"3 Louse","floor":8.0,"turns":3.0},{"damage":0.0,"enemies":"Exordium Wildlife","floor":10.0,"turns":5.0},{"damage":0.0,"enemies":"Exordium Thugs","floor":14.0,"turns":4.0},{"damage":3.0,"enemies":"The Guardian","floor":16.0,"turns":7.0},{"damage":0.0,"enemies":"theJungle:GiantWrat","floor":18.0,"turns":2.0},{"damage":2.0,"enemies":"theJungle:MUSHROOMGANG","floor":21.0,"turns":4.0},{"damage":4.0,"enemies":"theJungle:MamaSnecko","floor":27.0,"turns":4.0},{"damage":0.0,"enemies":"theJungle:SlimyTreeVines","floor":28.0,"turns":5.0},{"damage":0.0,"enemies":"theJungle:Cassacara","floor":29.0,"turns":3.0},{"damage":31.0,"enemies":"theJungle:2_Flameangoes","floor":30.0,"turns":4.0},{"damage":0.0,"enemies":"Snake Plant","floor":31.0,"turns":1.0},{"damage":25.0,"enemies":"theJungle:TotemBoss","floor":33.0,"turns":8.0},{"damage":0.0,"enemies":"Orb Walker","floor":35.0,"turns":1.0},{"damage":0.0,"enemies":"3 Darklings","floor":36.0,"turns":3.0},{"damage":0.0,"enemies":"Giant Head","floor":42.0,"turns":5.0},{"damage":0.0,"enemies":"Nightmare","floor":44.0,"turns":3.0},{"damage":20.0,"enemies":"4 Shapes","floor":48.0,"turns":3.0},{"damage":10.0,"enemies":"Replay:Hell Engine","floor":50.0,"turns":4.0},{"damage":0.0,"enemies":"Cultist","floor":52.0,"turns":1.0},{"damage":0.0,"enemies":"Jaw Worm","floor":53.0,"turns":1.0},{"damage":0.0,"enemies":"2 Louse","floor":54.0,"turns":2.0},{"damage":0.0,"enemies":"Gremlin Gang","floor":55.0,"turns":3.0},{"damage":0.0,"enemies":"Nightmare","floor":57.0,"turns":1.0},{"damage":0.0,"enemies":"Exordium Wildlife","floor":58.0,"turns":1.0},{"damage":0.0,"enemies":"Looter","floor":61.0,"turns":1.0},{"damage":19.0,"enemies":"3 Sentries","floor":62.0,"turns":4.0},{"damage":0.0,"enemies":"2 Fungi Beasts","floor":63.0,"turns":2.0},{"damage":0.0,"enemies":"Slime Boss","floor":67.0,"turns":1.0},{"damage":0.0,"enemies":"Shell Parasite","floor":69.0,"turns":1.0},{"damage":0.0,"enemies":"Spheric Guardian","floor":71.0,"turns":1.0},{"damage":0.0,"enemies":"Shelled Parasite and Fungi","floor":73.0,"turns":1.0},{"damage":5.0,"enemies":"Centurion and Healer","floor":75.0,"turns":3.0},{"damage":0.0,"enemies":"Gremlin Leader","floor":76.0,"turns":2.0},{"damage":4.0,"enemies":"3 Cultists","floor":78.0,"turns":3.0},{"damage":0.0,"enemies":"Snake Plant","floor":80.0,"turns":1.0},{"damage":1.0,"enemies":"Replay:Snechameleon","floor":81.0,"turns":2.0},{"damage":0.0,"enemies":"Shelled Parasite and Fungi","floor":82.0,"turns":2.0},{"damage":0.0,"enemies":"Champ","floor":84.0,"turns":1.0},{"damage":0.0,"enemies":"Orb Walker","floor":86.0,"turns":2.0},{"damage":0.0,"enemies":"3 Shapes","floor":88.0,"turns":3.0},{"damage":0.0,"enemies":"Transient","floor":89.0,"turns":1.0},{"damage":0.0,"enemies":"Maw","floor":90.0,"turns":1.0},{"damage":0.0,"enemies":"Nemesis","floor":91.0,"turns":1.0},{"damage":0.0,"enemies":"2 Orb Walkers","floor":92.0,"turns":2.0},{"damage":0.0,"enemies":"Writhing Mass","floor":93.0,"turns":1.0},{"damage":0.0,"enemies":"R_Hoarder","floor":95.0,"turns":1.0},{"damage":0.0,"enemies":"infinitespire:Three Voidlings","floor":97.0,"turns":2.0},{"damage":0.0,"enemies":"Nightmare_Alpha","floor":97.0,"turns":1.0},{"damage":0.0,"enemies":"Transient","floor":99.0,"turns":1.0},{"damage":0,"enemies":"Time Eater","floor":101,"turns":1},{"damage":0,"enemies":"Jaw Worm","floor":103,"turns":1},{"damage":0,"enemies":"2 Louse","floor":104,"turns":2},{"damage":0,"enemies":"Small Slimes","floor":105,"turns":1},{"damage":0,"enemies":"Nightmare","floor":109,"turns":1},{"damage":0,"enemies":"Exordium Thugs","floor":112,"turns":3},{"damage":0,"enemies":"Lagavulin","floor":115,"turns":1},{"damage":0,"enemies":"3 Louse","floor":116,"turns":1},{"damage":0,"enemies":"The Guardian","floor":118,"turns":2},{"damage":0,"enemies":"theJungle:GiantWrat","floor":120,"turns":1},{"damage":0,"enemies":"theJungle:MUSHROOMGANG","floor":121,"turns":3},{"damage":0,"enemies":"theJungle:Lyon","floor":123,"turns":1},{"damage":0,"enemies":"theJungle:Snecko_Cultist_And_Trap","floor":124,"turns":1},{"damage":0,"enemies":"Snake Plant","floor":126,"turns":1},{"damage":0,"enemies":"theJungle:2_Flameangoes","floor":127,"turns":2},{"damage":0,"enemies":"theJungle:Lyon","floor":129,"turns":1},{"damage":0,"enemies":"theJungle:Snecko_Cultist_And_Trap","floor":130,"turns":2},{"damage":0,"enemies":"theJungle:2_Flameangoes","floor":133,"turns":1},{"damage":108,"enemies":"theJungle:TotemBoss","floor":135,"turns":2}],"seed_played":"8239127149474315422","potions_obtained":[{"floor":2.0,"key":"ColorlessPotion"},{"floor":7.0,"key":"SpeedPotion"},{"floor":10.0,"key":"GamblersBrew"},{"floor":21.0,"key":"CunningPotion"},{"floor":24.0,"key":"FearPotion"},{"floor":24.0,"key":"BlessingOfTheForge"},{"floor":30.0,"key":"Strength Potion"},{"floor":33.0,"key":"ColorlessPotion"},{"floor":50.0,"key":"hexamod:SoulburnPotion"},{"floor":62.0,"key":"ColorlessPotion"},{"floor":81.0,"key":"Guardian:BlockOnCardUsePotion"}],"is_trial":false,"path_per_floor":["M","M","$","M","?","R","M","M","T","M","?","R","?","M","R_BF","B",null,"M","?","?","M","$","R","?","R","T","E","M","E","M","M","R","B",null,"M","M","$","T","AVR","R","?","E","T","NM","$","R","?","M","R","B",null,"M","M","M","M","$","NM","M","?","T","M","E","M","?","?","R_BF","B",null,"M","?","M","?","M","R","M","E","T","M","?","M","E","M","R_BF","B",null,"M","$","M","M","M","E","?","M","T","E","?","?","T","M","R_BF","B",null,"M","M","M","?","?","R","NM","?","T","M","R","$","E","M","R","B",null,"M","M","$","M","M","R","M","M","T","M","M","AVR","?","M","R","B"],"character_chosen":"THE_SILENT","items_purchased":["Skewer","hubris:DuctTape","hubris:Zylophone","Pen Nib","FossilizedHelix","Sling","Torii","Panacea","Membership Card","White Beast Statue","Pet Ghost","Adrenaline","Bag of Preparation","infinitespire:Magic Flask"],"campfire_rested":2,"item_purchase_floors":[3,22,37,45,87,87,87,87,114,114,114,114,122,122],"current_hp_per_floor":[70,63,63,63,63,63,62,60,67,67,48,48,48,48,48,45,72,72,72,72,70,70,70,70,70,70,66,72,72,41,41,41,16,72,72,72,72,72,72,72,72,72,72,72,72,72,54,34,55,45,72,72,72,72,72,72,72,72,72,72,72,53,54,54,54,54,54,54,54,54,54,54,54,54,52,54,54,51,54,54,53,54,54,54,41,41,41,41,41,41,41,41,41,41,41,44,44,44,44,44,44,44,44,44,44,44,44,44,44,44,44,44,44,44,44,44,44,44,49,49,49,49,49,49,49,49,49,49,49,49,49,63,63,63,0,0],"gold":1784,"neow_bonus":"BOSS_RELIC","is_daily":false,"chose_seed":false,"campfire_upgraded":13,"win_rate":0.0,"timestamp":1613719098,"path_taken":["M","M","$","?","?","R","M","M","T","M","?","R","?","M","R_BF","BOSS","M","?","?","?","$","R","?","R","T","E","M","E","M","M","R","BOSS","M","M","?","?","AVR","R","?","E","T","NM","$","R","?","M","R","BOSS","M","M","M","M","$","NM","M","?","T","M","E","M","?","?","R_BF","BOSS","M","?","M","?","?","R","M","E","T","M","?","M","E","M","R_BF","BOSS","M","$","M","M","M","E","?","M","T","E","?","?","?","?","R_BF","BOSS","M","M","M","?","?","R","NM","?","T","M","R","?","E","M","R","BOSS","M","M","$","M","M","R","?","M","T","M","M","AVR","?","M","R","BOSS"],"items_purchased_type":["Card","Relic","Relic","Relic","Relic","Relic","Relic","Card","Relic","Relic","Relic","Card","Relic","Relic"],"build_version":"2020-12-22","purchased_purges":7,"victory":false,"max_hp_per_floor":[70,70,70,70,65,65,65,65,72,72,72,72,72,72,72,72,72,72,72,72,72,72,72,72,72,72,72,72,72,72,72,72,72,72,72,72,72,72,72,72,72,72,72,72,72,72,72,72,72,72,72,72,72,72,72,72,72,72,72,72,72,54,54,54,54,54,54,54,54,54,54,54,54,54,54,54,54,54,54,54,54,54,54,54,41,41,41,41,41,41,41,41,41,41,41,44,44,44,44,44,44,44,44,44,44,44,44,44,44,44,44,44,44,44,44,44,44,44,49,49,49,49,49,49,49,49,49,49,49,49,49,63,63,63,63,63],"card_choices":[{"not_picked":["Dagger Throw","Finisher","Acrobatics"],"picked":"SKIP","floor":1.0},{"not_picked":["Bouncing Flask","Acrobatics"],"picked":"ReplayTheSpireMod:Speed Training","floor":2.0},{"not_picked":["hubris:SlightOfHand","Underhanded Strike"],"picked":"Deflect","floor":4.0},{"not_picked":["Dagger Throw","Sucker Punch","Distraction"],"picked":"SKIP","floor":7.0},{"not_picked":["Dagger Spray","hubris:Sniper"],"picked":"Dash","floor":8.0},{"not_picked":["Poisoned Stab","ReplayTheSpireMod:The Works","Infinite Blades"],"picked":"SKIP","floor":10.0},{"not_picked":["hubris:Fate","ReplayTheSpireMod:Chaos Vortex"],"picked":"ReplayTheSpireMod:Black Plague","floor":11.0},{"not_picked":["Acrobatics","ReplayTheSpireMod:Exploit Weakness"],"picked":"Fluid Movement","floor":14.0},{"not_picked":["Corpse Explosion","Phantasmal Killer"],"picked":"Burst","floor":16.0},{"not_picked":["Slice+1","hubris:SlightOfHand","Eviscerate+1"],"picked":"SKIP","floor":18.0},{"not_picked":["Backflip","Tactician","Poisoned Stab"],"picked":"SKIP","floor":21.0},{"not_picked":["Dagger Throw","Poisoned Stab"],"picked":"infinitespire:Neurotoxin","floor":27.0},{"not_picked":["Sucker Punch","hubris:SlightOfHand","Noxious Fumes"],"picked":"SKIP","floor":28.0},{"not_picked":["Deadly Poison","Deflect"],"picked":"Atom Bomb","floor":29.0},{"not_picked":["Noxious Fumes","Reflex","Hidden Blade"],"picked":"SKIP","floor":30.0},{"not_picked":["Flying Knee","Footwork+1","Prepared"],"picked":"SKIP","floor":31.0},{"not_picked":["After Image","Venomology"],"picked":"Replay:Bag of Tricks","floor":33.0},{"not_picked":["Hidden Blade","Dagger Throw+1"],"picked":"Fluid Movement+1","floor":35.0},{"not_picked":["Backflip","ReplayTheSpireMod:Scrap Shanks","Quick Slash"],"picked":"SKIP","floor":36.0},{"not_picked":["hubris:Sniper+1","Expertise","Noxious Fumes"],"picked":"SKIP","floor":42.0},{"not_picked":["Flying Knee","PiercingWail+1","ReplayTheSpireMod:Shiv Toss+1"],"picked":"SKIP","floor":44.0},{"not_picked":["Hidden Blade+1","Distraction"],"picked":"Catalyst+1","floor":48.0},{"not_picked":["Atom Bomb","Tools of the Trade"],"picked":"ReplayTheSpireMod:Necrosis","floor":50.0},{"not_picked":["ReplayTheSpireMod:Speed Training","Flying Knee","Finisher"],"picked":"SKIP","floor":52.0},{"not_picked":["hubris:SlightOfHand","Slice","Bane"],"picked":"SKIP","floor":53.0},{"not_picked":["Dagger Throw","Endless Agony","Riddle With Holes"],"picked":"SKIP","floor":54.0},{"not_picked":["Bane","PiercingWail","Slice"],"picked":"SKIP","floor":55.0},{"not_picked":["Distraction","PiercingWail","Outmaneuver"],"picked":"SKIP","floor":57.0},{"not_picked":["Sucker Punch","Distraction","Unload"],"picked":"SKIP","floor":58.0},{"not_picked":["Poisoned Stab","Leg Sweep","PiercingWail"],"picked":"SKIP","floor":61.0},{"not_picked":["Distraction","Quick Slash"],"picked":"Toxin Wave","floor":62.0},{"not_picked":["Slice","Dodge and Roll","Flying Knee"],"picked":"SKIP","floor":63.0},{"not_picked":["Dagger Spray","Heel Hook"],"picked":"Deflect+1","floor":69.0},{"not_picked":["Underhanded Strike+1","Terror","Noxious Fumes+1"],"picked":"SKIP","floor":71.0},{"not_picked":["Dodge and Roll","Caltrops","Quick Slash+1"],"picked":"SKIP","floor":73.0},{"not_picked":["Flying Knee","Phantasmal Killer","Dagger Spray+1"],"picked":"SKIP","floor":75.0},{"not_picked":["Unload","hubris:SlightOfHand","Dagger Spray"],"picked":"SKIP","floor":76.0},{"not_picked":["Flying Knee","Bane","Blade Dance"],"picked":"SKIP","floor":78.0},{"not_picked":["Poisoned Stab+1","Sucker Punch","Hidden Blade"],"picked":"SKIP","floor":80.0},{"not_picked":["Distraction","Poisoned Stab","Deadly Poison"],"picked":"SKIP","floor":81.0},{"not_picked":["Poisoned Stab","Dagger Spray","Flying Knee"],"picked":"SKIP","floor":82.0},{"not_picked":["ReplayTheSpireMod:Book of Names","infinitespire:DeathsTouch"],"picked":"infinitespire:Collect","floor":84.0},{"not_picked":["Noxious Fumes","Prepared+1","Backflip"],"picked":"SKIP","floor":86.0},{"not_picked":["Bouncing Flask","Leg Sweep","Blade Dance"],"picked":"SKIP","floor":88.0},{"not_picked":["Finisher","Acrobatics+1","Sucker Punch"],"picked":"SKIP","floor":89.0},{"not_picked":["Slice+1","Hidden Blade+1","hubris:TrickCloak"],"picked":"SKIP","floor":90.0},{"not_picked":["PiercingWail","Acrobatics","Dagger Throw"],"picked":"SKIP","floor":91.0},{"not_picked":["PiercingWail","Acrobatics","Dagger Throw"],"picked":"SKIP","floor":91.0},{"not_picked":["hubris:SlightOfHand+1","Deadly Poison+1","ReplayTheSpireMod:From All Sides","Slimebound:ViciousTackle"],"picked":"SKIP","floor":93.0},{"not_picked":["Catalyst","Dagger Spray+1","Distraction","Slimebound:ForwardTackle"],"picked":"SKIP","floor":95.0},{"not_picked":["Outmaneuver+1","Dodge and Roll+1","Dagger Throw+1","Slimebound:LeechEnergy"],"picked":"SKIP","floor":99.0},{"not_picked":["Looming Evil","downfall:Haunted","downfall:Malfunctioning"],"picked":"CommonCold","floor":102},{"not_picked":["Writhe","Voices","hubris:Compulsion"],"picked":"CommonCold","floor":102},{"not_picked":["downfall:Aged","hubris:Sloth","Parasite"],"picked":"Injury","floor":102},{"not_picked":["Well Laid Plans","Slice","hubris:Counter","Slimebound:LevelUp"],"picked":"SKIP","floor":103},{"not_picked":["Heel Hook","Sucker Punch","ReplayTheSpireMod:Speed Training","Slimebound:GoopSpray"],"picked":"SKIP","floor":104},{"not_picked":["hubris:TrickCloak","Prepared","Deadly Poison","Slimebound:Prepare"],"picked":"SKIP","floor":105},{"not_picked":["Dodge and Roll","ReplayTheSpireMod:Exploit Weakness","Expertise","Slimebound:GoopTackle"],"picked":"SKIP","floor":109},{"not_picked":["PiercingWail","Slice","hubris:Sniper","Slimebound:FinishingTackle"],"picked":"SKIP","floor":112},{"not_picked":["Atom Bomb","Deflect","Slice","Slimebound:SamplingLick"],"picked":"SKIP","floor":115},{"not_picked":["Slice","Expertise","Deadly Poison","Slimebound:ComboTackle"],"picked":"SKIP","floor":116},{"not_picked":["PiercingWail+1","Tactician","Hidden Blade+1","Slimebound:ItLooksTasty"],"picked":"SKIP","floor":120},{"not_picked":["Deflect","Slice","Expertise","Slimebound:PrepareCrush"],"picked":"SKIP","floor":121},{"not_picked":["Noxious Fumes","Deadly Poison+1","Tactician","Slimebound:Dissolve"],"picked":"SKIP","floor":123},{"not_picked":["Flying Knee","ReplayTheSpireMod:Scrap Shanks","Hidden Blade+1","Slimebound:PressTheAttack"],"picked":"SKIP","floor":124},{"not_picked":["Poisoned Stab","Bouncing Flask","Reflex","Slimebound:ComboTackle"],"picked":"SKIP","floor":126},{"not_picked":["Dash","Hidden Blade","hubris:Counter+1","Slimebound:Equalize"],"picked":"SKIP","floor":127},{"not_picked":["Prepared","PiercingWail","Slice+1","Slimebound:PressTheAttack"],"picked":"SKIP","floor":129},{"not_picked":["Prepared","Endless Agony","Replay:Bag of Tricks","Slimebound:FormOfPuddle"],"picked":"SKIP","floor":130},{"not_picked":["Sucker Punch","Finisher+1","Flying Knee","Slimebound:SplitAcid"],"picked":"SKIP","floor":133}],"player_experience":26274,"relics_obtained":[{"floor":9.0,"key":"Strawberry"},{"floor":19.0,"key":"ReplayTheSpireMod:Ring of Exchange"},{"floor":19.0,"key":"ReplayTheSpireMod:Ring of Challenge"},{"floor":26.0,"key":"Happy Flower"},{"floor":27.0,"key":"Replay:Baseball"},{"floor":29.0,"key":"Lantern"},{"floor":38.0,"key":"ReplayTheSpireMod:TigerMarble"},{"floor":42.0,"key":"Bag of Marbles"},{"floor":43.0,"key":"Old Coin"},{"floor":44.0,"key":"PreservedInsect"},{"floor":47.0,"key":"infinitespire:Beetle Shell"},{"floor":48.0,"key":"infinitespire:ShieldingShard"},{"floor":57.0,"key":"Replay:Towering Pillar of Hats"},{"floor":60.0,"key":"infinitespire:PuzzleCube"},{"floor":62.0,"key":"infinitespire:Lychee Nut"},{"floor":71.0,"key":"Iron Hammer"},{"floor":76.0,"key":"hubris:MobiusCoin"},{"floor":77.0,"key":"ReplayFunnel"},{"floor":78.0,"key":"Nunchaku"},{"floor":81.0,"key":"hubris:AncientText"},{"floor":83.0,"key":"Toy Ornithopter"},{"floor":89.0,"key":"Gremlin Food"},{"floor":91.0,"key":"hubris:DisguiseKit"},{"floor":92.0,"key":"infinitespire:Joker Card"},{"floor":94.0,"key":"Vampiric Spirits"},{"floor":95.0,"key":"MealTicket"},{"floor":95.0,"key":"infinitespire:Satchel"},{"floor":97.0,"key":"TungstenRod"},{"floor":98.0,"key":"Onion Ring"},{"floor":101,"key":"Replay:Bandana"},{"floor":109,"key":"Ancient Tea Set"},{"floor":111,"key":"Replay:Mystery Machine"},{"floor":115,"key":"Replay:Rubber Ducky"},{"floor":116,"key":"Mirror"},{"floor":123,"key":"hubris:TenFootPole"},{"floor":127,"key":"Snake Skull"},{"floor":128,"key":"Blue Doll"}],"event_choices":[{"damage_healed":0.0,"max_hp_gain":0.0,"max_hp_loss":5.0,"gold_gain":0.0,"event_name":"Golden Idol","player_choice":"Lose Max HP","floor":5.0,"gold_loss":0.0,"damage_taken":0.0,"relics_obtained":["Golden Idol"]},{"cards_removed":["Languid"],"damage_healed":0.0,"max_hp_gain":0.0,"max_hp_loss":0.0,"gold_gain":0.0,"event_name":"Fountain of Cleansing","player_choice":"Removed Curses","floor":20.0,"gold_loss":0.0,"damage_taken":0.0},{"damage_healed":0.0,"max_hp_gain":0.0,"max_hp_loss":0.0,"gold_gain":0.0,"event_name":"Lab","player_choice":"Got Potions","floor":24.0,"gold_loss":0.0,"damage_taken":0.0},{"damage_healed":0.0,"max_hp_gain":0.0,"max_hp_loss":0.0,"gold_gain":333.0,"event_name":"The Moai Head","player_choice":"Gave Idol","floor":41.0,"relics_lost":["Golden Idol"],"gold_loss":0.0,"damage_taken":0.0},{"cards_removed":["Defend_G"],"damage_healed":0.0,"max_hp_gain":0.0,"max_hp_loss":0.0,"gold_gain":0.0,"event_name":"Living Wall","player_choice":"Forget","floor":65.0,"gold_loss":0.0,"damage_taken":0.0},{"damage_healed":0.0,"max_hp_gain":0.0,"max_hp_loss":0.0,"gold_gain":0.0,"event_name":"Drug Dealer","player_choice":"Inject Mutagens","floor":70.0,"gold_loss":0.0,"damage_taken":0.0,"relics_obtained":["MutagenicStrength"]},{"damage_healed":0.0,"max_hp_gain":0.0,"max_hp_loss":0.0,"gold_gain":0.0,"event_name":"Match and Keep!","player_choice":"1 cards matched","floor":72.0,"gold_loss":0.0,"damage_taken":0.0,"cards_obtained":["Doubt"]},{"damage_healed":18.0,"max_hp_gain":0.0,"max_hp_loss":0.0,"gold_gain":0.0,"event_name":"The Library","player_choice":"Heal","floor":79.0,"gold_loss":0.0,"damage_taken":0.0},{"damage_healed":0.0,"max_hp_gain":0.0,"max_hp_loss":0.0,"gold_gain":0.0,"event_name":"Mysterious Sphere","player_choice":"Fight","floor":92.0,"gold_loss":0.0,"damage_taken":0.0},{"damage_healed":0,"gold_gain":0,"player_choice":"Ignored","damage_taken":0,"max_hp_gain":0,"max_hp_loss":0,"event_name":"Liars Game","floor":106,"gold_loss":0},{"cards_removed":["Leap"],"damage_healed":0,"gold_gain":0,"player_choice":"Forget","damage_taken":0,"max_hp_gain":0,"max_hp_loss":0,"event_name":"Living Wall","floor":107,"gold_loss":0}],"is_beta":false,"boss_relics":[{"not_picked":["Painkiller Herb","hubris:TerracottaHorce"],"picked":"hubris:Backtick"},{"not_picked":["infinitespire:Chaos","Coffee Dripper"],"picked":"Philosopher\u0027s Stone"},{"not_picked":["Replay:Fungal Core","Replay:Grab Bag"],"picked":"Empty Cage"},{"not_picked":["Replay:Grab Bag","hubris:Stopwatch"],"picked":"WristBlade"},{"not_picked":["ReplayTheSpireMod:DimensionalGlitch","ChewingGum"],"picked":"Replay:Drink Me"},{"not_picked":["Runic Dome","Coffee Dripper"],"picked":"Replay:Ancient Bell"},{"not_picked":["hubris:ToyBattleship","MawBank"],"picked":"Orichalcum"},{"not_picked":["InkBottle","Replay:Accelerometer"],"picked":"Meat on the Bone"},{"not_picked":["hubris:64BitClover","infinitespire:Golems Mask"],"picked":"The Specimen"},{"not_picked":["Painkiller Herb","Replay:Grab Bag"],"picked":"Tiny House"}],"items_purged_floors":[39,45,56,87,114,122,131],"is_endless":true,"potions_floor_spawned":[2,7,10,21,28,30,31,33,35,48,50,54,55,57,58,61,62,71,73,81,86,89,91,95,99,101,104,105,109,115,116,118,120,121,123,124,126,127,129,130,133],"killed_by":"theJungle:TotemBoss","ascension_level":0}}