{"host":"v86vpwf004p2esb7","time":1613773524,"event":{"mods":["AchievementEnabler","BaseMod","BetterRewards","Colored Powertips","Minty Spire (QoL Compilation)","Quick Restart","StSLib","Transform Curses"],"gold_per_floor":[122,144,109,137,157,157,183,183,208,208,208,234,268,291,291,397,397,424,424,444,469,135,135,173,173,199,239,263,288,288,327,327,431,431,452,78,103,123,145,179,179,214,214,254,254,318,327,47,47,47,47,47,11,52,52,52],"floor_reached":55,"language":"ENG","playtime":3428,"items_purged":[],"score":1212,"play_id":"b1d2ef92-b772-457b-9f79-de1aa34f2894","local_time":"20210219142524","is_ascension_mode":true,"campfire_choices":[{"data":"Eruption","floor":6,"key":"SMITH"},{"floor":8,"key":"RECALL"},{"data":"MentalFortress","floor":15,"key":"SMITH"},{"floor":23,"key":"REST"},{"floor":30,"key":"REST"},{"floor":32,"key":"REST"},{"floor":41,"key":"REST"},{"floor":45,"key":"REST"},{"floor":49,"key":"REST"},{"floor":52,"key":"REST"}],"circlet_count":0,"master_deck":["Strike_P","Strike_P","Strike_P","Strike_P","Defend_P+1","Defend_P","Defend_P+1","Eruption+1","Vigilance+1","Weave","Perseverance+1","JustLucky","Tantrum","EmptyBody+1","ForeignInfluence+1","FlurryOfBlows","FlurryOfBlows","Wireheading","ClearTheMind+1","FearNoEvil","WaveOfTheHand+1","MentalFortress+1","Brilliance","BattleHymn","FlurryOfBlows+1","Evaluate+1","Establishment","FollowUp","ThirdEye+1","Perseverance+1","Protect+1","FlurryOfBlows","PathToVictory+1","ConjureBlade+1","PathToVictory+1","ClearTheMind+1","Protect+1","Adaptation","FlurryOfBlows+1","Tantrum+1","BattleHymn","LikeWater","FollowUp+1","BattleHymn","EmptyBody+1","Eruption","Weave","DevaForm","Evaluate+1","Collect+1"],"relics":["PureWater","Toxic Egg 2","Ornamental Fan","CeramicFish","Dead Branch","Nunchaku","Orichalcum","Art of War","Fusion Hammer","Pen Nib","Pocketwatch","Letter Opener","Regal Pillow","Gremlin Horn","Bottled Lightning","VioletLotus","Shuriken","Lantern","Ginger","Gambling Chip","Lizard Tail","Anchor","War Paint"],"acts_visited":["Exordium","TheCity","TheBeyond","TheEnding"],"potions_floor_usage":[21,27,31,31,35,46,46,50],"damage_taken":[{"damage":0,"enemies":"Jaw Worm","floor":1,"turns":1},{"damage":2,"enemies":"Small Slimes","floor":2,"turns":3},{"damage":0,"enemies":"Cultist","floor":4,"turns":2},{"damage":0,"enemies":"Exordium Thugs","floor":5,"turns":3},{"damage":0,"enemies":"Blue Slaver","floor":7,"turns":3},{"damage":0,"enemies":"2 Fungi Beasts","floor":12,"turns":3},{"damage":4,"enemies":"3 Sentries","floor":13,"turns":3},{"damage":0,"enemies":"Looter","floor":14,"turns":2},{"damage":30,"enemies":"The Guardian","floor":16,"turns":8},{"damage":0,"enemies":"3 Byrds","floor":18,"turns":5},{"damage":6,"enemies":"2 Thieves","floor":20,"turns":4},{"damage":0,"enemies":"3 Cultists","floor":21,"turns":4},{"damage":37,"enemies":"Slavers","floor":24,"turns":5},{"damage":21,"enemies":"Book of Stabbing","floor":27,"turns":4},{"damage":8,"enemies":"Snake Plant","floor":28,"turns":5},{"damage":0,"enemies":"Shelled Parasite and Fungi","floor":29,"turns":3},{"damage":12,"enemies":"Slavers","floor":31,"turns":5},{"damage":8,"enemies":"Champ","floor":33,"turns":6},{"damage":4,"enemies":"3 Darklings","floor":35,"turns":6},{"damage":0,"enemies":"3 Shapes","floor":37,"turns":2},{"damage":0,"enemies":"Jaw Worm Horde","floor":38,"turns":3},{"damage":8,"enemies":"Spire Growth","floor":39,"turns":2},{"damage":10,"enemies":"Reptomancer","floor":40,"turns":3},{"damage":38,"enemies":"Nemesis","floor":42,"turns":7},{"damage":16,"enemies":"Reptomancer","floor":44,"turns":3},{"damage":39,"enemies":"2 Orb Walkers","floor":46,"turns":4},{"damage":28,"enemies":"Awakened One","floor":50,"turns":9},{"damage":51,"enemies":"Shield and Spear","floor":54,"turns":5},{"damage":100,"enemies":"The Heart","floor":55,"turns":5}],"seed_played":"3102511146520405860","potions_obtained":[{"floor":4,"key":"Weak Potion"},{"floor":5,"key":"CultistPotion"},{"floor":7,"key":"SkillPotion"},{"floor":16,"key":"BlessingOfTheForge"},{"floor":24,"key":"Explosive Potion"},{"floor":28,"key":"AttackPotion"},{"floor":35,"key":"Fruit Juice"},{"floor":37,"key":"Weak Potion"},{"floor":40,"key":"Weak Potion"},{"floor":44,"key":"Block Potion"}],"is_trial":false,"path_per_floor":["M","M","?","M","M","R","M","R","T","?","?","M","E","M","R","B",null,"M","?","M","M","$","R","E","?","T","E","M","M","R","E","R","B",null,"M","$","M","M","M","E","R","E","T","E","R","?","?","$","R","B",null,"R","$","E","B"],"character_chosen":"WATCHER","items_purchased":["Toxic Egg 2","Ornamental Fan","Weave","Perseverance+1","JustLucky","CeramicFish","Tantrum","EmptyBody+1","Establishment","Pen Nib","FollowUp","Shuriken","ClearTheMind+1","Protect+1","Adaptation","Anchor","Weave","DevaForm","Evaluate+1"],"campfire_rested":7,"item_purchase_floors":[0,0,0,0,0,0,0,0,22,22,22,36,36,36,36,48,48,48,53],"current_hp_per_floor":[31,29,47,47,47,47,47,47,47,44,44,44,40,40,40,10,72,72,72,66,66,66,72,35,35,35,14,6,6,42,30,66,58,72,73,73,73,73,65,55,77,39,39,23,61,22,22,22,60,32,77,77,77,26,0,0],"gold":52,"neow_bonus":"","is_daily":false,"chose_seed":false,"campfire_upgraded":2,"win_rate":0.0,"timestamp":1613773524,"path_taken":["M","M","?","M","M","R","M","R","T","?","?","?","E","M","R","BOSS","M","?","M","M","$","R","E","?","T","E","M","M","R","E","R","BOSS","M","$","M","M","M","E","R","E","T","E","R","?","?","$","R","BOSS","R","$","E","BOSS"],"items_purchased_type":["Relic","Relic","Card","Card","Card","Relic","Card","Card","Card","Relic","Card","Relic","Card","Card","Card","Relic","Card","Card","Card"],"build_version":"2020-12-22","purchased_purges":0,"victory":false,"max_hp_per_floor":[72,72,72,72,72,72,72,72,72,72,72,72,72,72,72,72,72,72,72,72,72,72,72,72,72,72,72,72,72,72,72,72,72,72,77,77,77,77,77,77,77,77,77,77,77,77,77,77,77,77,77,77,77,77,77,77],"card_choices":[{"not_picked":["ReachHeaven","Sanctity+1"],"picked":"ForeignInfluence+1","floor":1},{"not_picked":["Worship+1","BowlingBash"],"picked":"FlurryOfBlows","floor":2},{"not_picked":["EmptyBody+1","ThirdEye+1"],"picked":"FlurryOfBlows","floor":4},{"not_picked":["SignatureMove","Adaptation"],"picked":"Wireheading","floor":5},{"not_picked":["FlyingSleeves","Consecrate"],"picked":"ClearTheMind+1","floor":7},{"not_picked":["Prostrate+1","Collect+1"],"picked":"FearNoEvil","floor":12},{"not_picked":["Judgement+1","Protect+1"],"picked":"WaveOfTheHand+1","floor":13},{"not_picked":["Sanctity+1","ThirdEye+1"],"picked":"MentalFortress","floor":14},{"not_picked":["LessonLearned","SpiritShield+1"],"picked":"Brilliance","floor":16},{"not_picked":["FlurryOfBlows","Pray+1"],"picked":"BattleHymn","floor":18},{"not_picked":["Vengeance+1","ReachHeaven"],"picked":"FlurryOfBlows+1","floor":20},{"not_picked":["BowlingBash+1","Conclude"],"picked":"Evaluate+1","floor":21},{"not_picked":["Vengeance+1","JustLucky"],"picked":"ThirdEye+1","floor":24},{"not_picked":["PathToVictory+1","Alpha+1"],"picked":"Perseverance+1","floor":27},{"not_picked":["Pray+1","SashWhip+1"],"picked":"Protect+1","floor":28},{"not_picked":["Evaluate+1","CrushJoints"],"picked":"FlurryOfBlows","floor":29},{"not_picked":["Blasphemy+1","SpiritShield+1"],"picked":"PathToVictory+1","floor":31},{"not_picked":["Alpha+1","Wish+1"],"picked":"ConjureBlade+1","floor":33},{"not_picked":["EmptyBody+1","Swivel+1"],"picked":"PathToVictory+1","floor":35},{"not_picked":["EmptyBody+1","Collect+1"],"picked":"FlurryOfBlows+1","floor":37},{"not_picked":["EmptyMind+1","Protect+1"],"picked":"Tantrum+1","floor":38},{"not_picked":["Wallop","ThirdEye+1"],"picked":"BattleHymn","floor":39},{"not_picked":["DeceiveReality+1","Tantrum+1"],"picked":"LikeWater","floor":40},{"not_picked":["CrushJoints","Fasting2"],"picked":"FollowUp+1","floor":42},{"not_picked":["ThirdEye+1","SashWhip"],"picked":"BattleHymn","floor":44},{"not_picked":["ClearTheMind+1","Consecrate"],"picked":"EmptyBody+1","floor":46},{"not_picked":["Evaluate+1","Conclude"],"picked":"Collect+1","floor":54}],"player_experience":296287,"relics_obtained":[{"floor":9,"key":"Nunchaku"},{"floor":13,"key":"Art of War"},{"floor":24,"key":"Pocketwatch"},{"floor":26,"key":"Regal Pillow"},{"floor":27,"key":"Gremlin Horn"},{"floor":31,"key":"Bottled Lightning"},{"floor":40,"key":"Lantern"},{"floor":42,"key":"Ginger"},{"floor":44,"key":"Gambling Chip"},{"floor":46,"key":"Lizard Tail"},{"floor":54,"key":"War Paint"}],"event_choices":[{"damage_healed":18,"gold_gain":0,"player_choice":"Healed","damage_taken":0,"max_hp_gain":0,"max_hp_loss":0,"event_name":"The Cleric","floor":3,"gold_loss":35},{"damage_healed":0,"gold_gain":0,"player_choice":"Success","damage_taken":3,"relics_obtained":["Orichalcum"],"max_hp_gain":0,"max_hp_loss":0,"event_name":"Scrap Ooze","floor":10,"gold_loss":0},{"damage_healed":0,"gold_gain":0,"player_choice":"Upgraded","damage_taken":0,"max_hp_gain":0,"max_hp_loss":0,"event_name":"Upgrade Shrine","floor":11,"gold_loss":0,"cards_upgraded":["Vigilance"]},{"damage_healed":0,"gold_gain":0,"player_choice":"Ignored","damage_taken":0,"max_hp_gain":0,"max_hp_loss":0,"event_name":"Vampires","floor":19,"gold_loss":0},{"damage_healed":0,"gold_gain":0,"player_choice":"Opened","damage_taken":0,"relics_obtained":["Letter Opener"],"max_hp_gain":0,"max_hp_loss":0,"event_name":"The Mausoleum","floor":25,"gold_loss":0},{"damage_healed":0,"gold_gain":0,"player_choice":"Fight","damage_taken":0,"max_hp_gain":0,"max_hp_loss":0,"event_name":"Mysterious Sphere","floor":46,"gold_loss":0},{"damage_healed":0,"gold_gain":0,"player_choice":"1 cards matched","damage_taken":0,"max_hp_gain":0,"max_hp_loss":0,"event_name":"Match and Keep!","floor":47,"gold_loss":0,"cards_obtained":["Eruption"]}],"is_beta":false,"boss_relics":[{"not_picked":["Snecko Eye","SacredBark"],"picked":"Fusion Hammer"},{"not_picked":["Coffee Dripper","Runic Dome"],"picked":"VioletLotus"}],"items_purged_floors":[],"is_endless":false,"potions_floor_spawned":[4,5,7,12,13,16,18,24,28,29,35,37,40,42,44],"killed_by":"The Heart","ascension_level":3}}