{"host":"hemqwg9ve6welna9","time":1613778429,"event":{"mods":["2.2 Compatiblity","AchievementEnabler","Act Like it!","BaseMod","Beaked The Cultist","Bestiary","Better Match","Better Note","Better Third Choice","BetterRewards","Conspire","Curses Come First","Dio Mod","Downfall","Gremlin Mod","Hermit","Highlight Path","Hubris","Melee Mod","Minty Spire (QoL Compilation)","Permanent Neow","Potionbrewer","Quick Restart","Rare Cards Sparkle","Relic Stats","Reliquary","Robot Space Explorer","Ruina","SOS???????","Shop Mod","StSLib","SuperFastMode","Td1madao Mod","The Bug Knight","The Cursed","The Disciple","The Forsaken","The Hierophant","The Jungle","The Marked","The Runesmith","The Senshi","The Servant 0.9.4","The Wild Card","TheBandit","TheVacant","UnlockEverythingMod","everything is the same but u backflip on backflip"],"gold_per_floor":[110,110,122,11,11,11,11,52,101,101,101,119,119,119],"floor_reached":13,"language":"ENG","playtime":1012,"items_purged":["Regret"],"score":81,"play_id":"88afda9f-9c32-4622-afef-a61e1f19d530","local_time":"20210219174709","is_ascension_mode":false,"campfire_choices":[{"data":"Transfer Energy","floor":6,"key":"SMITH"},{"data":"Retrieval Recycling","floor":11,"key":"SMITH"}],"circlet_count":0,"master_deck":["Strike_C","Strike_C","Strike_C","Strike_C","Defend_C","Defend_C","Defend_C","Defend_C","Knight Kick+1","Chip","Fixing","Here Defend Chip","Transfer Energy+1","Thunder Jump","Injury","Retrieval Recycling+1","Transfer Energy"],"relics":["Apod","hubris:TenFootPole","Golden Idol","Potion Belt","reliquary:WeakTea","Bottled Lightning"],"acts_visited":["Exordium"],"potions_floor_usage":[],"damage_taken":[{"damage":1,"enemies":"Small Slimes","floor":1,"turns":5},{"damage":2,"enemies":"conspire:RoseBush","floor":3,"turns":4},{"damage":15,"enemies":"HollowMod:MossKnight","floor":8,"turns":8},{"damage":4,"enemies":"2 Louse","floor":12,"turns":3},{"damage":47,"enemies":"Lagavulin","floor":13,"turns":9}],"seed_played":"9061971536556842633","potions_obtained":[{"floor":3,"key":"potionbrewer:DiscountPotion"},{"floor":8,"key":"Block Potion"}],"is_trial":false,"path_per_floor":["M","?","M","$","?","R","?","E","T","T","R","M","E"],"character_chosen":"TD1MADAO_CLASS","items_purchased":["Fixing","Thunder Jump"],"campfire_rested":0,"item_purchase_floors":[0,4],"current_hp_per_floor":[69,69,67,67,67,67,67,52,52,52,52,48,1,1],"gold":119,"neow_bonus":"","is_daily":false,"chose_seed":false,"campfire_upgraded":2,"win_rate":0.0,"timestamp":1613778429,"path_taken":["M","?","M","$","?","R","?","E","T","?","R","M","E"],"items_purchased_type":["Card","Card"],"build_version":"2020-12-22","purchased_purges":1,"victory":false,"max_hp_per_floor":[70,70,70,70,70,70,70,70,70,70,70,70,70,70],"relic_stats":{"counters":[10,52],"Golden Idol":12,"obtain_stats":[{"Potion Belt":8,"Golden Idol":7,"potionbrewer:AlchemistFlask":6,"hubris:BundleOfHerbs":7,"Bag of Marbles":0,"hubris:TenFootPole":2,"Apod":0,"reliquary:WeakTea":9,"Bottled Lightning":10,"hubris:Towel":9},{"Potion Belt":8,"Golden Idol":7,"potionbrewer:AlchemistFlask":4,"hubris:BundleOfHerbs":4,"Bag of Marbles":0,"hubris:TenFootPole":6,"Apod":0,"reliquary:WeakTea":8,"Bottled Lightning":8,"hubris:Towel":4},{"Potion Belt":40,"Golden Idol":32,"potionbrewer:AlchemistFlask":21,"hubris:BundleOfHerbs":21,"Bag of Marbles":0,"hubris:TenFootPole":28,"Apod":0,"reliquary:WeakTea":40,"Bottled Lightning":40,"hubris:Towel":21}]},"card_choices":[{"not_picked":["Floating Swing Kick","Afterwards"],"picked":"Here Defend Chip","floor":1},{"not_picked":["Lunge","Preloading"],"picked":"Transfer Energy","floor":3},{"not_picked":["Black Shadow","Black Execution"],"picked":"Retrieval Recycling","floor":8},{"not_picked":["Provocative","Paralysis"],"picked":"Transfer Energy","floor":12}],"player_experience":17553,"relics_obtained":[{"floor":8,"key":"Potion Belt"},{"floor":9,"key":"reliquary:WeakTea"},{"floor":10,"key":"Bottled Lightning"}],"event_choices":[{"damage_healed":0,"gold_gain":0,"player_choice":"Box","damage_taken":0,"relics_obtained":["hubris:TenFootPole"],"max_hp_gain":0,"max_hp_loss":0,"event_name":"Big Fish","floor":2,"gold_loss":0,"cards_obtained":["Regret"]},{"damage_healed":0,"gold_gain":0,"player_choice":"Grow","damage_taken":0,"max_hp_gain":0,"max_hp_loss":0,"event_name":"Living Wall","floor":5,"gold_loss":0,"cards_upgraded":["Knight Kick"]},{"damage_healed":0,"gold_gain":0,"player_choice":"Take Wound","damage_taken":0,"relics_obtained":["Golden Idol"],"max_hp_gain":0,"max_hp_loss":0,"event_name":"Golden Idol","floor":7,"gold_loss":0,"cards_obtained":["Injury"]}],"is_beta":false,"boss_relics":[],"items_purged_floors":[4],"is_endless":false,"potions_floor_spawned":[3,8],"killed_by":"Lagavulin","ascension_level":0}}