{"host":"tod","time":1613737356,"event":{"mods":["ATMod(∞¢Ë™Mod)","AchievementEnabler","Act Like it!","BaseMod","CapriCore","Energized Spire","Highlight Path","Lobotomy","Marisa£®ÏF”Í°°ƒß¿Ì…≥£©","Minty Spire (QoL Compilation)","Quick Restart","Reimu£®≤©¿ˆ¡È√Œ£©","Relic Filter Mod","Relic Stats","Remilia£®¿Ÿ√◊¿Ú—«£©","Replay The Spire","Shop Mod","StSLib","The Cursed","The Immortal","Yakumo Yukari mod","Youmu£®ªÍ∆«—˝√Œ£©"],"gold_per_floor":[119,32,51,64,64,64,81,156,156,182,252,264,290,290,290,290,290],"floor_reached":16,"language":"ZHS","playtime":348,"items_purged":[],"score":320,"play_id":"d3db4331-0028-46cb-94ad-788ac226e162","local_time":"20210219202236","is_ascension_mode":true,"campfire_choices":[{"data":"AT_EmpoweredMortalDraw","floor":6,"key":"SMITH"},{"floor":15,"key":"RECALL"}],"circlet_count":0,"master_deck":["AscendersBane","Strike_R","Strike_R","Strike_R","Strike_R","Defend_R","Defend_R","Defend_R","Defend_R","Bash","AT_EmpoweredMortalDraw+1","AT_DarkMatter","Run Through","ReplayReversal","Power Through"],"relics":["AT_ATBox","AT_MortalBlade","Replay:Wax Seal","Bird Faced Urn","Golden Egg","Replay:Accelerometer"],"acts_visited":["Exordium"],"potions_floor_usage":[16,16],"damage_taken":[{"damage":0,"enemies":"Small Slimes","floor":1,"turns":1},{"damage":7,"enemies":"Jaw Worm","floor":3,"turns":2},{"damage":0,"enemies":"Cultist","floor":4,"turns":2},{"damage":0,"enemies":"Large Slime","floor":7,"turns":3},{"damage":0,"enemies":"Gremlin Nob","floor":10,"turns":1},{"damage":0,"enemies":"Exordium Wildlife","floor":12,"turns":1},{"damage":0,"enemies":"Lagavulin","floor":13,"turns":4},{"damage":40,"enemies":"The Guardian","floor":16,"turns":8}],"seed_played":"2386896123680784238","potions_obtained":[{"floor":7,"key":"Reflective Coating"},{"floor":10,"key":"SpeedPotion"},{"floor":12,"key":"Swift Potion"}],"is_trial":false,"path_per_floor":["M","$","M","M","$","R","M","?","T","E","T","M","E","?","R","B"],"character_chosen":"IRONCLAD","items_purchased":["Replay:Wax Seal"],"campfire_rested":0,"item_purchase_floors":[2],"current_hp_per_floor":[68,68,61,61,61,61,61,50,50,50,50,50,50,50,50,10,10],"gold":290,"neow_bonus":"BOSS_RELIC","is_daily":false,"chose_seed":false,"campfire_upgraded":1,"win_rate":0.0,"timestamp":1613737356,"path_taken":["M","$","M","M","$","R","M","?","T","E","?","M","E","?","R","BOSS"],"items_purchased_type":["Relic"],"build_version":"2020-12-18","purchased_purges":0,"victory":false,"max_hp_per_floor":[75,75,75,75,75,75,75,75,75,75,75,75,75,75,75,75,75],"relic_stats":{"counters":[8,22],"Bird Faced Urn":[0],"obtain_stats":[{"Golden Egg":11,"Replay:Accelerometer":13,"AT_ATBox":0,"Bird Faced Urn":10,"AT_MortalBlade":0,"Replay:Wax Seal":2,"Burning Blood":0},{"Golden Egg":5,"Replay:Accelerometer":7,"AT_ATBox":0,"Bird Faced Urn":5,"AT_MortalBlade":0,"Replay:Wax Seal":1,"Burning Blood":0},{"Golden Egg":9,"Replay:Accelerometer":14,"AT_ATBox":0,"Bird Faced Urn":9,"AT_MortalBlade":0,"Replay:Wax Seal":1,"Burning Blood":0}]},"card_choices":[{"not_picked":["Perfected Strike","ReplayTheSpireMod:Corrosion Curse"],"picked":"Run Through","floor":1},{"not_picked":["Run Through","Cleave"],"picked":"ReplayReversal","floor":3},{"not_picked":["Thunderclap","Perfected Strike","ReplayTheSpireMod:Muscle Training"],"picked":"SKIP","floor":4},{"not_picked":["Warcry","Carnage","Wild Strike"],"picked":"SKIP","floor":7},{"not_picked":["Blood for Blood","Wild Strike","Defy Death"],"picked":"SKIP","floor":10},{"not_picked":["Replay:Undeath\u0027s Touch","Twin Strike"],"picked":"Power Through","floor":12},{"not_picked":["Inflame","Body Slam","Perfected Strike"],"picked":"SKIP","floor":13}],"player_experience":403579,"relics_obtained":[{"floor":10,"key":"Bird Faced Urn"},{"floor":11,"key":"Golden Egg"},{"floor":13,"key":"Replay:Accelerometer"}],"event_choices":[{"damage_healed":0,"gold_gain":75,"player_choice":"Gather Gold","damage_taken":11,"max_hp_gain":0,"max_hp_loss":0,"event_name":"World of Goop","floor":8,"gold_loss":0}],"is_beta":true,"boss_relics":[],"items_purged_floors":[],"is_endless":false,"potions_floor_spawned":[7,10,12],"killed_by":"The Guardian","ascension_level":20}}