{"host":"xm9adsgm4dq1zj57","time":1613746611,"event":{"mods":["AchievementEnabler","BaseMod","Colored Map","DeckTracker","Highlight Path","Keyboard Shortcuts","Minty Spire (QoL Compilation)","Permanent Neow","Quick Restart","Rare Cards Sparkle","Slay-I","StSLib","SuperFastMode"],"gold_per_floor":[119,133,133,143,68,68,80,80,157,157,187,205,222,237,237,308,308,320,332,332,344,344,344,375,465,491,304,324,324,37,47,47,124,124,141,141,151,88,103,103,133,151,151,167,92,0,0,26,26,26,26,26,26,26,61,61],"floor_reached":57,"language":"KOR","playtime":2984,"items_purged":["Strike_P","Defend_P","Strike_P","Defend_P"],"score":3093,"play_id":"d0f9f5a9-4851-4650-bac0-ca9ed39fc1cd","local_time":"20210219235651","is_ascension_mode":true,"campfire_choices":[{"data":"FlurryOfBlows","floor":6.0,"key":"SMITH"},{"data":"Vigilance","floor":8.0,"key":"SMITH"},{"data":"Strike_P","floor":10.0,"key":"SMITH"},{"data":"Adaptation","floor":15.0,"key":"SMITH"},{"data":"Vault","floor":23.0,"key":"SMITH"},{"data":"MentalFortress","floor":29.0,"key":"SMITH"},{"data":"FearNoEvil","floor":32.0,"key":"SMITH"},{"floor":40.0,"key":"RECALL"},{"floor":47.0,"key":"REST"},{"floor":49,"key":"REST"},{"floor":53,"key":"REST"}],"circlet_count":0,"master_deck":["AscendersBane","Strike_P+1","Eruption+1","Vigilance+1","FlurryOfBlows+1","Adaptation+1","Vault+1","MentalFortress+1","FearNoEvil+1","InnerPeace"],"relics":["PureWater","Pantograph","Vajra","Empty Cage","MutagenicStrength","Meat on the Bone","Art of War","Membership Card","Bag of Preparation","Fusion Hammer","PreservedInsect","Red Mask","Anchor","Bag of Marbles"],"acts_visited":["Exordium","TheCity","TheBeyond","TheEnding"],"potions_floor_usage":[56],"damage_taken":[{"damage":1.0,"enemies":"Cultist","floor":1.0,"turns":3.0},{"damage":0.0,"enemies":"Small Slimes","floor":2.0,"turns":2.0},{"damage":2.0,"enemies":"2 Louse","floor":4.0,"turns":3.0},{"damage":0.0,"enemies":"Large Slime","floor":7.0,"turns":4.0},{"damage":18.0,"enemies":"Lagavulin","floor":11.0,"turns":7.0},{"damage":5.0,"enemies":"Exordium Thugs","floor":12.0,"turns":3.0},{"damage":5.0,"enemies":"3 Louse","floor":13.0,"turns":3.0},{"damage":0.0,"enemies":"Looter","floor":14.0,"turns":1.0},{"damage":17.0,"enemies":"Slime Boss","floor":16.0,"turns":9.0},{"damage":1.0,"enemies":"Chosen","floor":18.0,"turns":5.0},{"damage":5.0,"enemies":"2 Thieves","floor":19.0,"turns":4.0},{"damage":9.0,"enemies":"Snake Plant","floor":21.0,"turns":4.0},{"damage":5.0,"enemies":"Gremlin Leader","floor":24.0,"turns":5.0},{"damage":0.0,"enemies":"Snecko","floor":28.0,"turns":4.0},{"damage":0.0,"enemies":"Centurion and Healer","floor":31.0,"turns":3.0},{"damage":0.0,"enemies":"Collector","floor":33.0,"turns":3.0},{"damage":5.0,"enemies":"3 Shapes","floor":35.0,"turns":6.0},{"damage":0.0,"enemies":"3 Darklings","floor":37.0,"turns":3.0},{"damage":0.0,"enemies":"Maw","floor":39.0,"turns":3.0},{"damage":0.0,"enemies":"Reptomancer","floor":41.0,"turns":2.0},{"damage":2.0,"enemies":"4 Shapes","floor":42.0,"turns":3.0},{"damage":0.0,"enemies":"Sphere and 2 Shapes","floor":44.0,"turns":2.0},{"damage":0,"enemies":"Nemesis","floor":48,"turns":2},{"damage":0,"enemies":"Donu and Deca","floor":50,"turns":2},{"damage":38,"enemies":"Time Eater","floor":51,"turns":7},{"damage":0,"enemies":"Shield and Spear","floor":55,"turns":1},{"damage":14,"enemies":"The Heart","floor":56,"turns":6}],"seed_played":"-5112395863867420850","potions_obtained":[{"floor":1.0,"key":"DuplicationPotion"},{"floor":4.0,"key":"DuplicationPotion"},{"floor":7.0,"key":"CultistPotion"},{"floor":16.0,"key":"BlessingOfTheForge"},{"floor":19.0,"key":"Strength Potion"},{"floor":35.0,"key":"StancePotion"},{"floor":48,"key":"GamblersBrew"}],"is_trial":false,"path_per_floor":["M","M","?","M","$","R","M","R","T","R","E","M","M","M","R","B",null,"M","M","?","M","?","R","E","?","T","$","M","R","$","M","R","B",null,"M","?","M","$","M","R","E","M","T","M","$","?","R","E","R","B","B",null,"R","$","E","B",null],"character_chosen":"WATCHER","items_purchased":["MentalFortress","Membership Card","FearNoEvil","Bag of Preparation"],"campfire_rested":3,"item_purchase_floors":[27,30,30,30],"current_hp_per_floor":[60,60,60,58,58,58,58,58,58,58,40,35,30,30,30,38,61,60,55,55,46,46,46,41,23,23,23,35,35,35,35,35,60,66,61,61,61,61,61,61,61,59,59,59,59,59,65,65,65,65,39,59,65,65,65,51],"gold":61,"neow_bonus":"REMOVE_CARD","is_daily":false,"chose_seed":false,"campfire_upgraded":7,"win_rate":0.0,"timestamp":1613746611,"path_taken":["M","?","?","M","$","R","?","R","T","R","E","M","?","M","R","BOSS","M","M","?","M","?","R","E","?","T","$","?","R","$","M","R","BOSS","M","?","M","$","M","R","E","M","T","M","$","?","R","E","R","BOSS","BOSS","R","$","E","BOSS"],"items_purchased_type":["Card","Relic","Card","Relic"],"build_version":"2020-12-22","purchased_purges":4,"victory":true,"max_hp_per_floor":[68,68,68,68,68,68,68,68,68,68,68,68,68,68,68,68,68,68,68,68,68,68,68,68,68,68,68,68,68,68,68,68,68,68,68,65,65,65,65,65,65,65,65,65,65,65,65,65,65,65,65,65,65,65,65,65],"card_choices":[{"not_picked":["EmptyBody","Pray","JustLucky"],"picked":"SKIP","floor":1.0},{"not_picked":["Study","CarveReality"],"picked":"FlurryOfBlows","floor":2.0},{"not_picked":["BowlingBash","JustLucky","Worship"],"picked":"SKIP","floor":4.0},{"not_picked":["ReachHeaven","FlurryOfBlows","Omniscience"],"picked":"SKIP","floor":7.0},{"not_picked":["Fasting2","EmptyBody"],"picked":"Adaptation","floor":11.0},{"not_picked":["Worship","FollowUp","WindmillStrike"],"picked":"SKIP","floor":12.0},{"not_picked":["JustLucky","DeceiveReality","FlurryOfBlows"],"picked":"SKIP","floor":13.0},{"not_picked":["Protect","ClearTheMind","SashWhip"],"picked":"SKIP","floor":14.0},{"not_picked":["Scrawl","MasterReality"],"picked":"Vault","floor":16.0},{"not_picked":["Protect+1","FlyingSleeves","Prostrate"],"picked":"SKIP","floor":18.0},{"not_picked":["Wallop","Consecrate","Evaluate"],"picked":"SKIP","floor":19.0},{"not_picked":["CutThroughFate","Halt","FlurryOfBlows"],"picked":"SKIP","floor":21.0},{"not_picked":["EmptyBody","DeceiveReality","ForeignInfluence"],"picked":"SKIP","floor":24.0},{"not_picked":["CutThroughFate","FollowUp","SandsOfTime"],"picked":"SKIP","floor":28.0},{"not_picked":["DeceiveReality+1","FearNoEvil"],"picked":"InnerPeace","floor":31.0},{"not_picked":["Study","JustLucky","FearNoEvil"],"picked":"SKIP","floor":35.0},{"not_picked":["CrushJoints","Indignation","JustLucky+1"],"picked":"SKIP","floor":37.0},{"not_picked":["JustLucky","Study","WreathOfFlame"],"picked":"SKIP","floor":39.0},{"not_picked":["FlurryOfBlows","Perseverance","Brilliance"],"picked":"SKIP","floor":41.0},{"not_picked":["BowlingBash+1","Vengeance","CutThroughFate+1"],"picked":"SKIP","floor":42.0},{"not_picked":["SignatureMove","EmptyFist","Crescendo"],"picked":"SKIP","floor":44.0},{"not_picked":["Judgement","Crescendo+1","CutThroughFate+1"],"picked":"SKIP","floor":48},{"not_picked":["Halt","CutThroughFate","Collect+1"],"picked":"SKIP","floor":55}],"player_experience":963246,"relics_obtained":[{"floor":9.0,"key":"Pantograph"},{"floor":11.0,"key":"Vajra"},{"floor":24.0,"key":"Meat on the Bone"},{"floor":26.0,"key":"Art of War"},{"floor":41.0,"key":"PreservedInsect"},{"floor":48,"key":"Anchor"},{"floor":55,"key":"Bag of Marbles"}],"event_choices":[{"damage_healed":0.0,"max_hp_gain":0.0,"max_hp_loss":0.0,"gold_gain":0.0,"event_name":"Accursed Blacksmith","player_choice":"Forge","floor":3.0,"gold_loss":0.0,"damage_taken":0.0,"cards_upgraded":["Eruption"]},{"damage_healed":0.0,"max_hp_gain":0.0,"max_hp_loss":0.0,"gold_gain":0.0,"event_name":"Drug Dealer","player_choice":"Inject Mutagens","floor":20.0,"gold_loss":0.0,"damage_taken":0.0,"relics_obtained":["MutagenicStrength"]},{"damage_healed":0.0,"max_hp_gain":0.0,"max_hp_loss":0.0,"gold_gain":0.0,"event_name":"Ghosts","player_choice":"Ignored","floor":22.0,"gold_loss":0.0,"damage_taken":0.0},{"damage_healed":0.0,"max_hp_gain":0.0,"max_hp_loss":0.0,"gold_gain":90.0,"event_name":"Knowing Skull","player_choice":"POTION GOLD ","floor":25.0,"potions_obtained":["LiquidMemories"],"gold_loss":0.0,"damage_taken":18.0,"cards_obtained":[]},{"damage_healed":0.0,"max_hp_gain":0.0,"max_hp_loss":3.0,"gold_gain":0.0,"event_name":"Winding Halls","player_choice":"Max HP","floor":36.0,"gold_loss":0.0,"damage_taken":0.0},{"damage_healed":0.0,"max_hp_gain":0.0,"max_hp_loss":0.0,"gold_gain":0.0,"event_name":"Tomb of Lord Red Mask","player_choice":"Paid","floor":46.0,"gold_loss":92.0,"damage_taken":0.0,"relics_obtained":["Red Mask"]}],"is_beta":false,"boss_relics":[{"not_picked":["Coffee Dripper","SacredBark"],"picked":"Empty Cage"},{"not_picked":["Tiny House","Calling Bell"],"picked":"Fusion Hammer"}],"items_purged_floors":[5,27,38,45],"is_endless":false,"potions_floor_spawned":[1,4,7,16,19,28,31,35,39,41,48,55],"ascension_level":20}}