{"host":"t4313i2190y6fz3q","time":1613700231,"event":{"mods":["2.2 Compatiblity","AchievementEnabler","Act Like it!","BaseMod","Colored Powertips","Minty Spire (QoL Compilation)","Permanent Neow","Quick Restart","Rare Cards Sparkle","StSLib"],"gold_per_floor":[109,126,141,83,99,99,99,114,190,233,213,227,227,240,240,334,334,358,358,408,422,438,438,438,438],"floor_reached":24,"language":"ENG","playtime":828,"items_purged":[],"score":380,"play_id":"7beba944-af0f-48e6-8f40-39679e133788","local_time":"20210218180351","is_ascension_mode":true,"campfire_choices":[{"data":"Defragment","floor":7.0,"key":"SMITH"},{"data":"Zap","floor":13.0,"key":"SMITH"},{"data":"Static Discharge","floor":15.0,"key":"SMITH"},{"floor":23,"key":"REST"}],"circlet_count":0,"master_deck":["AscendersBane","Strike_B","Strike_B","Strike_B","Defend_B","Defend_B","Defend_B","Defend_B","Zap+1","Dualcast","Cold Snap","BootSequence","Defragment+1","Static Discharge+1","Turbo","Conserve Battery","Injury","Blizzard","Skim","Core Surge","Barrage"],"relics":["Cracked Core","Golden Idol","HornCleat","FossilizedHelix","Inserter","Enchiridion"],"acts_visited":["Exordium","TheCity"],"potions_floor_usage":[22],"damage_taken":[{"damage":0.0,"enemies":"2 Louse","floor":1.0,"turns":1.0},{"damage":0.0,"enemies":"Jaw Worm","floor":2.0,"turns":4.0},{"damage":3.0,"enemies":"Cultist","floor":3.0,"turns":4.0},{"damage":1.0,"enemies":"3 Louse","floor":5.0,"turns":3.0},{"damage":12.0,"enemies":"Looter","floor":8.0,"turns":3.0},{"damage":20.0,"enemies":"Gremlin Nob","floor":10.0,"turns":4.0},{"damage":0.0,"enemies":"Large Slime","floor":12.0,"turns":6.0},{"damage":1.0,"enemies":"Lots of Slimes","floor":14.0,"turns":5.0},{"damage":19.0,"enemies":"The Guardian","floor":16.0,"turns":12.0},{"damage":13.0,"enemies":"Spheric Guardian","floor":18.0,"turns":5.0},{"damage":3.0,"enemies":"Shell Parasite","floor":21.0,"turns":7.0},{"damage":0,"enemies":"3 Cultists","floor":22,"turns":4},{"damage":11,"enemies":"Snecko","floor":24,"turns":7}],"seed_played":"2219126730921648238","potions_obtained":[{"floor":3.0,"key":"EssenceOfDarkness"},{"floor":5.0,"key":"Energy Potion"},{"floor":11.0,"key":"FocusPotion"},{"floor":12.0,"key":"PowerPotion"},{"floor":16.0,"key":"EssenceOfSteel"}],"is_trial":false,"path_per_floor":["M","M","M","$","M","?","R","M","T","E","?","M","R","M","R","B",null,"M","?","?","M","M","R","M"],"character_chosen":"DEFECT","items_purchased":["Turbo"],"campfire_rested":1,"item_purchase_floors":[4],"current_hp_per_floor":[64,64,61,61,60,60,60,48,48,28,28,28,28,27,27,8,55,42,21,21,18,18,39,28,28],"gold":438,"neow_bonus":"TRANSFORM_CARD","is_daily":false,"chose_seed":false,"campfire_upgraded":3,"win_rate":0.0,"timestamp":1613700231,"path_taken":["M","M","M","$","M","?","R","M","T","E","?","?","R","M","R","BOSS","M","?","?","M","M","R","M"],"items_purchased_type":["Card"],"build_version":"2020-12-22","purchased_purges":0,"victory":false,"max_hp_per_floor":[71,71,71,71,71,71,71,71,71,71,71,71,71,71,71,71,71,71,71,71,71,71,71,71,71],"card_choices":[{"not_picked":["Coolheaded","Chill"],"picked":"BootSequence","floor":1.0},{"not_picked":["Fusion","Gash"],"picked":"Defragment","floor":2.0},{"not_picked":["Sweeping Beam","Doom and Gloom"],"picked":"Static Discharge","floor":3.0},{"not_picked":["Turbo","Consume"],"picked":"Conserve Battery","floor":5.0},{"not_picked":["Darkness","Cold Snap"],"picked":"Blizzard","floor":8.0},{"not_picked":["Redo","Leap"],"picked":"Skim","floor":10.0},{"not_picked":["Rebound","Streamline","Skim"],"picked":"SKIP","floor":12.0},{"not_picked":["Leap","Gash","Tempest"],"picked":"SKIP","floor":14.0},{"not_picked":["Amplify","All For One"],"picked":"Core Surge","floor":16.0},{"not_picked":["Reinforced Body","Darkness","Streamline"],"picked":"SKIP","floor":18.0},{"not_picked":["Turbo","Redo"],"picked":"Barrage","floor":21.0},{"not_picked":["Compile Driver","Cold Snap","Redo"],"picked":"SKIP","floor":22}],"player_experience":209725,"relics_obtained":[{"floor":9.0,"key":"HornCleat"},{"floor":10.0,"key":"FossilizedHelix"},{"floor":19.0,"key":"Enchiridion"}],"event_choices":[{"damage_healed":0.0,"max_hp_gain":0.0,"max_hp_loss":0.0,"gold_gain":0.0,"event_name":"Golden Idol","player_choice":"Take Wound","floor":6.0,"gold_loss":0.0,"damage_taken":0.0,"relics_obtained":["Golden Idol"],"cards_obtained":["Injury"]},{"damage_healed":0.0,"max_hp_gain":0.0,"max_hp_loss":0.0,"gold_gain":0.0,"event_name":"The Woman in Blue","player_choice":"Bought 1 Potion","floor":11.0,"gold_loss":0.0,"damage_taken":0.0},{"damage_healed":0.0,"max_hp_gain":0.0,"max_hp_loss":0.0,"gold_gain":0.0,"event_name":"Cursed Tome","player_choice":"Obtained Book","floor":19.0,"gold_loss":0.0,"damage_taken":21.0},{"damage_healed":0.0,"max_hp_gain":0.0,"max_hp_loss":0.0,"gold_gain":50.0,"event_name":"Nest","player_choice":"Stole From Cult","floor":20.0,"gold_loss":0.0,"damage_taken":0.0}],"is_beta":false,"boss_relics":[{"not_picked":["Velvet Choker","Empty Cage"],"picked":"Inserter"}],"items_purged_floors":[],"is_endless":false,"potions_floor_spawned":[3,5,12,16,21],"killed_by":"Snecko","ascension_level":18}}