{"host":"l2lylj0omvglf5x0","time":1613719538,"event":{"mods":["2.2 Compatiblity","BaseMod","Bestiary","Block Reminder","Colored Map","Colored Powertips","Curses Come First","Highlight Path","Keyboard Shortcuts","Minty Spire (QoL Compilation)","Relic Sorter","Relic Stats","Slay the Relics Exporter","StSLib","SuperFastMode"],"gold_per_floor":[115,290,309,79,79,79,120,44,44,44,60,60,99,132,144,287,299,326,338,375,406,331,343,396,433,469,506,562,574,586,586],"floor_reached":30,"language":"ENG","playtime":14106,"items_purged":["Doubt"],"score":455,"play_id":"16d65eb1-3cae-4c2a-adf0-c604c81f3771","local_time":"20210219082538","is_ascension_mode":true,"campfire_choices":[{"data":"Uppercut","floor":6.0,"key":"SMITH"},{"data":"Perfected Strike","floor":10.0,"key":"SMITH"},{"data":"Armaments","floor":15.0,"key":"SMITH"},{"floor":23,"key":"REST"}],"circlet_count":0,"master_deck":["AscendersBane","Strike_R","Strike_R+1","Strike_R","Strike_R+1","Strike_R","Defend_R","Defend_R","Defend_R","Bash","Uppercut+1","Inflame","Perfected Strike+1","Inflame","Cleave","Armaments+1","Limit Break","Entrench","Intimidate+1","Heavy Blade+1"],"relics":["Burning Blood","NeowsBlessing","Whetstone","Golden Idol","StrikeDummy","Art of War","MawBank","Busted Crown","Molten Egg 2","Oddly Smooth Stone","Regal Pillow","Bottled Flame"],"acts_visited":["Exordium","TheCity"],"potions_floor_usage":[24,27,28,28,28],"damage_taken":[{"damage":0.0,"enemies":"Jaw Worm","floor":1.0,"turns":1.0},{"damage":0.0,"enemies":"2 Louse","floor":3.0,"turns":1.0},{"damage":0.0,"enemies":"Lagavulin","floor":7.0,"turns":1.0},{"damage":6.0,"enemies":"Small Slimes","floor":11.0,"turns":2.0},{"damage":15.0,"enemies":"3 Sentries","floor":13.0,"turns":4.0},{"damage":16.0,"enemies":"Blue Slaver","floor":14.0,"turns":3.0},{"damage":19.0,"enemies":"The Guardian","floor":16.0,"turns":10.0},{"damage":28.0,"enemies":"2 Thieves","floor":18.0,"turns":4.0},{"damage":0.0,"enemies":"Spheric Guardian","floor":20.0,"turns":3.0},{"damage":20.0,"enemies":"3 Cultists","floor":21.0,"turns":4.0},{"damage":41,"enemies":"Slavers","floor":24,"turns":6},{"damage":10,"enemies":"Centurion and Healer","floor":25,"turns":5},{"damage":6,"enemies":"Cultist and Chosen","floor":27,"turns":6},{"damage":23,"enemies":"Gremlin Leader","floor":28,"turns":3},{"damage":13,"enemies":"Snecko","floor":30,"turns":2}],"seed_played":"-61550328321389993","potions_obtained":[{"floor":7.0,"key":"BlessingOfTheForge"},{"floor":13.0,"key":"SmokeBomb"},{"floor":14.0,"key":"Dexterity Potion"},{"floor":18.0,"key":"CultistPotion"},{"floor":21.0,"key":"Weak Potion"},{"floor":25,"key":"LiquidMemories"},{"floor":27,"key":"DistilledChaos"}],"is_trial":false,"path_per_floor":["M","?","M","$","?","R","E","$","T","R","M","?","E","M","R","B",null,"M","?","M","M","?","R","E","M","T","M","E","$","M"],"character_chosen":"IRONCLAD","items_purchased":["Whetstone","Inflame"],"campfire_rested":1,"item_purchase_floors":[4,8],"current_hp_per_floor":[78,78,80,80,60,60,66,66,66,66,66,71,62,52,52,39,74,52,52,58,44,44,69,34,30,30,30,13,13,0,0],"gold":586,"neow_bonus":"THREE_ENEMY_KILL","is_daily":false,"chose_seed":false,"campfire_upgraded":3,"win_rate":0.0,"timestamp":1613719538,"path_taken":["M","?","M","$","?","R","E","$","T","R","M","?","E","M","R","BOSS","M","?","?","M","?","R","E","M","T","M","E","$","M"],"items_purchased_type":["Relic","Card"],"build_version":"2020-12-22","purchased_purges":1,"victory":false,"max_hp_per_floor":[80,80,80,80,80,80,80,80,80,80,80,85,85,85,85,85,85,85,85,85,85,85,85,85,85,85,85,85,85,85,85],"relic_stats":{"Regal Pillow":0,"Busted Crown":14,"counters":[15,55],"Golden Idol":88,"Art of War":[5],"Whetstone":["Strike_R","Strike_R"],"MawBank":204,"obtain_stats":[{"Regal Pillow":26,"Bottled Flame":28,"Busted Crown":17,"NeowsBlessing":0,"Golden Idol":5,"Oddly Smooth Stone":24,"Molten Egg 2":22,"Art of War":9,"Whetstone":4,"StrikeDummy":7,"MawBank":13,"Burning Blood":0},{"Regal Pillow":12,"Bottled Flame":14,"Busted Crown":7,"NeowsBlessing":0,"Golden Idol":2,"Oddly Smooth Stone":11,"Molten Egg 2":10,"Art of War":3,"Whetstone":2,"StrikeDummy":3,"MawBank":5,"Burning Blood":0},{"Regal Pillow":44,"Bottled Flame":53,"Busted Crown":22,"NeowsBlessing":0,"Golden Idol":2,"Oddly Smooth Stone":39,"Molten Egg 2":33,"Art of War":3,"Whetstone":2,"StrikeDummy":3,"MawBank":9,"Burning Blood":0}],"Burning Blood":80},"card_choices":[{"not_picked":["Heavy Blade","Perfected Strike"],"picked":"Uppercut","floor":1.0},{"not_picked":["Shrug It Off","Twin Strike"],"picked":"Inflame","floor":3.0},{"not_picked":["Body Slam","Metallicize"],"picked":"Perfected Strike","floor":7.0},{"not_picked":["Anger","Evolve"],"picked":"Cleave","floor":11.0},{"not_picked":["Bludgeon","True Grit","Anger"],"picked":"SKIP","floor":13.0},{"not_picked":["Havoc","Clash"],"picked":"Armaments","floor":14.0},{"not_picked":["Exhume","Juggernaut"],"picked":"Limit Break","floor":16.0},{"not_picked":["Thunderclap"],"picked":"SKIP","floor":18.0},{"not_picked":["Warcry"],"picked":"SKIP","floor":20.0},{"not_picked":["Hemokinesis"],"picked":"SKIP","floor":21.0},{"not_picked":[],"picked":"Intimidate+1","floor":24},{"not_picked":["Uppercut+1"],"picked":"SKIP","floor":25},{"not_picked":[],"picked":"Heavy Blade+1","floor":27},{"not_picked":["Uppercut+1"],"picked":"SKIP","floor":28}],"player_experience":976653,"relics_obtained":[{"floor":7.0,"key":"StrikeDummy"},{"floor":9.0,"key":"Art of War"},{"floor":13.0,"key":"MawBank"},{"floor":24,"key":"Oddly Smooth Stone"},{"floor":26,"key":"Regal Pillow"},{"floor":28,"key":"Bottled Flame"}],"event_choices":[{"damage_healed":0.0,"max_hp_gain":0.0,"max_hp_loss":0.0,"gold_gain":175.0,"event_name":"Liars Game","player_choice":"AGREE","floor":2.0,"gold_loss":0.0,"damage_taken":0.0,"cards_obtained":["Doubt"]},{"damage_healed":0.0,"max_hp_gain":0.0,"max_hp_loss":0.0,"gold_gain":0.0,"event_name":"Golden Idol","player_choice":"Take Damage","floor":5.0,"gold_loss":0.0,"damage_taken":20.0,"relics_obtained":["Golden Idol"]},{"damage_healed":0.0,"max_hp_gain":5.0,"max_hp_loss":0.0,"gold_gain":0.0,"event_name":"Big Fish","player_choice":"Donut","floor":12.0,"gold_loss":0.0,"damage_taken":0.0},{"damage_healed":0.0,"max_hp_gain":0.0,"max_hp_loss":0.0,"gold_gain":0.0,"cards_transformed":["Defend_R"],"event_name":"Transmorgrifier","player_choice":"Transformed","floor":19.0,"gold_loss":0.0,"damage_taken":0.0,"cards_obtained":["Entrench"]},{"damage_healed":0.0,"max_hp_gain":0.0,"max_hp_loss":0.0,"gold_gain":0.0,"event_name":"WeMeetAgain","player_choice":"Paid Gold","floor":22.0,"gold_loss":87.0,"damage_taken":0.0,"relics_obtained":["Molten Egg 2"]}],"is_beta":false,"boss_relics":[{"not_picked":["Cursed Key","Calling Bell"],"picked":"Busted Crown"}],"items_purged_floors":[4],"is_endless":false,"potions_floor_spawned":[7,13,14,18,21,25,27],"killed_by":"Snecko","ascension_level":10}}