{"host":"g53g9qlo34vrqi92","time":1613723692,"event":{"mods":["Aspiration","Bard","BaseMod","Beaked The Cultist","BetterRewards","Colored Map","Conspire","Energized Spire","Fiend Mod","GifTheSpireLib","Googly Eyes","Gremlin Skip","Halation","Hermit","Hubris","Infinite Spire","Jedi Mod","Minty Spire (QoL Compilation)","Permanent Neow","Quick Restart","Relic Filter","Replay The Spire","Spikes Relics","StSLib","Stuff the Spire","Synergy Search","The Bladedancer","The Bug Knight","The Construct","The Cursed","The Forsaken","The Jungle","The Necromancer","The Spell Scribe","The Trickster","Trackpad","slay the spire mod where everything is the same but ironclad has a cowboy hat"],"gold_per_floor":[114,114,130,149,166,195,213,213,213,232,232,97,110,120,120,218,218,235,141,141,161,172,199,199,199,222,222,247,247,266,280,280,382,382,398,173,185,185,185,185,185],"floor_reached":40,"language":"ENG","playtime":2513,"items_purged":[],"score":430,"play_id":"9bd612ab-7143-4f27-aebc-ce2aad35b173","local_time":"20210219003452","is_ascension_mode":false,"campfire_choices":[{"data":"Blood_Curse","floor":15.0,"key":"SMITH"},{"data":"Summon_Undead_Army","floor":24.0,"key":"SMITH"},{"floor":32.0,"key":"RECALL"}],"circlet_count":0,"master_deck":["Strike_W+1","Defend_W+1","Defend_W+1","Defend_W+1","Defend_W+1","Negative_Energy_Arrows","Bone_Wall","Blood_Curse+1","Finisher","Heel Hook","Negative_Energy_Javelin","Chill_Blood","Thousand_Bone_Knives","Negative_Energy_Javelin","Negative_Energy_Shield","Stop_Heart","Bone_Bullets","Reaper+1","Bone_Bullets","Toxic_Smoke_Screen","beaked:SacrificialScars+1","Negative_Energy_Shield","Specialist","Spectral_Armor","Summon_Undead_Army+1","Bones_to_Steel","Chill_Blood+1","Spectral_Walk","Plague_Bolt","Spectral_Walk","Summon_Undead+1"],"relics":["Vampire_Amulet","aspiration:Nostalgia","m_ByrdBlood","conspire:DecoderRing","ReplayTheSpireMod:Ring of Exchange","aspiration:RandomNobGenerator","Darkstone Periapt","jedi:hotpepper","infinitespire:Beetle Shell","HollowMod:PaleOreRelic","Guide Book","Blood Vial","hubris:Icosahedron"],"acts_visited":["Exordium","TheCity","TheBeyond"],"potions_floor_usage":[40],"damage_taken":[{"damage":1.0,"enemies":"Cultist","floor":1.0,"turns":4.0},{"damage":0.0,"enemies":"2 Louse","floor":3.0,"turns":2.0},{"damage":10.0,"enemies":"Jaw Worm","floor":4.0,"turns":5.0},{"damage":0.0,"enemies":"Blue Slaver","floor":5.0,"turns":5.0},{"damage":13.0,"enemies":"Gremlin Nob","floor":6.0,"turns":3.0},{"damage":3.0,"enemies":"Exordium Thugs","floor":7.0,"turns":4.0},{"damage":2.0,"enemies":"2 Fungi Beasts","floor":10.0,"turns":2.0},{"damage":6.0,"enemies":"Large Slime","floor":13.0,"turns":4.0},{"damage":3.0,"enemies":"Gremlin Gang","floor":14.0,"turns":4.0},{"damage":37.0,"enemies":"Fading Forest","floor":16.0,"turns":11.0},{"damage":17.0,"enemies":"Spheric Guardian","floor":18.0,"turns":4.0},{"damage":16.0,"enemies":"Chosen","floor":21.0,"turns":6.0},{"damage":12.0,"enemies":"Centurion and Healer","floor":22.0,"turns":7.0},{"damage":25.0,"enemies":"Gremlin Leader","floor":23.0,"turns":5.0},{"damage":58.0,"enemies":"Nightmare","floor":28.0,"turns":8.0},{"damage":1.0,"enemies":"3 Cultists","floor":30.0,"turns":4.0},{"damage":10.0,"enemies":"Shelled Parasite and Fungi","floor":31.0,"turns":4.0},{"damage":58.0,"enemies":"Automaton","floor":33.0,"turns":11.0},{"damage":1.0,"enemies":"3 Shapes","floor":35.0,"turns":6.0},{"damage":15.0,"enemies":"Orb Walker","floor":37.0,"turns":4.0},{"damage":0,"enemies":"Reptomancer","floor":40,"turns":2}],"seed_played":"-313421420459632183","potions_obtained":[{"floor":3.0,"key":"Strength Potion"},{"floor":6.0,"key":"Energy Potion"},{"floor":7.0,"key":"AttackPotion"},{"floor":16.0,"key":"jedi:hoardpotion"},{"floor":23.0,"key":"SpeedPotion"},{"floor":28.0,"key":"DistilledChaos"},{"floor":31.0,"key":"GamblersBrew"},{"floor":35.0,"key":"Adrenaline Potion"}],"is_trial":false,"path_per_floor":["M","?","M","M","M","E","M","?","T","M","?","$","M","M","R","B",null,"M","$","?","M","M","E","R","AVR","T","?","NM","?","M","M","R","B",null,"M","$","M","?","?","E"],"character_chosen":"NECROMANCER","items_purchased":["Reaper","Specialist","Spectral_Walk","Blood Vial"],"campfire_rested":0,"item_purchase_floors":[12,19,36,36],"current_hp_per_floor":[75,75,75,74,75,71,75,75,75,75,75,75,75,75,75,60,75,70,70,70,66,69,74,74,62,62,62,24,24,56,60,60,27,65,65,65,53,53,53,67,67],"gold":185,"neow_bonus":"NOSTALGIA","is_daily":false,"chose_seed":false,"campfire_upgraded":2,"win_rate":0.0,"timestamp":1613723692,"path_taken":["M","?","M","?","M","E","M","?","T","?","?","$","?","M","R","BOSS","M","$","?","M","?","E","R","AVR","T","?","NM","?","?","M","R","BOSS","M","$","M","?","?","E"],"items_purchased_type":["Card","Card","Card","Relic"],"build_version":"2020-12-22","purchased_purges":0,"victory":false,"max_hp_per_floor":[75,75,75,75,75,75,75,75,75,75,75,75,75,75,75,75,75,77,77,77,79,81,83,83,62,62,62,63,63,63,64,64,65,65,65,65,67,67,67,67,67],"card_choices":[{"not_picked":["Blood_Whip","beaked:FeelMyPain"],"picked":"Blood_Curse","floor":1.0},{"not_picked":["Bones_to_Steel","Epidemic"],"picked":"Negative_Energy_Javelin","floor":3.0},{"not_picked":["beaked:FeelMyPain","Heavy Blade"],"picked":"Chill_Blood","floor":4.0},{"not_picked":["Vampiric_Strike","beaked:Resilience"],"picked":"Thousand_Bone_Knives","floor":5.0},{"not_picked":["Detonate_Bones","Heavy Blade"],"picked":"Negative_Energy_Javelin","floor":6.0},{"not_picked":["Bone_Spikes","Death_Knell"],"picked":"Negative_Energy_Shield","floor":7.0},{"not_picked":["beaked:WarriorEssence","beaked:DigDeeper"],"picked":"Stop_Heart","floor":10.0},{"not_picked":["ReplayTheSpireMod:Muscle Training","Heavy Blade"],"picked":"Bone_Bullets","floor":13.0},{"not_picked":["Blood_Whip","Bone_Bullets"],"picked":"Toxic_Smoke_Screen","floor":14.0},{"not_picked":["Requiem","Summon_Death_Knight"],"picked":"beaked:SacrificialScars","floor":16.0},{"not_picked":["Bone_Bullets+1","Blood_Whip"],"picked":"Negative_Energy_Shield","floor":18.0},{"not_picked":["Bone_Spikes","Negative_Energy_Mist"],"picked":"Summon_Undead_Army","floor":21.0},{"not_picked":["Blood_Whip","Negative_Energy_Shield"],"picked":"Bones_to_Steel","floor":22.0},{"not_picked":["Shackles_Of_Pain+1","Bone_Shift"],"picked":"Chill_Blood+1","floor":23.0},{"not_picked":["Shackles_Of_Pain","Consume_Illness"],"picked":"Spectral_Walk","floor":28.0},{"not_picked":["Heavy Blade","beaked:FeelMyPain","Blood_Whip"],"picked":"SKIP","floor":30.0},{"not_picked":["Death_March_Dance+1","Negative_Energy_Shield"],"picked":"Plague_Bolt","floor":31.0},{"not_picked":["Blood_Whip+1","Deaths_Shadow+1","Bone_Bullets"],"picked":"SKIP","floor":35.0},{"not_picked":["Flesh_Made_Foul","Scare"],"picked":"Summon_Undead+1","floor":37.0}],"player_experience":1222871,"relics_obtained":[{"floor":6.0,"key":"conspire:DecoderRing"},{"floor":8.0,"key":"ReplayTheSpireMod:Ring of Exchange"},{"floor":23.0,"key":"Darkstone Periapt"},{"floor":26.0,"key":"infinitespire:Beetle Shell"},{"floor":28.0,"key":"HollowMod:PaleOreRelic"}],"event_choices":[{"damage_healed":0.0,"max_hp_gain":0.0,"max_hp_loss":0.0,"gold_gain":0.0,"cards_transformed":["StuffTheSpire:BrimstoneBlast"],"event_name":"Transmorgrifier","player_choice":"Transformed","floor":11.0,"gold_loss":0.0,"damage_taken":0.0,"cards_obtained":["Bone_Bullets"]},{"damage_healed":0.0,"max_hp_gain":0.0,"max_hp_loss":0.0,"gold_gain":0.0,"event_name":"The Library","player_choice":"Read","floor":20.0,"gold_loss":0.0,"damage_taken":0.0,"cards_obtained":["Spectral_Armor"]},{"damage_healed":0.0,"max_hp_gain":0.0,"max_hp_loss":0.0,"gold_gain":0.0,"event_name":"Back to Basics","player_choice":"Simplicity","floor":27.0,"gold_loss":0.0,"damage_taken":0.0,"cards_upgraded":["Strike_W","Defend_W","Defend_W","Defend_W","Defend_W"]},{"damage_healed":0.0,"max_hp_gain":0.0,"max_hp_loss":0.0,"gold_gain":0.0,"event_name":"Ghosts","player_choice":"Ignored","floor":29.0,"gold_loss":0.0,"damage_taken":0.0},{"damage_healed":0.0,"max_hp_gain":0.0,"max_hp_loss":0.0,"gold_gain":0.0,"event_name":"Mysterious Sphere","player_choice":"Ignored","floor":38.0,"gold_loss":0.0,"damage_taken":0.0}],"is_beta":false,"boss_relics":[{"not_picked":["Cursed Key","hubris:Backtick"],"picked":"aspiration:RandomNobGenerator"},{"not_picked":["conspire:SeveredTorchhead","Pandora\u0027s Box"],"picked":"Guide Book"}],"items_purged_floors":[],"is_endless":true,"potions_floor_spawned":[3,6,7,16,23,28,31,35],"killed_by":"Reptomancer","ascension_level":0}}