{"host":"y6zg4wwu39otf01a","time":1613774521,"event":{"mods":["Act Like it!","Aspiration","BaseMod","Better Altar","Better Match","Better Note","Better Sensory Stone","Better Skull","Better Third Choice","Challenge The Spire","Colored Map","Colored Powertips","Conspire","GifTheSpireLib","Glutton Mod","Halation","Hermit","Highlight Path","Hubris","Infinite Spire","Mimic Mod","Minty Spire (QoL Compilation)","Quick Restart","Random Character Button","Rare Cards Sparkle","Reliquary","Replay The Spire","Retaliation","Ruina","Spicy Shops","StSLib","Stuff the Spire","The Blue Laboratory","The Construct","The Jungle"],"gold_per_floor":[109,127,242,261,261,261,282,282,306,306,340,340,360,375,375,498,498,523,573,598,610,692,742,383,383,383,404,425,213,213,228,228,354,354,369,394,394,394],"floor_reached":37,"language":"ENG","playtime":3814,"items_purged":[],"score":457,"play_id":"753bf154-0417-4dc4-b635-f727741fa2ef","local_time":"20210219164201","is_ascension_mode":true,"campfire_choices":[{"data":"Defend_G","floor":6,"key":"SMITH"},{"floor":10,"key":"REST"},{"data":"Adrenaline","floor":12,"key":"SMITH"},{"data":"Quick Slash","floor":15,"key":"SMITH"},{"data":"Intimidate","floor":25,"key":"SMITH"},{"data":"Uppercut","floor":32,"key":"SMITH"}],"circlet_count":0,"master_deck":["Strike_G","Strike_G","Strike_G","Strike_G","Strike_G","Defend_G+1","Defend_G","Defend_G","Defend_G","Defend_G","Survivor","Neutralize","Slice","Slice","Prepared","Injury","Adrenaline+1","Blur","Prepared","Quick Slash+1","Phantasmal Killer","DDmod:UnstoppableAttack","Voices","Flying Knee","DDmod:PokeAttack+1","hubris:Disease","Intimidate+1","Thunderclap+1","StuffTheSpire:Ambrosia","construct:AttackMode","Uppercut+1","hubris:Lust","Venomology","Shame","StuffTheSpire:Slingshot+1"],"relics":["aspiration:SecretTechniqueScroll","halation:AfternoonTea","ReplayTheSpireMod:Lightbulb","Golden Idol","StuffTheSpire:GrapeVine","Blood Vial","aspiration:IroncladSkillbook","Ring of Fury","Ring of Greed","MawBank","hubris:MobiusCoin","hubris:Towel","Boot","Membership Card","Onion Ring","Strange Spoon","halation:OrihimeAndHikoboshiSamaAndTears","Busted Crown"],"acts_visited":["Exordium","TheCity","TheBeyond"],"potions_floor_usage":[2,14,22,23,33,33,35,36,37,37],"damage_taken":[{"damage":2,"enemies":"Jaw Worm","floor":1,"turns":4},{"damage":0,"enemies":"Cultist","floor":2,"turns":3},{"damage":0,"enemies":"2 Louse","floor":4,"turns":4},{"damage":3,"enemies":"Looter","floor":7,"turns":3},{"damage":7,"enemies":"3 Sentries","floor":11,"turns":10},{"damage":0,"enemies":"Exordium Wildlife","floor":13,"turns":6},{"damage":2,"enemies":"Large Slime","floor":14,"turns":7},{"damage":36,"enemies":"The Guardian","floor":16,"turns":9},{"damage":24,"enemies":"3 Byrds","floor":18,"turns":6},{"damage":0,"enemies":"Spheric Guardian","floor":20,"turns":3},{"damage":7,"enemies":"Centurion and Healer","floor":22,"turns":4},{"damage":23,"enemies":"Book of Stabbing","floor":23,"turns":4},{"damage":8,"enemies":"Cultist and Chosen","floor":27,"turns":3},{"damage":20,"enemies":"Snake Plant","floor":28,"turns":3},{"damage":17,"enemies":"conspire:HollyBat","floor":31,"turns":6},{"damage":28,"enemies":"Automaton","floor":33,"turns":6},{"damage":12,"enemies":"3 Darklings","floor":35,"turns":3},{"damage":9,"enemies":"3 Shapes","floor":36,"turns":2},{"damage":25,"enemies":"infinitespire:Three Voidlings","floor":37,"turns":3},{"damage":62,"enemies":"Nightmare_Alpha","floor":37,"turns":7}],"seed_played":"-4928429144453687373","potions_obtained":[{"floor":1,"key":"BlessingOfTheForge"},{"floor":4,"key":"blueLaboratory:BottleOfVodka"},{"floor":13,"key":"Ancient Potion"},{"floor":20,"key":"ColorlessPotion"},{"floor":22,"key":"blueLaboratory:HorrorPotion"},{"floor":27,"key":"Strength Potion"},{"floor":28,"key":"Death Potion"}],"is_trial":false,"path_per_floor":["M","M","?","M","?","R","M","?","T","R","E","R","M","M","R","B",null,"M","?","M","?","M","E","$","R","T","M","M","?","?","M","R","B",null,"M","M","?"],"character_chosen":"THE_SILENT","items_purchased":["Membership Card","Onion Ring","Strange Spoon","Thunderclap+1"],"campfire_rested":1,"item_purchase_floors":[24,24,24,24],"current_hp_per_floor":[68,68,31,31,31,31,28,28,28,49,57,57,59,59,59,25,70,50,50,63,63,67,59,59,59,59,70,62,62,62,52,52,59,72,65,63,0,0],"gold":394,"neow_bonus":"BOSS_RELIC","is_daily":false,"chose_seed":false,"campfire_upgraded":5,"win_rate":0.0,"timestamp":1613774521,"path_taken":["M","M","?","?","?","R","M","?","T","R","E","R","M","M","R","BOSS","M","?","M","?","M","E","?","R","T","M","?","?","?","M","R","BOSS","M","M","?"],"items_purchased_type":["Relic","Relic","Relic","Card"],"build_version":"2020-12-22","purchased_purges":0,"victory":false,"max_hp_per_floor":[70,70,70,70,70,70,70,70,70,70,70,70,70,70,70,70,70,70,70,70,70,70,70,70,70,70,70,70,70,70,71,71,72,72,73,74,76,76],"card_choices":[{"not_picked":["PiercingWail","Dagger Spray"],"picked":"Slice","floor":1},{"not_picked":["Distraction","Bane"],"picked":"Slice","floor":2},{"not_picked":["Underhanded Strike","Sucker Punch"],"picked":"Prepared","floor":4},{"not_picked":["Underhanded Strike","StuffTheSpire:Injection"],"picked":"Adrenaline","floor":7},{"not_picked":["StuffTheSpire:BumpUp","Dagger Spray","Backflip"],"picked":"SKIP","floor":11},{"not_picked":["Expertise","Dodge and Roll"],"picked":"Prepared","floor":13},{"not_picked":["conspire:PoisonWeapons","PiercingWail"],"picked":"Quick Slash","floor":14},{"not_picked":["Night Terror","Grand Finale"],"picked":"Phantasmal Killer","floor":16},{"not_picked":["Wild Strike","True Grit","Poisoned Stab"],"picked":"DDmod:UnstoppableAttack","floor":18},{"not_picked":["Underhanded Strike","Quick Slash","StuffTheSpire:BumpUp"],"picked":"Flying Knee","floor":20},{"not_picked":["StuffTheSpire:Fury","Cleave","StuffTheSpire:Shiver"],"picked":"DDmod:PokeAttack+1","floor":22},{"not_picked":["DDmod:SpikeInjectionSkill+1","Hidden Blade+1","Slice"],"picked":"Intimidate","floor":23},{"not_picked":["Rupture","StuffTheSpire:ClusterCrunch","Carnage","Clothesline"],"picked":"SKIP","floor":27},{"not_picked":["ReplayTheSpireMod:Strike From Hell+1","Run Through","StuffTheSpire:Incineration","Deadly Poison+1"],"picked":"SKIP","floor":28},{"not_picked":["Flying Knee","DDmod:CallousedSkill","Exhume"],"picked":"Uppercut","floor":31},{"not_picked":["Bludgeon","Storm of Steel","After Image"],"picked":"Venomology","floor":33},{"not_picked":["True Grit+1","Dodge and Roll+1"],"picked":"SKIP","floor":35},{"not_picked":["Clothesline"],"picked":"StuffTheSpire:Slingshot+1","floor":36}],"player_experience":922812,"relics_obtained":[{"floor":9,"key":"StuffTheSpire:GrapeVine"},{"floor":11,"key":"Blood Vial"},{"floor":19,"key":"Ring of Fury"},{"floor":19,"key":"Ring of Greed"},{"floor":19,"key":"MawBank"},{"floor":19,"key":"hubris:MobiusCoin"},{"floor":23,"key":"Boot"},{"floor":26,"key":"halation:OrihimeAndHikoboshiSamaAndTears"}],"event_choices":[{"damage_healed":0,"gold_gain":115,"player_choice":"RE RE GO ","damage_taken":42,"relics_obtained":["halation:AfternoonTea","ReplayTheSpireMod:Lightbulb"],"max_hp_gain":0,"max_hp_loss":0,"event_name":"betterSkull:BetterSkull","floor":3,"gold_loss":0,"cards_upgraded":[]},{"damage_healed":0,"gold_gain":0,"player_choice":"Take Wound","damage_taken":0,"relics_obtained":["Golden Idol"],"max_hp_gain":0,"max_hp_loss":0,"event_name":"Golden Idol","floor":5,"gold_loss":0,"cards_obtained":["Injury"]},{"damage_healed":0,"gold_gain":2,"player_choice":"4","damage_taken":0,"max_hp_gain":0,"max_hp_loss":0,"event_name":"betterStone:BetterStone","floor":30,"gold_loss":0,"cards_obtained":["construct:AttackMode"]}],"is_beta":false,"boss_relics":[{"not_picked":["hubris:VirtuousBlindfold","halation:CatFaceCupcake"],"picked":"aspiration:IroncladSkillbook"},{"not_picked":["reliquary:RedCape","halation:Yufonium"],"picked":"Busted Crown"}],"items_purged_floors":[],"is_endless":false,"potions_floor_spawned":[1,4,13,20,22,27,28],"killed_by":"Nightmare_Alpha","ascension_level":2}}