{"host":"sjo4oracihb00px1","time":1613705978,"event":{"mods":["Astrologer","BaseMod","Better Note","Colored Powertips","Defective Defect","Friendly Minions","Hermit","HololiveMod","Hubris","Jorbs\u0027s Wanderer Trilogy","Kiyohime????","Marisa????????","Minty Spire (QoL Compilation)","Quick Restart","Random Character Button","Remilia??????","Replay The Spire","Shop Mod","ShortenTheSpire","Somnambulant","StSLib","The Administrix","The Animator","The Awakened One except there are too many feathers","The Bug Knight","The Cursed","The Death Knight","The Disciple","The Gatherer","The IronCluck","The Necromancer","The Problem Sleuth","The Runesmith","The Servant 0.9.4","The Vixen","TheBandit","Waifu the Spire","Wandering Minibosses","Yuri Mod","everything is the same but u backflip on backflip","slay the spire mod where everything is the same but ironclad has a cowboy hat","thorton"],"gold_per_floor":[109,3,3,15,42,88,53,106,129,171,171,171,196,235,235,346,446,479,395,399,399],"floor_reached":20,"language":"ENG","playtime":1476,"items_purged":[],"score":298,"play_id":"71dc32d4-d250-495e-bbb2-b3b81936100b","local_time":"20210218223938","is_ascension_mode":true,"campfire_choices":[{"data":"DC","floor":15.0,"key":"SMITH"}],"circlet_count":0,"master_deck":["AscendersBane","Strike_MRS","Strike_MRS","Strike_MRS","Defend_MRS","Defend_MRS","Defend_MRS","Defend_MRS","MasterSpark","UpSweep","MagicChant","AsteroidBelt","WitchOfGreed","PowerUp","MilkyWay","NonDirectionalLaser","DC+1","MasterSpark","AlicesGift","PowerUp","AsteroidBelt","ReplayTheSpireMod:IOU","Replay:BasicMightCard"],"relics":["MiniHakkero","NeowsBlessing","Runesmith:Nanobots","Hololive_LightStick","HollowMod:PaleOreRelic","Mirror","Replay:Wanted Poster","ReplayTheSpireMod:CursedCoin","Bag of Preparation"],"acts_visited":["Exordium","TheCity"],"potions_floor_usage":[],"damage_taken":[{"damage":0.0,"enemies":"Jaw Worm","floor":1.0,"turns":1.0},{"damage":0.0,"enemies":"Cultist","floor":4.0,"turns":1.0},{"damage":0.0,"enemies":"Small Slimes","floor":5.0,"turns":2.0},{"damage":9.0,"enemies":"Lagavulin","floor":6.0,"turns":7.0},{"damage":23.0,"enemies":"Gremlin Nob","floor":8.0,"turns":4.0},{"damage":3.0,"enemies":"Lagavulin","floor":10.0,"turns":5.0},{"damage":0.0,"enemies":"Blue Slaver","floor":13.0,"turns":3.0},{"damage":0.0,"enemies":"2 Fungi Beasts","floor":14.0,"turns":2.0},{"damage":4.0,"enemies":"Fading Forest","floor":16.0,"turns":11.0},{"damage":2.0,"enemies":"2 Thieves","floor":18.0,"turns":3.0},{"damage":2,"enemies":"Spheric Guardian","floor":20,"turns":3}],"seed_played":"-2197085744958943651","potions_obtained":[{"floor":1.0,"key":"Milkshake"},{"floor":5.0,"key":"Dexterity Potion"},{"floor":6.0,"key":"SkillPotion"},{"floor":8.0,"key":"Weak Potion"},{"floor":10.0,"key":"Toxic Potion"},{"floor":13.0,"key":"Fire Potion"},{"floor":14.0,"key":"Regen Potion"},{"floor":14.0,"key":"Fire Potion"},{"floor":16.0,"key":"Swift Potion"},{"floor":18.0,"key":"SkillPotion"}],"is_trial":false,"path_per_floor":["M","$","?","M","M","E","?","E","T","E","?","?","M","M","R","B",null,"M","$","M"],"character_chosen":"MARISA","items_purchased":["AsteroidBelt","WitchOfGreed","ReplayTheSpireMod:CursedCoin","Replay:BasicMightCard","Bag of Preparation"],"campfire_rested":0,"item_purchase_floors":[2,2,19,19,19],"current_hp_per_floor":[68,68,68,68,68,59,75,52,52,49,42,42,42,42,42,61,72,70,70,68,68],"gold":399,"neow_bonus":"THREE_ENEMY_KILL","is_daily":false,"chose_seed":false,"campfire_upgraded":1,"win_rate":0.0,"timestamp":1613705978,"path_taken":["M","$","?","?","M","E","?","E","T","E","?","?","M","M","R","BOSS","M","$","?"],"items_purchased_type":["Card","Card","Relic","Card","Relic"],"build_version":"2020-12-22","purchased_purges":0,"victory":false,"max_hp_per_floor":[75,75,75,75,75,75,75,75,75,75,75,75,75,75,75,75,75,75,75,75,75],"card_choices":[{"not_picked":["LuminesStrike","Acceleration"],"picked":"MagicChant","floor":1.0},{"not_picked":["Occultation","WitchLeyline"],"picked":"PowerUp","floor":4.0},{"not_picked":["GrandCross","GravityBeat"],"picked":"MilkyWay","floor":5.0},{"not_picked":["OpenUniverse","GrandCross","OrrerysSun"],"picked":"SKIP","floor":6.0},{"not_picked":["GrandCross","Orbital"],"picked":"NonDirectionalLaser","floor":8.0},{"not_picked":["ChargeUpSpray","WitchOfGreed"],"picked":"DC","floor":10.0},{"not_picked":["SuperNova","GasGiant"],"picked":"AlicesGift","floor":13.0},{"not_picked":["DarkMatter","EnergyFlow"],"picked":"PowerUp","floor":14.0},{"not_picked":["ManaConvection","OneTimeOff"],"picked":"AsteroidBelt","floor":18.0}],"player_experience":728669,"relics_obtained":[{"floor":6.0,"key":"Runesmith:Nanobots"},{"floor":8.0,"key":"Hololive_LightStick"},{"floor":9.0,"key":"HollowMod:PaleOreRelic"},{"floor":10.0,"key":"Mirror"}],"event_choices":[{"damage_healed":0.0,"max_hp_gain":0.0,"max_hp_loss":0.0,"gold_gain":0.0,"cards_transformed":["Strike_MRS"],"event_name":"Transmorgrifier","player_choice":"Transformed","floor":3.0,"gold_loss":0.0,"damage_taken":0.0,"cards_obtained":["DarkSpark"]},{"damage_healed":18.0,"max_hp_gain":0.0,"max_hp_loss":0.0,"gold_gain":0.0,"event_name":"The Cleric","player_choice":"Healed","floor":7.0,"gold_loss":35.0,"damage_taken":0.0},{"cards_removed":["DarkSpark"],"damage_healed":0.0,"max_hp_gain":0.0,"max_hp_loss":0.0,"gold_gain":0.0,"event_name":"Golden Wing","player_choice":"Card Removal","floor":11.0,"gold_loss":0.0,"damage_taken":7.0},{"damage_healed":0.0,"max_hp_gain":0.0,"max_hp_loss":0.0,"gold_gain":0.0,"event_name":"Match and Keep!","player_choice":"1 cards matched","floor":12.0,"gold_loss":0.0,"damage_taken":0.0,"cards_obtained":["MasterSpark"]}],"is_beta":false,"boss_relics":[{"not_picked":["hubris:GrandSneckoEye","Kintsugi"],"picked":"Replay:Wanted Poster"}],"items_purged_floors":[],"is_endless":false,"potions_floor_spawned":[1,5,13,14,18],"killed_by":"Spheric Guardian","ascension_level":11}}