{"host":"7bb7osqc91rjfyph","time":1613754365,"event":{"mods":["AchievementEnabler","BaseMod","BetterRewards","Colored Map","Colored Powertips","Downfall","Googly Eyes","Hermit","Hubris","Marisa????????","Minty Spire (QoL Compilation)","Shop Mod","StSLib","The Cursed"],"gold_per_floor":[115,171,121,121,141,169,169,169,169,179,190,206,240,260,260,363,363,336,336,251,263,275,316,341,383,395,407,419,419],"floor_reached":28,"language":"ENG","playtime":1054,"items_purged":["Strike_R"],"score":331,"play_id":"693fc37d-fbd0-4ffb-90aa-3f15268d2ed0","local_time":"20210219110605","is_ascension_mode":true,"campfire_choices":[{"data":"Bash","floor":7.0,"key":"SMITH"},{"data":"Corruption","floor":15.0,"key":"SMITH"}],"circlet_count":0,"master_deck":["Strike_R","Strike_R","Strike_R","Strike_R","Defend_R","Defend_R","Defend_R","Defend_R","Bash+1","Heavy Blade","Anger+1","Disarm","Flame Barrier","Metallicize","Corruption+1","Clothesline","Bludgeon+1","hubris:ReadiedAction+1","Ghostly","Ghostly","Ghostly","Ghostly","Ghostly","Blood for Blood+1","Pummel","Spot Weakness"],"relics":["Black Blood","Smiling Mask","Art of War","Ginger","Lizard Tail","MawBank","Regal Pillow","Matryoshka","Dream Catcher"],"acts_visited":["Exordium","TheCity"],"potions_floor_usage":[23,25,28],"damage_taken":[{"damage":8.0,"enemies":"Jaw Worm","floor":1.0,"turns":4.0},{"damage":3.0,"enemies":"2 Louse","floor":5.0,"turns":2.0},{"damage":30.0,"enemies":"Lagavulin","floor":6.0,"turns":6.0},{"damage":0.0,"enemies":"Small Slimes","floor":10.0,"turns":2.0},{"damage":17.0,"enemies":"Exordium Thugs","floor":11.0,"turns":4.0},{"damage":4.0,"enemies":"3 Louse","floor":12.0,"turns":4.0},{"damage":32.0,"enemies":"3 Sentries","floor":13.0,"turns":8.0},{"damage":4.0,"enemies":"2 Fungi Beasts","floor":14.0,"turns":5.0},{"damage":46.0,"enemies":"The Guardian","floor":16.0,"turns":9.0},{"damage":31.0,"enemies":"2 Thieves","floor":18.0,"turns":5.0},{"damage":16,"enemies":"Slavers","floor":23,"turns":7},{"damage":0,"enemies":"3 Byrds","floor":24,"turns":6},{"damage":19,"enemies":"Book of Stabbing","floor":25,"turns":7},{"damage":38,"enemies":"Slavers","floor":28,"turns":8}],"seed_played":"3241682827404750923","potions_obtained":[{"floor":5.0,"key":"Fire Potion"},{"floor":12.0,"key":"sneckomod:MuddlingPotion"},{"floor":14.0,"key":"Dexterity Potion"},{"floor":16.0,"key":"EssenceOfSteel"},{"floor":18.0,"key":"SpeedPotion"},{"floor":24,"key":"Ancient Potion"}],"is_trial":false,"path_per_floor":["M","?","$","?","M","E","R","?","T","M","M","M","E","M","R","B",null,"M","?","?","$","?","E","M","E","T","$","E"],"character_chosen":"IRONCLAD","items_purchased":[],"campfire_rested":0,"item_purchase_floors":[],"current_hp_per_floor":[78,78,78,83,85,61,61,61,61,67,56,58,32,34,34,37,85,66,66,66,66,42,38,42,35,35,35,0,0],"gold":419,"neow_bonus":"RANDOM_COMMON_RELIC","is_daily":false,"chose_seed":false,"campfire_upgraded":2,"win_rate":0.0,"timestamp":1613754365,"path_taken":["M","?","$","?","M","E","R","?","T","M","M","M","E","?","R","BOSS","M","?","?","?","?","E","M","E","T","$","E"],"items_purchased_type":[],"build_version":"2020-12-22","purchased_purges":1,"victory":false,"max_hp_per_floor":[80,80,80,85,85,85,85,85,85,85,85,85,85,85,85,85,85,85,85,85,85,42,42,42,42,42,42,42,42],"card_choices":[{"not_picked":["Clash","Iron Wave"],"picked":"Heavy Blade","floor":1.0},{"not_picked":["hubris:SharpeningStone","hubris:ReadiedAction"],"picked":"Anger","floor":5.0},{"not_picked":["Body Slam","Ghostly Armor"],"picked":"Disarm","floor":6.0},{"not_picked":["Burning Pact","Perfected Strike"],"picked":"Flame Barrier","floor":10.0},{"not_picked":["Warcry","Flex"],"picked":"Metallicize","floor":11.0},{"not_picked":["Flex","Shockwave"],"picked":"Corruption","floor":12.0},{"not_picked":["Iron Wave","Combust","Anger"],"picked":"SKIP","floor":13.0},{"not_picked":["Sentinel","Clash"],"picked":"Clothesline","floor":14.0},{"not_picked":["Corruption","Juggernaut"],"picked":"Bludgeon","floor":16.0},{"not_picked":["Wild Strike","Hemokinesis"],"picked":"hubris:ReadiedAction+1","floor":18.0},{"not_picked":["Combust","Disarm"],"picked":"Blood for Blood+1","floor":23},{"not_picked":["True Grit","hubris:CleavingFinish"],"picked":"Pummel","floor":24},{"not_picked":["Rage","Reaper"],"picked":"Spot Weakness","floor":25}],"player_experience":105405,"relics_obtained":[{"floor":6.0,"key":"Art of War"},{"floor":9.0,"key":"Ginger"},{"floor":13.0,"key":"Lizard Tail"},{"floor":23,"key":"Regal Pillow"},{"floor":25,"key":"Matryoshka"},{"floor":26,"key":"Dream Catcher"}],"event_choices":[{"damage_healed":0.0,"max_hp_gain":0.0,"max_hp_loss":0.0,"gold_gain":56.0,"event_name":"Golden Wing","player_choice":"Gained Gold","floor":2.0,"gold_loss":0.0,"damage_taken":0.0},{"damage_healed":0.0,"max_hp_gain":5.0,"max_hp_loss":0.0,"gold_gain":0.0,"event_name":"Big Fish","player_choice":"Donut","floor":4.0,"gold_loss":0.0,"damage_taken":0.0},{"damage_healed":0.0,"max_hp_gain":0.0,"max_hp_loss":0.0,"gold_gain":0.0,"event_name":"Accursed Blacksmith","player_choice":"Forge","floor":8.0,"gold_loss":0.0,"damage_taken":0.0,"cards_upgraded":["Anger"]},{"damage_healed":0.0,"max_hp_gain":0.0,"max_hp_loss":0.0,"gold_gain":0.0,"event_name":"Addict","player_choice":"Obtained Relic","floor":20.0,"gold_loss":85.0,"damage_taken":0.0,"relics_obtained":["MawBank"]},{"damage_healed":0.0,"max_hp_gain":0.0,"max_hp_loss":43.0,"gold_gain":0.0,"event_name":"Ghosts","player_choice":"Became a Ghost","floor":22.0,"gold_loss":0.0,"damage_taken":0.0,"cards_obtained":["Ghostly","Ghostly","Ghostly","Ghostly","Ghostly"]}],"is_beta":false,"boss_relics":[{"not_picked":["Runic Cube","bronze:MakeshiftBattery"],"picked":"Black Blood"}],"items_purged_floors":[3],"is_endless":false,"potions_floor_spawned":[5,12,14,16,18,24],"killed_by":"Slavers","ascension_level":3}}