{"host":"21o28mgl9u9ntir2","time":1613743107,"event":{"mods":["BaseMod","BetterRewards","Colored Powertips","Minty Spire (QoL Compilation)","Quick Restart","Remove Card Discount Mod","SOS（斯巴达之子）","Spicy Shops","StSLib","SuperFastMode","[IsaacMod]以撒尖塔","【遗物卡牌】REMEMod","残留之物"],"gold_per_floor":[110,110,110,185,205,205,259,259,259,308,308,308,366,24,24,141,141,176,256,355,246,95,95,156,195,195,249,249,249,249,307,307,446,446,508,576,676,197,208,208,234,234,316,329,346,374,374,392,392,392,392,392,43,78,78],"floor_reached":56,"language":"ZHS","playtime":1123,"items_purged":["Shoot","Shoot","Attack_a","Defend_Dante","Attack_b+1","Attack_a","Defend_Dante","Redorb+1"],"score":2067,"play_id":"40bcd279-f211-415b-b5ef-5e15d83a4d21","local_time":"20210219215827","is_ascension_mode":true,"campfire_choices":[{"data":"Provocation","floor":6.0,"key":"SMITH"},{"data":"Redorb","floor":8.0,"key":"SMITH"},{"data":"Swordcombo","floor":11.0,"key":"SMITH"},{"data":"Rebellion","floor":15,"key":"SMITH"},{"data":"Defend_Dante","floor":23,"key":"SMITH"},{"floor":28,"key":"REST"},{"floor":30,"key":"REST"},{"floor":32,"key":"REST"},{"data":"Swordcombo","floor":40,"key":"SMITH"},{"data":"Defend_Dante","floor":47,"key":"SMITH"},{"floor":49,"key":"RECALL"},{"floor":52,"key":"REST"}],"circlet_count":0,"master_deck":["Provocation+1","Defend_Dante+1","Defend_Dante+1","Swordcombo+1","Rebellion+1","Swordmaster+1","DT+1","Swordcombo+1","Swordcombo+1","Dark Shackles+1"],"relics":["SSS","Combocheck","HushsDoor","REME_ComplimentaryCards","DeathBook","NeowsBlessing","Meat on the Bone","Toxic Egg 2","SharpPlug","Oddly Smooth Stone","SteamSale","TheBean","Bag of Marbles","Black Star","PlaceholderMod:FlatBlood","Strawberry","Whetstone","HowToJump","Omamori","Orichalcum","GuppysPaw","Darkstone Periapt","BookofShadows","Bird Faced Urn","PlaceholderMod:LiveLive","REME_CardOfGreed","Torii","PlaceholderMod:DaolothFragment","Sundial","Pen Nib","Kunai","Bronze Scales","PillsDrop","White Beast Statue","Unceasing Top","PlaceholderMod:DeVermisMysteriis","Lee\u0027s Waffle","TheAbacus","SalivaCoin","GnawedLeaf","Bag of Preparation"],"acts_visited":["Exordium","TheCity","TheBeyond","TheEnding"],"potions_floor_usage":[31,50],"damage_taken":[{"damage":0.0,"enemies":"Jaw Worm","floor":1.0,"turns":1.0},{"damage":0.0,"enemies":"Small Slimes","floor":5.0,"turns":1.0},{"damage":0.0,"enemies":"Lagavulin","floor":7.0,"turns":1.0},{"damage":0.0,"enemies":"2 Louse","floor":10.0,"turns":1.0},{"damage":0.0,"enemies":"Gremlin Nob","floor":13.0,"turns":2.0},{"damage":0,"enemies":"Slime Boss","floor":16,"turns":3},{"damage":19,"enemies":"Shell Parasite","floor":18,"turns":4},{"damage":26,"enemies":"2 Thieves","floor":19,"turns":3},{"damage":0,"enemies":"Slavers","floor":24,"turns":2},{"damage":0,"enemies":"Sentry and Sphere","floor":25,"turns":1},{"damage":0,"enemies":"REME_1_Revenger","floor":27,"turns":2},{"damage":17,"enemies":"Slavers","floor":31,"turns":2},{"damage":0,"enemies":"Automaton","floor":33,"turns":2},{"damage":0,"enemies":"3 Shapes","floor":35,"turns":1},{"damage":0,"enemies":"3 Darklings","floor":36,"turns":1},{"damage":4,"enemies":"4 Shapes","floor":37,"turns":3},{"damage":0,"enemies":"Writhing Mass","floor":39,"turns":2},{"damage":0,"enemies":"Nemesis","floor":41,"turns":1},{"damage":0,"enemies":"Transient","floor":44,"turns":3},{"damage":0,"enemies":"Sphere and 2 Shapes","floor":45,"turns":1},{"damage":0,"enemies":"Reptomancer","floor":46,"turns":2},{"damage":0,"enemies":"Jaw Worm Horde","floor":48,"turns":1},{"damage":0,"enemies":"Donu and Deca","floor":50,"turns":1},{"damage":0,"enemies":"Shield and Spear","floor":54,"turns":1},{"damage":0,"enemies":"The Heart","floor":55,"turns":4}],"seed_played":"-3140731004769776072","potions_obtained":[{"floor":1.0,"key":"Fire Potion"},{"floor":16,"key":"SmokeBomb"},{"floor":18,"key":"SneckoOil"},{"floor":25,"key":"GamblersBrew"},{"floor":27,"key":"EssenceOfSteel"},{"floor":33,"key":"SpeedPotion"},{"floor":39,"key":"Energy Potion"},{"floor":54,"key":"Energy Potion"}],"is_trial":false,"path_per_floor":["M","?","?","?","M","R","E","R","T","M","R","?","E","$","R","B",null,"M","M","?","$","$","R","E","M","T","E","R","?","R","E","R","B",null,"M","M","M","$","M","R","E","?","T","M","M","E","R","M","R","B",null,"R","$","E","B",null],"character_chosen":"DANTE","items_purchased":["SteamSale","Rebellion","Swordmaster+1","TheBean","Bag of Marbles","PlaceholderMod:FlatBlood","Swordcombo","Strawberry","Whetstone","Swordcombo","REME_CardOfGreed","Torii","PlaceholderMod:DaolothFragment","Sundial","Pen Nib","Unceasing Top","PlaceholderMod:DeVermisMysteriis","Lee\u0027s Waffle","TheAbacus","SalivaCoin","Dark Shackles+1"],"campfire_rested":4,"item_purchase_floors":[14,14,14,14,14,21,21,22,22,34,38,38,38,38,38,53,53,53,53,53,53],"current_hp_per_floor":[72,72,60,49,49,49,49,49,49,49,49,75,75,75,75,75,79,60,46,46,46,53,53,53,53,53,53,79,79,87,70,87,87,83,83,83,80,80,82,82,82,82,82,83,83,83,83,83,83,83,83,83,90,90,90],"gold":78,"neow_bonus":"THREE_ENEMY_KILL","is_daily":false,"chose_seed":false,"campfire_upgraded":7,"win_rate":0.0,"timestamp":1613743107,"path_taken":["M","?","?","?","M","R","E","R","T","M","R","?","E","$","R","BOSS","M","M","?","?","$","R","E","?","T","E","R","?","R","E","R","BOSS","M","M","M","$","M","R","E","?","T","?","M","E","R","M","R","BOSS","R","$","E","BOSS"],"items_purchased_type":["Relic","Card","Card","Relic","Relic","Relic","Card","Relic","Relic","Card","Relic","Relic","Relic","Relic","Relic","Relic","Relic","Relic","Relic","Relic","Card"],"build_version":"2020-12-22","purchased_purges":8,"victory":true,"max_hp_per_floor":[80,80,80,80,80,80,80,80,80,80,80,80,80,80,80,80,80,80,80,80,80,87,87,87,87,87,87,87,87,87,87,87,87,83,83,83,83,83,83,83,83,83,83,83,83,83,83,83,83,83,83,83,90,90,90],"card_choices":[{"not_picked":["GilgameshcomboA","CoyoteA","Dash2"],"picked":"SKIP","floor":1.0},{"not_picked":["LucifercomboB","Millionstab"],"picked":"Bomb","floor":5.0},{"not_picked":["CoyoteA","LucifercomboB"],"picked":"Bomb","floor":7.0},{"not_picked":["BeastUppercut","VitalstarS+1"],"picked":"Swordcombo","floor":10.0},{"not_picked":["Honeycombofire+1","BeastUppercut","Millionstab"],"picked":"SKIP","floor":13.0},{"not_picked":["Millionstab","Millionkick+1"],"picked":"DT+1","floor":18},{"not_picked":["DT+1","Shock","Gilgamesh"],"picked":"SKIP","floor":19},{"not_picked":["VitalstarL+1","Gilgamesh","Pandora"],"picked":"SKIP","floor":24},{"not_picked":["Kick13","LucifercomboC","CoyoteA"],"picked":"SKIP","floor":25},{"not_picked":["EbonyIvory","Chargeshoot2","Fullhouse+1"],"picked":"SKIP","floor":27},{"not_picked":["Splesh+1","Goldorb+1","Honeycombofire+1"],"picked":"SKIP","floor":31},{"not_picked":["Doubleshoot","Swordmaster+1","Dash2+1"],"picked":"SKIP","floor":35},{"not_picked":["DT+1","VitalstarM+1","SSScard+1"],"picked":"SKIP","floor":36},{"not_picked":["Weaponupgrade+1","Doubleshoot+1","Gunstinger"],"picked":"SKIP","floor":37},{"not_picked":["Gilgamesh","Weaponupgrade+1","VitalstarM+1"],"picked":"SKIP","floor":39},{"not_picked":["BeastUppercut","Unrisingdragon+1","Ecstasy+1"],"picked":"SKIP","floor":41},{"not_picked":["VitalstarM+1","Weaponupgrade+1","Chargeshoot+1"],"picked":"SKIP","floor":44},{"not_picked":["Straight","Fullhouse+1","LucifercomboD"],"picked":"SKIP","floor":45},{"not_picked":["Unrisingdragon","Dash2+1","DevilstarS+1"],"picked":"SKIP","floor":46},{"not_picked":["VitalstarS+1","Chargeshoot2","Fullhouse"],"picked":"SKIP","floor":48},{"not_picked":["EbonyIvory+1","Kick13+1","Weaponreturn+1"],"picked":"SKIP","floor":54}],"player_experience":746203,"relics_obtained":[{"floor":7.0,"key":"Toxic Egg 2"},{"floor":9.0,"key":"SharpPlug"},{"floor":13.0,"key":"Oddly Smooth Stone"},{"floor":24,"key":"HowToJump"},{"floor":24,"key":"Omamori"},{"floor":26,"key":"Orichalcum"},{"floor":27,"key":"GuppysPaw"},{"floor":27,"key":"Darkstone Periapt"},{"floor":31,"key":"BookofShadows"},{"floor":31,"key":"Bird Faced Urn"},{"floor":41,"key":"Kunai"},{"floor":41,"key":"Bronze Scales"},{"floor":46,"key":"PillsDrop"},{"floor":46,"key":"White Beast Statue"},{"floor":54,"key":"GnawedLeaf"},{"floor":54,"key":"Bag of Preparation"}],"event_choices":[{"damage_healed":0.0,"max_hp_gain":0.0,"max_hp_loss":0.0,"gold_gain":0.0,"event_name":"Golden Wing","player_choice":"Ignored","floor":2.0,"gold_loss":0.0,"damage_taken":0.0},{"damage_healed":0.0,"max_hp_gain":0.0,"max_hp_loss":0.0,"gold_gain":0.0,"event_name":"Scrap Ooze","player_choice":"Success","floor":3.0,"gold_loss":0.0,"damage_taken":12.0,"relics_obtained":["Meat on the Bone"]},{"damage_healed":0.0,"max_hp_gain":0.0,"max_hp_loss":0.0,"gold_gain":75.0,"event_name":"World of Goop","player_choice":"Gather Gold","floor":4.0,"gold_loss":0.0,"damage_taken":11.0},{"damage_healed":26.0,"max_hp_gain":0.0,"max_hp_loss":0.0,"gold_gain":0.0,"event_name":"Big Fish","player_choice":"Banana","floor":12.0,"gold_loss":0.0,"damage_taken":0.0},{"damage_healed":0,"gold_gain":99,"player_choice":"Stole From Cult","damage_taken":0,"max_hp_gain":0,"max_hp_loss":0,"event_name":"Nest","floor":20,"gold_loss":0},{"damage_healed":0,"gold_gain":0,"player_choice":"Memory 1","damage_taken":0,"max_hp_gain":0,"max_hp_loss":0,"event_name":"SensoryStone","floor":42,"gold_loss":0}],"is_beta":false,"boss_relics":[{"not_picked":["Runic Pyramid","Snecko Eye"],"picked":"Black Star"},{"not_picked":[]},{"not_picked":["REME_DuelDisc","Calling Bell"],"picked":"PlaceholderMod:LiveLive"},{"not_picked":[]}],"items_purged_floors":[14,14,21,21,38,38,38,38],"is_endless":false,"potions_floor_spawned":[1,16,18,25,27,33,37,39,44,46,48,54],"ascension_level":6}}