{"host":"0mhttqdumuceah7q","time":1613745507,"event":{"mods":["AchievementEnabler","BaseMod","Colored Map","DeckTracker","Minty Spire (QoL Compilation)","Permanent Neow"],"gold_per_floor":[119,137,148,163,163,163,201,222,247,262,65,89,89,132,132,260,260,273,198,198,198,221,221,221,254,266,278,278],"floor_reached":27,"language":"KOR","playtime":1133,"items_purged":["Bash"],"score":317,"play_id":"5aafbabc-1356-4c7b-88a8-eaa5c78b0dc3","local_time":"20210219233827","is_ascension_mode":true,"campfire_choices":[{"floor":6.0,"key":"REST"},{"floor":15,"key":"REST"},{"data":"Entrench","floor":23,"key":"SMITH"}],"circlet_count":0,"master_deck":["Warcry","Havoc","Sentinel","Dual Wield","Feed","Impervious","Entrench+1","Sword Boomerang","Cleave","Headbutt","Second Wind","Bludgeon","Body Slam","Shrug It Off","Violence","Seeing Red","Juggernaut","Inflame","Pummel","Pommel Strike","RitualDagger","Thunderclap","Flame Barrier+1"],"relics":["Pandora\u0027s Box","Golden Idol","Boot","Oddly Smooth Stone","Darkstone Periapt","Blood Vial","Velvet Choker","MawBank","Charon\u0027s Ashes"],"acts_visited":["Exordium","TheCity"],"potions_floor_usage":[14,18],"damage_taken":[{"damage":10.0,"enemies":"Small Slimes","floor":1.0,"turns":3.0},{"damage":0.0,"enemies":"Jaw Worm","floor":2.0,"turns":3.0},{"damage":8.0,"enemies":"2 Louse","floor":3.0,"turns":2.0},{"damage":15.0,"enemies":"Looter","floor":4.0,"turns":4.0},{"damage":23.0,"enemies":"Gremlin Nob","floor":7.0,"turns":4.0},{"damage":0.0,"enemies":"3 Louse","floor":8.0,"turns":2.0},{"damage":13.0,"enemies":"Blue Slaver","floor":10.0,"turns":2.0},{"damage":9.0,"enemies":"2 Fungi Beasts","floor":12.0,"turns":3.0},{"damage":14,"enemies":"Lagavulin","floor":14,"turns":7},{"damage":18,"enemies":"Slime Boss","floor":16,"turns":5},{"damage":41,"enemies":"2 Thieves","floor":18,"turns":4},{"damage":2,"enemies":"Spheric Guardian","floor":22,"turns":3},{"damage":52,"enemies":"Slavers","floor":25,"turns":7},{"damage":19,"enemies":"Book of Stabbing","floor":27,"turns":3}],"seed_played":"2550580972755607159","potions_obtained":[{"floor":2.0,"key":"Ancient Potion"},{"floor":3.0,"key":"Swift Potion"},{"floor":8.0,"key":"SpeedPotion"},{"floor":12.0,"key":"HeartOfIron"},{"floor":14,"key":"AttackPotion"},{"floor":16,"key":"LiquidBronze"},{"floor":22,"key":"ElixirPotion"}],"is_trial":false,"path_per_floor":["M","M","M","M","?","R","E","M","T","M","$","M","T","E","R","B",null,"M","$","?","?","M","R","?","E","T","E"],"character_chosen":"IRONCLAD","items_purchased":["Violence"],"campfire_rested":2,"item_purchase_floors":[11],"current_hp_per_floor":[73,76,71,59,36,63,43,46,46,33,33,27,27,13,43,27,101,60,60,60,54,57,57,57,10,10,0,0],"gold":278,"neow_bonus":"BOSS_RELIC","is_daily":false,"chose_seed":false,"campfire_upgraded":1,"win_rate":0.0,"timestamp":1613745507,"path_taken":["M","M","M","M","?","R","E","M","T","M","$","M","?","E","R","BOSS","M","$","?","?","M","R","?","E","T","E"],"items_purchased_type":["Card"],"build_version":"2020-12-22","purchased_purges":1,"victory":false,"max_hp_per_floor":[83,86,89,92,92,92,95,98,98,98,98,101,101,101,101,101,101,101,101,101,101,104,104,104,107,107,107,107],"card_choices":[{"not_picked":["Iron Wave","Headbutt"],"picked":"Dropkick","floor":1.0},{"not_picked":["True Grit","Warcry"],"picked":"Cleave","floor":2.0},{"not_picked":["Anger","Heavy Blade"],"picked":"Headbutt","floor":3.0},{"not_picked":["Heavy Blade","Perfected Strike"],"picked":"Second Wind","floor":4.0},{"not_picked":["Berserk","Clash"],"picked":"Bludgeon","floor":7.0},{"not_picked":["Flame Barrier","Clothesline"],"picked":"Body Slam","floor":8.0},{"not_picked":["Havoc","Headbutt"],"picked":"Shrug It Off","floor":10.0},{"not_picked":["True Grit","Disarm"],"picked":"Seeing Red","floor":12.0},{"not_picked":["Searing Blow","Armaments"],"picked":"Clash","floor":14},{"not_picked":["Exhume","Demon Form"],"picked":"Juggernaut","floor":16},{"not_picked":["Wild Strike","Heavy Blade"],"picked":"Inflame","floor":18},{"not_picked":["Sever Soul","Clothesline"],"picked":"Thunderclap","floor":22},{"not_picked":["Pommel Strike+1","Rampage"],"picked":"Flame Barrier+1","floor":25}],"player_experience":128691,"relics_obtained":[{"floor":7.0,"key":"Boot"},{"floor":9.0,"key":"Oddly Smooth Stone"},{"floor":13.0,"key":"Darkstone Periapt"},{"floor":14,"key":"Blood Vial"},{"floor":25,"key":"MawBank"},{"floor":26,"key":"Charon\u0027s Ashes"}],"event_choices":[{"damage_healed":0.0,"max_hp_gain":0.0,"max_hp_loss":0.0,"gold_gain":0.0,"event_name":"Golden Idol","player_choice":"Take Damage","floor":5.0,"gold_loss":0.0,"damage_taken":23.0,"relics_obtained":["Golden Idol"]},{"damage_healed":0,"gold_gain":0,"cards_transformed":["Dropkick","Clash"],"player_choice":"Became Test Subject","damage_taken":0,"max_hp_gain":0,"max_hp_loss":0,"event_name":"Drug Dealer","floor":20,"gold_loss":0,"cards_obtained":["Pummel","Pommel Strike"]},{"damage_healed":0,"gold_gain":0,"player_choice":"Joined the Cult","damage_taken":6,"max_hp_gain":0,"max_hp_loss":0,"event_name":"Nest","floor":21,"gold_loss":0,"cards_obtained":["RitualDagger"]},{"cards_removed":["Wild Strike"],"damage_healed":0,"gold_gain":0,"player_choice":"Elegance","damage_taken":0,"max_hp_gain":0,"max_hp_loss":0,"event_name":"Back to Basics","floor":24,"gold_loss":0}],"is_beta":false,"boss_relics":[{"not_picked":["Ectoplasm","Coffee Dripper"],"picked":"Velvet Choker"}],"items_purged_floors":[19],"is_endless":false,"potions_floor_spawned":[2,3,8,12,14,16,22],"killed_by":"Book of Stabbing","ascension_level":4}}