{"host":"rs956zbefct9hzhl","time":1613728759,"event":{"mods":["BaseMod","BetterRewards","Downfall","Minty Spire (QoL Compilation)","Replay The Spire","Shop Mod","Spicy Shops","Spikes Relics","StSLib"],"gold_per_floor":[0,18,18,18,28,28,104,120,120,30,62,12,0,16,30,125,125,125,144,154,58,58,24,24,24,55,68,81,109,9,9,20,115,115,15,29,29,44,57,407,431,431,331,247,261,36,36,64,78,78,78,113,2,2,2,2,2,2],"floor_reached":56,"language":"ENG","playtime":3351,"items_purged":["Regret","downfall:Bewildered","Shame","Regret"],"score":829,"play_id":"1dacea0b-8a98-49c8-a52d-326592487048","local_time":"20210219105919","is_ascension_mode":true,"campfire_choices":[{"floor":1,"key":"DIG"},{"data":"bronze:InfiniteLoop","floor":18,"key":"SMITH"},{"floor":30,"key":"RECALL"},{"data":"bronze:Optimize","floor":35,"key":"SMITH"},{"data":"bronze:DelayedSlice","floor":43,"key":"SMITH"},{"data":"bronze:ClassDefault","floor":47,"key":"SMITH"},{"data":"bronze:ShipIt","floor":54,"key":"SMITH"}],"circlet_count":0,"master_deck":["bronze:Strike","bronze:Strike","bronze:Strike","bronze:Defend","bronze:Defend","bronze:Defend","bronze:Defend","bronze:Replicate","bronze:Goto","bronze:Safeguard+1","bronze:Branch","bronze:Return+1","bronze:Separator+1","bronze:ShipIt+1","bronze:Philosophize+1","bronze:DarkDash","bronze:ChildClass+1","bronze:Optimize+1","bronze:BronzeOrb","bronze:InfiniteLoop+1","bronze:Terminator+1","bronze:DelayedSlice+1","bronze:Separator+1","bronze:BuggyMess+1","bronze:Frontload+1","bronze:HyperBeam+1","bronze:OilSpill+1","bronze:ChosenStrike+1","bronze:Format+1","bronze:Terminator+1","bronze:FineTuning+1","bronze:Constructor+1","bronze:ClassDefault+1","bronze:Deprecate+1","bronze:Invalidate+1"],"relics":["bronze:PlatinumCore","Ice Cream","Toxic Egg 2","Oddly Smooth Stone","downfall:BrokenWingStatue","Divine Protection","Garlic","Coffee Dripper","MerchantsRug","Bottled Tornado","Molten Egg 2","Rawhide","Replay:Bottled Eggs","Ginger","downfall:HeartBlessingGreen","sneckomod:BabySnecko","downfall:HeartBlessingRed","Ring of Greed","ReplayTheSpireMod:Ring of Collecting","Ring of Panic","downfall:HeartBlessingBlue","Meat on the Bone","Letter Opener"],"acts_visited":["Exordium","TheCity","TheBeyond","TheEnding"],"potions_floor_usage":[52,52],"damage_taken":[{"damage":0,"enemies":"Cultist","floor":2,"turns":3},{"damage":3,"enemies":"Small Slimes","floor":5,"turns":4},{"damage":2,"enemies":"2 Louse","floor":8,"turns":3},{"damage":0,"enemies":"downfall:FleeingMerchant","floor":10,"turns":4},{"damage":9,"enemies":"Lagavulin","floor":11,"turns":6},{"damage":0,"enemies":"downfall:FleeingMerchant","floor":12,"turns":4},{"damage":0,"enemies":"downfall:FleeingMerchant","floor":13,"turns":4},{"damage":0,"enemies":"downfall:LooterAlt","floor":14,"turns":4},{"damage":0,"enemies":"Lots of Slimes","floor":15,"turns":5},{"damage":13,"enemies":"DF_ARCHETYPE_STREAMLINE","floor":16,"turns":9},{"damage":0,"enemies":"downfall:LooterAlt2","floor":19,"turns":3},{"damage":0,"enemies":"Spheric Guardian","floor":20,"turns":3},{"damage":0,"enemies":"downfall:FleeingMerchant","floor":21,"turns":4},{"damage":6,"enemies":"downfall:FleeingMerchant","floor":23,"turns":4},{"damage":1,"enemies":"Book of Stabbing","floor":26,"turns":4},{"damage":0,"enemies":"Centurion and Healer","floor":27,"turns":2},{"damage":0,"enemies":"Snake Plant","floor":28,"turns":3},{"damage":0,"enemies":"Gremlin Leader","floor":29,"turns":5},{"damage":0,"enemies":"Snecko","floor":32,"turns":3},{"damage":12,"enemies":"WA_ARCHETYPE_CALM","floor":33,"turns":7},{"damage":0,"enemies":"Orb Walker","floor":36,"turns":2},{"damage":0,"enemies":"3 Darklings","floor":38,"turns":3},{"damage":3,"enemies":"Maw","floor":39,"turns":5},{"damage":0,"enemies":"Sphere and 2 Shapes","floor":44,"turns":4},{"damage":0,"enemies":"Jaw Worm Horde","floor":45,"turns":2},{"damage":0,"enemies":"Nemesis","floor":48,"turns":5},{"damage":4,"enemies":"Maw","floor":49,"turns":6},{"damage":22,"enemies":"SI_POISON_ARCHETYPE","floor":50,"turns":7},{"damage":36,"enemies":"downfall:CharBossMerchant","floor":52,"turns":5},{"damage":25,"enemies":"downfall:NeowBoss","floor":55,"turns":16},{"damage":43,"enemies":"downfall:NeowBossFinal","floor":56,"turns":6}],"seed_played":"-2374311709799608182","potions_obtained":[{"floor":2,"key":"FearPotion"},{"floor":5,"key":"Ancient Potion"},{"floor":14,"key":"sneckomod:MuddlingPotion"},{"floor":20,"key":"PowerPotion"}],"is_trial":false,"path_per_floor":["R","M","?","?","M","?","T","M","?","$","E","$","$","M","M","B",null,"R","M","M","$","?","$","T","T","E","M","M","E","R","?","M","B",null,"R","M","$","M","M","?","T","?","R","M","M","$","R","E","M","B",null,"E","$","R","B","B"],"character_chosen":"THE_AUTOMATON","items_purchased":["bronze:DarkDash","bronze:BuggyMess+1","bronze:Frontload+1","MerchantsRug","Bottled Tornado","Meat on the Bone","bronze:ClassDefault"],"campfire_rested":0,"item_purchase_floors":[12,21,21,23,23,46,46],"current_hp_per_floor":[70,70,70,70,67,67,67,65,65,65,56,56,56,56,56,43,70,70,70,70,70,70,64,64,64,63,63,63,63,63,63,63,51,70,70,70,70,70,67,67,67,67,77,77,77,77,77,77,73,51,80,44,44,44,31,0,0,0],"gold":2,"neow_bonus":"ONE_RARE_RELIC","is_daily":false,"chose_seed":false,"campfire_upgraded":5,"win_rate":0.0,"timestamp":1613728759,"path_taken":["R","M","?","?","M","?","T","M","?","$","E","?","$","M","M","BOSS","R","M","M","?","?","$","T","?","E","M","M","E","R","?","M","BOSS","R","M","$","M","M","?","T","?","R","M","?","$","R","E","M","BOSS","E","$","R","BOSS","BOSS"],"items_purchased_type":["Card","Card","Card","Relic","Relic","Relic","Card"],"build_version":"2020-12-22","purchased_purges":4,"victory":false,"max_hp_per_floor":[70,70,70,70,70,70,70,70,70,70,70,70,70,70,70,70,70,70,70,70,70,70,70,70,70,70,70,70,70,70,70,70,70,70,70,70,70,70,70,70,70,70,80,80,80,80,80,80,80,80,80,80,80,80,80,80,80,80],"card_choices":[{"not_picked":["bronze:Turbo+1","bronze:CloningBeam"],"picked":"bronze:BronzeOrb","floor":2},{"not_picked":["bronze:DelayedGuard+1","bronze:Overheat"],"picked":"bronze:Branch","floor":5},{"not_picked":["bronze:Separator","bronze:Boost+1"],"picked":"bronze:Return+1","floor":8},{"not_picked":["bronze:BugBarrage","bronze:Deprecate+1"],"picked":"bronze:Separator","floor":10},{"not_picked":["bronze:Shield+1","bronze:Iterate"],"picked":"bronze:ShipIt","floor":11},{"not_picked":["bronze:Branch","bronze:Separator"],"picked":"bronze:Philosophize+1","floor":12},{"not_picked":["bronze:ForLoop+1","bronze:FollowUp"],"picked":"bronze:ChildClass+1","floor":13},{"not_picked":["bronze:Frontload+1","bronze:Invalidate+1"],"picked":"bronze:Optimize","floor":14},{"not_picked":["bronze:Separator","bronze:WhirlingStrike"],"picked":"bronze:BronzeOrb","floor":15},{"not_picked":["bronze:HardenedForm","bronze:ShipIt"],"picked":"bronze:InfiniteLoop","floor":16},{"not_picked":["bronze:Invalidate+1","bronze:Shell+1"],"picked":"bronze:Terminator+1","floor":19},{"not_picked":["bronze:Refactor+1","bronze:ItsAFeature"],"picked":"bronze:DelayedSlice","floor":20},{"not_picked":["bronze:BugBarrage+1","bronze:ForceShield+1"],"picked":"bronze:Separator","floor":21},{"not_picked":["bronze:Fortify+1","bronze:Invalidate+1","bronze:Return+1"],"picked":"SKIP","floor":23},{"not_picked":["bronze:Philosophize+1","bronze:ChildClass+1"],"picked":"bronze:HyperBeam+1","floor":26},{"not_picked":["bronze:Philosophize+1","bronze:OilSpill+1","bronze:WildBeam+1"],"picked":"SKIP","floor":27},{"not_picked":["bronze:Iterate+1","bronze:Deprecate+1"],"picked":"bronze:OilSpill+1","floor":28},{"not_picked":["bronze:BugBarrage+1","bronze:DelayedSlice+1"],"picked":"bronze:ChosenStrike+1","floor":29},{"not_picked":["bronze:BitShift+1","bronze:DelayedGuard+1","bronze:CutThrough+1"],"picked":"SKIP","floor":32},{"not_picked":["bronze:Mutator","bronze:FindAndReplace+1"],"picked":"bronze:Format+1","floor":33},{"not_picked":["bronze:BitShift+1","bronze:Repair+1"],"picked":"bronze:Terminator+1","floor":36},{"not_picked":["bronze:Terminator+1","bronze:NullPointer+1"],"picked":"bronze:FineTuning+1","floor":38},{"not_picked":["bronze:Optimize+1","bronze:Iterate+1","bronze:DarkDash+1"],"picked":"SKIP","floor":39},{"not_picked":["bronze:CutThrough+1","bronze:Deprecate+1","bronze:ChildClass+1"],"picked":"SKIP","floor":44},{"not_picked":["bronze:Backtrace+1","bronze:ChildClass+1"],"picked":"bronze:Constructor+1","floor":45},{"not_picked":["bronze:BitShift+1","bronze:WhirlingStrike+1"],"picked":"bronze:Deprecate+1","floor":48},{"not_picked":["bronze:Allocate+1","bronze:Refactor+1","bronze:DarkDash+1"],"picked":"SKIP","floor":49},{"not_picked":["bronze:Constructor+1","bronze:ForLoop+1"],"picked":"bronze:Invalidate+1","floor":52}],"player_experience":547294,"relics_obtained":[{"floor":1,"key":"Toxic Egg 2"},{"floor":7,"key":"Divine Protection"},{"floor":11,"key":"Garlic"},{"floor":24,"key":"Molten Egg 2"},{"floor":25,"key":"Rawhide"},{"floor":26,"key":"Replay:Bottled Eggs"},{"floor":29,"key":"Ginger"},{"floor":40,"key":"Ring of Greed"},{"floor":40,"key":"ReplayTheSpireMod:Ring of Collecting"},{"floor":40,"key":"Smiling Mask"},{"floor":40,"key":"Old Coin"},{"floor":41,"key":"Ring of Panic"},{"floor":48,"key":"Boot"},{"floor":52,"key":"Letter Opener"}],"event_choices":[{"damage_healed":0,"gold_gain":0,"player_choice":"Box","damage_taken":0,"relics_obtained":["Oddly Smooth Stone"],"max_hp_gain":0,"max_hp_loss":0,"event_name":"Big Fish","floor":3,"gold_loss":0,"cards_obtained":["Regret"]},{"damage_healed":0,"gold_gain":0,"player_choice":"Ignored","damage_taken":0,"max_hp_gain":0,"max_hp_loss":0,"event_name":"Vampires","floor":22,"gold_loss":0}],"is_beta":false,"boss_relics":[{"not_picked":["Honey Jar","Sozu"],"picked":"Coffee Dripper"},{"not_picked":["Replay:Wanted Poster","Cursed Key"],"picked":"bronze:PlatinumCore"}],"items_purged_floors":[10,46,46,53],"is_endless":false,"potions_floor_spawned":[2,5,14,15,20,28,32,39,45,49],"killed_by":"downfall:NeowBossFinal","ascension_level":1}}