{"host":"p8f0otjoacyb9giz","time":1613756356,"event":{"mods":["AchievementEnabler","BaseMod","Downfall","Minty Spire (QoL Compilation)","StSLib"],"gold_per_floor":[99,99,99,99,99,114,183,212,12,39,39,73,73,108,128,225,225,225,225,240,240,77,77,77,102,102,202,222,222,222,240,259,356,356,356,369,369,389,404,719,719,619,619,619,630,664,664,664,664,664],"floor_reached":48,"language":"ENG","playtime":2569,"items_purged":[],"score":685,"play_id":"df21e21c-faad-4fc3-ae9a-7a618376f2ac","local_time":"20210219203916","is_ascension_mode":true,"campfire_choices":[{"floor":1.0,"key":"RECALL"},{"data":"sneckomod:Nope","floor":9.0,"key":"SMITH"},{"data":"sneckomod:UnendingSupply","floor":18,"key":"SMITH"},{"data":"Reprogram","floor":35,"key":"SMITH"}],"circlet_count":0,"master_deck":["sneckomod:Strike","sneckomod:Defend","sneckomod:TailWhip","sneckomod:SnekBite","sneckomod:Unknown1Cost","sneckomod:Nope+1","sneckomod:UnendingSupply+1","sneckomod:Nope","sneckomod:Cheat","sneckomod:DefensiveFlair","sneckomod:UnendingSupply+1","BootSequence","sneckomod:SlitherStrike","Reprogram+1","sneckomod:ImprovisedAttack","sneckomod:UnknownRarePower","sneckomod:MixItUp","sneckomod:MixItUp+1","sneckomod:SerpentIdol+1","Malaise","expansioncontent:Chronoboost","Quick Slash"],"relics":["sneckomod:SneckoSoul","downfall:HeartsMalice","bronze:DecasWashers","sneckomod:ConfusingCodex","downfall:HeartBlessingRed","downfall:HeartBlessingGreen","hexamod:BolsterEngine","Juzu Bracelet","Anchor","Coffee Dripper","DollysMirror","Meat on the Bone","InkBottle","Du-Vu Doll","Shuriken","SlaversCollar","downfall:HeartBlessingBlue","Toxic Egg 2"],"acts_visited":["Exordium","TheCity","TheBeyond"],"potions_floor_usage":[16,16,22,28,32,46,48,48],"damage_taken":[{"damage":0.0,"enemies":"2 Louse","floor":2.0,"turns":1.0},{"damage":0.0,"enemies":"downfall:FleeingMerchant","floor":4.0,"turns":1.0},{"damage":0.0,"enemies":"Cultist","floor":5.0,"turns":1.0},{"damage":5.0,"enemies":"Small Slimes","floor":6.0,"turns":3.0},{"damage":44.0,"enemies":"3 Sentries","floor":8.0,"turns":8.0},{"damage":0.0,"enemies":"Lagavulin","floor":10.0,"turns":2.0},{"damage":0.0,"enemies":"3 Sentries","floor":12.0,"turns":4.0},{"damage":19.0,"enemies":"Gremlin Nob","floor":14.0,"turns":4.0},{"damage":0.0,"enemies":"Exordium Wildlife","floor":15.0,"turns":4.0},{"damage":11,"enemies":"WA_ARCHETYPE_RETAIN","floor":16,"turns":7},{"damage":0,"enemies":"downfall:LooterAlt2","floor":20,"turns":3},{"damage":15,"enemies":"downfall:FleeingMerchant","floor":22,"turns":4},{"damage":3,"enemies":"Gremlin Leader","floor":25,"turns":8},{"damage":14,"enemies":"IC_STATUS_ARCHETYPE","floor":27,"turns":5},{"damage":0,"enemies":"Spheric Guardian","floor":28,"turns":3},{"damage":8,"enemies":"Cultist and Chosen","floor":31,"turns":5},{"damage":12,"enemies":"Snake Plant","floor":32,"turns":4},{"damage":27,"enemies":"SI_MIRROR_ARCHETYPE","floor":33,"turns":7},{"damage":0,"enemies":"3 Darklings","floor":36,"turns":2},{"damage":0,"enemies":"Orb Walker","floor":38,"turns":2},{"damage":48,"enemies":"Writhing Mass","floor":39,"turns":7},{"damage":2,"enemies":"downfall:FleeingMerchant","floor":40,"turns":3},{"damage":6,"enemies":"3 Darklings","floor":45,"turns":3},{"damage":53,"enemies":"Nemesis","floor":46,"turns":9},{"damage":53,"enemies":"Reptomancer","floor":48,"turns":5}],"seed_played":"1723231809737532631","potions_obtained":[{"floor":6.0,"key":"EssenceOfSteel"},{"floor":10.0,"key":"Fire Potion"},{"floor":12.0,"key":"Dexterity Potion"},{"floor":16,"key":"DistilledChaos"},{"floor":20,"key":"Swift Potion"},{"floor":28,"key":"Energy Potion"},{"floor":32,"key":"Explosive Potion"}],"is_trial":false,"path_per_floor":["R","M","?","$","M","M","T","E","R","E","?","E","?","E","M","B",null,"R","?","M","?","$","R","T","E","R","?","M","?","R","M","M","B",null,"R","M","?","M","M","$","T","R","$","?","M","E","R","E"],"character_chosen":"THE_SNECKO","items_purchased":["DollysMirror"],"campfire_rested":0,"item_purchase_floors":[22],"current_hp_per_floor":[90,90,90,90,90,85,85,41,41,41,41,41,41,22,22,11,90,90,90,90,90,90,90,90,87,87,73,73,73,73,65,53,38,90,90,90,90,90,74,72,72,82,82,82,76,35,35,0,0,0],"gold":664,"neow_bonus":"THREE_ENEMY_KILL","is_daily":false,"chose_seed":false,"campfire_upgraded":3,"win_rate":0.0,"timestamp":1613756356,"path_taken":["R","M","?","$","M","?","T","E","R","E","?","E","?","E","M","BOSS","R","?","M","?","$","R","T","E","R","?","M","?","R","M","M","BOSS","R","M","?","M","M","$","T","R","$","?","M","E","R","E"],"items_purchased_type":["Relic"],"build_version":"2020-12-22","purchased_purges":0,"victory":false,"max_hp_per_floor":[90,90,90,90,90,90,90,90,90,90,90,90,90,90,90,90,90,90,90,90,90,90,90,90,90,90,90,90,90,90,90,90,90,90,90,90,90,90,90,90,90,100,100,100,100,100,100,100,100,100],"card_choices":[{"not_picked":["sneckomod:UnknownCommonAttack","sneckomod:SoulRoll"],"picked":"sneckomod:Unknown1Cost","floor":2.0},{"not_picked":["sneckomod:UnknownCommonSkill","sneckomod:RainOfDice"],"picked":"sneckomod:Nope","floor":4.0},{"not_picked":["sneckomod:QuickBite","sneckomod:SoulCleanse"],"picked":"sneckomod:UnendingSupply","floor":5.0},{"not_picked":["sneckomod:IronFang","sneckomod:RainOfDice"],"picked":"sneckomod:UnknownStrength","floor":6.0},{"not_picked":["sneckomod:PureSnecko","sneckomod:Memorize"],"picked":"sneckomod:Nope","floor":8.0},{"not_picked":["sneckomod:Unknown1Cost","sneckomod:QuickBite","sneckomod:UnknownVulnerable"],"picked":"SKIP","floor":10.0},{"not_picked":["sneckomod:Restock","sneckomod:SoulDraw"],"picked":"sneckomod:UnknownStrength","floor":12.0},{"not_picked":["sneckomod:MasterEye","sneckomod:DiceBlock","sneckomod:SoulDraw"],"picked":"SKIP","floor":14.0},{"not_picked":["sneckomod:UnknownUncommonSkill","sneckomod:UnknownColorless","sneckomod:UnknownStrike"],"picked":"SKIP","floor":15.0},{"not_picked":["sneckomod:UnknownVulnerable+1","sneckomod:QuickBite","sneckomod:TrashToTreasure+1"],"picked":"SKIP","floor":20},{"not_picked":["sneckomod:UnknownClassSLIMEBOUND+1","sneckomod:UnknownDraw","sneckomod:DefensiveFlair"],"picked":"SKIP","floor":22},{"not_picked":["sneckomod:UnknownClassBLUE","sneckomod:Nope","sneckomod:UnknownBlock+1"],"picked":"SKIP","floor":25},{"not_picked":["sneckomod:UnknownDexterity","sneckomod:DiceBlock+1"],"picked":"sneckomod:SlitherStrike","floor":27},{"not_picked":["sneckomod:UnknownCommonAttack","sneckomod:Rotation","sneckomod:Unknown2Cost"],"picked":"SKIP","floor":28},{"not_picked":["sneckomod:QuickBite+1","sneckomod:UnknownUncommonSkill"],"picked":"sneckomod:ImprovisedAttack","floor":31},{"not_picked":["sneckomod:UnknownClassGREEN","sneckomod:DiceBlock","sneckomod:GlitteringGambit"],"picked":"SKIP","floor":32},{"not_picked":["sneckomod:UnknownRareAttack","sneckomod:UnlimitedRolls"],"picked":"sneckomod:UnknownRarePower","floor":33},{"not_picked":["sneckomod:DiceCrush","sneckomod:TrashToTreasure+1"],"picked":"sneckomod:MixItUp","floor":36},{"not_picked":["sneckomod:SoulDraw","sneckomod:DiceBlock","sneckomod:UnknownDraw"],"picked":"SKIP","floor":38},{"not_picked":["sneckomod:UnknownCommonSkill+1","sneckomod:QuickMove+1"],"picked":"sneckomod:MixItUp+1","floor":39},{"not_picked":["sneckomod:Rotation","sneckomod:SoulRoll"],"picked":"sneckomod:SerpentIdol+1","floor":40},{"not_picked":["expansioncontent:YouAreMine","expansioncontent:InvincibleStrength"],"picked":"expansioncontent:Chronoboost","floor":44},{"not_picked":["sneckomod:GlitteringGambit","sneckomod:DiceCrush","sneckomod:SnekBeam+1"],"picked":"SKIP","floor":45},{"not_picked":["sneckomod:RainOfDice+1","sneckomod:UnknownWeak+1","sneckomod:UnknownCommonAttack"],"picked":"SKIP","floor":46}],"player_experience":460710,"relics_obtained":[{"floor":7.0,"key":"bronze:DecasWashers"},{"floor":8.0,"key":"sneckomod:ConfusingCodex"},{"floor":10.0,"key":"hexamod:BolsterEngine"},{"floor":12.0,"key":"Juzu Bracelet"},{"floor":14.0,"key":"Anchor"},{"floor":24,"key":"Meat on the Bone"},{"floor":25,"key":"InkBottle"},{"floor":27,"key":"Du-Vu Doll"},{"floor":27,"key":"Shuriken"},{"floor":46,"key":"Toxic Egg 2"}],"event_choices":[{"damage_healed":0,"gold_gain":0,"cards_transformed":["sneckomod:Defend","sneckomod:Strike"],"player_choice":"Became Test Subject","damage_taken":0,"max_hp_gain":0,"max_hp_loss":0,"event_name":"Drug Dealer","floor":19,"gold_loss":0,"cards_obtained":["sneckomod:UnknownCommonAttack","sneckomod:DefensiveFlair"]},{"cards_removed":["Tools of the Trade"],"damage_healed":0,"gold_gain":0,"player_choice":"Removed Power","damage_taken":0,"max_hp_gain":0,"max_hp_loss":0,"event_name":"Falling","floor":37,"gold_loss":0}],"is_beta":false,"boss_relics":[{"not_picked":["Tiny House","Snecko Eye"],"picked":"Coffee Dripper"},{"not_picked":["Cursed Key","Black Star"],"picked":"SlaversCollar"}],"items_purged_floors":[],"is_endless":false,"potions_floor_spawned":[6,10,12,14,15,16,20,28,32,33,36,39,45],"killed_by":"Reptomancer","ascension_level":4}}