{"host":"xp27heuvanyklt0b","time":1613743043,"event":{"mods":["100% Spire Juice","BaseMod","CapriCore","Koishi","Lobotomy","Minty Spire (QoL Compilation)","StSLib","The Immortal"],"gold_per_floor":[113,127,47,47,57,84,84,98,98,98,115,115,115,144,24,121,51,63,90,69,85,105,105,1,32,32,32,32,32,45,59,59,158,38,52,68,68,68],"floor_reached":37,"language":"KOR","playtime":1347,"items_purged":[],"score":521,"play_id":"62492b0e-0b8b-4f1e-986a-78a6ae901e22","local_time":"20210219225723","is_ascension_mode":true,"campfire_choices":[{"data":"Moonworks:Accelerator","floor":7,"key":"SMITH"},{"data":"Moonworks:IndiscriminateFireSupport","floor":12,"key":"SMITH"},{"data":"Moonworks:DeployBits","floor":15,"key":"SMITH"},{"floor":23,"key":"RECALL"},{"floor":27,"key":"REST"},{"data":"Moonworks:ReflectiveShell","floor":29,"key":"SMITH"},{"data":"Moonworks:SealedMemories","floor":32,"key":"SMITH"}],"circlet_count":0,"master_deck":["Moonworks:Strike","Moonworks:Strike","Moonworks:Strike","Moonworks:Defend","Moonworks:Defend","Moonworks:Defend","Moonworks:Defend","Moonworks:Ambush","Moonworks:LongDistanceShot","Moonworks:StarBlastingFuse","Moonworks:EvilSpyWorkPreparation","Moonworks:IndiscriminateFireSupport+1","Moonworks:StarBlastingFuse","Moonworks:Accelerator+1","Dramatic Entrance","Moonworks:DeployBits+1","Moonworks:BeyondHell","Moonworks:MeltingMemories+1","Moonworks:ImmovableObject+1","Moonworks:SakisCookie","Moonworks:CloudOfSeagulls","Moonworks:JonathanRush","Moonworks:NicePresent","Moonworks:ReflectiveShell+1","Moonworks:LuckyCharm","Moonworks:SealedMemories+1","Moonworks:SubspaceTunnel","CurseOfTheBell","Moonworks:NicePresent+1"],"relics":["Moonworks:BrokenBomb","Moonworks:Homemark","Akabeko","Happy Flower","Mummified Hand","Tiny House","Red Mask","Mango","Pear","Calling Bell","Toy Ornithopter","Sundial","Du-Vu Doll"],"acts_visited":["Exordium","TheCity","TheBeyond"],"potions_floor_usage":[19,19,31,31,31,37],"damage_taken":[{"damage":4,"enemies":"2 Louse","floor":1,"turns":5},{"damage":0,"enemies":"Cultist","floor":2,"turns":2},{"damage":2,"enemies":"Small Slimes","floor":5,"turns":3},{"damage":13,"enemies":"3 Sentries","floor":6,"turns":4},{"damage":0,"enemies":"3 Louse","floor":8,"turns":1},{"damage":0,"enemies":"Large Slime","floor":11,"turns":4},{"damage":6,"enemies":"Gremlin Nob","floor":14,"turns":3},{"damage":6,"enemies":"The Guardian","floor":16,"turns":6},{"damage":0,"enemies":"3 Byrds","floor":18,"turns":5},{"damage":52,"enemies":"Masked Bandits","floor":19,"turns":5},{"damage":5,"enemies":"Chosen","floor":21,"turns":3},{"damage":3,"enemies":"Snecko","floor":22,"turns":4},{"damage":22,"enemies":"Centurion and Healer","floor":24,"turns":5},{"damage":24,"enemies":"Slavers","floor":25,"turns":3},{"damage":24,"enemies":"Snake Plant","floor":30,"turns":3},{"damage":0,"enemies":"Snecko","floor":31,"turns":3},{"damage":0,"enemies":"Collector","floor":33,"turns":7},{"damage":0,"enemies":"3 Shapes","floor":35,"turns":3},{"damage":8,"enemies":"Orb Walker","floor":36,"turns":3},{"damage":112,"enemies":"2 Orb Walkers","floor":37,"turns":5}],"seed_played":"4790094041634069521","potions_obtained":[{"floor":2,"key":"EssenceOfSteel"},{"floor":5,"key":"Regen Potion"},{"floor":6,"key":"LiquidMemories"},{"floor":17,"key":"Regen Potion"},{"floor":24,"key":"EssenceOfSteel"},{"floor":30,"key":"Strength Potion"},{"floor":35,"key":"Block Potion"}],"is_trial":false,"path_per_floor":["M","M","$","?","M","E","R","M","T","?","M","R","?","E","R","B",null,"M","?","?","M","M","R","M","E","T","R","?","R","M","M","R","B",null,"M","M","?"],"character_chosen":"THE_STARBREAKER","items_purchased":["Moonworks:StarBlastingFuse"],"campfire_rested":1,"item_purchase_floors":[3],"current_hp_per_floor":[56,56,56,56,54,41,41,41,41,41,47,47,47,41,41,37,65,65,40,40,35,47,47,27,33,43,69,69,69,45,67,67,67,89,89,81,0,0],"gold":68,"neow_bonus":"TRANSFORM_CARD","is_daily":false,"chose_seed":false,"campfire_upgraded":5,"win_rate":0.0,"timestamp":1613743043,"path_taken":["M","M","$","?","?","E","R","M","T","?","M","R","?","E","R","BOSS","M","?","?","M","M","R","M","E","T","R","?","R","M","?","R","BOSS","M","M","?"],"items_purchased_type":["Card"],"build_version":"2020-12-22","purchased_purges":0,"victory":false,"max_hp_per_floor":[60,60,60,60,60,60,60,60,60,60,60,60,60,60,60,60,65,65,65,65,65,65,65,65,79,89,89,89,89,89,89,89,89,89,89,89,89,89],"card_choices":[{"not_picked":["Moonworks:LulusLuckyEgg","Moonworks:JonathanRush"],"picked":"Moonworks:EvilSpyWorkPreparation","floor":1},{"not_picked":["Moonworks:BeyondHell","Moonworks:EvilSpyWorkPreparation"],"picked":"Moonworks:IndiscriminateFireSupport","floor":2},{"not_picked":["Moonworks:ImOnFire","Moonworks:JonathanRush"],"picked":"Moonworks:DeployBits","floor":5},{"not_picked":["Moonworks:CastOff","Moonworks:JonathanRush"],"picked":"Moonworks:BeyondHell","floor":6},{"not_picked":["Moonworks:Assault","Moonworks:ScrambledEve"],"picked":"Moonworks:MeltingMemories","floor":8},{"not_picked":["Moonworks:RagingMadness","Moonworks:DeployBits"],"picked":"Moonworks:ImmovableObject","floor":11},{"not_picked":["Moonworks:BindingChains","Moonworks:NicePresent"],"picked":"Moonworks:SakisCookie","floor":14},{"not_picked":["Moonworks:Blazing","Moonworks:Gamble"],"picked":"Moonworks:FinalBattle","floor":16},{"not_picked":["Moonworks:Bloodlust","Moonworks:IndiscriminateFireSupport"],"picked":"Moonworks:CloudOfSeagulls","floor":17},{"not_picked":["Moonworks:Assault","Moonworks:Heat300Percent"],"picked":"Moonworks:JonathanRush","floor":18},{"not_picked":["Moonworks:LulusLuckyEgg","Moonworks:ImmovableObject"],"picked":"Moonworks:NicePresent","floor":19},{"not_picked":["Moonworks:ImOnFire","Moonworks:DeployBits","Moonworks:BigMagnum"],"picked":"SKIP","floor":21},{"not_picked":["Moonworks:EvilSpyWorkPreparation+1","Moonworks:LulusLuckyEgg"],"picked":"Moonworks:ReflectiveShell","floor":22},{"not_picked":["Moonworks:LulusLuckyEgg","Moonworks:EvilSpyWorkPreparation+1","Moonworks:CloudOfSeagulls"],"picked":"SKIP","floor":24},{"not_picked":["Moonworks:EvilSpyWorkPreparation","Moonworks:BindingChains"],"picked":"Moonworks:LuckyCharm","floor":25},{"not_picked":["Moonworks:IndiscriminateFireSupport","Moonworks:RagingMadness"],"picked":"Moonworks:SealedMemories","floor":30},{"not_picked":["Moonworks:JonathanRush+1","Moonworks:LulusLuckyEgg","Moonworks:DeployBits"],"picked":"SKIP","floor":31},{"not_picked":["Moonworks:Accelerator","Moonworks:HolyNight"],"picked":"Moonworks:SubspaceTunnel","floor":33},{"not_picked":["Moonworks:CookingTime","Moonworks:BigMagnum","Moonworks:SealedMemories"],"picked":"SKIP","floor":35},{"not_picked":["Moonworks:EvilSpyWorkPreparation","Moonworks:LulusLuckyEgg+1"],"picked":"Moonworks:NicePresent+1","floor":36}],"player_experience":347995,"relics_obtained":[{"floor":6,"key":"Akabeko"},{"floor":9,"key":"Happy Flower"},{"floor":14,"key":"Mummified Hand"},{"floor":19,"key":"Red Mask"},{"floor":25,"key":"Mango"},{"floor":26,"key":"Pear"},{"floor":34,"key":"Toy Ornithopter"},{"floor":34,"key":"Sundial"},{"floor":34,"key":"Du-Vu Doll"}],"event_choices":[{"damage_healed":0,"gold_gain":0,"player_choice":"2 cards matched","damage_taken":0,"max_hp_gain":0,"max_hp_loss":0,"event_name":"Match and Keep!","floor":4,"gold_loss":0,"cards_obtained":["Moonworks:Accelerator","Dramatic Entrance"]},{"damage_healed":0,"gold_gain":0,"player_choice":"Ignored","damage_taken":0,"max_hp_gain":0,"max_hp_loss":0,"event_name":"Golden Wing","floor":10,"gold_loss":0},{"damage_healed":0,"gold_gain":0,"player_choice":"Grow","damage_taken":0,"max_hp_gain":0,"max_hp_loss":0,"event_name":"Living Wall","floor":13,"gold_loss":0,"cards_upgraded":["Moonworks:MeltingMemories"]},{"damage_healed":0,"gold_gain":0,"player_choice":"Fought Bandits","damage_taken":0,"max_hp_gain":0,"max_hp_loss":0,"event_name":"Masked Bandits","floor":19,"gold_loss":0},{"damage_healed":0,"gold_gain":99,"player_choice":"Stole From Cult","damage_taken":0,"max_hp_gain":0,"max_hp_loss":0,"event_name":"Nest","floor":20,"gold_loss":0},{"cards_removed":["Moonworks:FinalBattle"],"damage_healed":0,"gold_gain":0,"player_choice":"Purged","damage_taken":0,"max_hp_gain":0,"max_hp_loss":0,"event_name":"Purifier","floor":28,"gold_loss":0},{"damage_healed":0,"gold_gain":0,"player_choice":"Fight","damage_taken":0,"max_hp_gain":0,"max_hp_loss":0,"event_name":"Mysterious Sphere","floor":37,"gold_loss":0}],"is_beta":false,"boss_relics":[{"not_picked":["Sozu","Pandora\u0027s Box"],"picked":"Tiny House"},{"not_picked":["Astrolabe","SacredBark"],"picked":"Calling Bell"}],"items_purged_floors":[],"is_endless":false,"potions_floor_spawned":[2,5,6,18,24,30,35],"killed_by":"2 Orb Walkers","ascension_level":2}}