{"host":"kh6fvhxn285ncg0o","time":1613769067,"event":{"mods":["Act Like it!","BaseMod","Colored Map","Friendly Minions","Keyboard Shortcuts","Minty Spire (QoL Compilation)","Quick Restart","Relic Stats","StSLib","SuperFastMode","UnlockEverythingMod"],"gold_per_floor":[115,80,90,90,90,117,117,143,143,155,155,168,182,207,207,207,207],"floor_reached":16,"language":"KOR","playtime":312,"items_purged":[],"score":240,"play_id":"6451d099-8f59-4f7e-b631-b774e9df41e5","local_time":"20210220061107","is_ascension_mode":true,"campfire_choices":[{"floor":7.0,"key":"REST"},{"floor":11,"key":"REST"},{"data":"Juggernaut","floor":15,"key":"SMITH"}],"circlet_count":0,"master_deck":["AscendersBane","Strike_R","Strike_R+1","Strike_R","Defend_R+1","Defend_R","Defend_R","Defend_R","Bash","Sever Soul","Combust","Shrug It Off","Second Wind","Juggernaut+1","Evolve","Wild Strike"],"relics":["Burning Blood","Omamori","Regal Pillow","Matryoshka","Potion Belt","Singing Bowl"],"acts_visited":["Exordium"],"potions_floor_usage":[14],"damage_taken":[{"damage":11.0,"enemies":"2 Louse","floor":1.0,"turns":3.0},{"damage":1.0,"enemies":"Small Slimes","floor":3.0,"turns":3.0},{"damage":43.0,"enemies":"Gremlin Nob","floor":6.0,"turns":4.0},{"damage":32.0,"enemies":"3 Sentries","floor":8.0,"turns":7.0},{"damage":9,"enemies":"Jaw Worm","floor":10,"turns":4},{"damage":18,"enemies":"Exordium Wildlife","floor":12,"turns":5},{"damage":13,"enemies":"Large Slime","floor":13,"turns":6},{"damage":9,"enemies":"Gremlin Nob","floor":14,"turns":3},{"damage":39,"enemies":"The Guardian","floor":16,"turns":9}],"seed_played":"-7473580309488976878","potions_obtained":[{"floor":3.0,"key":"PowerPotion"},{"floor":12,"key":"Fire Potion"}],"is_trial":false,"path_per_floor":["M","?","M","?","T","E","R","E","T","M","R","M","M","E","R","B"],"character_chosen":"IRONCLAD","items_purchased":[],"campfire_rested":2,"item_purchase_floors":[],"current_hp_per_floor":[45,63,68,45,45,8,45,19,19,16,53,41,34,33,33,0,0],"gold":207,"neow_bonus":"TRANSFORM_TWO_CARDS","is_daily":false,"chose_seed":false,"campfire_upgraded":1,"win_rate":0.0,"timestamp":1613769067,"path_taken":["M","?","M","?","?","E","R","E","T","M","R","M","M","E","R","BOSS"],"items_purchased_type":[],"build_version":"2020-12-22","purchased_purges":0,"victory":false,"max_hp_per_floor":[75,75,75,75,75,75,75,75,75,75,75,75,75,77,77,77,77],"relic_stats":{"Regal Pillow":30,"Singing Bowl":2,"counters":[9,44],"obtain_stats":[{"Potion Belt":9,"Regal Pillow":6,"Matryoshka":8,"Singing Bowl":14,"Omamori":5,"Burning Blood":0},{"Potion Belt":4,"Regal Pillow":3,"Matryoshka":4,"Singing Bowl":8,"Omamori":2,"Burning Blood":0},{"Potion Belt":17,"Regal Pillow":10,"Matryoshka":17,"Singing Bowl":35,"Omamori":6,"Burning Blood":0}],"Burning Blood":48},"card_choices":[{"not_picked":["Flex","Sever Soul","Clothesline"],"picked":"SKIP","floor":1.0},{"not_picked":["Cleave","Pommel Strike"],"picked":"Shrug It Off","floor":3.0},{"not_picked":["Flex","Body Slam"],"picked":"Second Wind","floor":6.0},{"not_picked":["Clothesline","Pommel Strike"],"picked":"Juggernaut","floor":8.0},{"not_picked":["Seeing Red","Dual Wield"],"picked":"Evolve","floor":10},{"not_picked":["Heavy Blade","Anger"],"picked":"Wild Strike","floor":12},{"not_picked":["True Grit","Pommel Strike","Bloodletting"],"picked":"SKIP","floor":13},{"not_picked":["Flex","Havoc","Iron Wave"],"picked":"Singing Bowl","floor":14}],"player_experience":1478075,"relics_obtained":[{"floor":5.0,"key":"Omamori"},{"floor":6.0,"key":"Regal Pillow"},{"floor":8.0,"key":"Matryoshka"},{"floor":9,"key":"Potion Belt"},{"floor":14,"key":"Singing Bowl"}],"event_choices":[{"damage_healed":18.0,"max_hp_gain":0.0,"max_hp_loss":0.0,"gold_gain":0.0,"event_name":"The Cleric","player_choice":"Healed","floor":2.0,"gold_loss":35.0,"damage_taken":0.0},{"damage_healed":0.0,"max_hp_gain":0.0,"max_hp_loss":0.0,"gold_gain":0.0,"event_name":"Shining Light","player_choice":"Entered Light","floor":4.0,"gold_loss":0.0,"damage_taken":23.0,"cards_upgraded":["Strike_R","Defend_R"]}],"is_beta":false,"boss_relics":[],"items_purged_floors":[],"is_endless":false,"potions_floor_spawned":[3,12],"killed_by":"The Guardian","ascension_level":20}}