{"host":"sav7uxregyirlf69","time":1613707432,"event":{"mods":["AchievementEnabler","BaseMod","Colored Map","DeckTracker","Keyboard Shortcuts","Minty Spire (QoL Compilation)","READ ME - Guardian Mod","StSLib","SuperFastMode"],"gold_per_floor":[114,125,50,50,50,93,108,108,190,209,209,225,225,49,49,142,142,157,197,197,212,212,212,224,224,224,224,274,286,286,317,317,317,317],"floor_reached":33,"language":"KOR","playtime":683,"items_purged":["Defend_B"],"score":626,"play_id":"a84c4200-bc0f-441f-8f3c-0e6afd345c16","local_time":"20210219130352","is_ascension_mode":true,"campfire_choices":[{"data":"Apotheosis","floor":8,"key":"SMITH"},{"floor":11,"key":"REST"},{"floor":13,"key":"REST"},{"data":"Hologram","floor":15,"key":"SMITH"},{"floor":23,"key":"REST"},{"floor":27,"key":"REST"},{"data":"Coolheaded","floor":30,"key":"SMITH"},{"floor":32,"key":"RECALL"}],"circlet_count":0,"master_deck":["AscendersBane","Strike_B","Strike_B","Defend_B","Defend_B","Defend_B","Zap","Dualcast","Apotheosis+1","Ball Lightning","Hologram+1","Conserve Battery","Redo","Glacier","Flash of Steel","Electrodynamics","BootSequence+1","Self Repair","Fusion","Coolheaded+1","Genetic Algorithm+1","Buffer"],"relics":["Cracked Core","Bloody Idol","Pen Nib","SlaversCollar","Red Mask","White Beast Statue","Lantern"],"acts_visited":["Exordium","TheCity"],"potions_floor_usage":[6,19,24,31,33,33],"damage_taken":[{"damage":5.0,"enemies":"2 Louse","floor":1.0,"turns":3.0},{"damage":4.0,"enemies":"Jaw Worm","floor":2.0,"turns":3.0},{"damage":17,"enemies":"3 Sentries","floor":6,"turns":7},{"damage":5,"enemies":"Small Slimes","floor":7,"turns":3},{"damage":11,"enemies":"Exordium Wildlife","floor":10,"turns":3},{"damage":1,"enemies":"2 Fungi Beasts","floor":12,"turns":3},{"damage":0,"enemies":"The Guardian","floor":16,"turns":12},{"damage":25,"enemies":"Chosen","floor":18,"turns":5},{"damage":18,"enemies":"Masked Bandits","floor":19,"turns":3},{"damage":0,"enemies":"Shell Parasite","floor":21,"turns":6},{"damage":23,"enemies":"Cultist and Chosen","floor":24,"turns":9},{"damage":9,"enemies":"Snecko","floor":29,"turns":9},{"damage":8,"enemies":"Slavers","floor":31,"turns":3},{"damage":64,"enemies":"Collector","floor":33,"turns":16}],"seed_played":"-4095665887785421710","potions_obtained":[{"floor":1.0,"key":"FocusPotion"},{"floor":2.0,"key":"PowerPotion"},{"floor":16,"key":"AttackPotion"},{"floor":24,"key":"FocusPotion"},{"floor":29,"key":"Strength Potion"},{"floor":31,"key":"Block Potion"}],"is_trial":false,"path_per_floor":["M","M","?","?","?","E","M","R","T","M","R","M","R","$","R","B",null,"M","?","?","M","?","R","M","?","T","R","?","M","R","E","R","B"],"character_chosen":"DEFECT","items_purchased":["Flash of Steel"],"campfire_rested":4,"item_purchase_floors":[14],"current_hp_per_floor":[41,37,37,37,37,20,15,15,15,4,23,22,41,41,41,41,58,33,15,15,30,30,49,41,41,41,60,64,64,64,61,61,0,0],"gold":317,"neow_bonus":"RANDOM_COLORLESS_2","is_daily":false,"chose_seed":false,"campfire_upgraded":3,"win_rate":0.0,"timestamp":1613707432,"path_taken":["M","M","?","?","?","E","M","R","T","M","R","?","R","$","R","BOSS","M","?","?","M","?","R","?","?","T","R","?","M","R","E","R","BOSS"],"items_purchased_type":["Card"],"build_version":"2020-12-22","purchased_purges":1,"victory":false,"max_hp_per_floor":[71,71,71,64,64,64,64,64,64,64,64,64,64,64,64,64,64,64,64,64,64,64,64,64,64,64,64,64,64,64,64,64,64,64],"card_choices":[{"not_picked":["Magnetism","Transmutation"],"picked":"Apotheosis","floor":0.0},{"not_picked":["Stack","Force Field"],"picked":"Ball Lightning","floor":1.0},{"not_picked":["Gash","Force Field"],"picked":"Hologram","floor":2.0},{"not_picked":["Steam Power","Scrape"],"picked":"Conserve Battery","floor":6},{"not_picked":["Stack","Auto Shields"],"picked":"Redo","floor":7},{"not_picked":["Conserve Battery","Hello World","Rebound"],"picked":"SKIP","floor":10},{"not_picked":["White Noise","Storm"],"picked":"Glacier","floor":12},{"not_picked":["Fission","Echo Form"],"picked":"Electrodynamics","floor":16},{"not_picked":["Streamline","Leap+1"],"picked":"BootSequence+1","floor":18},{"not_picked":["Stack","Lockon"],"picked":"Self Repair","floor":19},{"not_picked":["Consume","Rebound"],"picked":"Fusion","floor":21},{"not_picked":["Ball Lightning","Glacier"],"picked":"Coolheaded","floor":24},{"not_picked":["Ball Lightning+1","Multi-Cast"],"picked":"Genetic Algorithm+1","floor":29},{"not_picked":["Melter","All For One"],"picked":"Buffer","floor":31}],"player_experience":1616930,"relics_obtained":[{"floor":6,"key":"Pen Nib"},{"floor":19,"key":"Red Mask"},{"floor":26,"key":"White Beast Statue"},{"floor":31,"key":"Lantern"}],"event_choices":[{"cards_removed":["Strike_B"],"damage_healed":0.0,"max_hp_gain":0.0,"max_hp_loss":0.0,"gold_gain":0.0,"event_name":"The Cleric","player_choice":"Card Removal","floor":3.0,"gold_loss":75.0,"damage_taken":0.0},{"damage_healed":0.0,"max_hp_gain":0.0,"max_hp_loss":7.0,"gold_gain":0.0,"event_name":"Golden Idol","player_choice":"Lose Max HP","floor":4.0,"gold_loss":0.0,"damage_taken":0.0,"relics_obtained":["Golden Idol"]},{"damage_healed":0,"gold_gain":0,"player_choice":"Ignored","damage_taken":0,"max_hp_gain":0,"max_hp_loss":0,"event_name":"Shining Light","floor":5,"gold_loss":0},{"damage_healed":0,"gold_gain":0,"player_choice":"Fought Bandits","damage_taken":0,"max_hp_gain":0,"max_hp_loss":0,"event_name":"Masked Bandits","floor":19,"gold_loss":0},{"damage_healed":0,"gold_gain":0,"player_choice":"Gave Idol","damage_taken":0,"relics_obtained":["Bloody Idol"],"max_hp_gain":0,"max_hp_loss":0,"event_name":"Forgotten Altar","floor":20,"relics_lost":["Golden Idol"],"gold_loss":0},{"cards_removed":["Strike_B"],"damage_healed":0,"gold_gain":0,"player_choice":"Purged","damage_taken":0,"max_hp_gain":0,"max_hp_loss":0,"event_name":"Purifier","floor":22,"gold_loss":0},{"damage_healed":0,"gold_gain":0,"player_choice":"Ignored","damage_taken":0,"max_hp_gain":0,"max_hp_loss":0,"event_name":"Cursed Tome","floor":25,"gold_loss":0},{"damage_healed":0,"gold_gain":50,"player_choice":"Pray","damage_taken":0,"max_hp_gain":0,"max_hp_loss":0,"event_name":"Golden Shrine","floor":28,"gold_loss":0}],"is_beta":false,"boss_relics":[{"not_picked":["Pandora\u0027s Box","Black Star"],"picked":"SlaversCollar"}],"items_purged_floors":[14],"is_endless":false,"potions_floor_spawned":[1,2,16,18,24,29,31],"killed_by":"Collector","ascension_level":20}}