{"host":"7qoz5gmva6til3yp","time":1613759999,"event":{"mods":["2.2 Compatiblity","BaseMod","Minty Spire (QoL Compilation)","StSLib","SuperFastMode"],"gold_per_floor":[115,130,148,160,170,204,204,204,204],"floor_reached":8,"language":"KOR","playtime":265,"items_purged":[],"score":105,"play_id":"08b2b4c7-3efb-4c74-96ec-669d80d87459","local_time":"20210220033959","is_ascension_mode":true,"campfire_choices":[{"data":"Eruption","floor":7,"key":"SMITH"}],"circlet_count":0,"master_deck":["AscendersBane","Strike_P","Strike_P","Strike_P","Strike_P","Defend_P","Defend_P","Defend_P","Defend_P","Eruption+1","Vigilance","Wallop","CrushJoints","TalkToTheHand"],"relics":["Black Star","Bag of Marbles","Smiling Mask"],"acts_visited":[],"potions_floor_usage":[6],"damage_taken":[{"damage":2.0,"enemies":"Jaw Worm","floor":1.0,"turns":3.0},{"damage":0.0,"enemies":"2 Louse","floor":2.0,"turns":2.0},{"damage":5.0,"enemies":"Small Slimes","floor":3.0,"turns":4.0},{"damage":0.0,"enemies":"2 Fungi Beasts","floor":4.0,"turns":3.0},{"damage":22.0,"enemies":"Large Slime","floor":5.0,"turns":9.0},{"damage":13,"enemies":"Gremlin Nob","floor":6,"turns":4},{"damage":19,"enemies":"3 Sentries","floor":8,"turns":6}],"seed_played":"7137445128886706003","potions_obtained":[{"floor":2.0,"key":"BottledMiracle"},{"floor":4.0,"key":"Strength Potion"}],"is_trial":false,"path_per_floor":["M","M","M","M","M","E","R","E"],"character_chosen":"WATCHER","items_purchased":[],"campfire_rested":0,"item_purchase_floors":[],"current_hp_per_floor":[59,59,54,54,32,19,19,0,0],"gold":204,"neow_bonus":"BOSS_RELIC","is_daily":false,"chose_seed":false,"campfire_upgraded":1,"win_rate":0.0,"timestamp":1613759999,"path_taken":["M","M","M","M","M","E","R","E"],"items_purchased_type":[],"build_version":"2020-12-22","purchased_purges":0,"victory":false,"max_hp_per_floor":[68,68,68,68,68,68,68,68,68],"card_choices":[{"not_picked":["Halt","BattleHymn"],"picked":"Wallop","floor":1.0},{"not_picked":["Evaluate","Protect","CrushJoints"],"picked":"SKIP","floor":2.0},{"not_picked":["Evaluate","Protect"],"picked":"CrushJoints","floor":2.0},{"not_picked":["CarveReality","Indignation","Perseverance"],"picked":"SKIP","floor":3.0},{"not_picked":["CarveReality","Indignation","Perseverance"],"picked":"SKIP","floor":3.0},{"not_picked":["LikeWater","ReachHeaven","ThirdEye"],"picked":"SKIP","floor":4.0},{"not_picked":["ThirdEye","FollowUp"],"picked":"TalkToTheHand","floor":5.0},{"not_picked":["Tantrum","Halt","CrushJoints"],"picked":"SKIP","floor":6}],"player_experience":490943,"relics_obtained":[{"floor":6,"key":"Bag of Marbles"},{"floor":6,"key":"Smiling Mask"}],"event_choices":[],"is_beta":false,"boss_relics":[],"items_purged_floors":[],"is_endless":false,"potions_floor_spawned":[2,4],"killed_by":"3 Sentries","ascension_level":15}}