{"host":"en4narc5947t7k9n","time":1613734182,"event":{"mods":["AchievementEnabler","BaseMod","Colored Map","Minty Spire (QoL Compilation)","SuperFastMode"],"gold_per_floor":[219,64,139,154,54,54,4,4,54,84,84,84,98,98,98],"floor_reached":14,"language":"KOR","playtime":616,"items_purged":["Strike_R","Strike_R"],"score":86,"play_id":"13ae17da-0ea6-43af-ba33-99b34f477db7","local_time":"20210219202942","is_ascension_mode":false,"campfire_choices":[{"floor":6,"key":"RECALL"},{"data":"Infernal Blade","floor":8,"key":"SMITH"},{"data":"Feel No Pain","floor":12,"key":"SMITH"}],"circlet_count":0,"master_deck":["Strike_R","Strike_R","Defend_R","Defend_R","Defend_R","Bash","Fire Breathing","Infernal Blade+1","Feel No Pain+1","Anger","Body Slam","Infernal Blade"],"relics":["Burning Blood","Bronze Scales"],"acts_visited":["Exordium"],"potions_floor_usage":[14,14],"damage_taken":[{"damage":5,"enemies":"Jaw Worm","floor":1,"turns":5},{"damage":5,"enemies":"2 Louse","floor":4,"turns":3},{"damage":67,"enemies":"Gremlin Nob","floor":10,"turns":6},{"damage":5,"enemies":"Small Slimes","floor":13,"turns":4},{"damage":12,"enemies":"3 Sentries","floor":14,"turns":2}],"seed_played":"5985528713655500959","potions_obtained":[{"floor":10,"key":"AttackPotion"},{"floor":13,"key":"Weak Potion"}],"is_trial":false,"path_per_floor":["M","$","?","M","$","R","?","R","T","E","?","R","M","E"],"character_chosen":"IRONCLAD","items_purchased":["Infernal Blade"],"campfire_rested":0,"item_purchase_floors":[2],"current_hp_per_floor":[80,80,69,70,70,70,70,70,70,9,9,9,10,0,0],"gold":98,"neow_bonus":"HUNDRED_GOLD","is_daily":false,"chose_seed":false,"campfire_upgraded":2,"win_rate":0.0,"timestamp":1613734182,"path_taken":["M","$","?","M","$","R","?","R","T","E","?","R","M","E"],"items_purchased_type":["Card"],"build_version":"2020-12-22","purchased_purges":2,"victory":false,"max_hp_per_floor":[80,80,80,80,80,80,80,80,80,80,80,80,80,80,80],"card_choices":[{"not_picked":["Iron Wave","Twin Strike"],"picked":"Fire Breathing","floor":1},{"not_picked":["Heavy Blade","Clothesline"],"picked":"Feel No Pain","floor":4},{"not_picked":["Iron Wave","Pommel Strike"],"picked":"Anger","floor":10},{"not_picked":["Wild Strike","Perfected Strike"],"picked":"Infernal Blade","floor":13}],"player_experience":84363,"relics_obtained":[{"floor":10,"key":"Bronze Scales"}],"event_choices":[{"damage_healed":0,"gold_gain":75,"player_choice":"Gather Gold","damage_taken":11,"max_hp_gain":0,"max_hp_loss":0,"event_name":"World of Goop","floor":3,"gold_loss":0},{"cards_removed":["Strike_R"],"damage_healed":0,"gold_gain":0,"player_choice":"Card Removal","damage_taken":0,"max_hp_gain":0,"max_hp_loss":0,"event_name":"The Cleric","floor":7,"gold_loss":50},{"damage_healed":0,"gold_gain":0,"cards_transformed":["Defend_R"],"player_choice":"Change","damage_taken":0,"max_hp_gain":0,"max_hp_loss":0,"event_name":"Living Wall","floor":11,"gold_loss":0,"cards_obtained":["Body Slam"]}],"is_beta":false,"boss_relics":[],"items_purged_floors":[2,5],"is_endless":false,"potions_floor_spawned":[10,13],"killed_by":"3 Sentries","ascension_level":0}}