{"host":"jegehu1t82aiec5j","time":1613735784,"event":{"mods":["BaseMod","Colored Map","Minty Spire (QoL Compilation)","Relic Stats","StSLib"],"gold_per_floor":[115,40,57,72,72,72,102,102,102,102,120,45,45,45],"floor_reached":13,"language":"ENG","playtime":318,"items_purged":["Strike_G"],"score":145,"play_id":"2fbac8ad-99c4-42fc-803a-1377043dccde","local_time":"20210219065624","is_ascension_mode":true,"campfire_choices":[{"data":"Noxious Fumes","floor":6,"key":"SMITH"},{"data":"Footwork","floor":8,"key":"SMITH"},{"data":"Dagger Spray","floor":10,"key":"SMITH"}],"circlet_count":0,"master_deck":["AscendersBane","Strike_G","Strike_G","Defend_G","Defend_G","Defend_G","Defend_G","Defend_G","Survivor","Neutralize","Dash","Noxious Fumes+1","Dagger Spray+1","Blur","Slice","Footwork+1","Catalyst"],"relics":["Ring of the Snake","WarpedTongs","Meat on the Bone","Centennial Puzzle"],"acts_visited":["Exordium"],"potions_floor_usage":[],"damage_taken":[{"damage":0,"enemies":"Jaw Worm","floor":1,"turns":4},{"damage":0,"enemies":"Small Slimes","floor":3,"turns":3},{"damage":0,"enemies":"Cultist","floor":4,"turns":4},{"damage":3,"enemies":"3 Sentries","floor":7,"turns":6},{"damage":1,"enemies":"Exordium Wildlife","floor":11,"turns":4},{"damage":57,"enemies":"Gremlin Nob","floor":13,"turns":4}],"seed_played":"6858326907269049979","potions_obtained":[{"floor":1,"key":"SteroidPotion"},{"floor":4,"key":"Strength Potion"}],"is_trial":false,"path_per_floor":["M","?","M","M","?","R","E","R","T","R","M","$","E"],"character_chosen":"THE_SILENT","items_purchased":[],"campfire_rested":0,"item_purchase_floors":[],"current_hp_per_floor":[59,59,59,59,59,59,56,56,56,56,55,55,0,0],"gold":45,"neow_bonus":"THREE_CARDS","is_daily":false,"chose_seed":false,"campfire_upgraded":3,"win_rate":0.0,"timestamp":1613735784,"path_taken":["M","?","M","M","?","R","E","R","T","R","M","$","E"],"items_purchased_type":[],"build_version":"2020-12-22","purchased_purges":1,"victory":false,"max_hp_per_floor":[66,66,66,66,66,66,66,66,66,66,66,66,66,66],"relic_stats":{"Centennial Puzzle":[6],"counters":[6,25],"obtain_stats":[{"Centennial Puzzle":9,"Ring of the Snake":0,"WarpedTongs":0,"Meat on the Bone":7},{"Centennial Puzzle":4,"Ring of the Snake":0,"WarpedTongs":0,"Meat on the Bone":4},{"Centennial Puzzle":17,"Ring of the Snake":0,"WarpedTongs":0,"Meat on the Bone":17}],"Ring of the Snake":[12],"WarpedTongs":[25],"Meat on the Bone":0},"card_choices":[{"not_picked":["Dodge and Roll","Slice"],"picked":"Dash","floor":0},{"not_picked":["Choke","Bouncing Flask"],"picked":"Noxious Fumes","floor":1},{"not_picked":["Slice","PiercingWail"],"picked":"Dagger Spray","floor":3},{"not_picked":["Accuracy","Reflex"],"picked":"Blur","floor":4},{"not_picked":["Dagger Throw","After Image"],"picked":"Footwork","floor":7},{"not_picked":["Dagger Throw","Tactician"],"picked":"Catalyst","floor":11}],"player_experience":2609274,"relics_obtained":[{"floor":7,"key":"Meat on the Bone"},{"floor":9,"key":"Centennial Puzzle"}],"event_choices":[{"cards_removed":["Strike_G"],"damage_healed":0,"gold_gain":0,"player_choice":"Card Removal","damage_taken":0,"max_hp_gain":0,"max_hp_loss":0,"event_name":"The Cleric","floor":2,"gold_loss":75},{"damage_healed":0,"gold_gain":0,"cards_transformed":["Strike_G"],"player_choice":"Transformed","damage_taken":0,"max_hp_gain":0,"max_hp_loss":0,"event_name":"Transmorgrifier","floor":5,"gold_loss":0,"cards_obtained":["Slice"]}],"is_beta":false,"boss_relics":[],"items_purged_floors":[12],"is_endless":false,"potions_floor_spawned":[1,4,7],"killed_by":"Gremlin Nob","ascension_level":15}}