{"host":"zmnaju399zpax9sm","time":1613753952,"event":{"mods":["BaseMod","Hermit","Minty Spire (QoL Compilation)","StSLib","The Cursed","The Poker Player","The Runesmith"],"gold_per_floor":[118,130,149,324,324,358,433,433,433,450,460,470,531,531,531,531,531],"floor_reached":16,"language":"KOR","playtime":833,"items_purged":[],"score":112,"play_id":"d1f7336d-9de6-4cef-a841-59d8f669bd1c","local_time":"20210220015912","is_ascension_mode":true,"campfire_choices":[{"floor":15,"key":"REST"}],"circlet_count":0,"master_deck":["hermit:Strike_Hermit","hermit:Strike_Hermit","hermit:Strike_Hermit","hermit:Strike_Hermit","hermit:Defend_Hermit","hermit:Defend_Hermit","hermit:Defend_Hermit","hermit:Defend_Hermit","hermit:Snapshot","hermit:Covet","hermit:HeroicBravado","hermit:Determination","hermit:EternalForm+1","hermit:Vantage","hermit:DeadMansHand","hermit:Dissolve","Purity"],"relics":["hermit:Momento","Frozen Egg 2","Mummified Hand"],"acts_visited":["Exordium"],"potions_floor_usage":[],"damage_taken":[{"damage":2.0,"enemies":"2 Louse","floor":1.0,"turns":3.0},{"damage":12.0,"enemies":"Small Slimes","floor":2.0,"turns":4.0},{"damage":5.0,"enemies":"Cultist","floor":3.0,"turns":5.0},{"damage":30.0,"enemies":"Gremlin Nob","floor":6.0,"turns":6.0},{"damage":2.0,"enemies":"Large Slime","floor":10.0,"turns":7.0},{"damage":2.0,"enemies":"Exordium Thugs","floor":11.0,"turns":5.0},{"damage":1.0,"enemies":"3 Louse","floor":12.0,"turns":4.0},{"damage":36,"enemies":"The Guardian","floor":16,"turns":17}],"seed_played":"4468121181227467977","potions_obtained":[{"floor":6.0,"key":"DistilledChaos"},{"floor":11.0,"key":"hermit:Tonic"}],"is_trial":false,"path_per_floor":["M","M","M","?","?","E","?","?","T","M","M","M","?","?","R","B"],"character_chosen":"HERMIT","items_purchased":[],"campfire_rested":1,"item_purchase_floors":[],"current_hp_per_floor":[73,61,56,56,56,26,15,15,15,13,11,10,10,10,32,0,0],"gold":531,"neow_bonus":"ONE_RANDOM_RARE_CARD","is_daily":false,"chose_seed":false,"campfire_upgraded":0,"win_rate":0.0,"timestamp":1613753952,"path_taken":["M","M","M","?","?","E","?","?","T","M","M","?","?","?","R","BOSS"],"items_purchased_type":[],"build_version":"2020-12-22","purchased_purges":0,"victory":false,"max_hp_per_floor":[75,75,75,75,75,75,75,75,75,75,75,75,75,75,75,75,75],"card_choices":[{"not_picked":["hermit:HighCaliber","hermit:ItchyTrigger","hermit:Desperado"],"picked":"SKIP","floor":1.0},{"not_picked":["hermit:BigShot","hermit:Headshot"],"picked":"hermit:Determination","floor":2.0},{"not_picked":["hermit:TrackingShot","hermit:TakeCover","hermit:Coalescence"],"picked":"SKIP","floor":3.0},{"not_picked":["hermit:TrackingShot","hermit:Horror"],"picked":"hermit:EternalForm+1","floor":6.0},{"not_picked":["hermit:TrackingShot","hermit:CalledShot"],"picked":"hermit:Vantage","floor":10.0},{"not_picked":["hermit:Ricochet","hermit:TakeAim+1","hermit:SprayPray"],"picked":"SKIP","floor":11.0},{"not_picked":["hermit:TrackingShot","hermit:Manifest"],"picked":"hermit:DeadMansHand","floor":12.0}],"player_experience":518668,"relics_obtained":[{"floor":6.0,"key":"Frozen Egg 2"},{"floor":9.0,"key":"Mummified Hand"}],"event_choices":[{"damage_healed":0.0,"max_hp_gain":0.0,"max_hp_loss":0.0,"gold_gain":175.0,"event_name":"Liars Game","player_choice":"AGREE","floor":4.0,"gold_loss":0.0,"damage_taken":0.0,"cards_obtained":["Doubt"]},{"cards_removed":["Doubt"],"damage_healed":0.0,"max_hp_gain":0.0,"max_hp_loss":0.0,"gold_gain":0.0,"event_name":"Living Wall","player_choice":"Forget","floor":5.0,"gold_loss":0.0,"damage_taken":0.0},{"damage_healed":0.0,"max_hp_gain":0.0,"max_hp_loss":0.0,"gold_gain":75.0,"event_name":"World of Goop","player_choice":"Gather Gold","floor":7.0,"gold_loss":0.0,"damage_taken":11.0},{"damage_healed":0.0,"max_hp_gain":0.0,"max_hp_loss":0.0,"gold_gain":0.0,"event_name":"FaceTrader","player_choice":"Leave","floor":8.0,"gold_loss":0.0,"damage_taken":0.0},{"damage_healed":0.0,"max_hp_gain":0.0,"max_hp_loss":0.0,"gold_gain":61.0,"event_name":"Golden Wing","player_choice":"Gained Gold","floor":13.0,"gold_loss":0.0,"damage_taken":0.0},{"damage_healed":0,"gold_gain":0,"player_choice":"2 cards matched","damage_taken":0,"max_hp_gain":0,"max_hp_loss":0,"event_name":"Match and Keep!","floor":14,"gold_loss":0,"cards_obtained":["hermit:Dissolve","Purity"]}],"is_beta":false,"boss_relics":[],"items_purged_floors":[],"is_endless":false,"potions_floor_spawned":[6,11],"killed_by":"The Guardian","ascension_level":2}}