{"host":"l7l2v2zs4hqku4vk","time":1613701919,"event":{"mods":["Act Like it!","BaseMod","Colored Powertips","Downfall","Highlight Path","Minty Spire (QoL Compilation)","Replay The Spire","StSLib","TestMod","The Servant 0.9.4","óô»ðÖ¸ÄÏ"],"gold_per_floor":[116,116,136,136,136,136,156,172,172,203,220,40,51,10,10,10,10],"floor_reached":16,"language":"ZHS","playtime":418,"items_purged":["Strike_G"],"score":204,"play_id":"c1549972-7852-4acc-9ec8-0d219cc0ba0e","local_time":"20210219103159","is_ascension_mode":true,"campfire_choices":[{"data":"Dagger Spray","floor":6,"key":"SMITH"},{"floor":15,"key":"REST"}],"circlet_count":0,"master_deck":["AscendersBane","Strike_G","Strike_G+1","Strike_G","Strike_G+1","Defend_G","Defend_G","Defend_G","Defend_G","Defend_G","Survivor","Neutralize","Accuracy","Dagger Spray+1","Blade Dance","Infinite Blades","Acrobatics","Footwork"],"relics":["Ring of the Snake","testmod-TestBox","testmod-FatalChain","NeowsBlessing","Tough Bandages","Pocketwatch"],"acts_visited":["Exordium"],"potions_floor_usage":[10,10,12,13],"damage_taken":[{"damage":0,"enemies":"Small Slimes","floor":1,"turns":1},{"damage":0,"enemies":"Cultist","floor":3,"turns":1},{"damage":0,"enemies":"Jaw Worm","floor":7,"turns":1},{"damage":11,"enemies":"Looter","floor":8,"turns":3},{"damage":15,"enemies":"Lagavulin","floor":10,"turns":4},{"damage":0,"enemies":"Lots of Slimes","floor":11,"turns":1},{"damage":5,"enemies":"3 Louse","floor":13,"turns":2},{"damage":29,"enemies":"Slime Boss","floor":16,"turns":7}],"seed_played":"-7482747032307509404","potions_obtained":[{"floor":1,"key":"Weak Potion"},{"floor":3,"key":"FearPotion"},{"floor":10,"key":"Weak Potion"}],"is_trial":false,"path_per_floor":["M","?","M","?","?","R","M","M","T","E","M","$","M","$","R","B"],"character_chosen":"THE_SILENT","items_purchased":["Fruit Juice","Footwork"],"campfire_rested":1,"item_purchase_floors":[12,14],"current_hp_per_floor":[59,50,50,30,30,30,30,19,19,4,4,9,4,4,25,0,0],"gold":10,"neow_bonus":"THREE_ENEMY_KILL","is_daily":false,"chose_seed":false,"campfire_upgraded":1,"win_rate":0.0,"timestamp":1613701919,"path_taken":["M","?","?","?","?","R","?","?","T","E","M","$","M","$","R","BOSS"],"items_purchased_type":["Potion","Card"],"build_version":"2020-12-22","purchased_purges":1,"victory":false,"max_hp_per_floor":[66,66,66,66,66,66,66,66,66,66,66,71,71,71,71,71,71],"card_choices":[{"not_picked":["Backflip","Blade Dance"],"picked":"Accuracy","floor":1},{"not_picked":["Skewer","Deflect"],"picked":"Dagger Spray","floor":3},{"not_picked":["Backstab","Poisoned Stab"],"picked":"Blade Dance","floor":7},{"not_picked":["Underhanded Strike","Flying Knee","Sucker Punch"],"picked":"SKIP","floor":8},{"not_picked":["A Thousand Cuts","Bouncing Flask"],"picked":"Infinite Blades","floor":10},{"not_picked":["Slice","Choke"],"picked":"Acrobatics","floor":11},{"not_picked":["Dagger Throw","Heel Hook","Poisoned Stab"],"picked":"SKIP","floor":13}],"player_experience":1821423,"relics_obtained":[{"floor":9,"key":"Tough Bandages"},{"floor":10,"key":"Pocketwatch"}],"event_choices":[{"damage_healed":0,"gold_gain":0,"player_choice":"Damaged","damage_taken":9,"max_hp_gain":0,"max_hp_loss":0,"event_name":"Wheel of Change","floor":2,"gold_loss":0},{"damage_healed":0,"gold_gain":0,"player_choice":"Entered Light","damage_taken":20,"max_hp_gain":0,"max_hp_loss":0,"event_name":"Shining Light","floor":4,"gold_loss":0,"cards_upgraded":["Strike_G","Strike_G"]},{"damage_healed":0,"gold_gain":0,"player_choice":"0 cards matched","damage_taken":0,"max_hp_gain":0,"max_hp_loss":0,"event_name":"Match and Keep!","floor":5,"gold_loss":0,"cards_obtained":[]}],"is_beta":false,"boss_relics":[],"items_purged_floors":[12],"is_endless":false,"potions_floor_spawned":[1,3,10],"killed_by":"Slime Boss","ascension_level":20}}