{"host":"ovivighfa421z0zp","time":1613744328,"event":{"mods":["BaseMod","Colored Map","DeckTracker","Minty Spire (QoL Compilation)","Replay The Spire","StSLib","SuperFastMode","The Hierophant"],"gold_per_floor":[215,21,37,53,52,63,63,81,81,79,79,79,79,79,79,200,263,234,83,83,102,76,76,76,76,76,75,86,80,80,80,80,0,0],"floor_reached":33,"language":"KOR","playtime":1363,"items_purged":["hierophant:Strike_Hierophant","hierophant:Strike_Hierophant"],"score":421,"play_id":"227d7afd-04c5-482b-ab41-af9b53db0d98","local_time":"20210219231848","is_ascension_mode":true,"campfire_choices":[{"data":"hierophant:PassingBell","floor":7,"key":"SMITH"},{"floor":13,"key":"REST"},{"floor":15,"key":"DIG"},{"data":"hierophant:PristineSoul","floor":23,"key":"SMITH"},{"data":"hierophant:ChurchCoffers","floor":25,"key":"SMITH"},{"data":"hierophant:Repentance","floor":30,"key":"SMITH"},{"floor":32,"key":"DIG"}],"circlet_count":0,"master_deck":["hierophant:Strike_Hierophant+1","hierophant:Punish","hierophant:Defend_Hierophant+1","hierophant:Defend_Hierophant+1","hierophant:Defend_Hierophant+1","hierophant:Defend_Hierophant+1","hierophant:ChurchCoffers+1","hierophant:ThreeLashes","hierophant:DisplayOfPower+1","hierophant:SolarFlare","hierophant:OrnateBuckler","hierophant:PassingBell+1","hierophant:Encroach","hierophant:HammerAndAnvil","hierophant:Chorus+1","hierophant:Batter","hierophant:SolarFlare","hierophant:FieryStrike","hierophant:PristineSoul+1","hierophant:Smite","hierophant:Repentance+1","hierophant:Rebuild+1","hierophant:Levitation","hierophant:Encroach+1"],"relics":["hierophant:PropheticMaskRelic","Replay:Bottled Eggs","Pantograph","Prayer Wheel","Shovel","Golden Idol","Divine Protection","Tiny House","Matryoshka","White Beast Statue","Replay:Accelerometer","Bottled Lightning"],"acts_visited":["Exordium","TheCity"],"potions_floor_usage":[6,10,18,27,28,29,33,33],"damage_taken":[{"damage":7,"enemies":"Small Slimes","floor":1,"turns":3},{"damage":0,"enemies":"Jaw Worm","floor":3,"turns":1},{"damage":0,"enemies":"Cultist","floor":4,"turns":2},{"damage":16,"enemies":"Exordium Thugs","floor":5,"turns":4},{"damage":5,"enemies":"Lagavulin","floor":6,"turns":5},{"damage":27,"enemies":"Gremlin Nob","floor":8,"turns":4},{"damage":2,"enemies":"3 Sentries","floor":10,"turns":6},{"damage":7,"enemies":"The Guardian","floor":16,"turns":7},{"damage":0,"enemies":"3 Byrds","floor":18,"turns":5},{"damage":0,"enemies":"Spheric Guardian","floor":21,"turns":1},{"damage":3,"enemies":"Snake Plant","floor":22,"turns":4},{"damage":0,"enemies":"Shelled Parasite and Fungi","floor":27,"turns":4},{"damage":0,"enemies":"Centurion and Healer","floor":28,"turns":8},{"damage":0,"enemies":"Snake Plant","floor":29,"turns":3},{"damage":80,"enemies":"Automaton","floor":33,"turns":6}],"seed_played":"2497443624746322541","potions_obtained":[{"floor":4,"key":"PowerPotion"},{"floor":5,"key":"SteroidPotion"},{"floor":6,"key":"CultistPotion"},{"floor":10,"key":"Block Potion"},{"floor":16,"key":"Strength Potion"},{"floor":17,"key":"Flashbang"},{"floor":22,"key":"Strength Potion"},{"floor":27,"key":"LiquidBronze"},{"floor":28,"key":"Toxic Potion"},{"floor":29,"key":"Adrenaline Potion"}],"is_trial":false,"path_per_floor":["M","$","M","M","M","E","R","E","T","E","$","?","R","?","R_BF","B",null,"M","$","?","M","M","R","T","R","T","M","M","M","R","?","R","B"],"character_chosen":"HIEROPHANT","items_purchased":["hierophant:DisplayOfPower+1","hierophant:SolarFlare","hierophant:FieryStrike"],"campfire_rested":1,"item_purchase_floors":[2,2,19],"current_hp_per_floor":[61,61,61,61,45,40,40,13,13,11,11,11,31,31,31,49,69,69,69,69,69,66,66,66,66,66,66,66,66,66,66,66,0,0],"gold":0,"neow_bonus":"HUNDRED_GOLD","is_daily":false,"chose_seed":false,"campfire_upgraded":4,"win_rate":0.0,"timestamp":1613744328,"path_taken":["M","$","M","M","M","E","R","E","T","E","$","?","R","?","R_BF","BOSS","M","$","?","M","?","R","?","R","T","M","M","M","R","?","R","BOSS"],"items_purchased_type":["Card","Card","Card"],"build_version":"2020-12-22","purchased_purges":2,"victory":false,"max_hp_per_floor":[75,75,75,75,75,75,75,75,75,75,75,69,69,69,69,69,74,74,74,74,74,74,74,74,74,74,74,74,74,74,74,74,74,74],"card_choices":[{"not_picked":["hierophant:Doubloon","hierophant:Upheaval"],"picked":"hierophant:ThreeLashes","floor":1},{"not_picked":["hierophant:HolyVerse","hierophant:RecallFunds"],"picked":"hierophant:OrnateBuckler","floor":3},{"not_picked":["hierophant:Zeal","hierophant:Shelter"],"picked":"hierophant:PassingBell","floor":4},{"not_picked":["hierophant:PassingBell","hierophant:Sermon","hierophant:AuricBeam"],"picked":"SKIP","floor":5},{"not_picked":["hierophant:Community","hierophant:CoinFling"],"picked":"hierophant:Encroach","floor":6},{"not_picked":["hierophant:Shelter","hierophant:EyeForCoin"],"picked":"hierophant:HammerAndAnvil","floor":8},{"not_picked":["hierophant:Encroach","hierophant:FlamingChariot"],"picked":"hierophant:Chorus","floor":10},{"not_picked":["hierophant:Invocation","hierophant:Cornucopia"],"picked":"hierophant:Batter","floor":16},{"not_picked":["hierophant:EyeForCoin","hierophant:AuricBeam"],"picked":"hierophant:SolarFlare","floor":18},{"not_picked":["hierophant:TollTheBells","hierophant:CursedGold","hierophant:RustyCrate"],"picked":"SKIP","floor":18},{"not_picked":["hierophant:FlamingChariot","hierophant:MintersHammer","hierophant:Martyrdom"],"picked":"SKIP","floor":21},{"not_picked":["hierophant:CoinFling+1","hierophant:Repentance","hierophant:Zeal"],"picked":"SKIP","floor":21},{"not_picked":["hierophant:Sermon","hierophant:Smite"],"picked":"hierophant:PristineSoul","floor":22},{"not_picked":["hierophant:MorningPrayer","hierophant:Martyrdom"],"picked":"hierophant:Smite","floor":22},{"not_picked":["hierophant:Encroach","hierophant:HammerAndAnvil"],"picked":"hierophant:Repentance","floor":27},{"not_picked":["hierophant:Encroach","hierophant:Martyrdom","hierophant:RepressedViolence"],"picked":"SKIP","floor":27},{"not_picked":["hierophant:PassingBell+1","hierophant:Purify"],"picked":"hierophant:Rebuild+1","floor":28},{"not_picked":["hierophant:FieryStrike","hierophant:Mercenaries+1","hierophant:AuricBeam+1"],"picked":"SKIP","floor":28},{"not_picked":["hierophant:Purify","hierophant:Shelter"],"picked":"hierophant:Levitation","floor":29},{"not_picked":["hierophant:RepressedViolence+1","hierophant:RustyCrate+1"],"picked":"hierophant:Encroach+1","floor":29}],"player_experience":774966,"relics_obtained":[{"floor":6,"key":"Replay:Bottled Eggs"},{"floor":8,"key":"Pantograph"},{"floor":9,"key":"Prayer Wheel"},{"floor":10,"key":"Shovel"},{"floor":15,"key":"Divine Protection"},{"floor":24,"key":"Matryoshka"},{"floor":26,"key":"White Beast Statue"},{"floor":26,"key":"Replay:Accelerometer"},{"floor":32,"key":"Bottled Lightning"}],"event_choices":[{"damage_healed":0,"gold_gain":0,"player_choice":"Lose Max HP","damage_taken":0,"relics_obtained":["Golden Idol"],"max_hp_gain":0,"max_hp_loss":6,"event_name":"Golden Idol","floor":12,"gold_loss":0},{"cards_removed":["hierophant:Strike_Hierophant"],"damage_healed":0,"gold_gain":0,"player_choice":"Forget","damage_taken":0,"max_hp_gain":0,"max_hp_loss":0,"event_name":"Living Wall","floor":14,"gold_loss":0},{"damage_healed":0,"gold_gain":0,"player_choice":"Upgraded","damage_taken":0,"max_hp_gain":0,"max_hp_loss":0,"event_name":"Upgrade Shrine","floor":20,"gold_loss":0,"cards_upgraded":["hierophant:Chorus"]},{"damage_healed":0,"gold_gain":0,"player_choice":"Ignored","damage_taken":0,"max_hp_gain":0,"max_hp_loss":0,"event_name":"Ghosts","floor":31,"gold_loss":0}],"is_beta":false,"boss_relics":[{"not_picked":["Kintsugi","Snecko Eye"],"picked":"Tiny House"}],"items_purged_floors":[2,19],"is_endless":false,"potions_floor_spawned":[4,5,6,10,16,22,27,28,29],"killed_by":"Automaton","ascension_level":9}}