{"host":"uhi6g4fgvyietct9","time":1613734255,"event":{"mods":["AchievementEnabler","BaseMod","Colored Map","Colored Powertips","Minty Spire (QoL Compilation)","StSLib","SuperFastMode"],"gold_per_floor":[117,42,217,317,333,358,374,46,46,66,66,66],"floor_reached":11,"language":"KOR","playtime":355,"items_purged":["Strike_R","Doubt"],"score":157,"play_id":"949c63b7-46d5-415d-87d1-0d4203f13c4a","local_time":"20210219203055","is_ascension_mode":true,"campfire_choices":[],"circlet_count":0,"master_deck":["AscendersBane","Strike_R","Strike_R","Strike_R","Strike_R","Defend_R","Defend_R","Defend_R","Defend_R","Bash","Evolve","Burning Pact","Entrench","Barricade","Reckless Charge"],"relics":["Burning Blood","NeowsBlessing","Oddly Smooth Stone","Matryoshka"],"acts_visited":["Exordium"],"potions_floor_usage":[10,11],"damage_taken":[{"damage":0.0,"enemies":"2 Louse","floor":1.0,"turns":1.0},{"damage":0.0,"enemies":"Jaw Worm","floor":5.0,"turns":1.0},{"damage":0.0,"enemies":"Gremlin Nob","floor":6.0,"turns":1.0},{"damage":18.0,"enemies":"Cultist","floor":7.0,"turns":5.0},{"damage":0,"enemies":"3 Louse","floor":10,"turns":2},{"damage":70,"enemies":"Lagavulin","floor":11,"turns":12}],"seed_played":"-6762408715767458928","potions_obtained":[{"floor":1.0,"key":"FearPotion"},{"floor":6.0,"key":"Explosive Potion"}],"is_trial":false,"path_per_floor":["M","$","?","?","M","E","M","$","T","M","E"],"character_chosen":"IRONCLAD","items_purchased":["Barricade","Regen Potion"],"campfire_rested":0,"item_purchase_floors":[8,8],"current_hp_per_floor":[78,78,78,78,80,80,68,68,68,74,19,19],"gold":66,"neow_bonus":"THREE_ENEMY_KILL","is_daily":false,"chose_seed":false,"campfire_upgraded":0,"win_rate":0.0,"timestamp":1613734255,"path_taken":["M","$","?","?","?","E","M","$","T","M","E"],"items_purchased_type":["Card","Potion"],"build_version":"2020-12-22","purchased_purges":2,"victory":false,"max_hp_per_floor":[80,80,80,80,80,80,80,80,80,80,80,80],"card_choices":[{"not_picked":["Sever Soul","Heavy Blade","Anger"],"picked":"SKIP","floor":1.0},{"not_picked":["Flame Barrier","Armaments"],"picked":"Evolve","floor":5.0},{"not_picked":["Flame Barrier","Twin Strike"],"picked":"Burning Pact","floor":6.0},{"not_picked":["Iron Wave","Heavy Blade"],"picked":"Entrench","floor":7.0},{"not_picked":["True Grit","Cleave"],"picked":"Reckless Charge","floor":10}],"player_experience":590117,"relics_obtained":[{"floor":6.0,"key":"Oddly Smooth Stone"},{"floor":9.0,"key":"Matryoshka"}],"event_choices":[{"damage_healed":0.0,"max_hp_gain":0.0,"max_hp_loss":0.0,"gold_gain":175.0,"event_name":"Liars Game","player_choice":"AGREE","floor":3.0,"gold_loss":0.0,"damage_taken":0.0,"cards_obtained":["Doubt"]},{"damage_healed":0.0,"max_hp_gain":0.0,"max_hp_loss":0.0,"gold_gain":100.0,"event_name":"Wheel of Change","player_choice":"Gold","floor":4.0,"gold_loss":0.0,"damage_taken":0.0}],"is_beta":false,"boss_relics":[],"items_purged_floors":[2,8],"is_endless":false,"potions_floor_spawned":[1,6],"killed_by":"Lagavulin","ascension_level":12}}