{"host":"2l5k2wp87eek7qja","time":1613749902,"event":{"mods":["BaseMod","Colored Map","Minty Spire (QoL Compilation)","Relic Stats"],"gold_per_floor":[111,261,261,275,27,27,58,58,81,113,133,133,150,165,165,243,243,263,233,251,271,11,11,46,46,46],"floor_reached":25,"language":"ENG","playtime":842,"items_purged":["Doubt","Strike_G"],"score":512,"play_id":"4cb5201a-1c3d-404d-9362-4b11350aba63","local_time":"20210219175142","is_ascension_mode":true,"campfire_choices":[{"data":"Predator","floor":6,"key":"SMITH"},{"data":"Predator","floor":8,"key":"SMITH"},{"data":"Neutralize","floor":12,"key":"SMITH"},{"data":"Leg Sweep","floor":15,"key":"SMITH"},{"floor":23,"key":"REST"}],"circlet_count":0,"master_deck":["AscendersBane","Strike_G","Strike_G","Strike_G","Strike_G","Defend_G","Defend_G","Defend_G","Defend_G","Defend_G","Survivor","Neutralize+1","Blade Dance+1","Predator+1","Predator+1","All Out Attack","Cloak And Dagger","Deadly Poison","Leg Sweep+1","Night Terror","Leg Sweep","Deadly Poison","Glass Knife","Caltrops","Bouncing Flask"],"relics":["Ring of the Snake","NeowsBlessing","Anchor","Gambling Chip","Potion Belt","Ginger","SlaversCollar","Bag of Marbles"],"acts_visited":["Exordium","TheCity"],"potions_floor_usage":[18,20,20,20,20,20,21,21,24,25],"damage_taken":[{"damage":0,"enemies":"Small Slimes","floor":1,"turns":1},{"damage":0,"enemies":"Jaw Worm","floor":4,"turns":1},{"damage":0,"enemies":"3 Sentries","floor":7,"turns":1},{"damage":22,"enemies":"Lagavulin","floor":10,"turns":5},{"damage":0,"enemies":"Cultist","floor":11,"turns":2},{"damage":0,"enemies":"2 Fungi Beasts","floor":13,"turns":2},{"damage":0,"enemies":"Gremlin Gang","floor":14,"turns":4},{"damage":10,"enemies":"The Guardian","floor":16,"turns":12},{"damage":10,"enemies":"Shell Parasite","floor":18,"turns":7},{"damage":1,"enemies":"Chosen","floor":20,"turns":3},{"damage":36,"enemies":"Sentry and Sphere","floor":21,"turns":9},{"damage":18,"enemies":"Book of Stabbing","floor":24,"turns":4},{"damage":10,"enemies":"Centurion and Healer","floor":25,"turns":2}],"seed_played":"2644004578377108430","potions_obtained":[{"floor":7,"key":"Weak Potion"},{"floor":11,"key":"Strength Potion"},{"floor":16,"key":"Explosive Potion"},{"floor":19,"key":"EntropicBrew"},{"floor":19,"key":"EssenceOfSteel"},{"floor":21,"key":"Fire Potion"}],"is_trial":false,"path_per_floor":["M","?","?","M","$","R","E","R","T","E","M","R","M","M","R","B",null,"M","?","M","M","$","R","E","M"],"character_chosen":"THE_SILENT","items_purchased":["Anchor","Glass Knife","Caltrops"],"campfire_rested":1,"item_purchase_floors":[5,22,22],"current_hp_per_floor":[59,59,59,59,59,59,59,59,59,37,37,37,37,37,37,27,56,46,46,45,9,9,28,10,0,0],"gold":46,"neow_bonus":"THREE_ENEMY_KILL","is_daily":false,"chose_seed":false,"campfire_upgraded":4,"win_rate":0.0,"timestamp":1613749902,"path_taken":["M","?","?","M","$","R","E","R","T","E","M","R","?","M","R","BOSS","M","?","?","?","$","R","E","M"],"items_purchased_type":["Relic","Card","Card"],"build_version":"2020-12-22","purchased_purges":2,"victory":false,"max_hp_per_floor":[66,66,66,66,66,66,66,66,66,66,66,66,66,66,66,66,66,66,66,66,66,66,66,66,66,66],"relic_stats":{"counters":[13,53],"Gambling Chip":[50],"Ginger":[0],"obtain_stats":[{"Potion Belt":9,"SlaversCollar":17,"Anchor":5,"NeowsBlessing":0,"Gambling Chip":7,"Bag of Marbles":24,"Ginger":10,"Ring of the Snake":0},{"Potion Belt":3,"SlaversCollar":8,"Anchor":2,"NeowsBlessing":0,"Gambling Chip":3,"Bag of Marbles":12,"Ginger":4,"Ring of the Snake":0},{"Potion Belt":3,"SlaversCollar":28,"Anchor":2,"NeowsBlessing":0,"Gambling Chip":3,"Bag of Marbles":51,"Ginger":8,"Ring of the Snake":0}],"Ring of the Snake":[26]},"card_choices":[{"not_picked":["Slice","Eviscerate"],"picked":"Blade Dance","floor":1},{"not_picked":["Acrobatics","Bane"],"picked":"Predator","floor":4},{"not_picked":["Prepared","Backflip"],"picked":"Predator","floor":7},{"not_picked":["Underhanded Strike","Deadly Poison"],"picked":"All Out Attack","floor":10},{"not_picked":["Dodge and Roll","Dagger Spray"],"picked":"Cloak And Dagger","floor":11},{"not_picked":["Dagger Throw","Poisoned Stab"],"picked":"Deadly Poison","floor":13},{"not_picked":["Tactician","Dodge and Roll"],"picked":"Leg Sweep","floor":14},{"not_picked":["Unload","Bullet Time"],"picked":"Night Terror","floor":16},{"not_picked":["Cloak And Dagger","Quick Slash"],"picked":"Leg Sweep","floor":18},{"not_picked":["Quick Slash+1","All Out Attack","Riddle With Holes"],"picked":"SKIP","floor":20},{"not_picked":["Dagger Spray","Calculated Gamble+1"],"picked":"Deadly Poison","floor":21},{"not_picked":["Sucker Punch","Blade Dance"],"picked":"Bouncing Flask","floor":24}],"player_experience":805622,"relics_obtained":[{"floor":7,"key":"Gambling Chip"},{"floor":9,"key":"Potion Belt"},{"floor":10,"key":"Ginger"},{"floor":24,"key":"Bag of Marbles"}],"event_choices":[{"damage_healed":0,"gold_gain":150,"player_choice":"AGREE","damage_taken":0,"max_hp_gain":0,"max_hp_loss":0,"event_name":"Liars Game","floor":2,"gold_loss":0,"cards_obtained":["Doubt"]},{"damage_healed":0,"gold_gain":0,"player_choice":"Upgraded","damage_taken":0,"max_hp_gain":0,"max_hp_loss":0,"event_name":"Upgrade Shrine","floor":3,"gold_loss":0,"cards_upgraded":["Blade Dance"]},{"damage_healed":0,"gold_gain":0,"player_choice":"Bought 2 Potions","damage_taken":0,"max_hp_gain":0,"max_hp_loss":0,"event_name":"The Woman in Blue","floor":19,"gold_loss":0}],"is_beta":false,"boss_relics":[{"not_picked":["Busted Crown","Pandora\u0027s Box"],"picked":"SlaversCollar"}],"items_purged_floors":[5,22],"is_endless":false,"potions_floor_spawned":[7,11,16,21],"killed_by":"Centurion and Healer","ascension_level":20}}