{"host":"prxrhpgaxnj4om9r","time":1613727966,"event":{"mods":["AchievementEnabler","BaseMod","Colored Map","DeckTracker","Minty Spire (QoL Compilation)"],"gold_per_floor":[115,115,125,125,138,138,154,71,117,117,127,127,142,161,161,264,264,283,298,298,298,310,310,310],"floor_reached":23,"language":"KOR","playtime":731,"items_purged":[],"score":185,"play_id":"293aa008-3c12-45b0-980f-ac56c701ae5f","local_time":"20210219184606","is_ascension_mode":false,"campfire_choices":[{"data":"ClearTheMind","floor":6,"key":"SMITH"},{"floor":12,"key":"RECALL"},{"data":"Discovery","floor":15,"key":"SMITH"}],"circlet_count":0,"master_deck":["Strike_P","Strike_P","Strike_P","Defend_P","Eruption+1","Vigilance","Evaluate","Indignation","ClearTheMind+1","Halt","Discovery+1","Wireheading","CutThroughFate","ForeignInfluence","Fasting2","Ragnarok","ThirdEye+1","Weave+1","Indignation+1","Consecrate","SashWhip+1","FollowUp+1"],"relics":["PureWater","NeowsBlessing","Regal Pillow","Astrolabe","Dream Catcher","CultistMask"],"acts_visited":["Exordium","TheCity"],"potions_floor_usage":[13,16,23],"damage_taken":[{"damage":0,"enemies":"Small Slimes","floor":1,"turns":1},{"damage":0,"enemies":"Cultist","floor":3,"turns":1},{"damage":0,"enemies":"2 Louse","floor":5,"turns":1},{"damage":2,"enemies":"Red Slaver","floor":7,"turns":3},{"damage":0,"enemies":"2 Fungi Beasts","floor":11,"turns":3},{"damage":0,"enemies":"Lots of Slimes","floor":13,"turns":3},{"damage":0,"enemies":"3 Louse","floor":14,"turns":2},{"damage":60,"enemies":"Hexaghost","floor":16,"turns":6},{"damage":20,"enemies":"Chosen","floor":18,"turns":3},{"damage":0,"enemies":"Shell Parasite","floor":19,"turns":2},{"damage":10,"enemies":"Snecko","floor":22,"turns":3},{"damage":52,"enemies":"Slavers","floor":23,"turns":2}],"seed_played":"-6649644044597849556","potions_obtained":[{"floor":7,"key":"SkillPotion"},{"floor":13,"key":"Swift Potion"},{"floor":16,"key":"SpeedPotion"},{"floor":19,"key":"Explosive Potion"}],"is_trial":false,"path_per_floor":["M","?","M","?","M","R","M","$","T","?","M","R","M","M","R","B",null,"M","M","?","?","M","E"],"character_chosen":"WATCHER","items_purchased":["Discovery"],"campfire_rested":0,"item_purchase_floors":[8],"current_hp_per_floor":[72,72,72,72,72,72,70,70,70,70,70,70,70,70,70,10,72,52,52,52,52,42,0,0],"gold":310,"neow_bonus":"THREE_ENEMY_KILL","is_daily":false,"chose_seed":false,"campfire_upgraded":2,"win_rate":0.0,"timestamp":1613727966,"path_taken":["M","?","?","?","M","R","?","$","T","?","M","R","?","M","R","BOSS","M","?","?","?","M","E"],"items_purchased_type":["Card"],"build_version":"2020-12-22","purchased_purges":0,"victory":false,"max_hp_per_floor":[72,72,72,72,72,72,72,72,72,72,72,72,72,72,72,72,72,72,72,72,72,72,72,72],"card_choices":[{"not_picked":["JustLucky","PathToVictory"],"picked":"Evaluate","floor":1},{"not_picked":["Nirvana","Prostrate"],"picked":"Indignation","floor":3},{"not_picked":["Collect","FollowUp"],"picked":"ClearTheMind","floor":5},{"not_picked":["ThirdEye","CrushJoints"],"picked":"Halt","floor":7},{"not_picked":["Perseverance","FollowUp"],"picked":"CutThroughFate","floor":11},{"not_picked":["PathToVictory","Conclude"],"picked":"ForeignInfluence","floor":13},{"not_picked":["Brilliance","SashWhip"],"picked":"Fasting2","floor":14},{"not_picked":["DevaForm","Devotion"],"picked":"Ragnarok","floor":16},{"not_picked":["JustLucky","Protect"],"picked":"Consecrate","floor":18},{"not_picked":["FollowUp","Evaluate+1"],"picked":"SashWhip+1","floor":19},{"not_picked":["SashWhip","EmptyBody"],"picked":"FollowUp+1","floor":22}],"player_experience":533634,"relics_obtained":[{"floor":9,"key":"Regal Pillow"}],"event_choices":[{"damage_healed":0,"gold_gain":0,"player_choice":"Upgraded","damage_taken":0,"max_hp_gain":0,"max_hp_loss":0,"event_name":"Upgrade Shrine","floor":2,"gold_loss":0,"cards_upgraded":["Eruption"]},{"damage_healed":0,"gold_gain":0,"player_choice":"Ignored","damage_taken":0,"max_hp_gain":0,"max_hp_loss":0,"event_name":"NoteForYourself","floor":4,"gold_loss":0},{"damage_healed":0,"gold_gain":0,"cards_transformed":["Defend_P"],"player_choice":"Transformed","damage_taken":0,"max_hp_gain":0,"max_hp_loss":0,"event_name":"Transmorgrifier","floor":10,"gold_loss":0,"cards_obtained":["Wireheading"]},{"damage_healed":0,"gold_gain":0,"player_choice":"Opened","damage_taken":0,"relics_obtained":["Dream Catcher"],"max_hp_gain":0,"max_hp_loss":0,"event_name":"The Mausoleum","floor":20,"gold_loss":0},{"damage_healed":0,"gold_gain":0,"player_choice":"Trade","damage_taken":0,"relics_obtained":["CultistMask"],"max_hp_gain":0,"max_hp_loss":0,"event_name":"FaceTrader","floor":21,"gold_loss":0}],"is_beta":false,"boss_relics":[{"not_picked":["Runic Dome","Sozu"],"picked":"Astrolabe"}],"items_purged_floors":[],"is_endless":false,"potions_floor_spawned":[7,13,16,19],"killed_by":"Slavers","ascension_level":0}}