{"host":"0xnlke9dn7m72v1t","time":1613738476,"event":{"mods":["AchievementEnabler","BaseMod","BetterRewards","Colored Map","Colored Powertips","Minty Spire (QoL Compilation)","Quick Restart","StSLib","SuperFastMode","Together in Spire"],"gold_per_floor":[118,135,150,166,183,183,215,68,118,118,138,152,227,245,245,341,341,352,352,451,451,466,501,501,501,501,122,122,42,71,85,85,187,187,206,556,576,588,588,588,588],"floor_reached":40,"language":"DEU","playtime":2133,"items_purged":[],"score":526,"play_id":"f6f40dd7-8e97-435e-b229-2a3e40e7fea9","local_time":"20210219134116","is_ascension_mode":true,"campfire_choices":[{"floor":6,"key":"REST"},{"data":"Inflame","floor":10,"key":"SMITH"},{"data":"Whirlwind","floor":15,"key":"SMITH"},{"data":"Bash","floor":24,"key":"SMITH"},{"data":"Barricade","floor":28,"key":"SMITH"},{"floor":32,"key":"REST"}],"circlet_count":0,"master_deck":["Strike_R","Strike_R","Strike_R","Strike_R","Strike_R","Defend_R","Defend_R","Defend_R","Bash+1","Clothesline","Inflame+1","Reaper","Whirlwind+1","Uppercut+1","Offering+1","Entrench+1","Heavy Blade+1","Headbutt","Metallicize","Heavy Blade+1","Fire Breathing","Metallicize","Barricade","Headbutt+1","Inflame","Barricade+1","Fire Breathing","Fire Breathing+1","Flex","Bludgeon","Twin Strike+1","Heavy Blade+1","Dual Wield+1","Bludgeon","The Bomb","Enlightenment"],"relics":["Black Blood","Nunchaku","Chemical X","Ornamental Fan","Pocketwatch","Snecko Eye","Orichalcum","Oddly Smooth Stone","Bag of Preparation","Astrolabe","Mummified Hand","Gremlin Horn","Anchor","Orrery","Centennial Puzzle","Old Coin"],"acts_visited":["Exordium","TheCity","TheBeyond"],"potions_floor_usage":[33,33,33,33],"damage_taken":[{"damage":0,"enemies":"2 Louse","floor":1,"turns":3},{"damage":0,"enemies":"Jaw Worm","floor":2,"turns":1},{"damage":7,"enemies":"Small Slimes","floor":3,"turns":2},{"damage":7,"enemies":"Blue Slaver","floor":4,"turns":2},{"damage":15,"enemies":"Exordium Thugs","floor":5,"turns":4},{"damage":0,"enemies":"Lagavulin","floor":7,"turns":4},{"damage":4,"enemies":"Exordium Wildlife","floor":11,"turns":2},{"damage":0,"enemies":"3 Louse","floor":12,"turns":2},{"damage":0,"enemies":"Blue Slaver","floor":14,"turns":2},{"damage":27,"enemies":"Hexaghost","floor":16,"turns":5},{"damage":14,"enemies":"2 Thieves","floor":18,"turns":2},{"damage":6,"enemies":"Spheric Guardian","floor":22,"turns":3},{"damage":12,"enemies":"Gremlin Leader","floor":23,"turns":4},{"damage":22,"enemies":"Slavers","floor":30,"turns":2},{"damage":1,"enemies":"Chosen and Byrds","floor":31,"turns":2},{"damage":13,"enemies":"Automaton","floor":33,"turns":6},{"damage":13,"enemies":"3 Darklings","floor":35,"turns":2},{"damage":6,"enemies":"Mind Bloom Boss Battle","floor":36,"turns":3},{"damage":0,"enemies":"Orb Walker","floor":37,"turns":2},{"damage":32,"enemies":"Writhing Mass","floor":38,"turns":4},{"damage":69,"enemies":"Reptomancer","floor":40,"turns":2}],"seed_played":"-3581365574715611964","potions_obtained":[{"floor":3,"key":"BlessingOfTheForge"},{"floor":7,"key":"EntropicBrew"},{"floor":11,"key":"AttackPotion"},{"floor":35,"key":"FearPotion"}],"is_trial":false,"path_per_floor":["M","M","M","M","M","R","E","$","T","R","M","M","?","M","R","B",null,"M","?","?","?","M","E","R","?","T","$","R","$","E","M","R","B",null,"M","?","M","M","?","E"],"character_chosen":"IRONCLAD","items_purchased":["Nunchaku","Chemical X","Ornamental Fan","Oddly Smooth Stone","Metallicize","Anchor","Orrery","Fire Breathing"],"campfire_rested":2,"item_purchase_floors":[0,0,0,8,27,27,27,29],"current_hp_per_floor":[50,56,55,54,55,79,80,80,80,80,80,80,69,75,75,58,80,72,72,72,66,66,60,60,60,60,60,60,60,47,52,76,78,80,79,80,80,60,50,0,0],"gold":588,"neow_bonus":"","is_daily":false,"chose_seed":false,"campfire_upgraded":4,"win_rate":0.0,"timestamp":1613738476,"path_taken":["M","M","M","M","M","R","E","$","T","R","M","M","?","M","R","BOSS","M","?","?","?","?","E","R","?","T","$","R","?","E","M","R","BOSS","M","?","M","M","?","E"],"items_purchased_type":["Relic","Relic","Relic","Relic","Card","Relic","Relic","Card"],"build_version":"2020-12-22","purchased_purges":0,"victory":false,"max_hp_per_floor":[80,80,80,80,80,80,80,80,80,80,80,80,80,80,80,80,80,80,80,80,80,80,80,80,80,80,80,80,80,80,80,80,80,80,80,80,80,80,80,80,80],"card_choices":[{"not_picked":["Power Through","Armaments"],"picked":"Clothesline","floor":1},{"not_picked":["Twin Strike","Entrench"],"picked":"Inflame","floor":2},{"not_picked":["Bloodletting","Pommel Strike"],"picked":"Reaper","floor":3},{"not_picked":["Thunderclap","Pummel"],"picked":"Shrug It Off","floor":4},{"not_picked":["Dark Embrace","Cleave"],"picked":"Whirlwind","floor":5},{"not_picked":["Combust","Disarm"],"picked":"Shockwave","floor":7},{"not_picked":["Twin Strike","Iron Wave"],"picked":"Uppercut","floor":11},{"not_picked":["Burning Pact","Shrug It Off"],"picked":"Feel No Pain","floor":12},{"not_picked":["Headbutt","Thunderclap"],"picked":"Clothesline","floor":14},{"not_picked":["Immolate","Fiend Fire"],"picked":"Impervious","floor":16},{"not_picked":["Clothesline","Whirlwind"],"picked":"Heavy Blade+1","floor":18},{"not_picked":["Sword Boomerang","Shockwave"],"picked":"Heavy Blade+1","floor":22},{"not_picked":["Shrug It Off","Sever Soul"],"picked":"Fire Breathing","floor":23},{"not_picked":["Warcry","Juggernaut"],"picked":"Barricade","floor":27},{"not_picked":["Uppercut","Shockwave"],"picked":"Headbutt+1","floor":27},{"not_picked":["Armaments","Burning Pact"],"picked":"Inflame","floor":27},{"not_picked":["Infernal Blade","Twin Strike"],"picked":"Barricade","floor":27},{"not_picked":["Combust+1","Flame Barrier"],"picked":"Fire Breathing+1","floor":30},{"not_picked":["Ghostly Armor","True Grit"],"picked":"Flex","floor":31},{"not_picked":["Immolate","Double Tap"],"picked":"Bludgeon","floor":33},{"not_picked":["Rupture+1","Ghostly Armor+1"],"picked":"Twin Strike+1","floor":35},{"not_picked":["Rampage+1","Body Slam"],"picked":"Heavy Blade+1","floor":36},{"not_picked":["Pommel Strike","Fire Breathing+1"],"picked":"Dual Wield+1","floor":37},{"not_picked":["Clothesline+1","Shrug It Off"],"picked":"Bludgeon","floor":38},{"not_picked":["Mind Blast","Deep Breath"],"picked":"The Bomb","floor":39},{"not_picked":["Purity","Blind"],"picked":"Enlightenment","floor":39}],"player_experience":24744,"relics_obtained":[{"floor":7,"key":"Orichalcum"},{"floor":9,"key":"Bag of Preparation"},{"floor":23,"key":"Mummified Hand"},{"floor":26,"key":"Gremlin Horn"},{"floor":30,"key":"Centennial Puzzle"},{"floor":36,"key":"Old Coin"}],"event_choices":[{"damage_healed":0,"gold_gain":75,"player_choice":"Gather Gold","damage_taken":11,"max_hp_gain":0,"max_hp_loss":0,"event_name":"World of Goop","floor":13,"gold_loss":0},{"damage_healed":0,"gold_gain":0,"cards_transformed":["Uppercut","Shrug It Off"],"player_choice":"Became Test Subject","damage_taken":0,"max_hp_gain":0,"max_hp_loss":0,"event_name":"Drug Dealer","floor":19,"gold_loss":0,"cards_obtained":["Headbutt","Metallicize"]},{"damage_healed":0,"gold_gain":99,"player_choice":"Stole From Cult","damage_taken":0,"max_hp_gain":0,"max_hp_loss":0,"event_name":"Nest","floor":20,"gold_loss":0},{"damage_healed":0,"gold_gain":0,"player_choice":"","damage_taken":6,"max_hp_gain":0,"max_hp_loss":0,"event_name":"Knowing Skull","floor":21,"potions_obtained":[],"gold_loss":0,"cards_obtained":[]},{"cards_removed":["Clothesline"],"damage_healed":0,"gold_gain":0,"player_choice":"Purged","damage_taken":0,"max_hp_gain":0,"max_hp_loss":0,"event_name":"Purifier","floor":25,"gold_loss":0},{"damage_healed":0,"gold_gain":0,"player_choice":"Fight","damage_taken":0,"max_hp_gain":0,"max_hp_loss":0,"event_name":"MindBloom","floor":36,"gold_loss":0},{"damage_healed":0,"gold_gain":0,"player_choice":"Memory 3","damage_taken":10,"max_hp_gain":0,"max_hp_loss":0,"event_name":"SensoryStone","floor":39,"gold_loss":0}],"is_beta":false,"boss_relics":[{"not_picked":["Runic Dome","Mark of Pain"],"picked":"Astrolabe"},{"not_picked":["Empty Cage","Philosopher\u0027s Stone"],"picked":"Black Blood"}],"items_purged_floors":[],"is_endless":false,"potions_floor_spawned":[3,7,11,14,18,30,35,37],"killed_by":"Reptomancer","ascension_level":1}}