{"host":"r7hmxrtwvofdnlkf","time":1613766281,"event":{"mods":["AchievementEnabler","BaseMod","Colored Powertips","Minty Spire (QoL Compilation)","Relic Stats","StSLib"],"gold_per_floor":[119,129,42,53,70,105,105,105,130,149,149,175,195,195,195,299,299,281,0,0,0],"floor_reached":20,"language":"ENG","playtime":979,"items_purged":[],"score":184,"play_id":"1867e038-a363-4d16-99ad-c2aa3442b88b","local_time":"20210219212441","is_ascension_mode":false,"campfire_choices":[{"data":"Genetic Algorithm","floor":7,"key":"SMITH"},{"data":"Dualcast","floor":11,"key":"SMITH"},{"data":"Zap","floor":15,"key":"SMITH"}],"circlet_count":0,"master_deck":["Strike_B+1","Strike_B+1","Defend_B","Defend_B","Defend_B+1","Defend_B","Zap+1","Dualcast+1","All For One","Conserve Battery","Go for the Eyes","Gash","Loop","Barrage","Coolheaded","Genetic Algorithm+1","Skim+1","Go for the Eyes","Capacitor","Chill","Regret","Core Surge","BootSequence"],"relics":["Cracked Core","Whetstone","Anchor","War Paint","Kunai","Black Star"],"acts_visited":["Exordium","TheCity"],"potions_floor_usage":[6,12,16,16],"damage_taken":[{"damage":1,"enemies":"Cultist","floor":1,"turns":3},{"damage":0,"enemies":"2 Louse","floor":2,"turns":3},{"damage":5,"enemies":"Small Slimes","floor":4,"turns":4},{"damage":5,"enemies":"Blue Slaver","floor":5,"turns":4},{"damage":13,"enemies":"Gremlin Nob","floor":6,"turns":4},{"damage":0,"enemies":"Large Slime","floor":10,"turns":5},{"damage":12,"enemies":"3 Sentries","floor":12,"turns":7},{"damage":0,"enemies":"Looter","floor":13,"turns":3},{"damage":11,"enemies":"Slime Boss","floor":16,"turns":8},{"damage":11,"enemies":"2 Thieves","floor":18,"turns":4},{"damage":0,"enemies":"Chosen","floor":20,"turns":1}],"seed_played":"1774711684362439962","potions_obtained":[{"floor":2,"key":"DistilledChaos"},{"floor":5,"key":"Fruit Juice"},{"floor":10,"key":"AttackPotion"},{"floor":13,"key":"Fire Potion"},{"floor":16,"key":"Block Potion"}],"is_trial":false,"path_per_floor":["M","M","$","M","M","E","R","?","T","M","R","E","M","?","R","B",null,"M","?","M"],"character_chosen":"DEFECT","items_purchased":["Gash","Loop"],"campfire_rested":0,"item_purchase_floors":[3,3],"current_hp_per_floor":[74,74,74,69,64,56,56,56,56,56,56,44,44,44,44,33,80,69,69,69,69],"gold":0,"neow_bonus":"TRANSFORM_CARD","is_daily":false,"chose_seed":false,"campfire_upgraded":3,"win_rate":0.0,"timestamp":1613766281,"path_taken":["M","M","?","M","M","E","R","?","T","M","R","E","M","?","R","BOSS","M","?","M"],"items_purchased_type":["Card","Card"],"build_version":"2020-12-22","purchased_purges":0,"victory":false,"max_hp_per_floor":[75,75,75,75,75,80,80,80,80,80,80,80,80,80,80,80,80,80,80,80,80],"relic_stats":{"counters":[11,46],"Black Star":0,"Whetstone":["Strike_B","Strike_B"],"Kunai":[3],"War Paint":["Defend_B","Skim"],"obtain_stats":[{"Anchor":9,"Black Star":17,"Whetstone":6,"Kunai":14,"War Paint":12,"Cracked Core":0},{"Anchor":5,"Black Star":9,"Whetstone":5,"Kunai":8,"War Paint":7,"Cracked Core":0},{"Anchor":18,"Black Star":41,"Whetstone":18,"Kunai":33,"War Paint":30,"Cracked Core":0}]},"card_choices":[{"not_picked":["Turbo","Hologram"],"picked":"Conserve Battery","floor":1},{"not_picked":["Stack","Doom and Gloom"],"picked":"Go for the Eyes","floor":2},{"not_picked":["BootSequence","Streamline"],"picked":"Barrage","floor":4},{"not_picked":["Reinforced Body","FTL"],"picked":"Coolheaded","floor":5},{"not_picked":["Meteor Strike","Defragment"],"picked":"Genetic Algorithm","floor":6},{"not_picked":["Chaos","Rebound"],"picked":"Go for the Eyes","floor":10},{"not_picked":["Chaos","Rip and Tear"],"picked":"Capacitor","floor":12},{"not_picked":["Conserve Battery","Barrage"],"picked":"Chill","floor":13},{"not_picked":["Fission","Thunder Strike"],"picked":"Core Surge","floor":16},{"not_picked":["Reprogram+1","Lockon"],"picked":"BootSequence","floor":18}],"player_experience":172378,"relics_obtained":[{"floor":6,"key":"Whetstone"},{"floor":9,"key":"Anchor"},{"floor":12,"key":"War Paint"}],"event_choices":[{"damage_healed":0,"gold_gain":0,"cards_transformed":["Strike_B"],"player_choice":"Change","damage_taken":0,"max_hp_gain":0,"max_hp_loss":0,"event_name":"Living Wall","floor":8,"gold_loss":0,"cards_obtained":["Skim"]},{"damage_healed":0,"gold_gain":0,"player_choice":"Box","damage_taken":0,"relics_obtained":["Kunai"],"max_hp_gain":0,"max_hp_loss":0,"event_name":"Big Fish","floor":14,"gold_loss":0,"cards_obtained":["Regret"]},{"damage_healed":0,"gold_gain":0,"player_choice":"Paid Fearfully","damage_taken":0,"max_hp_gain":0,"max_hp_loss":0,"event_name":"Masked Bandits","floor":19,"gold_loss":281}],"is_beta":false,"boss_relics":[{"not_picked":["Astrolabe","Fusion Hammer"],"picked":"Black Star"}],"items_purged_floors":[],"is_endless":false,"potions_floor_spawned":[2,5,10,13,16],"killed_by":"Chosen","ascension_level":0}}