{"host":"ttx8tv95o5vka1nm","time":1613721654,"event":{"mods":["AchievementEnabler","BaseMod","Better Altar","Better Sensory Stone","Better Skull","Better Vampires","BetterRewards","Colored Map","Defuse TimeMaze Blight","Energized Spire","Evolution","Hubris","Infinite Spire","Minty Spire (QoL Compilation)","Relic Filter Mod","Relic Sorter","Reliquary","Replay The Spire","Shop Mod","Spicy Shops","StSLib","The Blue Laboratory","TheVacant","Wandering Minibosses"],"gold_per_floor":[115,135,60,78,78,78,112,130,202,202,232,251,251,281,281,376,376,388,399,411,444,444,475,492,525,550,566,581,132,151,14,14,112,112,112,112],"floor_reached":35,"language":"ENG","playtime":2804,"items_purged":["theVacant:VacantStarterStrike","theVacant:DimensionTear"],"score":369,"play_id":"d89a61b4-b6bd-41a6-ba63-1e46551ff57e","local_time":"20210219180054","is_ascension_mode":false,"campfire_choices":[{"data":"theVacant:Release","floor":6,"key":"SMITH"},{"floor":15,"key":"REST"},{"data":"1","floor":32,"key":"LIFT"}],"circlet_count":0,"master_deck":["theVacant:Fling","theVacant:Fling","theVacant:Fling","theVacant:VacantStarterDefend","theVacant:VacantStarterDefend","theVacant:Release+1","theVacant:Crunch","theVacant:Jab","theVacant:Dig","theVacant:BrassMagnet","theVacant:Carve","theVacant:ShriekingBlast","Terror","theVacant:ShutAway","theVacant:Acceptance","theVacant:Anguish","theVacant:VoidForm","theVacant:ReaperStrike+1","theVacant:PitOfDespair","theVacant:Expand+1","theVacant:GraveWave+1","theVacant:Husk","theVacant:EyePoke+1","theVacant:Thoughtseize+1","theVacant:Acceptance","theVacant:Spinshield+1","AbeCurse","theVacant:Voidstone"],"relics":["theVacant:BrassGoblet","EVO:Axolotl","Mirror","Dream Catcher","hubris:DisguiseKit","Anchor","CaptainsWheel","energizedSpire:MagnifyingGlass","Red Mask","Girya","reliquary:Boomerang","Ancient Tea Set","MerchantsRug","Blood Vial","infinitespire:EvilPickle","hubris:RunicObelisk"],"acts_visited":["Exordium","TheCity","TheBeyond"],"potions_floor_usage":[11,27],"damage_taken":[{"damage":0,"enemies":"Cultist","floor":1,"turns":2},{"damage":0,"enemies":"Jaw Worm","floor":2,"turns":2},{"damage":0,"enemies":"2 Louse","floor":4,"turns":2},{"damage":9,"enemies":"3 Sentries","floor":7,"turns":5},{"damage":9,"enemies":"Gremlin Gang","floor":8,"turns":4},{"damage":9,"enemies":"Lagavulin","floor":11,"turns":5},{"damage":0,"enemies":"3 Louse","floor":12,"turns":1},{"damage":0,"enemies":"Gremlin Nob","floor":14,"turns":2},{"damage":16,"enemies":"Fading Forest","floor":16,"turns":11},{"damage":0,"enemies":"Shell Parasite","floor":18,"turns":3},{"damage":0,"enemies":"Spheric Guardian","floor":19,"turns":3},{"damage":15,"enemies":"Snake Plant","floor":20,"turns":4},{"damage":0,"enemies":"Masked Bandits","floor":21,"turns":2},{"damage":22,"enemies":"Slavers","floor":23,"turns":5},{"damage":27,"enemies":"Centurion and Healer","floor":24,"turns":4},{"damage":17,"enemies":"Gremlin Leader","floor":25,"turns":6},{"damage":0,"enemies":"Sentry and Sphere","floor":27,"turns":4},{"damage":0,"enemies":"Snecko","floor":28,"turns":4},{"damage":11,"enemies":"Snake Plant","floor":30,"turns":5},{"damage":32,"enemies":"Pondfish","floor":33,"turns":10},{"damage":16,"enemies":"Orb Walker","floor":35,"turns":4}],"seed_played":"-3700236602388504899","potions_obtained":[{"floor":7,"key":"Adrenaline Potion"},{"floor":8,"key":"blueLaboratory:RememoryPotion"},{"floor":12,"key":"blueLaboratory:FrostheartPotion"},{"floor":18,"key":"Elixir"},{"floor":28,"key":"EssenceOfSteel"},{"floor":33,"key":"SteroidPotion"}],"is_trial":false,"path_per_floor":["M","M","$","M","T","R","E","M","T","?","E","M","?","E","R","B",null,"M","M","M","?","?","E","M","E","T","M","M","$","M","$","R","B",null,"M"],"character_chosen":"THE_VACANT","items_purchased":["Lee\u0027s Waffle","MerchantsRug","theVacant:Acceptance","Blood Vial"],"campfire_rested":1,"item_purchase_floors":[29,29,29,31],"current_hp_per_floor":[80,80,80,80,80,80,71,62,62,55,46,46,46,46,70,64,80,80,80,65,65,65,46,22,5,5,5,5,93,82,82,82,55,96,83,83],"gold":112,"neow_bonus":"ONE_RANDOM_RARE_CARD","is_daily":false,"chose_seed":false,"campfire_upgraded":1,"win_rate":0.0,"timestamp":1613721654,"path_taken":["M","M","$","M","?","R","E","M","T","?","E","M","?","E","R","BOSS","M","M","?","?","?","E","M","E","T","M","M","$","M","$","R","BOSS","M"],"items_purchased_type":["Relic","Relic","Card","Relic"],"build_version":"2020-12-22","purchased_purges":2,"victory":false,"max_hp_per_floor":[80,80,80,80,80,80,80,80,80,80,80,80,80,80,80,80,80,80,80,80,80,80,83,86,86,86,86,86,93,93,93,93,96,96,99,99],"card_choices":[{"not_picked":["theVacant:Thoughtseize","theVacant:Soothe"],"picked":"theVacant:Jab","floor":1},{"not_picked":["theVacant:Immaterialize","theVacant:GraveWave"],"picked":"theVacant:Dig","floor":2},{"not_picked":["theVacant:EyePoke","theVacant:Spinshield"],"picked":"theVacant:BrassMagnet","floor":4},{"not_picked":["theVacant:GraveWave","theVacant:Soothe"],"picked":"theVacant:Carve","floor":7},{"not_picked":["theVacant:Fling","theVacant:Enrage"],"picked":"theVacant:ShriekingBlast","floor":8},{"not_picked":["theVacant:TimeSkip","theVacant:BattleScars","theVacant:CursedBlast"],"picked":"Terror","floor":11},{"not_picked":["theVacant:ShriekingBlast","theVacant:FranticBlow","Outmaneuver"],"picked":"theVacant:ShutAway","floor":12},{"not_picked":["theVacant:Return","theVacant:WaitInWrath","Prepared"],"picked":"theVacant:Acceptance","floor":14},{"not_picked":["theVacant:Thoughtseize","theVacant:Soothe","Flying Knee"],"picked":"theVacant:Anguish","floor":15},{"not_picked":["theVacant:Voidstone","theVacant:MindBreak","Replay:Bag of Tricks"],"picked":"theVacant:VoidForm","floor":16},{"not_picked":["theVacant:Dig","theVacant:ShutAway","theVacant:EmptyShield","PiercingWail"],"picked":"SKIP","floor":18},{"not_picked":["theVacant:EyePoke","theVacant:Soothe+1","Sucker Punch"],"picked":"theVacant:ReaperStrike+1","floor":19},{"not_picked":["theVacant:OnSecondThought","theVacant:GraveWave+1","Deflect"],"picked":"theVacant:PitOfDespair","floor":20},{"not_picked":["theVacant:FranticBlow","theVacant:Acceptance","Draining Mist"],"picked":"theVacant:Expand+1","floor":21},{"not_picked":["theVacant:SurpriseAttack+1","theVacant:WhenDarknessComes","Slice"],"picked":"theVacant:GraveWave+1","floor":23},{"not_picked":["theVacant:Fling","theVacant:Return","Poisoned Stab"],"picked":"theVacant:Husk","floor":24},{"not_picked":["theVacant:Soothe","theVacant:Whip","theVacant:Return+1","Toxin Wave"],"picked":"SKIP","floor":25},{"not_picked":["theVacant:Immaterialize","theVacant:OnSecondThought","Fluid Movement"],"picked":"theVacant:EyePoke+1","floor":27},{"not_picked":["theVacant:Carve","theVacant:WhenDarknessComes","Draining Mist"],"picked":"theVacant:Thoughtseize+1","floor":28},{"not_picked":["theVacant:TwistFate","theVacant:Soothe+1","Noxious Fumes"],"picked":"theVacant:Spinshield+1","floor":30},{"not_picked":["theVacant:DimensionTear","theVacant:DeathSpiral","Poison Darts"],"picked":"theVacant:Voidstone","floor":33}],"player_experience":807008,"relics_obtained":[{"floor":5,"key":"Mirror"},{"floor":7,"key":"Dream Catcher"},{"floor":9,"key":"hubris:DisguiseKit"},{"floor":11,"key":"Anchor"},{"floor":14,"key":"CaptainsWheel"},{"floor":21,"key":"Red Mask"},{"floor":23,"key":"Girya"},{"floor":25,"key":"reliquary:Boomerang"},{"floor":26,"key":"Ancient Tea Set"}],"event_choices":[{"cards_removed":["theVacant:VacantStarterDefend"],"damage_healed":0,"gold_gain":0,"player_choice":"Card Removal","damage_taken":7,"max_hp_gain":0,"max_hp_loss":0,"event_name":"Golden Wing","floor":10,"gold_loss":0},{"cards_removed":["theVacant:VacantStarterDefend"],"damage_healed":0,"gold_gain":0,"player_choice":"Purged","damage_taken":0,"max_hp_gain":0,"max_hp_loss":0,"event_name":"Purifier","floor":13,"gold_loss":0},{"damage_healed":0,"gold_gain":0,"player_choice":"Fought Bandits","damage_taken":0,"max_hp_gain":0,"max_hp_loss":0,"event_name":"Masked Bandits","floor":21,"gold_loss":0},{"damage_healed":0,"gold_gain":0,"player_choice":"Ignored","damage_taken":0,"max_hp_gain":0,"max_hp_loss":0,"event_name":"Ghosts","floor":22,"gold_loss":0}],"is_beta":false,"boss_relics":[{"not_picked":["reliquary:KinkedSpring","Pandora\u0027s Box"],"picked":"energizedSpire:MagnifyingGlass"},{"not_picked":["energizedSpire:SpiderWeb","Velvet Choker"],"picked":"hubris:RunicObelisk"}],"items_purged_floors":[3,29],"is_endless":false,"potions_floor_spawned":[7,8,12,18,21,25,28,33],"killed_by":"Orb Walker","ascension_level":0}}