{"host":"sav7uxregyirlf69","time":1613705800,"event":{"mods":["AchievementEnabler","BaseMod","Colored Map","DeckTracker","Keyboard Shortcuts","Minty Spire (QoL Compilation)","READ ME - Guardian Mod","StSLib","SuperFastMode"],"gold_per_floor":[113,130,130,55,55,87,100,100,100,100,100,115,40,57,57,131,131,149,149,149,168,168,168,168],"floor_reached":23,"language":"KOR","playtime":455,"items_purged":["Defend_B"],"score":428,"play_id":"59b37717-9717-4b1e-8a08-790e77c64ecd","local_time":"20210219123640","is_ascension_mode":true,"campfire_choices":[{"data":"Zap","floor":8,"key":"SMITH"},{"data":"Capacitor","floor":10,"key":"SMITH"},{"data":"Go for the Eyes","floor":15,"key":"SMITH"}],"circlet_count":0,"master_deck":["AscendersBane","Strike_B+1","Defend_B+1","Zap+1","Dualcast","Ball Lightning","Capacitor+1","Gash","Rebound","Go for the Eyes+1","Leap","Reinforced Body+1","Biased Cognition+1","Aggregate+1","Coolheaded","Ghostly","Ghostly","Ghostly","BootSequence"],"relics":["Cracked Core","NeowsBlessing","Pear","Bag of Preparation","Regal Pillow","Astrolabe","Bottled Tornado"],"acts_visited":["Exordium","TheCity"],"potions_floor_usage":[16],"damage_taken":[{"damage":0,"enemies":"Small Slimes","floor":1,"turns":1},{"damage":0,"enemies":"2 Louse","floor":2,"turns":1},{"damage":0,"enemies":"Lagavulin","floor":6,"turns":1},{"damage":2,"enemies":"Jaw Worm","floor":7,"turns":4},{"damage":0,"enemies":"2 Fungi Beasts","floor":12,"turns":3},{"damage":4,"enemies":"Exordium Thugs","floor":14,"turns":3},{"damage":33,"enemies":"Slime Boss","floor":16,"turns":9},{"damage":16,"enemies":"Shell Parasite","floor":18,"turns":4},{"damage":0,"enemies":"Spheric Guardian","floor":21,"turns":4},{"damage":43,"enemies":"Book of Stabbing","floor":23,"turns":6}],"seed_played":"-8804845771475275358","potions_obtained":[{"floor":1,"key":"BlessingOfTheForge"},{"floor":6,"key":"BlessingOfTheForge"},{"floor":18,"key":"Swift Potion"},{"floor":21,"key":"DuplicationPotion"}],"is_trial":false,"path_per_floor":["M","M","?","?","?","E","M","R","T","R","?","M","$","M","R","B",null,"M","?","?","M","T","E"],"character_chosen":"DEFECT","items_purchased":[],"campfire_rested":0,"item_purchase_floors":[],"current_hp_per_floor":[64,64,64,64,43,53,51,51,51,51,40,40,40,36,36,3,62,46,40,40,40,40,0,0],"gold":168,"neow_bonus":"THREE_ENEMY_KILL","is_daily":false,"chose_seed":false,"campfire_upgraded":3,"win_rate":0.0,"timestamp":1613705800,"path_taken":["M","M","?","?","?","E","M","R","T","R","?","M","?","M","R","BOSS","M","?","?","M","?","E"],"items_purchased_type":[],"build_version":"2020-12-22","purchased_purges":1,"victory":false,"max_hp_per_floor":[71,71,71,71,71,81,81,81,81,81,81,81,81,81,81,81,81,81,40,40,40,40,40,40],"card_choices":[{"not_picked":["Rip and Tear","Coolheaded"],"picked":"Ball Lightning","floor":1},{"not_picked":["Conserve Battery","Hologram"],"picked":"Capacitor","floor":2},{"not_picked":["Streamline","Sweeping Beam"],"picked":"Rebound","floor":6},{"not_picked":["Reinforced Body","Steam"],"picked":"Go for the Eyes","floor":7},{"not_picked":["Scrape","Barrage","Steam"],"picked":"SKIP","floor":12},{"not_picked":["Turbo","Reinforced Body"],"picked":"Leap","floor":14},{"not_picked":["Beam Cell","Hologram"],"picked":"Coolheaded","floor":18},{"not_picked":["Skim","Force Field","Conserve Battery"],"picked":"SKIP","floor":21}],"player_experience":1616075,"relics_obtained":[{"floor":6,"key":"Pear"},{"floor":9,"key":"Bag of Preparation"},{"floor":22,"key":"Bottled Tornado"}],"event_choices":[{"damage_healed":0,"gold_gain":0,"cards_transformed":["Strike_B"],"player_choice":"Change","damage_taken":0,"max_hp_gain":0,"max_hp_loss":0,"event_name":"Living Wall","floor":3,"gold_loss":0,"cards_obtained":["Gash"]},{"cards_removed":["Strike_B"],"damage_healed":0,"gold_gain":0,"player_choice":"Card Removal","damage_taken":0,"max_hp_gain":0,"max_hp_loss":0,"event_name":"The Cleric","floor":4,"gold_loss":75},{"damage_healed":0,"gold_gain":0,"player_choice":"Entered Light","damage_taken":21,"max_hp_gain":0,"max_hp_loss":0,"event_name":"Shining Light","floor":5,"gold_loss":0,"cards_upgraded":["Strike_B","Defend_B"]},{"damage_healed":0,"gold_gain":0,"player_choice":"Success","damage_taken":11,"relics_obtained":["Regal Pillow"],"max_hp_gain":0,"max_hp_loss":0,"event_name":"Scrap Ooze","floor":11,"gold_loss":0},{"damage_healed":0,"gold_gain":0,"player_choice":"Became a Ghost","damage_taken":0,"max_hp_gain":0,"max_hp_loss":41,"event_name":"Ghosts","floor":19,"gold_loss":0,"cards_obtained":["Ghostly","Ghostly","Ghostly"]},{"damage_healed":0,"gold_gain":0,"player_choice":"Read","damage_taken":0,"max_hp_gain":0,"max_hp_loss":0,"event_name":"The Library","floor":20,"gold_loss":0,"cards_obtained":["BootSequence"]}],"is_beta":false,"boss_relics":[{"not_picked":["Fusion Hammer","Velvet Choker"],"picked":"Astrolabe"}],"items_purged_floors":[13],"is_endless":false,"potions_floor_spawned":[1,6,7,18,21],"killed_by":"Book of Stabbing","ascension_level":20}}