{"host":"st1kg310ms6sytc5","time":1613738801,"event":{"mods":["ATMod(°¢èªMod)","Act Like it!","BaseMod","Bossed Relics","CapriCore","Gensokyo","Minty Spire (QoL Compilation)","StSLib","SuperFastMode","Wide Potions","Yakumo Yukari mod","¡¾ÒÅÎï¿¨ÅÆ¡¿REMEMod"],"gold_per_floor":[136,211,211,211,223,253,264,264,264,264,264],"floor_reached":10,"language":"ZHS","playtime":237,"items_purged":[],"score":162,"play_id":"ddc8dee1-5800-4621-8f66-6f0d209253a6","local_time":"20210219204641","is_ascension_mode":true,"campfire_choices":[{"data":"AT_LightSaberMaster","floor":8,"key":"SMITH"}],"circlet_count":0,"master_deck":["AscendersBane","AT_purpleEX","AT_purpleEX","AT_purpleEX","Defend_purpleEX","Defend_purpleEX","Defend_purpleEX","Defend_purpleEX","Observe_purple_1","Observe_purple_2","AT_LightSaberMaster+1","Price_of_realm_purpleEX","Boundary_DreamRealityDamnation_purple","CommonSense_AntiCommonSense_purple"],"relics":["Boundary_crack","Memoryfragments_purpleEX","AT_ATBox","REME_ComplimentaryCards","NeowsBlessing","Dream Catcher","Tiny Chest"],"acts_visited":["Exordium"],"potions_floor_usage":[10],"damage_taken":[{"damage":0,"enemies":"Small Slimes","floor":1,"turns":1},{"damage":0,"enemies":"2 Louse","floor":5,"turns":2},{"damage":15,"enemies":"3 Sentries","floor":6,"turns":2},{"damage":5,"enemies":"Jaw Worm","floor":7,"turns":7},{"damage":11,"enemies":"Gremlin Nob","floor":10,"turns":2},{"damage":0,"enemies":"Gremlin Nob","floor":10,"turns":1}],"seed_played":"-8570978024229949179","potions_obtained":[{"floor":5,"key":"ColorlessPotion"},{"floor":7,"key":"EntropicBrew"}],"is_trial":false,"path_per_floor":["M","?","?","?","M","E","M","R","T","E"],"character_chosen":"Youkari","items_purchased":[],"campfire_rested":0,"item_purchase_floors":[],"current_hp_per_floor":[64,53,50,50,51,37,37,37,37,31,31],"gold":264,"neow_bonus":"THREE_ENEMY_KILL","is_daily":false,"chose_seed":false,"campfire_upgraded":1,"win_rate":0.0,"timestamp":1613738801,"path_taken":["M","?","?","?","M","E","M","R","T","E"],"items_purchased_type":[],"build_version":"2020-12-22","purchased_purges":0,"victory":false,"max_hp_per_floor":[70,70,70,70,70,70,70,70,70,70,70],"card_choices":[{"not_picked":["MNeedle_purple","DarkRealmRedLine_purple"],"picked":"Boundary_DreamRealityDamnation_purple","floor":1},{"not_picked":["StateDuplicate_purple","RuleDissolution_purple"],"picked":"CommonSense_AntiCommonSense_purple","floor":5},{"not_picked":["OmniscientAndOmnipotent_Monster_purple","PositiveMatter_Antimatter_Universe_purple","Bait_Toxicbait_purple"],"picked":"SKIP","floor":6},{"not_picked":["RuleDissolution_purple","AdvanceAttack_purple","SfantasyHide_purple"],"picked":"SKIP","floor":7}],"player_experience":1440740,"relics_obtained":[{"floor":6,"key":"Tiny Chest"}],"event_choices":[{"damage_healed":0,"gold_gain":75,"player_choice":"Gather Gold","damage_taken":11,"max_hp_gain":0,"max_hp_loss":0,"event_name":"World of Goop","floor":2,"gold_loss":0},{"damage_healed":0,"gold_gain":0,"player_choice":"Success","damage_taken":3,"relics_obtained":["Dream Catcher"],"max_hp_gain":0,"max_hp_loss":0,"event_name":"Scrap Ooze","floor":3,"gold_loss":0},{"cards_removed":["AT_purpleEX"],"damage_healed":0,"gold_gain":0,"player_choice":"Offered Basic","damage_taken":0,"max_hp_gain":0,"max_hp_loss":0,"event_name":"Bonfire Elementals","floor":4,"gold_loss":0}],"is_beta":false,"boss_relics":[],"items_purged_floors":[],"is_endless":false,"potions_floor_spawned":[5,7],"killed_by":"Gremlin Nob","ascension_level":12}}