{"host":"6gwm7y0tp7acoxay","time":1613733400,"event":{"mods":["BaseMod","Colored Map","Keyboard Shortcuts","Minty Spire (QoL Compilation)","Quick Restart","StSLib","SuperFastMode","everything is the same but u backflip on backflip"],"gold_per_floor":[119,138,138,63,63,90,106,132,132,159,159,192,227,289,289,363,363,382,382,46,77,127,153,178,207,207,232,232,4,4,16,16,88,88,104,104,114,166,28,58,90,123,123,123,139,168,196,225,225,225,225,225,225,13,47,47],"floor_reached":57,"language":"KOR","playtime":2009,"items_purged":["Feed"],"score":3297,"play_id":"196e28d8-722b-4315-a9e0-07f38451c1a1","local_time":"20210219201640","daily_mods":["SealedDeck","Heirloom","Flight"],"is_ascension_mode":true,"campfire_choices":[{"floor":11.0,"key":"DIG"},{"floor":15.0,"key":"DIG"},{"floor":30.0,"key":"REST"},{"floor":32.0,"key":"DIG"},{"floor":44.0,"key":"RECALL"},{"floor":49.0,"key":"DIG"},{"floor":53.0,"key":"DIG"}],"circlet_count":0,"master_deck":["AscendersBane","Spot Weakness","Shrug It Off","Headbutt+1","Shockwave","True Grit","Uppercut+1","Armaments+1","Evolve","Second Wind","Immolate","Sword Boomerang+1","Seeing Red","Power Through","Battle Trance","Reaper","Body Slam","Disarm"],"relics":["Burning Blood","Shovel","Art of War","Sundial","Whetstone","Ginger","Strawberry","Bird Faced Urn","Bronze Scales","Letter Opener","Mark of Pain","Magic Flower","Red Mask","Omamori","Pen Nib","Torii","Matryoshka","Tiny Chest","Potion Belt","PreservedInsect","SlaversCollar","Blood Vial","MealTicket","Darkstone Periapt","Shuriken","Lantern","Regal Pillow","Vajra","Red Skull","Pocketwatch","StrikeDummy","Bag of Preparation","HornCleat","Boot"],"acts_visited":["Exordium","TheCity","TheBeyond","TheEnding"],"potions_floor_usage":[56,56,56],"damage_taken":[{"damage":0.0,"enemies":"2 Louse","floor":1.0,"turns":1.0},{"damage":4.0,"enemies":"Cultist","floor":2.0,"turns":3.0},{"damage":24.0,"enemies":"Gremlin Nob","floor":6.0,"turns":4.0},{"damage":18.0,"enemies":"Small Slimes","floor":7.0,"turns":5.0},{"damage":6.0,"enemies":"Lagavulin","floor":8.0,"turns":7.0},{"damage":15.0,"enemies":"3 Sentries","floor":10.0,"turns":5.0},{"damage":6.0,"enemies":"Lagavulin","floor":12.0,"turns":4.0},{"damage":13.0,"enemies":"Gremlin Nob","floor":13.0,"turns":4.0},{"damage":5.0,"enemies":"3 Sentries","floor":14.0,"turns":6.0},{"damage":3.0,"enemies":"Hexaghost","floor":16.0,"turns":7.0},{"damage":14.0,"enemies":"2 Thieves","floor":18.0,"turns":2.0},{"damage":19.0,"enemies":"Masked Bandits","floor":21.0,"turns":3.0},{"damage":24.0,"enemies":"Slavers","floor":23.0,"turns":4.0},{"damage":18.0,"enemies":"Book of Stabbing","floor":24.0,"turns":5.0},{"damage":22.0,"enemies":"Slavers","floor":25.0,"turns":3.0},{"damage":2.0,"enemies":"Book of Stabbing","floor":27.0,"turns":4.0},{"damage":17.0,"enemies":"Spheric Guardian","floor":31.0,"turns":4.0},{"damage":31.0,"enemies":"Collector","floor":33.0,"turns":4.0},{"damage":36.0,"enemies":"3 Darklings","floor":35.0,"turns":4.0},{"damage":10.0,"enemies":"3 Shapes","floor":37.0,"turns":4.0},{"damage":29.0,"enemies":"Reptomancer","floor":40.0,"turns":4.0},{"damage":0.0,"enemies":"Nemesis","floor":41.0,"turns":3.0},{"damage":13.0,"enemies":"Reptomancer","floor":42.0,"turns":4.0},{"damage":20.0,"enemies":"Maw","floor":45.0,"turns":7.0},{"damage":49.0,"enemies":"Giant Head","floor":46.0,"turns":7.0},{"damage":26.0,"enemies":"Nemesis","floor":47.0,"turns":7.0},{"damage":8.0,"enemies":"Reptomancer","floor":48.0,"turns":4.0},{"damage":36.0,"enemies":"Awakened One","floor":50.0,"turns":7.0},{"damage":41.0,"enemies":"Donu and Deca","floor":51.0,"turns":7.0},{"damage":10.0,"enemies":"Shield and Spear","floor":55.0,"turns":5.0},{"damage":85,"enemies":"The Heart","floor":56,"turns":8}],"seed_played":"4239845698886040842","potions_obtained":[{"floor":1.0,"key":"Explosive Potion"},{"floor":8.0,"key":"Ancient Potion"},{"floor":12.0,"key":"HeartOfIron"},{"floor":13.0,"key":"EssenceOfSteel"},{"floor":18.0,"key":"ElixirPotion"},{"floor":35.0,"key":"BlessingOfTheForge"},{"floor":37.0,"key":"LiquidBronze"},{"floor":48.0,"key":"FairyPotion"}],"is_trial":true,"path_per_floor":["M","M","?","?","?","E","M","E","T","E","R","E","E","?","R","B",null,"M","?","$","?","?","E","E","E","T","E","?","$","R","M","R","B",null,"M","?","M","T","$","E","E","E","T","R","M","E","E","E","R","B","B",null,"R","$","E","B",null],"character_chosen":"IRONCLAD","items_purchased":["Magic Flower","Potion Belt","SteroidPotion","Battle Trance","SteroidPotion","Disarm","Dexterity Potion"],"campfire_rested":1,"item_purchase_floors":[20,29,29,39,39,54,54],"current_hp_per_floor":[74,75,68,68,68,50,38,38,38,29,29,36,29,32,32,37,71,63,63,63,56,56,44,38,25,25,35,35,35,59,54,54,35,70,46,46,53,53,68,60,75,93,93,93,90,88,100,104,104,104,79,101,101,108,108,70],"gold":47,"neow_bonus":"","is_daily":false,"chose_seed":false,"campfire_upgraded":0,"win_rate":0.0,"timestamp":1613733400,"path_taken":["M","M","?","?","?","E","?","E","T","E","R","E","E","?","R","BOSS","M","?","$","?","?","E","E","E","T","E","?","$","R","?","R","BOSS","M","?","M","?","?","E","E","E","T","R","?","E","E","E","R","BOSS","BOSS","R","$","E","BOSS"],"items_purchased_type":["Relic","Relic","Potion","Card","Potion","Card","Potion"],"build_version":"2020-12-22","purchased_purges":1,"victory":true,"max_hp_per_floor":[75,75,75,75,75,75,75,75,75,75,75,82,82,82,82,82,82,82,82,82,82,82,82,82,82,82,82,82,82,82,82,82,82,82,82,82,85,85,85,89,89,93,93,93,93,97,100,104,104,104,108,108,108,108,108,108],"card_choices":[{"not_picked":["Shockwave","Clash","Twin Strike"],"picked":"SKIP","floor":1.0},{"not_picked":["Seeing Red","Battle Trance","True Grit"],"picked":"SKIP","floor":2.0},{"not_picked":["Heavy Blade","Uppercut","Shrug It Off"],"picked":"SKIP","floor":6.0},{"not_picked":["Flame Barrier","Intimidate"],"picked":"Evolve","floor":7.0},{"not_picked":["Sever Soul","Burning Pact","Seeing Red"],"picked":"SKIP","floor":8.0},{"not_picked":["Perfected Strike","Demon Form","Clothesline"],"picked":"SKIP","floor":10.0},{"not_picked":["Carnage","Corruption","True Grit"],"picked":"SKIP","floor":12.0},{"not_picked":["Anger","Wild Strike","Perfected Strike"],"picked":"SKIP","floor":13.0},{"not_picked":["Thunderclap","Wild Strike"],"picked":"Second Wind","floor":14.0},{"not_picked":["Barricade","Exhume"],"picked":"Immolate","floor":16.0},{"not_picked":["Clothesline","Dual Wield"],"picked":"Sword Boomerang+1","floor":18.0},{"not_picked":["Pommel Strike","Sword Boomerang","Seeing Red"],"picked":"SKIP","floor":23.0},{"not_picked":["Pommel Strike","Sword Boomerang"],"picked":"Seeing Red","floor":23.0},{"not_picked":["Searing Blow","Evolve","True Grit"],"picked":"SKIP","floor":24.0},{"not_picked":["Wild Strike+1","Rampage","Carnage"],"picked":"SKIP","floor":25.0},{"not_picked":["Flame Barrier","Body Slam","Heavy Blade"],"picked":"SKIP","floor":27.0},{"not_picked":["True Grit","Twin Strike","Rampage"],"picked":"SKIP","floor":31.0},{"not_picked":["Corruption","Juggernaut"],"picked":"Feed","floor":33.0},{"not_picked":["Armaments","Second Wind"],"picked":"Power Through","floor":35.0},{"not_picked":["Sentinel+1","Shrug It Off","Armaments"],"picked":"SKIP","floor":37.0},{"not_picked":["Evolve","Warcry"],"picked":"Reaper","floor":40.0},{"not_picked":["Entrench+1","Sword Boomerang","Iron Wave"],"picked":"SKIP","floor":41.0},{"not_picked":["Headbutt+1","Barricade","Havoc+1"],"picked":"SKIP","floor":42.0},{"not_picked":["Sever Soul","Clothesline"],"picked":"Body Slam","floor":45.0},{"not_picked":["Carnage+1","Shrug It Off","Searing Blow"],"picked":"SKIP","floor":46.0},{"not_picked":["Anger","Inflame+1","True Grit"],"picked":"SKIP","floor":47.0},{"not_picked":["Combust","Armaments","Flame Barrier"],"picked":"SKIP","floor":48.0},{"not_picked":["Iron Wave+1","Warcry","Brutality"],"picked":"SKIP","floor":55.0}],"player_experience":4576605,"relics_obtained":[{"floor":6.0,"key":"Art of War"},{"floor":8.0,"key":"Sundial"},{"floor":10.0,"key":"Whetstone"},{"floor":11.0,"key":"Ginger"},{"floor":12.0,"key":"Strawberry"},{"floor":13.0,"key":"Bird Faced Urn"},{"floor":15.0,"key":"Letter Opener"},{"floor":21.0,"key":"Red Mask"},{"floor":23.0,"key":"Omamori"},{"floor":24.0,"key":"Pen Nib"},{"floor":25.0,"key":"Torii"},{"floor":26.0,"key":"Matryoshka"},{"floor":27.0,"key":"Tiny Chest"},{"floor":32.0,"key":"PreservedInsect"},{"floor":38.0,"key":"Blood Vial"},{"floor":38.0,"key":"MealTicket"},{"floor":40.0,"key":"Darkstone Periapt"},{"floor":41.0,"key":"Shuriken"},{"floor":42.0,"key":"Lantern"},{"floor":43.0,"key":"Regal Pillow"},{"floor":43.0,"key":"Vajra"},{"floor":46.0,"key":"Red Skull"},{"floor":47.0,"key":"Pocketwatch"},{"floor":48.0,"key":"StrikeDummy"},{"floor":49.0,"key":"Bag of Preparation"},{"floor":53.0,"key":"HornCleat"},{"floor":55.0,"key":"Boot"}],"event_choices":[{"cards_removed":["Searing Blow"],"damage_healed":0.0,"max_hp_gain":0.0,"max_hp_loss":0.0,"gold_gain":0.0,"event_name":"Golden Wing","player_choice":"Card Removal","floor":3.0,"gold_loss":0.0,"damage_taken":7.0},{"cards_removed":["Seeing Red"],"damage_healed":0.0,"max_hp_gain":0.0,"max_hp_loss":0.0,"gold_gain":0.0,"event_name":"The Cleric","player_choice":"Card Removal","floor":4.0,"gold_loss":75.0,"damage_taken":0.0},{"damage_healed":0.0,"max_hp_gain":0.0,"max_hp_loss":0.0,"gold_gain":0.0,"event_name":"Upgrade Shrine","player_choice":"Upgraded","floor":5.0,"gold_loss":0.0,"damage_taken":0.0,"cards_upgraded":["Armaments"]},{"damage_healed":0.0,"max_hp_gain":0.0,"max_hp_loss":0.0,"gold_gain":30.0,"event_name":"Dead Adventurer","player_choice":"Searched \u00273\u0027 times","floor":14.0,"gold_loss":0.0,"damage_taken":0.0,"relics_obtained":["Bronze Scales"]},{"damage_healed":0.0,"max_hp_gain":0.0,"max_hp_loss":0.0,"gold_gain":0.0,"event_name":"Ghosts","player_choice":"Ignored","floor":19.0,"gold_loss":0.0,"damage_taken":0.0},{"damage_healed":0.0,"max_hp_gain":0.0,"max_hp_loss":0.0,"gold_gain":0.0,"event_name":"Masked Bandits","player_choice":"Fought Bandits","floor":21.0,"gold_loss":0.0,"damage_taken":0.0},{"damage_healed":0.0,"max_hp_gain":0.0,"max_hp_loss":0.0,"gold_gain":50.0,"event_name":"Nest","player_choice":"Stole From Cult","floor":22.0,"gold_loss":0.0,"damage_taken":0.0},{"damage_healed":0.0,"max_hp_gain":0.0,"max_hp_loss":0.0,"gold_gain":0.0,"event_name":"Purifier","player_choice":"Ignored","floor":28.0,"gold_loss":0.0,"damage_taken":0.0},{"cards_removed":["Battle Trance"],"damage_healed":0.0,"max_hp_gain":0.0,"max_hp_loss":0.0,"gold_gain":0.0,"event_name":"Falling","player_choice":"Removed Skill","floor":36.0,"gold_loss":0.0,"damage_taken":0.0}],"is_beta":false,"boss_relics":[{"not_picked":["Black Blood","Runic Cube"],"picked":"Mark of Pain"},{"not_picked":["Velvet Choker","Philosopher\u0027s Stone"],"picked":"SlaversCollar"}],"items_purged_floors":[54],"is_endless":false,"potions_floor_spawned":[1,8,10,12,13,18,25,27,35,37,41,48],"ascension_level":20}}