{"host":"lwys0gbp6t40j7jh","time":1613729374,"event":{"mods":["Act Like it!","Arknights","BaseMod","CapriCore","Downfall","Friendly Minions","GifTheSpireLib","Luminous","Minty Spire (QoL Compilation)","StSLib","SuperFastMode","The Marked"],"gold_per_floor":[116,116,41,59,59,88,88,101,101,127,121,121,163,63,63,165,165,190,218,218,247,269,269,269,295,295,338,150,195,195,195,195,298,298,321,344,194,221,230,291,291,50,118,149,185,22,22,43,43,43,43],"floor_reached":50,"language":"ENG","playtime":1507,"items_purged":["Luminous:Light_Flash_Shower","Luminous:Light_Flash_Shower","Luminous:Defend_Luminous","Bite","Luminous:Defend_Luminous"],"score":498,"play_id":"3f5e3ebb-79f9-489b-a4f3-83e9196425de","local_time":"20210219110934","is_ascension_mode":false,"campfire_choices":[{"data":"Luminous:Photic_Meditation_Luminous","floor":7,"key":"SMITH"},{"data":"Luminous:Light_Gather","floor":12,"key":"SMITH"},{"data":"Luminous:Switch_Luminous","floor":15,"key":"SMITH"},{"data":"Luminous:Dark_Raid","floor":23,"key":"SMITH"},{"floor":30,"key":"REST"},{"data":"Luminous:Light_Gather","floor":32,"key":"SMITH"},{"floor":41,"key":"REST"},{"floor":47,"key":"REST"},{"floor":49,"key":"REST"}],"circlet_count":0,"master_deck":["Luminous:Defend_Luminous","Luminous:Switch_Luminous+1","Luminous:Light_Glare","Luminous:Photic_Meditation_Luminous+1","Luminous:Switch_Luminous","Luminous:Light_Glare","Luminous:Light_Gather+1","Luminous:Photic_Meditation_Luminous+1","Luminous:Light_Gather+1","Luminous:Dark_Raid+1","Luminous:Dark_Arcane_Pitch+1","Luminous:Abyss_Heart_Luminous+1","Luminous:Light_Gather+1","Luminous:Concentrate_Luminous","Luminous:Lunar_Tide_Luminous+1","Bite","Bite","Bite","Luminous:Light_Wash_Luminous+1","Luminous:Concentrate_Luminous+1","Luminous:Light_Track","Swift Strike+1","Luminous:Mana_Barrier_Luminous+1","Flash of Steel","Luminous:Light_Glare","Luminous:Flash_Blink_Luminous"],"relics":["Luminous:MirrorRelic","Boot","Frozen Egg 2","Bag of Preparation","CeramicFish","Pantograph","Philosopher\u0027s Stone","Nloth\u0027s Gift","Strawberry","White Beast Statue","MutagenicStrength","Empty Cage","Mango","Whetstone","Mummified Hand","MawBank"],"acts_visited":["Exordium","TheCity","TheBeyond"],"potions_floor_usage":[25,25,25,35,40,44,50,50],"damage_taken":[{"damage":0,"enemies":"2 Louse","floor":1,"turns":4},{"damage":6,"enemies":"Small Slimes","floor":4,"turns":4},{"damage":10,"enemies":"Lagavulin","floor":6,"turns":6},{"damage":1,"enemies":"Cultist","floor":8,"turns":5},{"damage":11,"enemies":"Exordium Thugs","floor":11,"turns":4},{"damage":8,"enemies":"Gremlin Nob","floor":13,"turns":3},{"damage":19,"enemies":"The Guardian","floor":16,"turns":13},{"damage":18,"enemies":"2 Thieves","floor":18,"turns":5},{"damage":0,"enemies":"Chosen","floor":19,"turns":5},{"damage":15,"enemies":"Snake Plant","floor":21,"turns":5},{"damage":21,"enemies":"Cultist and Chosen","floor":22,"turns":8},{"damage":2,"enemies":"Centurion and Healer","floor":25,"turns":7},{"damage":54,"enemies":"Gremlin Leader","floor":27,"turns":9},{"damage":18,"enemies":"Champ","floor":33,"turns":10},{"damage":46,"enemies":"3 Darklings","floor":35,"turns":7},{"damage":5,"enemies":"3 Shapes","floor":36,"turns":6},{"damage":23,"enemies":"Jaw Worm Horde","floor":38,"turns":5},{"damage":43,"enemies":"2 Orb Walkers","floor":40,"turns":6},{"damage":51,"enemies":"Nemesis","floor":44,"turns":9},{"damage":53,"enemies":"3 Darklings","floor":45,"turns":6},{"damage":10,"enemies":"Sphere and 2 Shapes","floor":48,"turns":4},{"damage":127,"enemies":"Donu and Deca","floor":50,"turns":12}],"seed_played":"8845256142120249065","potions_obtained":[{"floor":11,"key":"GamblersBrew"},{"floor":16,"key":"ColorlessPotion"},{"floor":19,"key":"BlessingOfTheForge"},{"floor":33,"key":"SkillPotion"},{"floor":35,"key":"SteroidPotion"},{"floor":36,"key":"sneckomod:MuddlingPotion"},{"floor":38,"key":"champ:CounterPotion"},{"floor":40,"key":"SmokeBomb"},{"floor":44,"key":"PowerPotion"}],"is_trial":false,"path_per_floor":["M","?","$","M","?","E","R","M","T","T","M","R","E","$","R","B",null,"M","M","?","M","M","R","?","M","T","E","$","?","R","?","R","B",null,"M","M","$","M","?","?","R","$","T","E","M","$","R","M","R","B"],"character_chosen":"LuminousClass","items_purchased":["Luminous:Lunar_Tide_Luminous+1","Whetstone","Flash of Steel"],"campfire_rested":4,"item_purchase_floors":[28,42,42],"current_hp_per_floor":[82,82,82,76,76,72,72,77,77,77,72,72,69,69,69,69,82,76,82,78,72,63,63,63,78,85,45,45,45,59,59,59,59,59,42,55,55,53,53,43,64,64,64,37,11,11,32,36,57,0,0],"gold":43,"neow_bonus":"TEN_PERCENT_HP_BONUS","is_daily":false,"chose_seed":false,"campfire_upgraded":5,"win_rate":0.0,"timestamp":1613729374,"path_taken":["M","?","$","M","?","E","R","?","T","?","M","R","E","$","R","BOSS","M","M","?","M","M","R","?","?","T","E","$","?","R","?","R","BOSS","M","M","$","M","?","?","R","$","T","E","M","$","R","M","R","BOSS"],"items_purchased_type":["Card","Relic","Card"],"build_version":"2020-12-22","purchased_purges":5,"victory":false,"max_hp_per_floor":[82,82,82,82,82,82,82,82,82,82,82,82,82,82,82,82,82,82,82,78,78,78,78,78,78,85,85,85,59,59,59,59,59,59,59,59,59,59,59,73,73,73,73,73,73,73,73,73,73,73,73],"card_choices":[{"not_picked":["Luminous:Chase_Spell_Luminous","Luminous:Light_Disperse"],"picked":"Luminous:Light_Glare","floor":1},{"not_picked":["Luminous:Light_Ray_of_Redemption","Luminous:Switch_Luminous"],"picked":"Luminous:Photic_Meditation_Luminous","floor":4},{"not_picked":["Luminous:Abyss_Heart_Luminous","Luminous:Light_White_Aria"],"picked":"Luminous:Switch_Luminous","floor":6},{"not_picked":["Luminous:Phantom_Treasure_Luminous","Luminous:Blinding_Pillar_Luminous"],"picked":"Luminous:Light_Glare","floor":8},{"not_picked":["Luminous:Magic_Boost_Luminous","Luminous:Flash_Blink_Luminous"],"picked":"Luminous:Light_Gather","floor":11},{"not_picked":["Luminous:Concentrate_Luminous","Luminous:Mana_Well_Luminous"],"picked":"Luminous:Photic_Meditation_Luminous+1","floor":13},{"not_picked":["Luminous:Flash_Blink_Luminous","Luminous:Dark_Morning_Star"],"picked":"Luminous:Light_Gather","floor":18},{"not_picked":["Luminous:Light_Gather+1","Luminous:Dark_Pressure_Void"],"picked":"Luminous:Dark_Raid","floor":19},{"not_picked":["Luminous:Light_Disperse","Luminous:Mana_Barrier_Luminous"],"picked":"Luminous:Dark_Arcane_Pitch+1","floor":21},{"not_picked":["Luminous:Dark_Dim_Erosion","Luminous:Light_Gather+1"],"picked":"Luminous:Abyss_Heart_Luminous+1","floor":22},{"not_picked":["Luminous:Magic_Guard_Luminous","Luminous:Light_Sylvan_Lance"],"picked":"Luminous:Light_Gather","floor":25},{"not_picked":["Luminous:Mirror_Force_Luminous","Luminous:Dark_Arcane_Pitch"],"picked":"Luminous:Concentrate_Luminous","floor":27},{"not_picked":["Luminous:Magic_Accelerate_Luminous+1","Luminous:Dark_Apocalypse"],"picked":"Luminous:Light_Wash_Luminous+1","floor":35},{"not_picked":["Luminous:Light_Gather+1","Luminous:Dark_Morning_Star+1"],"picked":"Luminous:Concentrate_Luminous+1","floor":36},{"not_picked":["Luminous:Dark_Dim_Erosion+1","Luminous:Concentrate_Luminous"],"picked":"Luminous:Light_Track","floor":38},{"not_picked":["Dark Shackles","Purity"],"picked":"Swift Strike","floor":39},{"not_picked":["Luminous:Dark_Pressure_Void+1","Luminous:Light_Sylvan_Lance+1"],"picked":"Luminous:Mana_Barrier_Luminous+1","floor":40},{"not_picked":["Luminous:Blinding_Pillar_Luminous","Luminous:Light_White_Aria","Luminous:Dark_Pressure_Void"],"picked":"SKIP","floor":44},{"not_picked":["Luminous:Light_Wash_Luminous+1","Luminous:Switch_Luminous+1"],"picked":"Luminous:Light_Glare","floor":45},{"not_picked":["Luminous:Balance_Liberation_Orb","Luminous:Mana_Well_Luminous"],"picked":"Luminous:Flash_Blink_Luminous","floor":48}],"player_experience":1250844,"relics_obtained":[{"floor":6,"key":"Matryoshka"},{"floor":9,"key":"Boot"},{"floor":9,"key":"Frozen Egg 2"},{"floor":10,"key":"Bag of Preparation"},{"floor":10,"key":"CeramicFish"},{"floor":13,"key":"Pantograph"},{"floor":26,"key":"Strawberry"},{"floor":27,"key":"White Beast Statue"},{"floor":40,"key":"Mango"},{"floor":43,"key":"Mummified Hand"},{"floor":44,"key":"MawBank"}],"event_choices":[{"damage_healed":0,"gold_gain":0,"player_choice":"Ignored","damage_taken":0,"max_hp_gain":0,"max_hp_loss":0,"event_name":"Golden Idol","floor":2,"gold_loss":0},{"damage_healed":0,"gold_gain":0,"player_choice":"0 cards matched","damage_taken":0,"max_hp_gain":0,"max_hp_loss":0,"event_name":"Match and Keep!","floor":5,"gold_loss":0,"cards_obtained":[]},{"damage_healed":0,"gold_gain":0,"player_choice":"Traded Relic","damage_taken":0,"relics_obtained":["Nloth\u0027s Gift"],"max_hp_gain":0,"max_hp_loss":0,"event_name":"N\u0027loth","floor":24,"relics_lost":["Matryoshka"],"gold_loss":0},{"damage_healed":0,"gold_gain":0,"player_choice":"Became a vampire","damage_taken":0,"max_hp_gain":0,"max_hp_loss":26,"event_name":"Vampires","floor":29,"gold_loss":0,"cards_obtained":["Bite","Bite","Bite","Bite","Bite"]},{"damage_healed":0,"gold_gain":0,"player_choice":"Inject Mutagens","damage_taken":0,"relics_obtained":["MutagenicStrength"],"max_hp_gain":0,"max_hp_loss":0,"event_name":"Drug Dealer","floor":31,"gold_loss":0},{"damage_healed":0,"gold_gain":0,"player_choice":"Memory 1","damage_taken":0,"max_hp_gain":0,"max_hp_loss":0,"event_name":"SensoryStone","floor":39,"gold_loss":0},{"damage_healed":0,"gold_gain":0,"player_choice":"Fight","damage_taken":0,"max_hp_gain":0,"max_hp_loss":0,"event_name":"Mysterious Sphere","floor":40,"gold_loss":0}],"is_beta":false,"boss_relics":[{"not_picked":["Snecko Eye","Velvet Choker"],"picked":"Philosopher\u0027s Stone"},{"not_picked":["Coffee Dripper","Pandora\u0027s Box"],"picked":"Empty Cage"}],"items_purged_floors":[3,14,28,37,46],"is_endless":false,"potions_floor_spawned":[8,11,16,19,21,33,35,36,38,40,44,45,48],"killed_by":"Donu and Deca","ascension_level":0}}