{"host":"kda2p2afd6bvz6qo","time":1613770808,"event":{"mods":["BaseMod","Colored Map","Minty Spire (QoL Compilation)","Relic Stats"],"gold_per_floor":[112,112,122,132,132,165,178,209,209,242,242,252,285,295,295,396,396,412,412,430,430,440,468,480,507,531,531,545,556,556,582,582,687,687,700,454,507,334,21,56,74,99,124,84,84,109,120,120,120,120,120,120,120,149,149],"floor_reached":56,"language":"ENG","playtime":4698,"items_purged":[],"score":2015,"play_id":"2faedfcb-fd04-4802-9c23-e5d48b83d7a9","local_time":"20210219214008","is_ascension_mode":true,"campfire_choices":[{"data":"Defragment","floor":11,"key":"SMITH"},{"data":"Lockon","floor":15,"key":"SMITH"},{"data":"Defragment","floor":27,"key":"SMITH"},{"data":"Echo Form","floor":32,"key":"SMITH"},{"floor":45,"key":"RECALL"},{"floor":49,"key":"DIG"},{"floor":52,"key":"DIG"}],"circlet_count":0,"master_deck":["Zap","Dualcast","Leap","Conserve Battery","Rainbow","Chill","Reboot+1","Cold Snap","Buffer+1","Sweeping Beam","Ball Lightning+1","Defragment+1","Lockon+1","Defragment+1","Tempest","Compile Driver+1","Echo Form+1","Fission+1","Barrage","Recycle","Core Surge","Barrage+1","Conserve Battery","Electrodynamics","Thunder Strike","Hologram+1","Turbo+1","Glacier","Capacitor+1","Biased Cognition+1"],"relics":["Pandora\u0027s Box","Dream Catcher","Pen Nib","Bottled Flame","Happy Flower","Ornamental Fan","Ancient Tea Set","Runic Pyramid","Toy Ornithopter","Mango","DataDisk","Turnip","Inserter","Vajra","Shovel","Lee\u0027s Waffle","Oddly Smooth Stone","Dead Branch","Thread and Needle","Whetstone","Nunchaku","Shuriken","Symbiotic Virus","Bronze Scales"],"acts_visited":["Exordium","TheCity","TheBeyond","TheEnding"],"potions_floor_usage":[6,10,18,25,25,37,37,37,39,55,55],"damage_taken":[{"damage":0,"enemies":"2 Louse","floor":1,"turns":3},{"damage":0,"enemies":"Cultist","floor":3,"turns":4},{"damage":3,"enemies":"Jaw Worm","floor":4,"turns":3},{"damage":0,"enemies":"Gremlin Nob","floor":6,"turns":3},{"damage":1,"enemies":"Exordium Wildlife","floor":7,"turns":5},{"damage":0,"enemies":"Lagavulin","floor":8,"turns":7},{"damage":13,"enemies":"Gremlin Nob","floor":10,"turns":4},{"damage":5,"enemies":"Exordium Thugs","floor":12,"turns":4},{"damage":0,"enemies":"3 Sentries","floor":13,"turns":5},{"damage":2,"enemies":"3 Louse","floor":14,"turns":2},{"damage":11,"enemies":"The Guardian","floor":16,"turns":6},{"damage":1,"enemies":"Shell Parasite","floor":18,"turns":4},{"damage":0,"enemies":"3 Byrds","floor":20,"turns":4},{"damage":0,"enemies":"3 Cultists","floor":22,"turns":4},{"damage":0,"enemies":"Gremlin Leader","floor":23,"turns":6},{"damage":3,"enemies":"Centurion and Healer","floor":24,"turns":4},{"damage":4,"enemies":"Slavers","floor":25,"turns":5},{"damage":0,"enemies":"Cultist and Chosen","floor":28,"turns":3},{"damage":0,"enemies":"3 Cultists","floor":29,"turns":5},{"damage":14,"enemies":"Book of Stabbing","floor":31,"turns":5},{"damage":0,"enemies":"Automaton","floor":33,"turns":8},{"damage":0,"enemies":"Orb Walker","floor":35,"turns":3},{"damage":25,"enemies":"2 Orb Walkers","floor":37,"turns":4},{"damage":8,"enemies":"Nemesis","floor":40,"turns":5},{"damage":0,"enemies":"3 Shapes","floor":41,"turns":4},{"damage":0,"enemies":"Giant Head","floor":42,"turns":7},{"damage":0,"enemies":"Nemesis","floor":46,"turns":3},{"damage":10,"enemies":"Jaw Worm Horde","floor":47,"turns":4},{"damage":5,"enemies":"Time Eater","floor":50,"turns":10},{"damage":17,"enemies":"Shield and Spear","floor":54,"turns":4},{"damage":41,"enemies":"The Heart","floor":55,"turns":7}],"seed_played":"1048541361367677639","potions_obtained":[{"floor":3,"key":"SpeedPotion"},{"floor":4,"key":"FearPotion"},{"floor":6,"key":"Fruit Juice"},{"floor":10,"key":"SkillPotion"},{"floor":12,"key":"Swift Potion"},{"floor":14,"key":"SkillPotion"},{"floor":23,"key":"PowerPotion"},{"floor":33,"key":"ColorlessPotion"},{"floor":35,"key":"SmokeBomb"},{"floor":40,"key":"FearPotion"},{"floor":42,"key":"PowerPotion"},{"floor":46,"key":"Ancient Potion"}],"is_trial":false,"path_per_floor":["M","?","M","M","?","E","M","E","T","E","R","M","E","M","R","B",null,"M","?","M","?","M","E","M","E","T","R","M","M","T","E","R","B",null,"M","$","?","$","$","E","M","E","T","?","R","E","M","?","R","B",null,"R","$","E","B",null],"character_chosen":"DEFECT","items_purchased":["Vajra","Fruit Juice","Glacier","Fruit Juice","Lee\u0027s Waffle","Oddly Smooth Stone"],"campfire_rested":0,"item_purchase_floors":[36,36,38,38,39,39],"current_hp_per_floor":[68,68,68,65,53,53,52,52,52,44,44,39,39,37,37,26,67,66,51,51,51,51,51,48,68,68,68,68,68,68,54,54,54,88,88,88,79,79,116,108,108,108,108,108,108,108,98,98,98,93,110,110,110,93,62],"gold":149,"neow_bonus":"BOSS_RELIC","is_daily":false,"chose_seed":false,"campfire_upgraded":4,"win_rate":0.0,"timestamp":1613770808,"path_taken":["M","?","?","M","?","E","M","E","T","E","R","M","E","M","R","BOSS","M","?","M","?","M","E","?","E","T","R","M","M","?","E","R","BOSS","M","$","?","?","$","E","M","E","T","?","R","E","?","?","R","BOSS","R","$","E","BOSS"],"items_purchased_type":["Relic","Potion","Card","Potion","Relic","Relic"],"build_version":"2020-12-22","purchased_purges":0,"victory":true,"max_hp_per_floor":[75,75,75,75,75,75,75,75,75,80,80,80,80,80,80,80,80,80,85,85,85,85,85,85,99,99,99,99,99,99,99,99,99,99,99,99,104,104,116,116,116,116,116,116,116,116,116,116,116,116,116,116,116,116,116],"relic_stats":{"Lee\u0027s Waffle":32,"Inserter":[24],"Happy Flower":[40],"counters":[31,145],"Dead Branch":[47],"Pen Nib":[19],"Whetstone":["Ball Lightning","Compile Driver"],"Dream Catcher":0,"Nunchaku":[2],"Shovel":2,"Ornamental Fan":[112],"Shuriken":[3],"Bronze Scales":[96],"Pandora\u0027s Box":["Leap","Conserve Battery","Rainbow","Chill","Reboot","Hello World","Cold Snap","Buffer"],"Turnip":[2],"obtain_stats":[{"Vajra":36,"Mango":25,"Whetstone":43,"Ancient Tea Set":13,"Dream Catcher":5,"Nunchaku":46,"Shovel":37,"Cracked Core":0,"Runic Pyramid":17,"Lee\u0027s Waffle":39,"Inserter":34,"Happy Flower":9,"Dead Branch":40,"Oddly Smooth Stone":39,"Thread and Needle":42,"Pen Nib":6,"Bottled Flame":8,"DataDisk":26,"Ornamental Fan":10,"Shuriken":49,"Bronze Scales":54,"Pandora\u0027s Box":0,"Turnip":31,"Symbiotic Virus":52,"Toy Ornithopter":23},{"Vajra":22,"Mango":17,"Whetstone":26,"Ancient Tea Set":9,"Dream Catcher":3,"Nunchaku":27,"Shovel":23,"Cracked Core":0,"Runic Pyramid":11,"Lee\u0027s Waffle":23,"Inserter":21,"Happy Flower":6,"Dead Branch":24,"Oddly Smooth Stone":23,"Thread and Needle":26,"Pen Nib":4,"Bottled Flame":6,"DataDisk":17,"Ornamental Fan":7,"Shuriken":28,"Bronze Scales":30,"Pandora\u0027s Box":0,"Turnip":20,"Symbiotic Virus":29,"Toy Ornithopter":15},{"Vajra":97,"Mango":73,"Whetstone":117,"Ancient Tea Set":38,"Dream Catcher":10,"Nunchaku":120,"Shovel":101,"Cracked Core":0,"Runic Pyramid":46,"Lee\u0027s Waffle":101,"Inserter":94,"Happy Flower":25,"Dead Branch":106,"Oddly Smooth Stone":101,"Thread and Needle":117,"Pen Nib":13,"Bottled Flame":25,"DataDisk":73,"Ornamental Fan":29,"Shuriken":124,"Bronze Scales":138,"Pandora\u0027s Box":0,"Turnip":86,"Symbiotic Virus":134,"Toy Ornithopter":64}],"Toy Ornithopter":31},"card_choices":[{"not_picked":["Coolheaded","Stack"],"picked":"Sweeping Beam","floor":1},{"not_picked":["Barrage","Redo"],"picked":"Ball Lightning","floor":3},{"not_picked":["Tempest","Go for the Eyes"],"picked":"Defragment","floor":4},{"not_picked":["Hologram","Stack"],"picked":"Lockon","floor":6},{"not_picked":["Turbo","Ball Lightning","Static Discharge"],"picked":"SKIP","floor":7},{"not_picked":["Self Repair","Storm"],"picked":"Defragment","floor":8},{"not_picked":["Double Energy","Gash"],"picked":"Tempest","floor":10},{"not_picked":["Double Energy","Stack"],"picked":"Compile Driver","floor":12},{"not_picked":["Stack","Sweeping Beam"],"picked":"Echo Form","floor":13},{"not_picked":["Cold Snap","Beam Cell","Compile Driver"],"picked":"SKIP","floor":14},{"not_picked":["All For One","Seek"],"picked":"Fission","floor":16},{"not_picked":["Turbo","Rebound+1"],"picked":"Barrage","floor":18},{"not_picked":["Leap","Gash+1","Compile Driver"],"picked":"SKIP","floor":20},{"not_picked":["Gash+1","Streamline"],"picked":"Recycle","floor":22},{"not_picked":["Consume","Cold Snap"],"picked":"Core Surge","floor":23},{"not_picked":["Go for the Eyes","Gash"],"picked":"Barrage+1","floor":24},{"not_picked":["Streamline","Skim","Stack+1"],"picked":"SKIP","floor":25},{"not_picked":["Creative AI","Hologram","Steam"],"picked":"SKIP","floor":28},{"not_picked":["Sweeping Beam","Melter"],"picked":"Conserve Battery","floor":29},{"not_picked":["Recycle","Turbo"],"picked":"Electrodynamics","floor":31},{"not_picked":["Amplify","Reboot"],"picked":"Thunder Strike","floor":33},{"not_picked":["White Noise","Rebound"],"picked":"Hologram+1","floor":35},{"not_picked":["Doom and Gloom","Glacier"],"picked":"Turbo+1","floor":37},{"not_picked":["Self Repair","Sweeping Beam"],"picked":"Capacitor+1","floor":40},{"not_picked":["Compile Driver+1","Cold Snap","Recycle"],"picked":"SKIP","floor":41},{"not_picked":["Scrape+1","Barrage+1","Go for the Eyes"],"picked":"SKIP","floor":42},{"not_picked":["Force Field+1","White Noise"],"picked":"Biased Cognition","floor":46},{"not_picked":["Beam Cell+1","Gash","Compile Driver"],"picked":"SKIP","floor":47},{"not_picked":["Doom and Gloom","Go for the Eyes","Recycle"],"picked":"SKIP","floor":54}],"player_experience":271509,"relics_obtained":[{"floor":6,"key":"Pen Nib"},{"floor":8,"key":"Bottled Flame"},{"floor":9,"key":"Happy Flower"},{"floor":10,"key":"Ornamental Fan"},{"floor":13,"key":"Ancient Tea Set"},{"floor":23,"key":"Toy Ornithopter"},{"floor":25,"key":"Mango"},{"floor":26,"key":"DataDisk"},{"floor":31,"key":"Turnip"},{"floor":37,"key":"Shovel"},{"floor":40,"key":"Dead Branch"},{"floor":42,"key":"Thread and Needle"},{"floor":43,"key":"Whetstone"},{"floor":46,"key":"Nunchaku"},{"floor":49,"key":"Shuriken"},{"floor":52,"key":"Symbiotic Virus"},{"floor":54,"key":"Bronze Scales"}],"event_choices":[{"cards_removed":["Hello World"],"damage_healed":0,"gold_gain":0,"player_choice":"Purged","damage_taken":0,"max_hp_gain":0,"max_hp_loss":0,"event_name":"Purifier","floor":2,"gold_loss":0},{"damage_healed":0,"gold_gain":0,"player_choice":"Success","damage_taken":12,"relics_obtained":["Dream Catcher"],"max_hp_gain":0,"max_hp_loss":0,"event_name":"Scrap Ooze","floor":5,"gold_loss":0},{"damage_healed":0,"gold_gain":0,"player_choice":"Shed Blood","damage_taken":20,"max_hp_gain":5,"max_hp_loss":0,"event_name":"Forgotten Altar","floor":19,"gold_loss":0},{"damage_healed":0,"gold_gain":0,"player_choice":"Upgraded","damage_taken":0,"max_hp_gain":0,"max_hp_loss":0,"event_name":"Upgrade Shrine","floor":21,"gold_loss":0,"cards_upgraded":["Fission"]},{"damage_healed":0,"gold_gain":0,"player_choice":"Fight","damage_taken":0,"max_hp_gain":0,"max_hp_loss":0,"event_name":"Mysterious Sphere","floor":37,"gold_loss":0},{"damage_healed":0,"gold_gain":0,"player_choice":"Upgraded Two","damage_taken":0,"max_hp_gain":0,"max_hp_loss":0,"event_name":"Designer","floor":44,"gold_loss":40,"cards_upgraded":["Reboot","Buffer"]},{"damage_healed":0,"gold_gain":0,"player_choice":"Upgraded","damage_taken":0,"max_hp_gain":0,"max_hp_loss":0,"event_name":"Upgrade Shrine","floor":48,"gold_loss":0,"cards_upgraded":["Biased Cognition"]}],"is_beta":false,"boss_relics":[{"not_picked":["Fusion Hammer","Snecko Eye"],"picked":"Runic Pyramid"},{"not_picked":["Coffee Dripper","Runic Dome"],"picked":"Inserter"}],"items_purged_floors":[],"is_endless":false,"potions_floor_spawned":[3,4,6,10,12,14,23,24,33,35,40,42,46],"ascension_level":8}}