{"host":"s4ojoik2izpnmj7q","time":1613719161,"event":{"mods":["ATMod(°¢èªMod)","Act Like it!","BaseMod","Minty Spire (QoL Compilation)","MostiFishMod","StSLib"],"gold_per_floor":[114,128,147,147,161,161,176,176,176,214,234,268,290,327,327,411,411,440,365,365,398,425,461,461,461,461,486,504,522,543,574,574,651,651,668,339,694,694,719,719,719,753,753,753,773,799,811,827,827,827,827,827,827,-573,-548,-548],"floor_reached":57,"language":"ZHS","playtime":2647,"items_purged":["Strike_R","Strike_R","Defend_R"],"score":3551,"play_id":"53181613-47ed-4b04-9d40-1cbe339a5f2c","local_time":"20210219151921","is_ascension_mode":true,"campfire_choices":[{"data":"MostiFishMod:FlyOverUtopia","floor":6.0,"key":"SMITH"},{"floor":8.0,"key":"RECALL"},{"floor":15.0,"key":"REST"},{"floor":25.0,"key":"REST"},{"data":"1","floor":32,"key":"LIFT"},{"data":"2","floor":40,"key":"LIFT"},{"data":"3","floor":49,"key":"LIFT"},{"data":"Burning Pact","floor":53,"key":"SMITH"}],"circlet_count":0,"master_deck":["AscendersBane","Defend_R","Defend_R+1","Defend_R","AT_ChampionStep","Burning Pact+1","Whirlwind","MostiFishMod:FlyOverUtopia+1","MostiFishMod:DarkDeal","Second Wind","Power Through","Shockwave","Limit Break+1","AT_CaressingTears","AT_ManFootWork+1","Battle Trance","Impervious","Brutality","Barricade","Feel No Pain+1"],"relics":["DaveBox","AT_ATBox","MetatronsCube","Mark of Pain","SynthV:TestCard","SynthV:C4","CeramicFish","Odd Mushroom","AT_ForceNature","Turnip","ChiXiaoBlade","Red Mask","Bronze Scales","Singing Bowl","Darkstone Periapt","Girya","OneHitWonderSystem","AT_SpeedBoots","DiscerningMonocle","StoneCalendar","Old Coin","Mango","War Paint","AT_BladeRuinedKing","Calipers","TheAbacus","Potion Belt","Blood Vial","AT_DeathDance","SynthV:MejaisSoulstealer","Vajra"],"acts_visited":["Exordium","TheCity","TheBeyond","TheEnding"],"potions_floor_usage":[],"damage_taken":[{"damage":4.0,"enemies":"Small Slimes","floor":1.0,"turns":3.0},{"damage":0.0,"enemies":"Cultist","floor":2.0,"turns":2.0},{"damage":0.0,"enemies":"2 Louse","floor":3.0,"turns":1.0},{"damage":4.0,"enemies":"Blue Slaver","floor":5.0,"turns":2.0},{"damage":4.0,"enemies":"Looter","floor":7.0,"turns":2.0},{"damage":14.0,"enemies":"Lagavulin","floor":10.0,"turns":1.0},{"damage":4.0,"enemies":"The Mushroom Lair","floor":11.0,"turns":1.0},{"damage":4.0,"enemies":"3 Sentries","floor":12.0,"turns":2.0},{"damage":12.0,"enemies":"Large Slime","floor":13.0,"turns":2.0},{"damage":4.0,"enemies":"Gremlin Nob","floor":14.0,"turns":1.0},{"damage":2.0,"enemies":"Slime Boss","floor":16.0,"turns":5.0},{"damage":8.0,"enemies":"2 Thieves","floor":18.0,"turns":2.0},{"damage":2.0,"enemies":"Masked Bandits","floor":21.0,"turns":1.0},{"damage":4.0,"enemies":"Shell Parasite","floor":22.0,"turns":2.0},{"damage":4.0,"enemies":"Book of Stabbing","floor":23.0,"turns":2.0},{"damage":4.0,"enemies":"Slavers","floor":27.0,"turns":1.0},{"damage":4.0,"enemies":"Centurion and Healer","floor":29.0,"turns":1.0},{"damage":2,"enemies":"Chosen and Byrds","floor":30,"turns":1},{"damage":4,"enemies":"Gremlin Leader","floor":31,"turns":2},{"damage":2,"enemies":"Automaton","floor":33,"turns":4},{"damage":0,"enemies":"3 Darklings","floor":35,"turns":1},{"damage":0,"enemies":"2 Orb Walkers","floor":37,"turns":2},{"damage":0,"enemies":"Mind Bloom Boss Battle","floor":39,"turns":1},{"damage":0,"enemies":"Reptomancer","floor":42,"turns":1},{"damage":0,"enemies":"Orb Walker","floor":45,"turns":1},{"damage":0,"enemies":"Giant Head","floor":46,"turns":1},{"damage":0,"enemies":"3 Darklings","floor":47,"turns":1},{"damage":0,"enemies":"Maw","floor":48,"turns":2},{"damage":0,"enemies":"Donu and Deca","floor":50,"turns":2},{"damage":0,"enemies":"Awakened One","floor":51,"turns":3},{"damage":0,"enemies":"Shield and Spear","floor":55,"turns":3},{"damage":0,"enemies":"The Heart","floor":56,"turns":4}],"seed_played":"6484429493350936907","potions_obtained":[{"floor":2.0,"key":"ColorlessPotion"},{"floor":3.0,"key":"ColorlessPotion"},{"floor":14.0,"key":"LiquidMemories"},{"floor":23.0,"key":"BlessingOfTheForge"}],"is_trial":false,"path_per_floor":["M","M","M","?","M","R","M","R","T","E","?","E","M","E","R","B",null,"M","?","?","?","M","E","?","R","T","E","?","M","M","E","R","B",null,"M","$","?","?","?","R","?","E","T","$","M","E","M","M","R","B","B",null,"R","$","E","B",null],"character_chosen":"IRONCLAD","items_purchased":["AT_SpeedBoots","DiscerningMonocle","StoneCalendar","DuplicationPotion","AT_BladeRuinedKing","Calipers","TheAbacus","Blood Vial","AT_DeathDance","LiquidMemories","SkillPotion","SynthV:MejaisSoulstealer"],"campfire_rested":2,"item_purchase_floors":[36,36,36,36,44,44,44,54,54,54,54,54],"current_hp_per_floor":[64,64,64,64,60,60,56,56,56,42,38,34,22,18,40,38,66,58,58,37,35,39,39,39,63,63,61,61,63,61,63,63,71,1,3,1,1,1,17,1,1,3,1,1,3,3,3,3,1,1,1,1,1,1,3,1],"gold":-548,"neow_bonus":"BOSS_RELIC","is_daily":false,"chose_seed":false,"campfire_upgraded":2,"win_rate":0.0,"timestamp":1613719161,"path_taken":["M","M","M","?","?","R","?","R","T","E","?","E","M","E","R","BOSS","M","?","?","?","M","E","?","R","T","E","?","?","M","E","R","BOSS","M","$","?","?","?","R","?","E","T","$","M","E","M","M","R","BOSS","BOSS","R","$","E","BOSS"],"items_purchased_type":["Relic","Relic","Relic","Potion","Relic","Relic","Relic","Relic","Relic","Potion","Potion","Relic"],"build_version":"2020-12-22","purchased_purges":3,"victory":true,"max_hp_per_floor":[75,75,75,75,75,75,75,75,75,75,75,75,75,75,75,75,75,75,75,80,80,80,80,80,80,80,82,82,84,84,86,86,88,1,3,1,1,1,17,1,1,3,1,1,3,3,3,3,1,1,1,1,1,1,3,1],"card_choices":[{"not_picked":["Clash","Intimidate"],"picked":"Burning Pact","floor":1.0},{"not_picked":["True Grit","Rage","Anger","Body Slam"],"picked":"Whirlwind","floor":2.0},{"not_picked":["AT_BodySlamDance","Flame Barrier","True Grit","Sever Soul","AT_IchimonjiDouble"],"picked":"SKIP","floor":3.0},{"not_picked":["Body Slam","Bloodletting","Clash","AT_DiedThrough"],"picked":"MostiFishMod:DarkDeal","floor":5.0},{"not_picked":["Infernal Blade","AT_ManFootWork","AT_BodySlamDance","Perfected Strike","Clothesline"],"picked":"SKIP","floor":7.0},{"not_picked":["Reaper","Metallicize","AT_ManFootWork","Anger"],"picked":"Second Wind","floor":10.0},{"not_picked":["MostiFishMod:#F4004","Intimidate","Heavy Blade","Headbutt","Inflame"],"picked":"SKIP","floor":12.0},{"not_picked":["Cleave","Pummel","Hemokinesis","Shrug It Off"],"picked":"Power Through","floor":13.0},{"not_picked":["MostiFishMod:CullingBlade","Shrug It Off","Warcry","Clash"],"picked":"Shockwave","floor":14.0},{"not_picked":["MostiFishMod:OrdinaryWorld","Fiend Fire","Berserk","Immolate"],"picked":"Limit Break","floor":16.0},{"not_picked":["Second Wind","Wild Strike","Flame Barrier","AT_DiedThrough"],"picked":"AT_CaressingTears","floor":18.0},{"not_picked":["Wild Strike","AT_ShrugMaster","Twin Strike+1","AT_BodySlamDance"],"picked":"AT_ManFootWork+1","floor":22.0},{"not_picked":["Pommel Strike","Armaments","Clothesline","MostiFishMod:404NotFound"],"picked":"Battle Trance","floor":23.0},{"not_picked":["Blood for Blood","Whirlwind","Carnage","AT_BodySlamDance","Clothesline+1"],"picked":"Singing Bowl","floor":27.0},{"not_picked":["Havoc","Blood for Blood","Searing Blow","Cleave","Thunderclap"],"picked":"Singing Bowl","floor":29.0},{"not_picked":["Combust","Power Through","Warcry","Iron Wave"],"picked":"Barricade","floor":30},{"not_picked":["Inflame","True Grit","Shrug It Off","Pommel Strike","Dual Wield"],"picked":"Singing Bowl","floor":31},{"not_picked":["Corruption","MostiFishMod:KnuckleDown","MostiFishMod:Mania","MostiFishMod:UltimateDefense","MostiFishMod:RainCloud"],"picked":"Singing Bowl","floor":33},{"not_picked":["Seeing Red","Perfected Strike","True Grit","Warcry+1","Twin Strike+1"],"picked":"Singing Bowl","floor":35},{"not_picked":["Clash","Dual Wield","Searing Blow+1","True Grit+1"],"picked":"Feel No Pain+1","floor":37},{"not_picked":["Armaments","Clash","Anger","Shrug It Off","AT_IchimonjiDouble"],"picked":"Singing Bowl","floor":39},{"not_picked":["Havoc+1","Clash","MostiFishMod:Chiaki","Flame Barrier","Reckless Charge+1"],"picked":"Singing Bowl","floor":42},{"not_picked":["Twin Strike","Inflame","Pommel Strike","Wild Strike","Thunderclap"],"picked":"Singing Bowl","floor":45},{"not_picked":["Reckless Charge","Headbutt","Cleave","Twin Strike","Body Slam+1"],"picked":"Singing Bowl","floor":46},{"not_picked":["Body Slam","Warcry+1","Power Through","Intimidate","Perfected Strike"],"picked":"Singing Bowl","floor":47},{"not_picked":["Pommel Strike+1","Armaments+1","True Grit","Anger","Berserk"],"picked":"Singing Bowl","floor":48},{"not_picked":["MostiFishMod:404NotFound","Shrug It Off","Havoc","Anger","Clash+1"],"picked":"Singing Bowl","floor":55}],"player_experience":618876,"relics_obtained":[{"floor":1.0,"key":"SynthV:TestCard"},{"floor":9.0,"key":"SynthV:C4"},{"floor":10.0,"key":"CeramicFish"},{"floor":11.0,"key":"Odd Mushroom"},{"floor":12.0,"key":"AT_ForceNature"},{"floor":14.0,"key":"Turnip"},{"floor":21.0,"key":"Red Mask"},{"floor":23.0,"key":"Bronze Scales"},{"floor":26.0,"key":"Singing Bowl"},{"floor":27.0,"key":"Darkstone Periapt"},{"floor":31,"key":"Girya"},{"floor":37,"key":"Old Coin"},{"floor":39,"key":"Mango"},{"floor":42,"key":"War Paint"},{"floor":46,"key":"Potion Belt"},{"floor":55,"key":"Vajra"}],"event_choices":[{"damage_healed":0.0,"max_hp_gain":0.0,"max_hp_loss":0.0,"gold_gain":0.0,"event_name":"Match and Keep!","player_choice":"1 cards matched","floor":4.0,"gold_loss":0.0,"damage_taken":0.0,"cards_obtained":["MostiFishMod:FlyOverUtopia"]},{"damage_healed":0.0,"max_hp_gain":0.0,"max_hp_loss":0.0,"gold_gain":0.0,"event_name":"Mushrooms","player_choice":"Fought Mushrooms","floor":11.0,"gold_loss":0.0,"damage_taken":0.0},{"cards_removed":["Strike_R"],"damage_healed":0.0,"max_hp_gain":0.0,"max_hp_loss":0.0,"gold_gain":0.0,"event_name":"Beggar","player_choice":"Gave Gold","floor":19.0,"gold_loss":75.0,"damage_taken":0.0},{"damage_healed":0.0,"max_hp_gain":5.0,"max_hp_loss":0.0,"gold_gain":0.0,"event_name":"Forgotten Altar","player_choice":"Shed Blood","floor":20.0,"gold_loss":0.0,"damage_taken":26.0},{"damage_healed":0.0,"max_hp_gain":0.0,"max_hp_loss":0.0,"gold_gain":0.0,"event_name":"Masked Bandits","player_choice":"Fought Bandits","floor":21.0,"gold_loss":0.0,"damage_taken":0.0},{"damage_healed":0.0,"max_hp_gain":0.0,"max_hp_loss":0.0,"gold_gain":0.0,"event_name":"Vampires","player_choice":"Ignored","floor":24.0,"gold_loss":0.0,"damage_taken":0.0},{"damage_healed":0.0,"max_hp_gain":0.0,"max_hp_loss":0.0,"gold_gain":0.0,"cards_transformed":["Strike_R","Strike_R"],"event_name":"Drug Dealer","player_choice":"Became Test Subject","floor":28.0,"gold_loss":0.0,"damage_taken":0.0,"cards_obtained":["Impervious","Brutality"]},{"damage_healed":0,"gold_gain":0,"player_choice":"Fight","damage_taken":0,"max_hp_gain":0,"max_hp_loss":0,"event_name":"Mysterious Sphere","floor":37,"gold_loss":0},{"cards_removed":["Bash"],"damage_healed":0,"gold_gain":0,"player_choice":"Removed Attack","damage_taken":0,"max_hp_gain":0,"max_hp_loss":0,"event_name":"Falling","floor":38,"gold_loss":0},{"damage_healed":0,"gold_gain":0,"player_choice":"Fight","damage_taken":0,"max_hp_gain":0,"max_hp_loss":0,"event_name":"MindBloom","floor":39,"gold_loss":0},{"damage_healed":0,"gold_gain":0,"player_choice":"Max HP","damage_taken":0,"max_hp_gain":0,"max_hp_loss":0,"event_name":"Winding Halls","floor":41,"gold_loss":0}],"is_beta":false,"boss_relics":[{"not_picked":["GuanYuAspect","Velvet Choker"],"picked":"ChiXiaoBlade"},{"not_picked":["RhineFirstAidKit","Tiny House"],"picked":"OneHitWonderSystem"}],"items_purged_floors":[36,44,54],"is_endless":false,"potions_floor_spawned":[2,3,5,10,14,21,23,29,33,37,39],"ascension_level":20}}