{"host":"gs3xqnyj3rtm2rju","time":1613712727,"event":{"mods":["AchievementEnabler","Astrologer","BaseMod","BetterRewards","Gremlin Mod","Hubris","Koishi","Marisa????????","Minty Spire (QoL Compilation)","Prisma Mod","Replay The Spire","StSLib","SuperFastMode","The Animator","The Cursed","The Necromancer","The Servant 0.9.4"],"gold_per_floor":[190,235,271,271,296,336,0,36,61,61,26,61,100,100,100,203,228,264,304,339,26,26,26,26,26,63,99,149,33,74,74,109,150,150,280,380,418,418,460,502,575,575,575,613,663,703,703,703,703,703,766,45,45,45],"floor_reached":55,"language":"ENG","playtime":4405,"items_purged":[],"score":1017,"play_id":"f7ff35cc-8f52-4dcd-91e9-f6e27a4f3897","local_time":"20210218233207","daily_mods":["Shiny","Vintage","Heirloom","Time Dilation"],"is_ascension_mode":false,"campfire_choices":[{"floor":15.0,"key":"REST"},{"data":"animator:GoblinSlayer","floor":23.0,"key":"SMITH"},{"data":"animator:HigakiRinne","floor":31.0,"key":"SMITH"},{"data":"animator:Shizu","floor":34.0,"key":"SMITH"},{"data":"animator:Greed","floor":43,"key":"SMITH"},{"data":"animator:Greed","floor":47,"key":"SMITH"},{"data":"animator:Boros","floor":53,"key":"SMITH"}],"circlet_count":0,"master_deck":["animator:Eris","animator:Guren","animator:Saber","animator:Boros+1","animator:Hans","animator:ChaikaTrabant","animator:Biyorigo","animator:AcuraShin","animator:HomuraAkemi","animator:Shiro","animator:Saitama","animator:GoblinSlayer+1","animator:Ainz","animator:Gilgamesh+38","animator:FeridBathory","animator:Sora+1","animator:Shizu+1","animator:Albedo","animator:HigakiRinne+1","animator:Rimuru","animator:ItamiYouji","animator:Envy","animator:Greed+1","animator:SwordMaiden","animator:Wiz","animator:PinaCoLada","animator:Kyubey","animator:Elesis","animator:DolaStephanie+1","animator:DolaStephanie+1","animator:NononJakuzure+1","hubris:NaturalOne","animator:Patchouli","animator:Magilou+1","animator:HighElfArcher","animator:Strike+1","animator:KrulTepes","animator:CowGirl+1","animator:Shigure","animator:HigakiRinne+1","CurseOfTheBell","animator:Greed+1","animator:HarukoHaruhara+1","animator:KrulTepes+1","animator:Kaijin"],"relics":["animator:LivingPicture","animator:TheMissingPiece","animator:PurgingStone","Gambling Chip","Toxic Egg 2","Prayer Wheel","Replay:Rubber Ducky","hubris:Icosahedron","Snack Pack","Bag of Marbles","Mercury Hourglass","Gremlin Horn","Paper Frog","animator:CrumblingOrb","Gremlin Food","hubris:SlimyHat","animator:Buoy","Lee\u0027s Waffle","Matryoshka","Oddly Smooth Stone","Lantern","Darkstone Periapt","Replay:Ringing Soul","MealTicket","HornCleat","Blood Vial","Calling Bell","Nunchaku","Mirror","StoneCalendar","Replay:Mystery Machine","hubris:DisguiseKit","ReplayTheSpireMod:Ninjato","Pocketwatch","Onion Ring","Replay:Bottled Snecko","Meat on the Bone","Replay:Bottled Steam","Philosopher\u0027s Stone","Pet Ghost","Strawberry","OrangePellets","hubris:CrystalStatue"],"acts_visited":["Exordium","TheCity","TheBeyond"],"potions_floor_usage":[54,54,54],"damage_taken":[{"damage":6.0,"enemies":"2 Louse","floor":1.0,"turns":3.0},{"damage":14.0,"enemies":"Jaw Worm","floor":2.0,"turns":2.0},{"damage":3.0,"enemies":"Cultist","floor":3.0,"turns":3.0},{"damage":39.0,"enemies":"Exordium Thugs","floor":6.0,"turns":8.0},{"damage":22.0,"enemies":"Gremlin Gang","floor":8.0,"turns":5.0},{"damage":4.0,"enemies":"3 Louse","floor":12.0,"turns":3.0},{"damage":10.0,"enemies":"Red Slaver","floor":13.0,"turns":2.0},{"damage":20.0,"enemies":"Fading Forest","floor":16.0,"turns":10.0},{"damage":12.0,"enemies":"2 Thieves","floor":18.0,"turns":2.0},{"damage":11.0,"enemies":"Shell Parasite","floor":19.0,"turns":2.0},{"damage":3.0,"enemies":"Shelled Parasite and Fungi","floor":20.0,"turns":1.0},{"damage":3.0,"enemies":"Snake Plant","floor":26.0,"turns":4.0},{"damage":3.0,"enemies":"Chosen and Byrds","floor":27.0,"turns":1.0},{"damage":3.0,"enemies":"Snecko","floor":30.0,"turns":2.0},{"damage":20.0,"enemies":"Centurion and Healer","floor":32.0,"turns":2.0},{"damage":3.0,"enemies":"Sentry and Sphere","floor":33.0,"turns":3.0},{"damage":6.0,"enemies":"Pondfish","floor":35.0,"turns":10.0},{"damage":12,"enemies":"3 Shapes","floor":37,"turns":2},{"damage":5,"enemies":"3 Darklings","floor":39,"turns":5},{"damage":3,"enemies":"Transient","floor":40,"turns":6},{"damage":4,"enemies":"2 Orb Walkers","floor":41,"turns":2},{"damage":3,"enemies":"Jaw Worm Horde","floor":44,"turns":3},{"damage":3,"enemies":"3 Darklings","floor":46,"turns":4},{"damage":3,"enemies":"Maw","floor":51,"turns":3},{"damage":3,"enemies":"Awakened One","floor":54,"turns":3}],"seed_played":"-751232518303537720","potions_obtained":[{"floor":2.0,"key":"Strength Potion"},{"floor":3.0,"key":"Doom Potion"},{"floor":6.0,"key":"Strength Potion"},{"floor":8.0,"key":"Elixir"},{"floor":20.0,"key":"Energy Potion"},{"floor":27.0,"key":"Adrenaline Potion"},{"floor":30.0,"key":"ColorlessPotion"},{"floor":33.0,"key":"Fire Potion"},{"floor":37,"key":"Weak Potion"},{"floor":40,"key":"Languid Potion"},{"floor":44,"key":"LiquidBronze"},{"floor":51,"key":"Fire Potion"}],"is_trial":true,"path_per_floor":["M","M","M","WH","?","M","$","M","T","WH","?","M","M","?","R","B",null,"M","M","M","$","?","R","PTL","PTL","M","M","T","$","M","R","M","M","R","B",null,"M","?","M","M","?","?","R","M","T","M","R","?","PTL","PTL","M","$","R","B",null],"character_chosen":"THE_ANIMATOR","items_purchased":["animator:Albedo","animator:DolaStephanie+1","animator:NononJakuzure+1","animator:LizardPriest+1","Lee\u0027s Waffle","animator:Patchouli","animator:KrulTepes","animator:CowGirl+1","Strawberry","animator:HarukoHaruhara+1","OrangePellets","hubris:CrystalStatue"],"campfire_rested":1,"item_purchase_floors":[7,7,7,7,21,21,29,29,52,52,52,52],"current_hp_per_floor":[60,49,46,52,52,28,28,9,9,16,35,37,27,27,50,60,79,70,61,60,86,86,86,86,86,86,83,83,83,82,82,62,70,70,76,98,88,97,107,107,109,109,109,110,110,110,110,110,110,110,55,65,65,68],"gold":45,"neow_bonus":"TEN_PERCENT_HP_BONUS","is_daily":false,"chose_seed":false,"campfire_upgraded":6,"win_rate":0.0,"timestamp":1613712727,"path_taken":["M","M","M","WH","?","M","$","M","T","WH","?","M","M","?","R","BOSS","M","M","M","$","?","R","PTL","PTL","M","M","T","?","?","R","M","M","R","BOSS","M","?","M","?","?","?","R","M","T","M","R","?","PTL","PTL","M","$","R","BOSS"],"items_purchased_type":["Card","Card","Card","Card","Relic","Card","Card","Card","Relic","Card","Relic","Relic"],"build_version":"2020-12-22","purchased_purges":0,"victory":true,"max_hp_per_floor":[66,66,66,72,72,72,72,72,72,79,79,79,79,79,79,79,79,79,79,79,86,86,86,86,86,86,86,86,86,86,86,86,86,86,89,98,98,107,107,107,110,110,110,110,110,110,110,110,110,110,55,65,65,68],"card_choices":[{"not_picked":["animator:Rimuru","animator:FeridBathory"],"picked":"animator:Gilgamesh","floor":16.0},{"not_picked":["animator:Father+1","animator:Greed"],"picked":"animator:HigakiRinne+1","floor":35.0},{"not_picked":["animator:Vanir+1","animator:AcuraAkari+1","Deaths_Shadow"],"picked":"animator:Greed","floor":41}],"player_experience":123365,"relics_obtained":[{"floor":1.0,"key":"Toxic Egg 2"},{"floor":2.0,"key":"Prayer Wheel"},{"floor":3.0,"key":"Replay:Rubber Ducky"},{"floor":6.0,"key":"Snack Pack"},{"floor":8.0,"key":"Bag of Marbles"},{"floor":9.0,"key":"Mercury Hourglass"},{"floor":12.0,"key":"Gremlin Horn"},{"floor":13.0,"key":"Paper Frog"},{"floor":18.0,"key":"Gremlin Food"},{"floor":19.0,"key":"hubris:SlimyHat"},{"floor":20.0,"key":"animator:Buoy"},{"floor":26.0,"key":"Matryoshka"},{"floor":27.0,"key":"Oddly Smooth Stone"},{"floor":28.0,"key":"Lantern"},{"floor":28.0,"key":"Darkstone Periapt"},{"floor":30.0,"key":"Replay:Ringing Soul"},{"floor":32.0,"key":"MealTicket"},{"floor":33.0,"key":"HornCleat"},{"floor":35.0,"key":"Blood Vial"},{"floor":36.0,"key":"Nunchaku"},{"floor":36.0,"key":"Mirror"},{"floor":36.0,"key":"StoneCalendar"},{"floor":37,"key":"Replay:Mystery Machine"},{"floor":39,"key":"hubris:DisguiseKit"},{"floor":40,"key":"ReplayTheSpireMod:Ninjato"},{"floor":41,"key":"Pocketwatch"},{"floor":44,"key":"Onion Ring"},{"floor":45,"key":"Replay:Bottled Snecko"},{"floor":45,"key":"Meat on the Bone"},{"floor":46,"key":"Replay:Bottled Steam"},{"floor":51,"key":"Pet Ghost"}],"event_choices":[{"damage_healed":19.0,"max_hp_gain":0.0,"max_hp_loss":0.0,"gold_gain":0.0,"event_name":"The Cleric","player_choice":"Healed","floor":11.0,"gold_loss":35.0,"damage_taken":0.0},{"damage_healed":0.0,"max_hp_gain":0.0,"max_hp_loss":0.0,"gold_gain":0.0,"event_name":"Accursed Blacksmith","player_choice":"Forge","floor":14.0,"gold_loss":0.0,"damage_taken":0.0,"cards_upgraded":["animator:Sora"]},{"damage_healed":0.0,"max_hp_gain":0.0,"max_hp_loss":0.0,"gold_gain":0.0,"event_name":"Match and Keep!","player_choice":"3 cards matched","floor":22.0,"gold_loss":0.0,"damage_taken":0.0,"cards_obtained":["animator:Magilou","animator:HighElfArcher","animator:Strike"]},{"cards_removed":["Languid"],"damage_healed":0,"gold_gain":0,"player_choice":"Took Card","damage_taken":0,"max_hp_gain":0,"max_hp_loss":0,"event_name":"NoteForYourself","floor":38,"gold_loss":0,"cards_obtained":["Languid"]},{"damage_healed":0,"gold_gain":0,"player_choice":"Fight","damage_taken":0,"max_hp_gain":0,"max_hp_loss":0,"event_name":"Mysterious Sphere","floor":41,"gold_loss":0},{"damage_healed":0,"gold_gain":0,"player_choice":"Ignored","damage_taken":0,"max_hp_gain":0,"max_hp_loss":0,"event_name":"Tomb of Lord Red Mask","floor":42,"gold_loss":0},{"cards_removed":["animator:Eve"],"damage_healed":0,"gold_gain":0,"player_choice":"Removed Power","damage_taken":0,"max_hp_gain":0,"max_hp_loss":0,"event_name":"Falling","floor":48,"gold_loss":0}],"is_beta":false,"boss_relics":[{"not_picked":["Mark of Pain","Black Star"],"picked":"animator:CrumblingOrb"},{"not_picked":["hubris:CrackedHourglass","Kintsugi"],"picked":"Calling Bell"}],"items_purged_floors":[],"is_endless":false,"potions_floor_spawned":[2,3,6,8,20,27,30,33,37,40,44,51],"ascension_level":0}}