{"host":"syfsfjmzue8y1a6l","time":1613731375,"event":{"mods":["AchievementEnabler","BaseMod","Colored Map","DeckTracker","Minty Spire (QoL Compilation)","Permanent Neow","SuperFastMode"],"gold_per_floor":[115,130,130,149,149,177,177,177,190,270,270,288,331,355,371,371,501,501,514,529,529,544,544,544,469,488,488,488,341,375,389,250,250,381,381,396,396,197,221,242,282,282,313,313,313,313,283,233,247,247,247],"floor_reached":52,"language":"KOR","playtime":4929,"items_purged":["Defend_P","Strike_P","Defend_P","Strike_P"],"score":917,"play_id":"5fe361fe-d4ec-4718-bfb3-ceebd8f1d3c9","local_time":"20210219194255","is_ascension_mode":false,"campfire_choices":[{"data":"Eruption","floor":16.0,"key":"SMITH"},{"data":"MentalFortress","floor":24.0,"key":"SMITH"},{"data":"Adaptation","floor":33,"key":"SMITH"},{"data":"Scrawl","floor":42,"key":"SMITH"},{"data":"Purity","floor":46,"key":"SMITH"},{"data":"FearNoEvil","floor":50,"key":"SMITH"}],"circlet_count":0,"master_deck":["Strike_P","Eruption+1","Vigilance","Purity+1","MentalFortress+1","FearNoEvil+1","FlurryOfBlows","Adaptation+1","Bandage Up","Scrawl+1"],"relics":["HolyWater","Mango","Golden Idol","Mummified Hand","Anchor","Thread and Needle","Sundial","Smiling Mask","Lantern","Yang","Shuriken"],"acts_visited":["Exordium","TheCity","TheBeyond"],"potions_floor_usage":[30,30,30,41,41,47],"damage_taken":[{"damage":2.0,"enemies":"Small Slimes","floor":1.0,"turns":2.0},{"damage":0.0,"enemies":"Jaw Worm","floor":2.0,"turns":3.0},{"damage":5.0,"enemies":"2 Louse","floor":4.0,"turns":4.0},{"damage":10.0,"enemies":"Lagavulin","floor":6.0,"turns":5.0},{"damage":6.0,"enemies":"2 Fungi Beasts","floor":9.0,"turns":3.0},{"damage":0.0,"enemies":"Exordium Wildlife","floor":12.0,"turns":3.0},{"damage":7.0,"enemies":"Lagavulin","floor":13.0,"turns":7.0},{"damage":0.0,"enemies":"Large Slime","floor":14.0,"turns":3.0},{"damage":0.0,"enemies":"Looter","floor":15.0,"turns":2.0},{"damage":25.0,"enemies":"Slime Boss","floor":17.0,"turns":11.0},{"damage":0.0,"enemies":"3 Byrds","floor":19.0,"turns":5.0},{"damage":0.0,"enemies":"Chosen","floor":20.0,"turns":4.0},{"damage":21.0,"enemies":"Sentry and Sphere","floor":22.0,"turns":6.0},{"damage":3.0,"enemies":"3 Cultists","floor":26.0,"turns":5.0},{"damage":9,"enemies":"Book of Stabbing","floor":30,"turns":4},{"damage":9,"enemies":"Snecko","floor":31,"turns":7},{"damage":0,"enemies":"Champ","floor":34,"turns":3},{"damage":10,"enemies":"3 Darklings","floor":36,"turns":5},{"damage":6,"enemies":"Orb Walker","floor":39,"turns":3},{"damage":16,"enemies":"4 Shapes","floor":40,"turns":5},{"damage":20,"enemies":"Reptomancer","floor":41,"turns":4},{"damage":0,"enemies":"Giant Head","floor":43,"turns":2},{"damage":0,"enemies":"Transient","floor":49,"turns":3},{"damage":6,"enemies":"Donu and Deca","floor":51,"turns":3}],"seed_played":"-8226128799443189016","potions_obtained":[{"floor":1.0,"key":"Swift Potion"},{"floor":4.0,"key":"Ambrosia"},{"floor":9.0,"key":"Block Potion"},{"floor":14.0,"key":"Regen Potion"},{"floor":20.0,"key":"BlessingOfTheForge"},{"floor":26.0,"key":"EntropicBrew"},{"floor":31,"key":"AttackPotion"},{"floor":36,"key":"AttackPotion"},{"floor":47,"key":"PowerPotion"},{"floor":47,"key":"Fruit Juice"}],"is_trial":false,"path_per_floor":["M","M","?","M","?","E","E","?","M","T","?","M","E","M","M","R","B",null,"M","M","?","M","?","R","?","M","T","?","$","E","M","$","R","B",null,"M","?","$","M","M","E","R","E","T","?","R","?","$","M","R","B",null],"character_chosen":"WATCHER","items_purchased":["Adaptation","Bandage Up","Lantern"],"campfire_rested":0,"item_purchase_floors":[29,32,38],"current_hp_per_floor":[70,70,75,70,63,67,67,45,39,39,32,32,25,25,25,25,5,91,91,91,91,70,70,70,70,67,67,67,67,58,49,49,49,53,91,81,81,81,79,67,51,51,55,55,55,55,60,60,64,64,62],"gold":247,"neow_bonus":"RANDOM_COLORLESS","is_daily":false,"chose_seed":false,"campfire_upgraded":6,"win_rate":0.0,"timestamp":1613731375,"path_taken":["M","M","?","M","?","E","E","?","M","T","?","M","E","M","M","R","BOSS","M","M","?","M","?","R","?","M","T","?","$","E","M","$","R","BOSS","M","?","$","M","M","E","R","E","T","?","R","?","$","?","R","BOSS"],"items_purchased_type":["Card","Card","Relic"],"build_version":"2020-12-22","purchased_purges":4,"victory":true,"max_hp_per_floor":[72,72,77,77,77,91,91,91,91,91,91,91,91,91,91,91,91,91,91,91,91,91,91,91,91,91,91,91,91,91,91,91,91,91,91,91,91,91,91,91,91,91,91,91,91,91,96,96,96,96,96],"card_choices":[{"not_picked":["Blind","Panacea"],"picked":"Purity","floor":0.0},{"not_picked":["Pray","CrushJoints","EmptyFist"],"picked":"SKIP","floor":1.0},{"not_picked":["EmptyFist","Consecrate"],"picked":"MentalFortress","floor":2.0},{"not_picked":["ClearTheMind","Indignation"],"picked":"FearNoEvil","floor":4.0},{"not_picked":["EmptyBody","CrushJoints","Devotion"],"picked":"SKIP","floor":6.0},{"not_picked":["MentalFortress","EmptyFist"],"picked":"FlurryOfBlows","floor":9.0},{"not_picked":["EmptyBody","Evaluate","EmptyFist"],"picked":"SKIP","floor":12.0},{"not_picked":["ForeignInfluence","ThirdEye","SpiritShield"],"picked":"SKIP","floor":13.0},{"not_picked":["PathToVictory","Prostrate","EmptyBody"],"picked":"SKIP","floor":14.0},{"not_picked":["Protect","Fasting2","EmptyFist"],"picked":"SKIP","floor":15.0},{"not_picked":["WaveOfTheHand","FearNoEvil","CarveReality"],"picked":"SKIP","floor":19.0},{"not_picked":["Protect","DeceiveReality","WaveOfTheHand"],"picked":"SKIP","floor":20.0},{"not_picked":["Consecrate","SashWhip","BattleHymn+1"],"picked":"SKIP","floor":22.0},{"not_picked":["Consecrate","Evaluate","ReachHeaven"],"picked":"SKIP","floor":26.0},{"not_picked":["FollowUp","Meditate","Sanctity+1"],"picked":"SKIP","floor":30},{"not_picked":["Consecrate","SashWhip","ThirdEye"],"picked":"SKIP","floor":31},{"not_picked":["Consecrate+1","EmptyBody+1","LikeWater+1"],"picked":"SKIP","floor":36},{"not_picked":["WaveOfTheHand","CutThroughFate","WreathOfFlame+1"],"picked":"SKIP","floor":39},{"not_picked":["Adaptation","FlyingSleeves+1","CutThroughFate"],"picked":"SKIP","floor":40},{"not_picked":["Crescendo","Nirvana+1"],"picked":"Scrawl","floor":41},{"not_picked":["EmptyBody+1","ThirdEye+1","SashWhip"],"picked":"SKIP","floor":43},{"not_picked":["Meditate+1","DeusExMachina","Pray+1"],"picked":"SKIP","floor":49}],"player_experience":158142,"relics_obtained":[{"floor":6.0,"key":"Mango"},{"floor":10.0,"key":"Mummified Hand"},{"floor":13.0,"key":"Thread and Needle"},{"floor":27.0,"key":"Sundial"},{"floor":30,"key":"Smiling Mask"},{"floor":41,"key":"Yang"},{"floor":43,"key":"Shuriken"}],"event_choices":[{"damage_healed":0.0,"max_hp_gain":5.0,"max_hp_loss":0.0,"gold_gain":0.0,"event_name":"Big Fish","player_choice":"Donut","floor":3.0,"gold_loss":0.0,"damage_taken":0.0},{"cards_removed":["Defend_P"],"damage_healed":0.0,"max_hp_gain":0.0,"max_hp_loss":0.0,"gold_gain":0.0,"event_name":"Golden Wing","player_choice":"Card Removal","floor":5.0,"gold_loss":0.0,"damage_taken":7.0},{"damage_healed":0.0,"max_hp_gain":0.0,"max_hp_loss":0.0,"gold_gain":0.0,"event_name":"Golden Idol","player_choice":"Take Damage","floor":8.0,"gold_loss":0.0,"damage_taken":22.0,"relics_obtained":["Golden Idol"]},{"damage_healed":0.0,"max_hp_gain":0.0,"max_hp_loss":0.0,"gold_gain":0.0,"event_name":"Scrap Ooze","player_choice":"Success","floor":11.0,"gold_loss":0.0,"damage_taken":7.0,"relics_obtained":["Anchor"]},{"damage_healed":0.0,"max_hp_gain":0.0,"max_hp_loss":0.0,"gold_gain":0.0,"event_name":"Vampires","player_choice":"Ignored","floor":21.0,"gold_loss":0.0,"damage_taken":0.0},{"cards_removed":["Defend_P"],"damage_healed":0.0,"max_hp_gain":0.0,"max_hp_loss":0.0,"gold_gain":0.0,"event_name":"Back to Basics","player_choice":"Elegance","floor":23.0,"gold_loss":0.0,"damage_taken":0.0},{"cards_removed":["Strike_P"],"damage_healed":0.0,"max_hp_gain":0.0,"max_hp_loss":0.0,"gold_gain":0.0,"event_name":"Beggar","player_choice":"Gave Gold","floor":25.0,"gold_loss":75.0,"damage_taken":0.0},{"damage_healed":0.0,"max_hp_gain":0.0,"max_hp_loss":0.0,"gold_gain":0.0,"event_name":"NoteForYourself","player_choice":"Ignored","floor":28.0,"gold_loss":0.0,"damage_taken":0.0},{"damage_healed":0,"gold_gain":0,"player_choice":"Ignored","damage_taken":0,"max_hp_gain":0,"max_hp_loss":0,"event_name":"Tomb of Lord Red Mask","floor":37,"gold_loss":0},{"damage_healed":0,"gold_gain":0,"player_choice":"Ignored","damage_taken":0,"max_hp_gain":0,"max_hp_loss":0,"event_name":"Mysterious Sphere","floor":45,"gold_loss":0},{"damage_healed":0,"gold_gain":0,"player_choice":"Bought 2 Potions","damage_taken":0,"max_hp_gain":0,"max_hp_loss":0,"event_name":"The Woman in Blue","floor":47,"gold_loss":0}],"is_beta":false,"boss_relics":[{"not_picked":["Black Star","SacredBark"],"picked":"HolyWater"},{"not_picked":["Snecko Eye","Astrolabe","Calling Bell"]}],"items_purged_floors":[29,32,38,48],"is_endless":false,"potions_floor_spawned":[1,4,9,14,20,26,31,34,36],"ascension_level":0}}