{"host":"v7dcfm09mlh04wa7","time":1613723397,"event":{"mods":["BaseMod","Minty Spire (QoL Compilation)"],"gold_per_floor":[117,117,127,137,33,33,44,69,69,69,69,94,15,33,33,132,132,144,59,19,19,39,69,69,69,69,79,79,4,20,119,119,217,217,230,230,250,250,34,34,34,34],"floor_reached":41,"language":"ENG","playtime":2627,"items_purged":["Strike_P","Defend_P"],"score":417,"play_id":"22df018a-73c1-461e-9336-593a5f6fd208","local_time":"20210219032957","is_ascension_mode":false,"campfire_choices":[{"data":"Eruption","floor":6,"key":"SMITH"},{"floor":10,"key":"RECALL"},{"floor":15,"key":"REST"},{"floor":24,"key":"REST"},{"floor":28,"key":"REST"},{"data":"Establishment","floor":32,"key":"SMITH"},{"floor":40,"key":"REST"}],"circlet_count":0,"master_deck":["Strike_P","Strike_P","Defend_P+1","Defend_P","Eruption+1","Vigilance","BowlingBash","ClearTheMind","LikeWater","FollowUp","Establishment+1","CarveReality","Adaptation","Evaluate","DevaForm","Protect+1","Indignation","EmptyMind+1","Tantrum","TalkToTheHand","Fasting2","Scrawl","CurseOfTheBell","FollowUp+1","ConjureBlade","Vengeance","Evaluate"],"relics":["PureWater","NeowsBlessing","Toy Ornithopter","Mercury Hourglass","Potion Belt","Black Star","MealTicket","InkBottle","Shuriken","MutagenicStrength","War Paint","Calling Bell","Ancient Tea Set","Meat on the Bone","Ginger"],"acts_visited":["Exordium","TheCity","TheBeyond"],"potions_floor_usage":[8,33,35],"damage_taken":[{"damage":0,"enemies":"Jaw Worm","floor":1,"turns":1},{"damage":0,"enemies":"Small Slimes","floor":3,"turns":1},{"damage":0,"enemies":"Cultist","floor":4,"turns":1},{"damage":2,"enemies":"2 Fungi Beasts","floor":7,"turns":2},{"damage":16,"enemies":"Lagavulin","floor":8,"turns":5},{"damage":21,"enemies":"3 Sentries","floor":12,"turns":10},{"damage":5,"enemies":"3 Louse","floor":14,"turns":3},{"damage":49,"enemies":"Hexaghost","floor":16,"turns":10},{"damage":17,"enemies":"Shell Parasite","floor":18,"turns":7},{"damage":18,"enemies":"2 Thieves","floor":22,"turns":4},{"damage":37,"enemies":"Gremlin Leader","floor":23,"turns":8},{"damage":22,"enemies":"Snecko","floor":27,"turns":4},{"damage":0,"enemies":"Snake Plant","floor":30,"turns":2},{"damage":14,"enemies":"Automaton","floor":33,"turns":6},{"damage":32,"enemies":"3 Darklings","floor":35,"turns":5},{"damage":34,"enemies":"3 Shapes","floor":37,"turns":4},{"damage":80,"enemies":"Reptomancer","floor":41,"turns":5}],"seed_played":"-2200370941599113158","potions_obtained":[{"floor":7,"key":"Regen Potion"},{"floor":8,"key":"Ancient Potion"},{"floor":22,"key":"DuplicationPotion"},{"floor":27,"key":"DistilledChaos"},{"floor":33,"key":"BottledMiracle"}],"is_trial":false,"path_per_floor":["M","?","M","M","?","R","M","E","T","R","?","E","$","M","R","B",null,"M","?","$","?","M","E","R","?","T","M","R","$","M","?","R","B",null,"M","?","M","?","$","R","E"],"character_chosen":"WATCHER","items_purchased":["Adaptation","Indignation","Vengeance","Evaluate"],"campfire_rested":4,"item_purchase_floors":[13,20,39,39],"current_hp_per_floor":[72,72,72,72,72,72,70,64,64,64,64,43,43,38,59,10,72,55,55,70,70,52,15,36,36,36,14,35,50,50,50,50,41,72,45,45,23,23,38,59,0,0],"gold":34,"neow_bonus":"THREE_ENEMY_KILL","is_daily":false,"chose_seed":false,"campfire_upgraded":2,"win_rate":0.0,"timestamp":1613723397,"path_taken":["M","?","M","M","?","R","?","E","T","R","?","E","$","M","R","BOSS","M","?","$","?","?","E","R","?","T","M","R","$","M","?","R","BOSS","M","?","?","?","$","R","E"],"items_purchased_type":["Card","Card","Card","Card"],"build_version":"2020-12-22","purchased_purges":2,"victory":false,"max_hp_per_floor":[72,72,72,72,72,72,72,72,72,72,72,72,72,72,72,72,72,72,72,72,72,72,72,72,72,72,72,72,72,72,72,72,72,72,72,72,72,72,72,72,72,72],"card_choices":[{"not_picked":["FlyingSleeves","ClearTheMind"],"picked":"BowlingBash","floor":1},{"not_picked":["FlyingSleeves","EmptyBody"],"picked":"ClearTheMind","floor":3},{"not_picked":["BattleHymn","WindmillStrike"],"picked":"LikeWater","floor":4},{"not_picked":["Swivel","Crescendo"],"picked":"FollowUp","floor":7},{"not_picked":["Adaptation","Crescendo"],"picked":"Establishment","floor":8},{"not_picked":["WreathOfFlame","Collect"],"picked":"CarveReality","floor":12},{"not_picked":["Tantrum","Conclude"],"picked":"Evaluate","floor":14},{"not_picked":["DeusExMachina","Vault"],"picked":"DevaForm","floor":16},{"not_picked":["Study","ClearTheMind"],"picked":"Protect","floor":18},{"not_picked":["Protect+1","Crescendo+1"],"picked":"EmptyMind+1","floor":22},{"not_picked":["PathToVictory","Wallop+1"],"picked":"Tantrum","floor":23},{"not_picked":["Halt","PathToVictory"],"picked":"TalkToTheHand","floor":27},{"not_picked":["EmptyFist","Pray"],"picked":"Fasting2","floor":30},{"not_picked":["DevaForm","Establishment"],"picked":"Scrawl","floor":33},{"not_picked":["Halt","CutThroughFate"],"picked":"FollowUp+1","floor":35},{"not_picked":["FlyingSleeves+1","Wallop+1"],"picked":"ConjureBlade","floor":37}],"player_experience":225025,"relics_obtained":[{"floor":8,"key":"Mercury Hourglass"},{"floor":12,"key":"Potion Belt"},{"floor":23,"key":"InkBottle"},{"floor":23,"key":"Shuriken"},{"floor":26,"key":"War Paint"},{"floor":34,"key":"Ancient Tea Set"},{"floor":34,"key":"Meat on the Bone"},{"floor":34,"key":"Ginger"}],"event_choices":[{"damage_healed":0,"gold_gain":0,"player_choice":"Ignored","damage_taken":0,"max_hp_gain":0,"max_hp_loss":0,"event_name":"Golden Wing","floor":2,"gold_loss":0},{"damage_healed":0,"gold_gain":0,"player_choice":"Paid Gold","damage_taken":0,"relics_obtained":["Toy Ornithopter"],"max_hp_gain":0,"max_hp_loss":0,"event_name":"WeMeetAgain","floor":5,"gold_loss":104},{"damage_healed":0,"gold_gain":0,"player_choice":"Ignored","damage_taken":0,"max_hp_gain":0,"max_hp_loss":0,"event_name":"Liars Game","floor":11,"gold_loss":0},{"damage_healed":0,"gold_gain":0,"player_choice":"Obtained Relic","damage_taken":0,"relics_obtained":["MealTicket"],"max_hp_gain":0,"max_hp_loss":0,"event_name":"Addict","floor":19,"gold_loss":85},{"cards_removed":["Defend_P"],"damage_healed":0,"gold_gain":0,"player_choice":"Purged","damage_taken":0,"max_hp_gain":0,"max_hp_loss":0,"event_name":"Purifier","floor":21,"gold_loss":0},{"damage_healed":0,"gold_gain":0,"player_choice":"Inject Mutagens","damage_taken":0,"relics_obtained":["MutagenicStrength"],"max_hp_gain":0,"max_hp_loss":0,"event_name":"Drug Dealer","floor":25,"gold_loss":0},{"damage_healed":0,"gold_gain":99,"player_choice":"Stole From Cult","damage_taken":0,"max_hp_gain":0,"max_hp_loss":0,"event_name":"Nest","floor":31,"gold_loss":0},{"cards_removed":["Strike_P"],"damage_healed":0,"gold_gain":0,"player_choice":"Card Removal","damage_taken":0,"max_hp_gain":0,"max_hp_loss":0,"event_name":"Wheel of Change","floor":36,"gold_loss":0},{"damage_healed":0,"gold_gain":0,"player_choice":"Ignored","damage_taken":0,"max_hp_gain":0,"max_hp_loss":0,"event_name":"Tomb of Lord Red Mask","floor":38,"gold_loss":0}],"is_beta":false,"boss_relics":[{"not_picked":["VioletLotus","Empty Cage"],"picked":"Black Star"},{"not_picked":["Fusion Hammer","Coffee Dripper"],"picked":"Calling Bell"}],"items_purged_floors":[29,39],"is_endless":false,"potions_floor_spawned":[7,8,22,27,33],"killed_by":"Reptomancer","ascension_level":0}}