{"host":"w4ub8crw9ou4a5am","time":1613772715,"event":{"mods":["2.2 Compatiblity","BaseMod","Challenge The Spire","Colored Powertips","Hermit","Hubris","Jorbs\u0027s Wanderer Trilogy","KinomotoSakuraMod(????)","Koishi","Marisa????????","Minty Spire (QoL Compilation)","Quick Restart","Rare Cards Sparkle","Remilia??????","StSLib","The Administrix","The Animator","The Bug Knight","The Cursed","The Disciple","The Hierophant","The Jungle","The Marked","The Necromancer","The Senshi","The Servant 0.9.4","WarShipGirlsR/????R mod"],"gold_per_floor":[109,129,140,151,151,184,184,10,34,53,53,53,53,53,53,154,154,168,179,62,62,78,111,111,36,60,60,71,171,171,171],"floor_reached":30,"language":"ENG","playtime":1732,"items_purged":[],"score":273,"play_id":"a37af15c-c948-4077-b946-5c5d019b2a2d","local_time":"20210219171155","is_ascension_mode":false,"campfire_choices":[{"floor":7.0,"key":"REST"},{"floor":11.0,"key":"REST"},{"data":"SoulSculpture","floor":13.0,"key":"SMITH"},{"floor":15.0,"key":"REST"},{"floor":24,"key":"REST"},{"data":"Apotheosis","floor":27,"key":"SMITH"}],"circlet_count":0,"master_deck":["Strike_S","Strike_S","Strike_S","Strike_S","Defend_S","Defend_S+1","Defend_S","Defend_S","KidneyShot","Exchange","Defy","ShiftingGears","Spin","Spin","SoulSculpture+1","Rearm","DoubleEdge+1","Sunlight","CurseOfTheBell","Initiator","SurpressingFire+1","Apotheosis+1","Defy","Collapse","Read","Barrier+1"],"relics":["Uniform","WarpedTongs","Bag of Marbles","Membership Card","Pen Nib","Calling Bell","Strawberry","InkBottle","Incense Burner","Pocketwatch","Tiny Chest","Ginger","hubris:DisguiseKit"],"acts_visited":["Exordium","TheCity"],"potions_floor_usage":[18,18,22,29,29,29],"damage_taken":[{"damage":0.0,"enemies":"Small Slimes","floor":1.0,"turns":3.0},{"damage":2.0,"enemies":"Cultist","floor":2.0,"turns":5.0},{"damage":0.0,"enemies":"2 Louse","floor":3.0,"turns":4.0},{"damage":22.0,"enemies":"Blue Slaver","floor":4.0,"turns":4.0},{"damage":23.0,"enemies":"Gremlin Nob","floor":6.0,"turns":4.0},{"damage":8.0,"enemies":"Exordium Wildlife","floor":10.0,"turns":3.0},{"damage":52.0,"enemies":"Hexaghost","floor":16.0,"turns":12.0},{"damage":8,"enemies":"Shell Parasite","floor":18,"turns":4},{"damage":6,"enemies":"3 Byrds","floor":19,"turns":3},{"damage":20,"enemies":"3 Cultists","floor":22,"turns":4},{"damage":28,"enemies":"HollowMod:Nosk","floor":23,"turns":8},{"damage":18,"enemies":"Snecko","floor":28,"turns":5},{"damage":1,"enemies":"Colosseum Slavers","floor":29,"turns":2},{"damage":15,"enemies":"Colosseum Nobs","floor":29,"turns":4},{"damage":33,"enemies":"Centurion and Healer","floor":30,"turns":2}],"seed_played":"4752091508839918037","potions_obtained":[{"floor":2.0,"key":"LiquidBronze"},{"floor":3.0,"key":"Swift Potion"},{"floor":4.0,"key":"Fire Potion"},{"floor":6.0,"key":"Strength Potion"},{"floor":22,"key":"Dexterity Potion"},{"floor":23,"key":"Dexterity Potion"},{"floor":28,"key":"Fire Potion"}],"is_trial":false,"path_per_floor":["M","M","M","M","?","E","R","$","T","M","R","?","R","?","R","B",null,"M","M","$","?","M","E","R","?","T","R","M","?","M"],"character_chosen":"THE_SERVANT","items_purchased":["Membership Card","Rearm","Apotheosis","Regen Potion"],"campfire_rested":4,"item_purchase_floors":[8,8,20,20],"current_hp_per_floor":[71,69,69,47,47,24,45,45,45,37,58,61,61,46,68,16,81,73,67,67,81,66,38,62,62,62,62,44,28,0,0],"gold":171,"neow_bonus":"TEN_PERCENT_HP_BONUS","is_daily":false,"chose_seed":false,"campfire_upgraded":2,"win_rate":0.0,"timestamp":1613772715,"path_taken":["M","M","M","M","?","E","R","$","T","?","R","?","R","?","R","BOSS","M","M","$","?","?","E","R","?","T","R","M","?","M"],"items_purchased_type":["Relic","Card","Card","Potion"],"build_version":"2020-12-22","purchased_purges":0,"victory":false,"max_hp_per_floor":[71,71,71,71,71,71,71,71,71,71,71,74,74,74,74,74,81,81,81,81,81,81,81,81,81,81,81,81,81,81,81],"card_choices":[{"not_picked":["Ricochet","Unruled"],"picked":"Defy","floor":1.0},{"not_picked":["FanOfKnives","Replace"],"picked":"ShiftingGears","floor":2.0},{"not_picked":["DualDimension","Revamp"],"picked":"Spin","floor":3.0},{"not_picked":["FastForward","Starlight"],"picked":"Spin","floor":4.0},{"not_picked":["Misdirection","Comet"],"picked":"SoulSculpture","floor":6.0},{"not_picked":["Unruled","Rewind"],"picked":"DoubleEdge","floor":10.0},{"not_picked":["FloweringNight","Dilation"],"picked":"Sunlight","floor":16.0},{"not_picked":["Alleviate","DoubleEdge"],"picked":"Initiator","floor":18},{"not_picked":["FastForward","ShatteredReality"],"picked":"SurpressingFire+1","floor":19},{"not_picked":["Replace","Spin"],"picked":"Defy","floor":22},{"not_picked":["Rewind","FastForward"],"picked":"Collapse","floor":23},{"not_picked":["Foresight","Reset"],"picked":"Read","floor":28},{"not_picked":["Spin","StarChef"],"picked":"Barrier+1","floor":29}],"player_experience":1757564,"relics_obtained":[{"floor":6.0,"key":"Bag of Marbles"},{"floor":9.0,"key":"Pen Nib"},{"floor":17,"key":"Strawberry"},{"floor":17,"key":"InkBottle"},{"floor":17,"key":"Incense Burner"},{"floor":23,"key":"Pocketwatch"},{"floor":26,"key":"Tiny Chest"},{"floor":29,"key":"Ginger"},{"floor":29,"key":"hubris:DisguiseKit"}],"event_choices":[{"damage_healed":0.0,"max_hp_gain":0.0,"max_hp_loss":0.0,"gold_gain":0.0,"event_name":"Accursed Blacksmith","player_choice":"Rummage","floor":5.0,"gold_loss":0.0,"damage_taken":0.0,"relics_obtained":["WarpedTongs"],"cards_obtained":["Pain"]},{"damage_healed":0.0,"max_hp_gain":0.0,"max_hp_loss":0.0,"gold_gain":0.0,"event_name":"Shining Light","player_choice":"Entered Light","floor":14.0,"gold_loss":0.0,"damage_taken":15.0,"cards_upgraded":["Defend_S","DoubleEdge"]},{"damage_healed":27,"gold_gain":0,"player_choice":"Heal","damage_taken":0,"max_hp_gain":0,"max_hp_loss":0,"event_name":"The Library","floor":21,"gold_loss":0},{"cards_removed":["Pain"],"damage_healed":0,"gold_gain":0,"player_choice":"Gave Gold","damage_taken":0,"max_hp_gain":0,"max_hp_loss":0,"event_name":"Beggar","floor":25,"gold_loss":75},{"damage_healed":0,"gold_gain":0,"player_choice":"Fight","damage_taken":0,"max_hp_gain":0,"max_hp_loss":0,"event_name":"Colosseum","floor":29,"gold_loss":0},{"damage_healed":0,"gold_gain":0,"player_choice":"Fought Nobs","damage_taken":0,"max_hp_gain":0,"max_hp_loss":0,"event_name":"Colosseum","floor":29,"gold_loss":0}],"is_beta":false,"boss_relics":[{"not_picked":["Astrolabe","hubris:BlackHole"],"picked":"Calling Bell"}],"items_purged_floors":[],"is_endless":false,"potions_floor_spawned":[2,3,4,6,22,23,28],"killed_by":"Centurion and Healer","ascension_level":0}}