{"host":"79kl9rvhjzhuunbo","time":1613695321,"event":{"mods":["AchievementEnabler","BaseMod","Colored Powertips","Defuse TimeMaze Blight","Friendly Minions","Highlight Path","Minty Spire (QoL Compilation)","Permanent Neow","Quick Restart","Random Character Button","Relic Sorter","StSLib","SuperFastMode","Synergy Search","Unceasing Turn Reminder"],"gold_per_floor":[10,25,42,42,42,42,99,99,99,119,152,4,4,31,31,131,131,148,148,48,48,65,65,92,92,119,154,79,96,112,131,131,231,231,245,245,62,108,108,108,140,140,166,12,37,52,52,102,102,102,102,102,13,45,45],"floor_reached":56,"language":"ENG","playtime":3729,"items_purged":["Strike_B","Strike_B"],"score":1529,"play_id":"a5cfb2f0-affd-48c6-a67a-bb60c0f147d0","local_time":"20210219014201","is_ascension_mode":true,"campfire_choices":[{"floor":6.0,"key":"RECALL"},{"floor":8.0,"key":"REST"},{"floor":13.0,"key":"REST"},{"floor":15.0,"key":"REST"},{"data":"Zap","floor":23.0,"key":"SMITH"},{"floor":25.0,"key":"REST"},{"data":"Defend_B","floor":32.0,"key":"PURGE"},{"data":"Dualcast","floor":40.0,"key":"PURGE"},{"data":"Defend_B","floor":42.0,"key":"PURGE"},{"data":"Electrodynamics+1","floor":49.0,"key":"PURGE"},{"data":"Defend_B+1","floor":52,"key":"PURGE"}],"circlet_count":0,"master_deck":["Gash","FTL","Gash","Echo Form+1","Defragment+1","Leap","Gash","Ghostly+1","Ghostly","Ghostly","Ghostly","Ghostly","Defragment+1","Cold Snap","Conserve Battery","Genetic Algorithm+1","Defragment+1","Echo Form+1","Bandage Up","Mayhem+1","Cold Snap","Gash","White Noise","Loop+1","Defragment+1"],"relics":["FrozenCore","Ornamental Fan","Happy Flower","Frozen Egg 2","StoneCalendar","Inserter","MutagenicStrength","War Paint","Omamori","Peace Pipe","Pocketwatch","InkBottle","Juzu Bracelet","Lizard Tail","Incense Burner","Art of War"],"acts_visited":["Exordium","TheCity","TheBeyond","TheEnding"],"potions_floor_usage":[55],"damage_taken":[{"damage":2.0,"enemies":"Jaw Worm","floor":1.0,"turns":3.0},{"damage":0.0,"enemies":"2 Louse","floor":2.0,"turns":2.0},{"damage":7.0,"enemies":"Small Slimes","floor":3.0,"turns":3.0},{"damage":31.0,"enemies":"Gremlin Nob","floor":7.0,"turns":4.0},{"damage":7.0,"enemies":"Looter","floor":10.0,"turns":2.0},{"damage":32.0,"enemies":"Lagavulin","floor":11.0,"turns":8.0},{"damage":18.0,"enemies":"Gremlin Nob","floor":14.0,"turns":3.0},{"damage":19.0,"enemies":"Hexaghost","floor":16.0,"turns":7.0},{"damage":19.0,"enemies":"3 Byrds","floor":18.0,"turns":3.0},{"damage":1.0,"enemies":"2 Thieves","floor":22.0,"turns":3.0},{"damage":9.0,"enemies":"Book of Stabbing","floor":24.0,"turns":7.0},{"damage":16.0,"enemies":"Gremlin Leader","floor":27.0,"turns":6.0},{"damage":0.0,"enemies":"3 Cultists","floor":29.0,"turns":3.0},{"damage":11.0,"enemies":"Snake Plant","floor":30.0,"turns":7.0},{"damage":0.0,"enemies":"Shelled Parasite and Fungi","floor":31.0,"turns":6.0},{"damage":0.0,"enemies":"Automaton","floor":33.0,"turns":8.0},{"damage":4.0,"enemies":"3 Shapes","floor":35.0,"turns":7.0},{"damage":0.0,"enemies":"2 Orb Walkers","floor":38.0,"turns":5.0},{"damage":0.0,"enemies":"Giant Head","floor":41.0,"turns":9.0},{"damage":0.0,"enemies":"Nemesis","floor":45.0,"turns":7.0},{"damage":9.0,"enemies":"3 Darklings","floor":46.0,"turns":5.0},{"damage":0.0,"enemies":"Mind Bloom Boss Battle","floor":48.0,"turns":6.0},{"damage":18,"enemies":"Donu and Deca","floor":50,"turns":11},{"damage":0,"enemies":"Shield and Spear","floor":54,"turns":9},{"damage":33,"enemies":"The Heart","floor":55,"turns":12}],"seed_played":"-697346487419226629","potions_obtained":[{"floor":2.0,"key":"Ancient Potion"},{"floor":11.0,"key":"EssenceOfDarkness"},{"floor":18.0,"key":"Regen Potion"},{"floor":29.0,"key":"DistilledChaos"},{"floor":31.0,"key":"Energy Potion"},{"floor":33.0,"key":"DistilledChaos"},{"floor":38.0,"key":"Dexterity Potion"},{"floor":46.0,"key":"SpeedPotion"}],"is_trial":false,"path_per_floor":["M","M","M","?","?","R","?","R","T","M","E","$","R","E","R","B",null,"M","?","$","?","M","R","E","R","T","E","?","M","M","M","R","B",null,"M","?","$","?","$","R","E","R","T","$","E","M","T","?","R","B",null,"R","$","E","B",null],"character_chosen":"DEFECT","items_purchased":["Defragment+1","Mayhem+1","Cold Snap","Gash","White Noise","Defragment+1","SpeedPotion"],"campfire_rested":4,"item_purchase_floors":[12,37,44,44,44,53,53],"current_hp_per_floor":[73,73,66,66,66,66,35,57,57,50,18,18,40,22,44,25,75,56,37,37,37,36,36,27,37,37,21,21,21,25,25,25,25,37,33,33,33,37,37,37,37,37,37,37,37,28,28,36,36,26,37,37,37,37,12],"gold":45,"neow_bonus":"REMOVE_TWO","is_daily":false,"chose_seed":false,"campfire_upgraded":1,"win_rate":0.0,"timestamp":1613695321,"path_taken":["M","M","M","?","?","R","?","R","T","M","E","$","R","E","R","BOSS","M","?","$","?","M","R","E","R","T","E","?","M","?","M","R","BOSS","M","?","$","?","?","R","E","R","T","$","E","M","?","?","R","BOSS","R","$","E","BOSS"],"items_purchased_type":["Card","Card","Card","Card","Card","Card","Potion"],"build_version":"2020-12-22","purchased_purges":2,"victory":true,"max_hp_per_floor":[75,75,75,75,75,75,75,75,75,75,75,75,75,75,75,75,75,75,37,37,37,37,37,37,37,37,37,37,37,37,37,37,37,37,37,37,37,37,37,37,37,37,37,37,37,37,37,37,37,37,37,37,37,37,37],"card_choices":[{"not_picked":["Steam","Ball Lightning","Stack"],"picked":"SKIP","floor":1.0},{"not_picked":["Rip and Tear","Barrage"],"picked":"Gash","floor":2.0},{"not_picked":["Hello World","Go for the Eyes"],"picked":"FTL","floor":3.0},{"not_picked":["Hologram","Steam"],"picked":"Gash","floor":7.0},{"not_picked":["Ball Lightning","Barrage","Streamline"],"picked":"SKIP","floor":10.0},{"not_picked":["Beam Cell","Glacier"],"picked":"Echo Form+1","floor":11.0},{"not_picked":["Compile Driver","Go for the Eyes"],"picked":"Leap","floor":14.0},{"not_picked":["Amplify","Fission"],"picked":"Electrodynamics+1","floor":16.0},{"not_picked":["Sunder","Beam Cell"],"picked":"Gash","floor":18.0},{"not_picked":["Rebound","Streamline","Beam Cell+1"],"picked":"SKIP","floor":22.0},{"not_picked":["Auto Shields","Turbo"],"picked":"Defragment+1","floor":24.0},{"not_picked":["Fusion","Hologram"],"picked":"Cold Snap","floor":27.0},{"not_picked":["Consume","Go for the Eyes"],"picked":"Conserve Battery","floor":29.0},{"not_picked":["Conserve Battery","Storm+1"],"picked":"Genetic Algorithm+1","floor":30.0},{"not_picked":["Chaos","Streamline+1"],"picked":"Defragment+1","floor":31.0},{"not_picked":["Multi-Cast","Buffer+1"],"picked":"Echo Form+1","floor":33.0},{"not_picked":["Leap","Static Discharge+1","Aggregate+1"],"picked":"SKIP","floor":35.0},{"not_picked":["Good Instincts","Blind"],"picked":"Bandage Up","floor":36.0},{"not_picked":["Chill","Go for the Eyes+1","Ball Lightning+1"],"picked":"SKIP","floor":41.0},{"not_picked":["Go for the Eyes","Lockon","Barrage"],"picked":"SKIP","floor":45.0},{"not_picked":["Go for the Eyes","Hologram"],"picked":"Loop+1","floor":46.0},{"not_picked":["Hologram+1","Undo+1","Sunder+1"],"picked":"SKIP","floor":54}],"player_experience":295055,"relics_obtained":[{"floor":7.0,"key":"Ornamental Fan"},{"floor":9.0,"key":"Happy Flower"},{"floor":11.0,"key":"Frozen Egg 2"},{"floor":14.0,"key":"StoneCalendar"},{"floor":24.0,"key":"War Paint"},{"floor":26.0,"key":"Omamori"},{"floor":27.0,"key":"Peace Pipe"},{"floor":38.0,"key":"Pocketwatch"},{"floor":41.0,"key":"InkBottle"},{"floor":45.0,"key":"Juzu Bracelet"},{"floor":47.0,"key":"Lizard Tail"},{"floor":48.0,"key":"Incense Burner"},{"floor":54,"key":"Art of War"}],"event_choices":[{"cards_removed":["Strike_B"],"damage_healed":0.0,"max_hp_gain":0.0,"max_hp_loss":0.0,"gold_gain":0.0,"event_name":"Living Wall","player_choice":"Forget","floor":4.0,"gold_loss":0.0,"damage_taken":0.0},{"damage_healed":0.0,"max_hp_gain":0.0,"max_hp_loss":0.0,"gold_gain":0.0,"event_name":"Liars Game","player_choice":"Ignored","floor":5.0,"gold_loss":0.0,"damage_taken":0.0},{"damage_healed":0.0,"max_hp_gain":0.0,"max_hp_loss":0.0,"gold_gain":0.0,"event_name":"Dead Adventurer","player_choice":"Searched \u00272\u0027 times","floor":7.0,"gold_loss":0.0,"damage_taken":0.0},{"damage_healed":0.0,"max_hp_gain":0.0,"max_hp_loss":38.0,"gold_gain":0.0,"event_name":"Ghosts","player_choice":"Became a Ghost","floor":19.0,"gold_loss":0.0,"damage_taken":0.0,"cards_obtained":["Ghostly","Ghostly","Ghostly","Ghostly","Ghostly"]},{"damage_healed":0.0,"max_hp_gain":0.0,"max_hp_loss":0.0,"gold_gain":0.0,"event_name":"Drug Dealer","player_choice":"Inject Mutagens","floor":21.0,"gold_loss":0.0,"damage_taken":0.0,"relics_obtained":["MutagenicStrength"]},{"cards_removed":["Zap"],"damage_healed":0.0,"max_hp_gain":0.0,"max_hp_loss":0.0,"gold_gain":0.0,"event_name":"Beggar","player_choice":"Gave Gold","floor":28.0,"gold_loss":75.0,"damage_taken":0.0},{"damage_healed":0.0,"max_hp_gain":0.0,"max_hp_loss":0.0,"gold_gain":0.0,"event_name":"SensoryStone","player_choice":"Memory 1","floor":36.0,"gold_loss":0.0,"damage_taken":0.0},{"damage_healed":0.0,"max_hp_gain":0.0,"max_hp_loss":0.0,"gold_gain":0.0,"event_name":"Mysterious Sphere","player_choice":"Fight","floor":38.0,"gold_loss":0.0,"damage_taken":0.0},{"damage_healed":0.0,"max_hp_gain":0.0,"max_hp_loss":0.0,"gold_gain":0.0,"event_name":"MindBloom","player_choice":"Fight","floor":48.0,"gold_loss":0.0,"damage_taken":0.0}],"is_beta":false,"boss_relics":[{"not_picked":["SacredBark","Philosopher\u0027s Stone"],"picked":"Inserter"},{"not_picked":["Fusion Hammer","Sozu"],"picked":"FrozenCore"}],"items_purged_floors":[12,20],"is_endless":false,"potions_floor_spawned":[2,11,18,29,31,33,38,46],"ascension_level":3}}