{"host":"sc0o2qwpf9j16a4i","time":1613772641,"event":{"mods":["AchievementEnabler","BaseMod","BetterRewards","Block Reminder","Colored Map","Colored Powertips","Custom Start","Highlight Path","Minty Spire (QoL Compilation)","Relic Stats"],"gold_per_floor":[119,139,139,153,153,153,153,181,181,191,45,120,134,159,159,261,261,278,289,86,185,205,205,238,238,238,238,249,280,280,292,292,390,390,407,407,32,32,43,43,75,91,91,127,191,191,227,252,252,252],"floor_reached":51,"language":"ENG","playtime":1440,"items_purged":[],"score":933,"play_id":"3695a99d-4410-4f72-a61f-5f077495fbc5","local_time":"20210220001041","daily_mods":["Allstar","Time Dilation","Lethality"],"is_ascension_mode":false,"campfire_choices":[{"data":"Armaments","floor":7,"key":"SMITH"},{"data":"Feel No Pain","floor":15,"key":"SMITH"},{"data":"Sadistic Nature","floor":23,"key":"SMITH"},{"data":"Apotheosis","floor":25,"key":"SMITH"},{"data":"Feed","floor":30,"key":"SMITH"},{"data":"Master of Strategy","floor":32,"key":"SMITH"},{"data":"Corruption","floor":40,"key":"SMITH"},{"data":"Battle Trance","floor":46,"key":"SMITH"},{"data":"Body Slam","floor":49,"key":"SMITH"}],"circlet_count":0,"master_deck":["Strike_R+1","Strike_R","Strike_R","Strike_R","Strike_R","Defend_R","Defend_R+1","Defend_R","Defend_R","Bash","Madness","Master of Strategy+1","Swift Strike","Trip","Armaments+1","Infernal Blade","Feed+1","Pommel Strike","Inflame","Feel No Pain+1","Shockwave","Infernal Blade","Reaper","Reaper","Flame Barrier+1","Apotheosis+1","Seeing Red","Exhume","Battle Trance+1","Iron Wave+1","Corruption+1","Dark Embrace+1","Shrug It Off+1","Body Slam+1","Flame Barrier+1","Disarm+1","Parasite"],"relics":["Burning Blood","Eternal Feather","Charon\u0027s Ashes","Matryoshka","Busted Crown","Red Skull","Paper Frog","Letter Opener","Dream Catcher","Runic Pyramid","Ginger","Smiling Mask","Oddly Smooth Stone","CeramicFish","Blood Vial","Gambling Chip","Mango"],"acts_visited":["Exordium","TheCity","TheBeyond"],"potions_floor_usage":[10,14,16,24],"damage_taken":[{"damage":8,"enemies":"Small Slimes","floor":1,"turns":2},{"damage":3,"enemies":"2 Louse","floor":2,"turns":2},{"damage":0,"enemies":"Jaw Worm","floor":4,"turns":1},{"damage":61,"enemies":"Gremlin Nob","floor":8,"turns":6},{"damage":0,"enemies":"Gremlin Gang","floor":10,"turns":1},{"damage":0,"enemies":"Red Slaver","floor":13,"turns":1},{"damage":0,"enemies":"Lagavulin","floor":14,"turns":4},{"damage":19,"enemies":"The Guardian","floor":16,"turns":6},{"damage":33,"enemies":"2 Thieves","floor":18,"turns":4},{"damage":4,"enemies":"Chosen","floor":19,"turns":4},{"damage":18,"enemies":"3 Cultists","floor":22,"turns":4},{"damage":2,"enemies":"Book of Stabbing","floor":24,"turns":4},{"damage":3,"enemies":"Cultist and Chosen","floor":28,"turns":3},{"damage":12,"enemies":"Gremlin Leader","floor":29,"turns":4},{"damage":0,"enemies":"Centurion and Healer","floor":31,"turns":5},{"damage":62,"enemies":"Collector","floor":33,"turns":7},{"damage":12,"enemies":"3 Shapes","floor":35,"turns":4},{"damage":0,"enemies":"3 Darklings","floor":39,"turns":3},{"damage":0,"enemies":"Nemesis","floor":41,"turns":3},{"damage":7,"enemies":"4 Shapes","floor":42,"turns":2},{"damage":8,"enemies":"Giant Head","floor":44,"turns":5},{"damage":10,"enemies":"2 Orb Walkers","floor":45,"turns":2},{"damage":27,"enemies":"Nemesis","floor":47,"turns":5},{"damage":0,"enemies":"Writhing Mass","floor":48,"turns":4},{"damage":31,"enemies":"Awakened One","floor":50,"turns":10}],"seed_played":"-2889050341128285916","potions_obtained":[{"floor":1,"key":"ColorlessPotion"},{"floor":10,"key":"Weak Potion"},{"floor":13,"key":"AttackPotion"},{"floor":18,"key":"BlessingOfTheForge"},{"floor":22,"key":"DistilledChaos"},{"floor":28,"key":"FairyPotion"},{"floor":33,"key":"SteroidPotion"}],"is_trial":true,"path_per_floor":["M","M","?","M","?","?","R","E","T","M","$","?","M","E","R","B",null,"M","M","$","?","M","R","E","R","T","?","M","E","R","M","R","B",null,"M","?","$","?","M","R","E","M","T","E","?","R","E","M","R","B",null],"character_chosen":"IRONCLAD","items_purchased":["Feel No Pain","Shockwave","Apotheosis","Seeing Red","Corruption","Ginger"],"campfire_rested":0,"item_purchase_floors":[11,11,20,20,37,37],"current_hp_per_floor":[78,80,80,80,64,64,64,12,12,21,21,21,30,36,48,52,89,76,86,86,86,90,96,100,100,100,110,116,119,119,127,127,107,131,129,126,126,116,135,135,139,142,142,147,143,147,165,165,165,173],"gold":252,"neow_bonus":"","is_daily":false,"chose_seed":false,"campfire_upgraded":9,"win_rate":0.0,"timestamp":1613772641,"path_taken":["M","M","?","M","?","?","R","E","T","?","$","?","M","E","R","BOSS","M","M","$","?","M","R","E","R","T","?","M","E","R","?","R","BOSS","M","?","?","?","M","R","E","M","T","E","?","R","E","M","R","BOSS"],"items_purchased_type":["Card","Card","Card","Card","Card","Relic"],"build_version":"2020-12-22","purchased_purges":0,"victory":true,"max_hp_per_floor":[80,80,80,80,80,80,80,83,83,86,86,86,89,89,89,89,89,92,92,92,92,96,96,100,100,100,110,116,119,119,127,127,131,131,135,135,135,135,135,135,139,143,143,147,147,147,165,165,165,173],"relic_stats":{"counters":[25,96],"CeramicFish":36,"Eternal Feather":22,"Charon\u0027s Ashes":[616],"Letter Opener":[259],"Ginger":[4],"Smiling Mask":0,"Burning Blood":95,"Blood Vial":0,"Dream Catcher":0,"Busted Crown":38,"Gambling Chip":[11],"obtain_stats":[{"CeramicFish":43,"Oddly Smooth Stone":43,"Eternal Feather":8,"Mango":47,"Charon\u0027s Ashes":9,"Letter Opener":26,"Ginger":37,"Smiling Mask":41,"Burning Blood":0,"Blood Vial":44,"Dream Catcher":29,"Matryoshka":14,"Busted Crown":17,"Gambling Chip":45,"Red Skull":24,"Paper Frog":26,"Runic Pyramid":34},{"CeramicFish":20,"Oddly Smooth Stone":20,"Eternal Feather":4,"Mango":23,"Charon\u0027s Ashes":4,"Letter Opener":12,"Ginger":17,"Smiling Mask":19,"Burning Blood":0,"Blood Vial":21,"Dream Catcher":14,"Matryoshka":7,"Busted Crown":8,"Gambling Chip":22,"Red Skull":12,"Paper Frog":12,"Runic Pyramid":16},{"CeramicFish":70,"Oddly Smooth Stone":70,"Eternal Feather":11,"Mango":82,"Charon\u0027s Ashes":11,"Letter Opener":39,"Ginger":62,"Smiling Mask":68,"Burning Blood":0,"Blood Vial":75,"Dream Catcher":46,"Matryoshka":17,"Busted Crown":23,"Gambling Chip":77,"Red Skull":39,"Paper Frog":39,"Runic Pyramid":58}]},"card_choices":[{"not_picked":["Dropkick","Combust","Fire Breathing"],"picked":"SKIP","floor":1},{"not_picked":["Searing Blow","Headbutt"],"picked":"Armaments","floor":2},{"not_picked":["Power Through","Headbutt"],"picked":"Infernal Blade","floor":4},{"not_picked":["Twin Strike","Sword Boomerang"],"picked":"Pommel Strike","floor":8},{"not_picked":["Heavy Blade","Sever Soul"],"picked":"Inflame","floor":10},{"not_picked":["Thunderclap","Rage"],"picked":"Infernal Blade","floor":13},{"not_picked":["Perfected Strike","Anger"],"picked":"Reaper","floor":14},{"not_picked":["Brutality","Barricade"],"picked":"Reaper","floor":16},{"not_picked":[],"picked":"Flame Barrier+1","floor":18},{"not_picked":["Reckless Charge"],"picked":"SKIP","floor":19},{"not_picked":["Sword Boomerang"],"picked":"SKIP","floor":22},{"not_picked":[],"picked":"Exhume","floor":24},{"not_picked":[],"picked":"Battle Trance","floor":28},{"not_picked":["Evolve"],"picked":"SKIP","floor":29},{"not_picked":["Thunderclap"],"picked":"SKIP","floor":31},{"not_picked":[],"picked":"Iron Wave+1","floor":35},{"not_picked":[],"picked":"Dark Embrace+1","floor":39},{"not_picked":["Heavy Blade+1"],"picked":"SKIP","floor":41},{"not_picked":[],"picked":"Shrug It Off+1","floor":42},{"not_picked":[],"picked":"Body Slam","floor":44},{"not_picked":[],"picked":"Flame Barrier+1","floor":45},{"not_picked":[],"picked":"Disarm+1","floor":47},{"not_picked":["Rampage+1"],"picked":"SKIP","floor":48}],"player_experience":1503428,"relics_obtained":[{"floor":8,"key":"Eternal Feather"},{"floor":9,"key":"Charon\u0027s Ashes"},{"floor":14,"key":"Matryoshka"},{"floor":24,"key":"Red Skull"},{"floor":26,"key":"Paper Frog"},{"floor":26,"key":"Letter Opener"},{"floor":29,"key":"Dream Catcher"},{"floor":41,"key":"Smiling Mask"},{"floor":43,"key":"Oddly Smooth Stone"},{"floor":43,"key":"CeramicFish"},{"floor":44,"key":"Blood Vial"},{"floor":45,"key":"Gambling Chip"},{"floor":47,"key":"Mango"}],"event_choices":[{"damage_healed":0,"gold_gain":0,"player_choice":"Leave","damage_taken":0,"max_hp_gain":0,"max_hp_loss":0,"event_name":"The Cleric","floor":3,"gold_loss":0},{"damage_healed":0,"gold_gain":0,"player_choice":"Entered Light","damage_taken":16,"max_hp_gain":0,"max_hp_loss":0,"event_name":"Shining Light","floor":5,"gold_loss":0,"cards_upgraded":["Defend_R","Strike_R"]},{"damage_healed":0,"gold_gain":0,"player_choice":"1 cards matched","damage_taken":0,"max_hp_gain":0,"max_hp_loss":0,"event_name":"Match and Keep!","floor":6,"gold_loss":0,"cards_obtained":["Feed"]},{"damage_healed":0,"gold_gain":75,"player_choice":"Gained Gold","damage_taken":0,"max_hp_gain":0,"max_hp_loss":0,"event_name":"Golden Wing","floor":12,"gold_loss":0},{"damage_healed":0,"gold_gain":99,"player_choice":"Stole From Cult","damage_taken":0,"max_hp_gain":0,"max_hp_loss":0,"event_name":"Nest","floor":21,"gold_loss":0},{"cards_removed":["Sadistic Nature"],"damage_healed":0,"gold_gain":0,"player_choice":"Offered Rare","damage_taken":0,"max_hp_gain":10,"max_hp_loss":0,"event_name":"Bonfire Elementals","floor":27,"gold_loss":0},{"damage_healed":0,"gold_gain":0,"player_choice":"Punched","damage_taken":3,"max_hp_gain":0,"max_hp_loss":0,"event_name":"Designer","floor":36,"gold_loss":0},{"damage_healed":0,"gold_gain":0,"player_choice":"Memory 3","damage_taken":10,"max_hp_gain":0,"max_hp_loss":0,"event_name":"SensoryStone","floor":38,"gold_loss":0},{"damage_healed":0,"gold_gain":0,"player_choice":"Fight","damage_taken":0,"max_hp_gain":0,"max_hp_loss":0,"event_name":"Mysterious Sphere","floor":45,"gold_loss":0}],"is_beta":false,"boss_relics":[{"not_picked":["Runic Cube","Pandora\u0027s Box"],"picked":"Busted Crown"},{"not_picked":["Snecko Eye","Tiny House"],"picked":"Runic Pyramid"}],"items_purged_floors":[],"is_endless":false,"potions_floor_spawned":[1,10,13,18,22,28,33,41,42,47],"ascension_level":0}}