{"host":"se54kqb5s2qquozl","time":1613766558,"event":{"mods":["BaseMod","Colored Powertips","Downfall","Hermit","Minty Spire (QoL Compilation)","Replay The Spire","StSLib"],"gold_per_floor":[119,138,156,208,227,227,238,238,238,238,269,269,269,289,289,388,388,408,424,424,440,458,483,483,483,483,514,514,514,53,53,68,102,102,198,198,212,223,241,252,252,252,280,299,352,365,379,379,408,422,422,422],"floor_reached":53,"language":"ENG","playtime":2140,"items_purged":["hermit:Strike_Hermit"],"score":872,"play_id":"f3f78511-cdfb-4d55-a3fa-65230c01c9f3","local_time":"20210219142918","is_ascension_mode":true,"campfire_choices":[{"data":"hermit:CursedWeapon","floor":6,"key":"SMITH"},{"data":"hermit:GoldenBullet","floor":10,"key":"SMITH"},{"data":"hermit:Snapshot","floor":13,"key":"SMITH"},{"data":"hermit:Virtue","floor":15,"key":"SMITH"},{"data":"1","floor":25,"key":"LIFT"},{"floor":31,"key":"REST"},{"data":"2","floor":34,"key":"LIFT"},{"data":"3","floor":42,"key":"LIFT"},{"data":"hermit:Roughhouse","floor":48,"key":"SMITH"},{"data":"hermit:ShadowCloak","floor":51,"key":"SMITH"}],"circlet_count":0,"master_deck":["hermit:Strike_Hermit","hermit:Strike_Hermit","hermit:Strike_Hermit","hermit:Defend_Hermit","hermit:Defend_Hermit","hermit:Defend_Hermit","hermit:Defend_Hermit","hermit:Snapshot+1","hermit:Covet","hermit:BlackWind","hermit:Spite","hermit:GoldenBullet+1","hermit:CursedWeapon+1","hermit:Gestalt","hermit:Gambit","hermit:Virtue+1","hermit:Dissolve","hermit:GoldenBullet","hermit:Determination+1","hermit:TakeAim","hermit:Spite","Necronomicurse","hermit:ShadowCloak+1","hermit:Enervate","hermit:Roughhouse+1","hermit:Vantage+1","hermit:FullyLoaded","hermit:FlashPowder","hermit:ShadowCloak+1","hermit:Vantage+1"],"relics":["hermit:Momento","Orichalcum","Gremlin Horn","Incense Burner","Dream Catcher","Sozu","Girya","Necronomicon","White Beast Statue","Bottled Flame","Ginger","Thread and Needle","Coffee Dripper","Happy Flower","Vajra","Anchor"],"acts_visited":["Exordium","TheCity","TheBeyond"],"potions_floor_usage":[35,52],"damage_taken":[{"damage":1,"enemies":"Cultist","floor":1,"turns":3},{"damage":0,"enemies":"Small Slimes","floor":2,"turns":2},{"damage":1,"enemies":"Jaw Worm","floor":3,"turns":4},{"damage":4,"enemies":"Large Slime","floor":5,"turns":7},{"damage":4,"enemies":"Blue Slaver","floor":7,"turns":2},{"damage":4,"enemies":"Lagavulin","floor":11,"turns":5},{"damage":2,"enemies":"Looter","floor":14,"turns":2},{"damage":49,"enemies":"Fading Forest","floor":16,"turns":11},{"damage":2,"enemies":"3 Byrds","floor":18,"turns":4},{"damage":2,"enemies":"Shell Parasite","floor":19,"turns":4},{"damage":7,"enemies":"Cultist and Chosen","floor":21,"turns":4},{"damage":12,"enemies":"Centurion and Healer","floor":22,"turns":6},{"damage":24,"enemies":"Gremlin Leader","floor":23,"turns":5},{"damage":0,"enemies":"Book of Stabbing","floor":27,"turns":2},{"damage":2,"enemies":"Snake Plant","floor":32,"turns":2},{"damage":16,"enemies":"Slavers","floor":33,"turns":3},{"damage":4,"enemies":"Champ","floor":35,"turns":7},{"damage":3,"enemies":"3 Darklings","floor":37,"turns":3},{"damage":2,"enemies":"3 Shapes","floor":38,"turns":1},{"damage":3,"enemies":"Spire Growth","floor":39,"turns":4},{"damage":2,"enemies":"3 Darklings","floor":40,"turns":2},{"damage":2,"enemies":"Giant Head","floor":43,"turns":6},{"damage":1,"enemies":"Sphere and 2 Shapes","floor":44,"turns":2},{"damage":4,"enemies":"Writhing Mass","floor":46,"turns":3},{"damage":2,"enemies":"3 Darklings","floor":47,"turns":2},{"damage":3,"enemies":"Nemesis","floor":49,"turns":4},{"damage":2,"enemies":"Spire Growth","floor":50,"turns":2},{"damage":36,"enemies":"Awakened One","floor":52,"turns":16}],"seed_played":"6848225826141452579","potions_obtained":[{"floor":5,"key":"Weak Potion"},{"floor":7,"key":"Flashbang"},{"floor":14,"key":"Energy Potion"}],"is_trial":false,"path_per_floor":["M","M","M","T","M","R","M","?","T","R","E","?","R","M","R","B",null,"M","M","?","M","M","E","?","R","T","E","PTL","PTL","$","R","M","E","R","B",null,"M","M","M","M","?","R","E","M","T","M","M","R","E","M","R","B",null],"character_chosen":"HERMIT","items_purchased":["hermit:ShadowCloak","Ginger"],"campfire_rested":1,"item_purchase_floors":[30,30],"current_hp_per_floor":[74,74,73,73,69,69,65,62,62,62,58,63,63,61,61,12,80,78,76,76,69,57,33,17,17,17,17,17,17,17,41,39,23,23,19,80,77,75,72,70,70,70,68,67,67,63,61,61,58,56,56,20],"gold":422,"neow_bonus":"ONE_RANDOM_RARE_CARD","is_daily":false,"chose_seed":false,"campfire_upgraded":6,"win_rate":0.0,"timestamp":1613766558,"path_taken":["M","M","?","?","M","R","M","?","T","R","E","?","R","M","R","BOSS","M","M","?","M","M","E","?","R","T","E","PTL","PTL","?","R","M","E","R","BOSS","M","M","M","M","?","R","E","?","T","M","M","R","E","M","R","BOSS"],"items_purchased_type":["Card","Relic"],"build_version":"2020-12-22","purchased_purges":1,"victory":true,"max_hp_per_floor":[75,75,75,75,75,75,75,75,75,75,75,80,80,80,80,80,80,80,80,80,80,80,80,80,80,80,80,80,80,80,80,80,80,80,80,80,80,80,80,80,80,80,80,80,80,80,80,80,80,80,80,80],"card_choices":[{"not_picked":["hermit:Quickdraw","hermit:CalledShot"],"picked":"hermit:Spite","floor":1},{"not_picked":["hermit:TrackingShot","hermit:Glare"],"picked":"hermit:GoldenBullet","floor":2},{"not_picked":["hermit:Ricochet","hermit:Gestalt"],"picked":"hermit:CursedWeapon","floor":3},{"not_picked":["hermit:Feint","hermit:HoleUp","hermit:ItchyTrigger"],"picked":"SKIP","floor":5},{"not_picked":["hermit:CalledShot","hermit:Snipe"],"picked":"hermit:Gestalt","floor":7},{"not_picked":["hermit:Showdown","hermit:LowProfile"],"picked":"hermit:Gambit","floor":11},{"not_picked":["hermit:SprayPray","hermit:Snipe"],"picked":"hermit:Virtue","floor":14},{"not_picked":["hermit:Gambit","hermit:Adapt"],"picked":"hermit:Dissolve","floor":16},{"not_picked":["hermit:Headshot","hermit:CursedWeapon+1"],"picked":"hermit:GoldenBullet","floor":18},{"not_picked":["hermit:Feint","hermit:TrackingShot","hermit:Headshot"],"picked":"SKIP","floor":19},{"not_picked":["hermit:PistolWhip","hermit:ShadowCloak"],"picked":"hermit:Determination+1","floor":21},{"not_picked":["hermit:CalledShot","hermit:EyeOfTheStorm"],"picked":"hermit:TakeAim","floor":22},{"not_picked":["hermit:Glare","hermit:BodyArmor+1"],"picked":"hermit:Spite","floor":23},{"not_picked":["hermit:Grudge","hermit:Headshot","hermit:NoHoldsBarred"],"picked":"SKIP","floor":27},{"not_picked":["hermit:Ricochet","hermit:LoneWolf"],"picked":"hermit:Enervate","floor":32},{"not_picked":["hermit:SprayPray","hermit:BodyArmor","hermit:WideOpen"],"picked":"SKIP","floor":33},{"not_picked":["hermit:Purgatory","hermit:HighNoon"],"picked":"hermit:Roughhouse","floor":35},{"not_picked":["hermit:Spite+1","hermit:Roulette+1"],"picked":"hermit:Vantage+1","floor":37},{"not_picked":["hermit:WideOpen+1","hermit:Cheat"],"picked":"hermit:FullyLoaded","floor":38},{"not_picked":["hermit:ItchyTrigger","hermit:Misfire"],"picked":"hermit:FlashPowder","floor":39},{"not_picked":["hermit:HoleUp","hermit:Virtue","hermit:Coalescence"],"picked":"SKIP","floor":40},{"not_picked":["hermit:Enervate+1","hermit:CursedWeapon"],"picked":"hermit:ShadowCloak+1","floor":43},{"not_picked":["hermit:LoneWolf+1","hermit:Scavenge","hermit:TrackingShot"],"picked":"SKIP","floor":44},{"not_picked":["hermit:SprayPray+1","hermit:Shortfuse","hermit:LoneWolf+1"],"picked":"SKIP","floor":46},{"not_picked":["hermit:Misfire","hermit:LowProfile+1"],"picked":"hermit:Vantage+1","floor":47},{"not_picked":["hermit:Headshot+1","hermit:Vantage+1","hermit:Quickdraw+1"],"picked":"SKIP","floor":49},{"not_picked":["hermit:Vantage","hermit:LowProfile+1","hermit:DeadOrAlive"],"picked":"SKIP","floor":50}],"player_experience":71434,"relics_obtained":[{"floor":4,"key":"Orichalcum"},{"floor":9,"key":"Incense Burner"},{"floor":11,"key":"Dream Catcher"},{"floor":23,"key":"Girya"},{"floor":24,"key":"Necronomicon"},{"floor":26,"key":"White Beast Statue"},{"floor":27,"key":"Bottled Flame"},{"floor":33,"key":"Thread and Needle"},{"floor":43,"key":"Happy Flower"},{"floor":45,"key":"Vajra"},{"floor":49,"key":"Anchor"}],"event_choices":[{"damage_healed":0,"gold_gain":0,"player_choice":"Success","damage_taken":3,"relics_obtained":["Gremlin Horn"],"max_hp_gain":0,"max_hp_loss":0,"event_name":"Scrap Ooze","floor":8,"gold_loss":0},{"damage_healed":0,"gold_gain":0,"player_choice":"Donut","damage_taken":0,"max_hp_gain":5,"max_hp_loss":0,"event_name":"Big Fish","floor":12,"gold_loss":0},{"damage_healed":0,"gold_gain":0,"player_choice":"Ignored","damage_taken":0,"max_hp_gain":0,"max_hp_loss":0,"event_name":"Ghosts","floor":20,"gold_loss":0},{"damage_healed":0,"gold_gain":0,"player_choice":"Obtained Book","damage_taken":16,"max_hp_gain":0,"max_hp_loss":0,"event_name":"Cursed Tome","floor":24,"gold_loss":0},{"damage_healed":0,"gold_gain":0,"player_choice":"Got Potions","damage_taken":0,"max_hp_gain":0,"max_hp_loss":0,"event_name":"Lab","floor":41,"gold_loss":0}],"is_beta":false,"boss_relics":[{"not_picked":["Kintsugi","Ectoplasm"],"picked":"Sozu"},{"not_picked":["hermit:DentedPlate","Snecko Eye"],"picked":"Coffee Dripper"}],"items_purged_floors":[30],"is_endless":false,"potions_floor_spawned":[5,7,14,23,27,32,33,35,37,38,39,40,43,44,46,47,49,50],"ascension_level":1}}