{"host":"5iakl8p52kfszi0s","time":1613699327,"event":{"mods":["AchievementEnabler","Aspiration","Bard","BaseMod","Beaked The Cultist","Better Altar","Better Match","Better Note","Better Sensory Stone","Better Skull","Better Third Choice","BetterRewards","CCEM2","Card Forge","Clawfect","Colored Map","Conspire","Downfall","GifTheSpireLib","Googly Eyes","Halation","Hermit","Highlight Path","Hubris","Hunter ??","Infinite Spire","Jedi Mod","Jorbs\u0027s Wanderer Trilogy","Mad Scientist","Marisa????????","Mimic Mod","Minty Spire (QoL Compilation)","Permanent Neow","Replay The Spire","Shade Mod","Shop Mod","Spicy Shops","Spikes Relics","StSLib","Stuff the Spire","The Administrix","The Blackbeard","The Bug Knight","The Construct","The Cursed","The Disciple","The Gatherer","The Hierophant","The IronCluck","The Jungle","The Mystic","The Necromancer","The Problem Sleuth","The Runesmith","The Servant 0.9.4","The Spell Scribe","The Witch","Unceasing Turn Reminder","UnlockEverythingMod","[IsaacMod]????","everything is the same but u backflip on backflip","slay the spire mod where everything is the same but ironclad has a cowboy hat"],"gold_per_floor":[109,128,128,139,89,89,121,133,145,187,199,211,1,36,36,167,167,181,202,202,202,202,202],"floor_reached":22,"language":"ENG","playtime":1777,"items_purged":["Clawfect:Clawline"],"score":375,"play_id":"3058ca6a-aa51-4ea1-960f-5321fedf776a","local_time":"20210218204847","is_ascension_mode":false,"campfire_choices":[{"floor":6,"key":"RECALL"},{"floor":8,"key":"REST"},{"data":"Machine Learning","floor":11,"key":"SMITH"},{"floor":15,"key":"REST"}],"circlet_count":0,"master_deck":["Gash","Gash","Gash","Gash","Gash","Defend_B","Defend_B","Defend_B","Defend_B","Clawfect:ScrapingClaw","Clawfect:ClawCell","Poisoned Strike+1","jedi:BurstFrost","Machine Learning+1","Clawfect:ClawAndTear","Storm","FTL+1","infinitespire:Collect+1"],"relics":["Clawfect:DRClaw","Hammer of Thor","Seething Fire","Anvil of the Gods","HushsDoor","KeepersGift","MawBank","Gremlin Horn","infinitespire:FocusingShard","Golden Idol","BlackRope","White Beast Statue","StuffTheSpire:Kangaroo","Chameleon Ring"],"acts_visited":["Exordium","TheCity"],"potions_floor_usage":[10,14,16],"damage_taken":[{"damage":15,"enemies":"Small Slimes","floor":1,"turns":3},{"damage":5,"enemies":"2 Louse","floor":2,"turns":4},{"damage":0,"enemies":"Cultist","floor":4,"turns":4},{"damage":39,"enemies":"3 Sentries","floor":7,"turns":7},{"damage":8,"enemies":"Lagavulin","floor":10,"turns":5},{"damage":0,"enemies":"Gremlin Nob","floor":14,"turns":3},{"damage":10,"enemies":"Fading Forest","floor":16,"turns":11},{"damage":15,"enemies":"3 Byrds","floor":18,"turns":4},{"damage":31,"enemies":"2 Thieves","floor":19,"turns":4},{"damage":26,"enemies":"Centurion and Healer","floor":22,"turns":2}],"seed_played":"762482681882895876","potions_obtained":[{"floor":2,"key":"DuplicationPotion"},{"floor":7,"key":"PowerPotion"},{"floor":14,"key":"FearPotion"},{"floor":16,"key":"ColorlessPotion"},{"floor":18,"key":"DuplicationPotion"},{"floor":19,"key":"BlessingOfTheForge"}],"is_trial":false,"path_per_floor":["M","M","?","M","?","R","E","R","T","E","R","?","$","E","R","B",null,"M","M","AVR","?","M"],"character_chosen":"DEFECT","items_purchased":["jedi:forcepush","Clawfect:Clawline","BlackRope","Clawfect:ClawAndTear"],"campfire_rested":2,"item_purchase_floors":[0,0,13,13],"current_hp_per_floor":[47,42,42,42,42,42,3,25,25,17,17,17,17,17,37,37,69,54,23,23,23,0,0],"gold":202,"neow_bonus":"","is_daily":false,"chose_seed":false,"campfire_upgraded":1,"win_rate":0.0,"timestamp":1613699327,"path_taken":["M","M","?","?","?","R","E","R","T","E","R","?","$","E","R","BOSS","M","?","AVR","?","M"],"items_purchased_type":["Card","Card","Relic","Card"],"build_version":"2020-12-22","purchased_purges":1,"victory":false,"max_hp_per_floor":[75,75,75,75,75,75,75,75,75,75,75,69,69,69,69,69,69,69,69,69,69,69,69],"card_choices":[{"not_picked":["Turbo","Crystallizer"],"picked":"Clawfect:ScrapingClaw","floor":1},{"not_picked":["Auto Shields","Gash"],"picked":"Clawfect:ClawCell","floor":2},{"not_picked":["jedi:BurstFrost","Distribution","Genetic Algorithm"],"picked":"SKIP","floor":4},{"not_picked":["Distribution","Genetic Algorithm"],"picked":"jedi:BurstFrost","floor":4},{"not_picked":["StuffTheSpire:Synthwave","StuffTheSpire:NuclearReactor","hubris:Ukulele"],"picked":"SKIP","floor":7},{"not_picked":["StuffTheSpire:Coldhearted","StuffTheSpire:LoadUp"],"picked":"Machine Learning","floor":10},{"not_picked":["Bomb","Panic Button"],"picked":"Storm","floor":14},{"not_picked":["StuffTheSpire:LoadUp","jedi:BurstFrost"],"picked":"FTL+1","floor":18},{"not_picked":["jedi:BurstFrost","aspiration:Polymerization","StuffTheSpire:Coldhearted+1"],"picked":"SKIP","floor":19}],"player_experience":277158,"relics_obtained":[{"floor":7,"key":"MawBank"},{"floor":9,"key":"Gremlin Horn"},{"floor":10,"key":"infinitespire:FocusingShard"},{"floor":14,"key":"White Beast Statue"}],"event_choices":[{"cards_removed":["Defend_B"],"damage_healed":0,"gold_gain":0,"player_choice":"Card Removal","damage_taken":0,"max_hp_gain":0,"max_hp_loss":0,"event_name":"The Cleric","floor":5,"gold_loss":50},{"damage_healed":0,"gold_gain":0,"player_choice":"Lose Max HP","damage_taken":0,"relics_obtained":["Golden Idol"],"max_hp_gain":0,"max_hp_loss":6,"event_name":"Golden Idol","floor":12,"gold_loss":0},{"damage_healed":0,"gold_gain":0,"player_choice":"Forge","damage_taken":0,"max_hp_gain":0,"max_hp_loss":0,"event_name":"Accursed Blacksmith","floor":21,"gold_loss":0,"cards_upgraded":["infinitespire:Collect"]}],"is_beta":false,"boss_relics":[{"not_picked":["CCEMRelics:GreenEgg","hubris:CrackedHourglass"],"picked":"StuffTheSpire:Kangaroo"},{"not_picked":[]}],"items_purged_floors":[13],"is_endless":false,"potions_floor_spawned":[2,7,14,16,18,19],"killed_by":"Centurion and Healer","ascension_level":0}}