{"host":"p5axfb00mxhraew6","time":1613752433,"event":{"mods":["100% Spire Juice","Abigail Mod","Act Like it!","BaseMod","CapriCore","Friendly Minions","GifTheSpireLib","Jedi Mod","KomeijiMod","Lobotomy","MarisaÅiñ∂âJÅ@ñÇóùçπÅj","Minty Spire (QoL Compilation)","Prisma Mod","ReimuÅiîé??öÎÅj","RemiliaÅiÂQïƒ‰ª?Åj","SOSÅiézîb?îVéqÅj","StSLib","Td1madao Mod","The Alterego","The Immortal","The Problem Sleuth","Yakumo Yukari mod"],"gold_per_floor":[137,97,22,57,57,57,130,130,130,167,229,229,229,229,229,262,262,265,265,190,238,238,238,323,323,323,366,366,468,468,498,498,508,508,555,555,555,82,82,157,169,260,272,324,336,386,419,431,443,455,467,479,491,503,65,98,98],"floor_reached":58,"language":"ENG","playtime":2768,"items_purged":["Shoot","Confused"],"score":3295,"play_id":"f1bdbe5b-0bf7-4411-a8d8-ec26bd764f16","local_time":"20210220013353","is_ascension_mode":true,"campfire_choices":[{"data":"Apotheosis","floor":6,"key":"SMITH"},{"data":"Attack_b","floor":8,"key":"SMITH"},{"data":"Swordmaster","floor":13,"key":"SMITH"},{"data":"Redorb","floor":15,"key":"SMITH"},{"data":"Dash2","floor":23,"key":"SMITH"},{"floor":25,"key":"RECALL"},{"data":"Gilgamesh","floor":30,"key":"SMITH"},{"data":"Airtrick","floor":32,"key":"SMITH"},{"data":"Weaponchange","floor":41,"key":"SMITH"},{"floor":49,"key":"REST"},{"data":"Provocation","floor":54,"key":"SMITH"}],"circlet_count":0,"master_deck":["AscendersBane","Attack_a","Attack_b+1","Provocation+1","Defend_Dante","Defend_Dante","Millionstab","Apotheosis+1","Millionstab","Stinger","Swordmaster+1","Demonreform","Dash2+1","Royaldefend","Airtrick+1","Gilgamesh+1","Airtrick","Weaponchange+1","Swordmaster","BeastUppercut","BeastUppercut","Royaldefend","Provocation+1","Rebellion+1"],"relics":["SSS","Combocheck","jedi:ominousloannote","Bag of Marbles","Golden Idol","StrikeDummy","Centennial Puzzle","Juzu Bracelet","jedi:hotpepper","theSleuth:SaltedMelon","Ornamental Fan","jedi:matchstick","Smiling Mask","Ancient Tea Set","Orichalcum","TheAbacus","MawBank","Anchor","CaptainsWheel","DollysMirror","Oddly Smooth Stone","HornCleat"],"acts_visited":["Exordium","TheCity","TheBeyond","TheEnding"],"potions_floor_usage":[7,57],"damage_taken":[{"damage":3,"enemies":"Small Slimes","floor":1,"turns":5},{"damage":0,"enemies":"Jaw Worm","floor":4,"turns":2},{"damage":30,"enemies":"3 Sentries","floor":7,"turns":14},{"damage":0,"enemies":"Lagavulin","floor":10,"turns":5},{"damage":2,"enemies":"2 Louse","floor":11,"turns":3},{"damage":0,"enemies":"Slime Boss","floor":16,"turns":1},{"damage":0,"enemies":"Spheric Guardian","floor":18,"turns":2},{"damage":0,"enemies":"Chosen","floor":21,"turns":3},{"damage":0,"enemies":"Sentry and Sphere","floor":24,"turns":3},{"damage":0,"enemies":"Book of Stabbing","floor":27,"turns":2},{"damage":0,"enemies":"Slavers","floor":29,"turns":2},{"damage":0,"enemies":"Snecko","floor":31,"turns":3},{"damage":0,"enemies":"Champ","floor":33,"turns":2},{"damage":0,"enemies":"3 Darklings","floor":35,"turns":3},{"damage":0,"enemies":"Nemesis","floor":40,"turns":3},{"damage":0,"enemies":"Giant Head","floor":42,"turns":4},{"damage":0,"enemies":"3 Shapes","floor":44,"turns":2},{"damage":0,"enemies":"Nemesis","floor":46,"turns":5},{"damage":36,"enemies":"Writhing Mass","floor":47,"turns":4},{"damage":2,"enemies":"Awakened One","floor":50,"turns":3},{"damage":32,"enemies":"Donu and Deca","floor":51,"turns":3},{"damage":29,"enemies":"Shield and Spear","floor":56,"turns":3},{"damage":20,"enemies":"The Heart","floor":57,"turns":4}],"seed_played":"-7891488693780151887","potions_obtained":[{"floor":1,"key":"Regen Potion"},{"floor":21,"key":"Strength Potion"},{"floor":27,"key":"SmokeBomb"},{"floor":39,"key":"jedi:wingpotion"},{"floor":42,"key":"SpeedPotion"}],"is_trial":false,"path_per_floor":["M","$","?","M","?","R","E","R","T","E","M","?","R","?","R","B",null,"M","$","?","M","?","R","M","R","T","E","?","E","R","M","R","B",null,"M","?","?","$","?","E","R","E","T","M","?","E","M","?","R","B","B",null,null,"R","$","E","B",null],"character_chosen":"DANTE","items_purchased":["jedi:ominousloannote","Apotheosis","Bag of Marbles","Weaponchange","Swordmaster","Orichalcum","TheAbacus","Royaldefend","DollysMirror","Oddly Smooth Stone"],"campfire_rested":1,"item_purchase_floors":[2,2,2,38,38,38,38,55,55,55],"current_hp_per_floor":[65,65,65,65,65,65,50,50,50,50,48,48,48,48,48,48,50,50,50,50,51,51,52,52,53,53,53,53,53,54,54,55,55,55,55,55,55,55,55,55,56,56,56,56,56,56,35,35,53,57,43,43,54,55,55,35,40],"gold":98,"neow_bonus":"REMOVE_CARD","is_daily":false,"chose_seed":false,"campfire_upgraded":9,"win_rate":0.0,"timestamp":1613752433,"path_taken":["M","$","?","M","?","R","E","R","T","E","M","?","R","?","R","BOSS","M","$","?","M","?","R","M","R","T","E","?","E","R","M","R","BOSS","M","?","?","$","?","E","R","E","T","M","?","E","M","?","R","BOSS","BOSS","R","$","E","BOSS"],"items_purchased_type":["Relic","Card","Relic","Card","Card","Relic","Relic","Card","Relic","Relic"],"build_version":"2020-12-22","purchased_purges":2,"victory":true,"max_hp_per_floor":[75,75,75,75,68,68,68,68,68,68,68,68,68,68,68,68,51,51,51,51,51,51,52,52,53,53,53,53,53,54,54,55,55,55,55,55,55,55,55,55,56,56,56,56,56,56,56,56,57,57,57,57,57,58,58,58,58],"card_choices":[{"not_picked":["Unrisingdragon","VitalstarM"],"picked":"Millionstab","floor":1},{"not_picked":["Pandora","Kick13"],"picked":"Millionstab","floor":4},{"not_picked":["Chargeshoot2","Doubleshoot"],"picked":"Stinger","floor":7},{"not_picked":["LucifercomboB","Airhike","VitalstarM"],"picked":"SKIP","floor":10},{"not_picked":["LucifercomboA","Gunstinger"],"picked":"Swordmaster","floor":11},{"not_picked":["Airtrick","VitalstarL"],"picked":"Demonreform","floor":16},{"not_picked":["Shock","Doubleshoot"],"picked":"Dash2","floor":18},{"not_picked":["Millionkick","Weaponupgrade"],"picked":"Royaldefend","floor":21},{"not_picked":["DT","Chargeshoot+1","BeastUppercut"],"picked":"SKIP","floor":24},{"not_picked":["Unrisingdragon","Splesh"],"picked":"Airtrick","floor":27},{"not_picked":["BeastUppercut","EbonyIvory"],"picked":"Gilgamesh","floor":29},{"not_picked":["Pandora","Hightime","LucifercomboB"],"picked":"SKIP","floor":31},{"not_picked":["DevilstarL","Darkslayer"],"picked":"Airtrick","floor":33},{"not_picked":["Weaponupgrade","Rebellion","Lucifer"],"picked":"SKIP","floor":35},{"not_picked":["Splesh","EbonyIvory","Unrisingdragon+1"],"picked":"SKIP","floor":40},{"not_picked":["DT+1","Millionkick"],"picked":"BeastUppercut","floor":42},{"not_picked":["Chargeshoot","DT","Honeycombofire"],"picked":"SKIP","floor":44},{"not_picked":["Blueorb","Shock","Gunslinger"],"picked":"SKIP","floor":46},{"not_picked":["DevilstarS","Weaponupgrade"],"picked":"BeastUppercut","floor":47},{"not_picked":["Kick13","LucifercomboB"],"picked":"Rebellion+1","floor":56}],"player_experience":1301746,"relics_obtained":[{"floor":7,"key":"StrikeDummy"},{"floor":9,"key":"Centennial Puzzle"},{"floor":10,"key":"Juzu Bracelet"},{"floor":26,"key":"Ornamental Fan"},{"floor":27,"key":"jedi:matchstick"},{"floor":28,"key":"Smiling Mask"},{"floor":29,"key":"Ancient Tea Set"},{"floor":40,"key":"MawBank"},{"floor":42,"key":"Anchor"},{"floor":46,"key":"CaptainsWheel"},{"floor":56,"key":"HornCleat"}],"event_choices":[{"cards_removed":["Defend_Dante"],"damage_healed":0,"gold_gain":0,"player_choice":"Card Removal","damage_taken":0,"max_hp_gain":0,"max_hp_loss":0,"event_name":"The Cleric","floor":3,"gold_loss":75},{"damage_healed":0,"gold_gain":0,"player_choice":"Lose Max HP","damage_taken":0,"relics_obtained":["Golden Idol"],"max_hp_gain":0,"max_hp_loss":7,"event_name":"Golden Idol","floor":5,"gold_loss":0},{"cards_removed":["Defend_Dante"],"damage_healed":0,"gold_gain":0,"player_choice":"Gave Gold","damage_taken":0,"max_hp_gain":0,"max_hp_loss":0,"event_name":"Beggar","floor":20,"gold_loss":75},{"cards_removed":["Attack_a"],"damage_healed":0,"gold_gain":0,"player_choice":"Offered Basic","damage_taken":0,"max_hp_gain":0,"max_hp_loss":0,"event_name":"Bonfire Elementals","floor":36,"gold_loss":0},{"damage_healed":0,"gold_gain":0,"player_choice":"Ignored","damage_taken":0,"max_hp_gain":0,"max_hp_loss":0,"event_name":"Tomb of Lord Red Mask","floor":37,"gold_loss":0},{"damage_healed":0,"gold_gain":0,"player_choice":"Got Potions","damage_taken":0,"max_hp_gain":0,"max_hp_loss":0,"event_name":"Lab","floor":39,"gold_loss":0},{"cards_removed":["Redorb"],"damage_healed":0,"gold_gain":0,"player_choice":"Purged","damage_taken":0,"max_hp_gain":0,"max_hp_loss":0,"event_name":"Purifier","floor":45,"gold_loss":0}],"is_beta":false,"boss_relics":[{"not_picked":["Astrolabe","jedi:battlestandard"],"picked":"jedi:hotpepper"},{"not_picked":["jedi:paperlyon","Snecko Eye","Velvet Choker"]}],"items_purged_floors":[2,55],"is_endless":false,"potions_floor_spawned":[1,21,27,40,42,46],"ascension_level":20}}