{"host":"sw6p9u0oh417cx03","time":1613741446,"event":{"mods":["AchievementEnabler","Act Like it!","BaseMod","CapriCore","DeckTracker","Highlight Path","Minty Spire (QoL Compilation)","Quick Restart","StSLib"],"gold_per_floor":[118,43,218,24,24,24,51,1,1,76,76,76,100,116,116,246,246,259,136,157,180,180,180,198,223,248,248,62,62,81,104,104,228,228,246,98,431,431,447,480,491,491,491,511,511,528,547,547,547,547,547,547,276,302,302],"floor_reached":56,"language":"ZHS","playtime":3377,"items_purged":["Strike_G","Doubt","Strike_G","Strike_G","Defend_G"],"score":1803,"play_id":"a86bfa17-26e3-4ce2-9dd7-68f7771ef472","local_time":"20210219213046","is_ascension_mode":true,"campfire_choices":[{"data":"Reflex","floor":6.0,"key":"SMITH"},{"floor":12.0,"key":"REST"},{"data":"Prepared","floor":15.0,"key":"SMITH"},{"data":"Eviscerate","floor":23.0,"key":"SMITH"},{"floor":27.0,"key":"RECALL"},{"data":"Neutralize","floor":29.0,"key":"SMITH"},{"data":"Calculated Gamble","floor":32.0,"key":"SMITH"},{"data":"Concentrate","floor":45.0,"key":"SMITH"},{"data":"Madness","floor":49.0,"key":"SMITH"},{"data":"Escape Plan","floor":52.0,"key":"SMITH"}],"circlet_count":0,"master_deck":["Defend_G","Defend_G","Defend_G","Defend_G","Survivor","Neutralize+1","Reflex+1","Eviscerate+1","Prepared+1","Adrenaline","Escape Plan+1","Backflip+1","Prepared+1","Prepared+1","Calculated Gamble+1","Acrobatics+1","Madness+1","Concentrate+1","After Image"],"relics":["Ring of the Snake","NeowsBlessing","Membership Card","Singing Bowl","Bronze Scales","Philosopher\u0027s Stone","Oddly Smooth Stone","Strawberry","Orrery","SlaversCollar","TheAbacus","Meat on the Bone","Prayer Wheel","Cauldron","Ornamental Fan"],"acts_visited":["Exordium","TheCity","TheBeyond","TheEnding"],"potions_floor_usage":[53,55,55,55,55,55,55],"damage_taken":[{"damage":0.0,"enemies":"Small Slimes","floor":1.0,"turns":1.0},{"damage":0.0,"enemies":"Gremlin Nob","floor":7.0,"turns":1.0},{"damage":0.0,"enemies":"Jaw Worm","floor":13.0,"turns":1.0},{"damage":0.0,"enemies":"2 Louse","floor":14.0,"turns":2.0},{"damage":29.0,"enemies":"The Guardian","floor":16.0,"turns":14.0},{"damage":10.0,"enemies":"Chosen","floor":18.0,"turns":6.0},{"damage":1.0,"enemies":"Spheric Guardian","floor":20.0,"turns":3.0},{"damage":3.0,"enemies":"Shelled Parasite and Fungi","floor":21.0,"turns":4.0},{"damage":1.0,"enemies":"Chosen and Byrds","floor":24.0,"turns":5.0},{"damage":0.0,"enemies":"Cultist and Chosen","floor":25.0,"turns":4.0},{"damage":0.0,"enemies":"Centurion and Healer","floor":30.0,"turns":1.0},{"damage":2.0,"enemies":"3 Cultists","floor":31.0,"turns":5.0},{"damage":65.0,"enemies":"Collector","floor":33.0,"turns":5.0},{"damage":0.0,"enemies":"Orb Walker","floor":35.0,"turns":1.0},{"damage":0.0,"enemies":"3 Darklings","floor":39.0,"turns":1.0},{"damage":0.0,"enemies":"Nemesis","floor":40.0,"turns":1.0},{"damage":0.0,"enemies":"4 Shapes","floor":41.0,"turns":1.0},{"damage":0.0,"enemies":"Sphere and 2 Shapes","floor":44.0,"turns":1.0},{"damage":0.0,"enemies":"Maw","floor":46.0,"turns":1.0},{"damage":0.0,"enemies":"Spire Growth","floor":47.0,"turns":2.0},{"damage":0.0,"enemies":"Donu and Deca","floor":50.0,"turns":1.0},{"damage":0,"enemies":"Shield and Spear","floor":54,"turns":1},{"damage":3,"enemies":"The Heart","floor":55,"turns":4}],"seed_played":"-1216856707057723709","potions_obtained":[{"floor":7.0,"key":"GamblersBrew"},{"floor":16.0,"key":"SkillPotion"},{"floor":20.0,"key":"SpeedPotion"},{"floor":24.0,"key":"LiquidMemories"},{"floor":31.0,"key":"LiquidMemories"},{"floor":33.0,"key":"GamblersBrew"},{"floor":53,"key":"Fruit Juice"},{"floor":53,"key":"EntropicBrew"},{"floor":53,"key":"FearPotion"}],"is_trial":false,"path_per_floor":["M","$","?","$","?","R","E","?","T","?","?","R","M","M","R","B",null,"M","$","M","M","?","R","M","M","T","R","$","R","M","M","R","B",null,"M","$","?","?","M","E","M","?","T","M","R","M","M","?","R","B",null,"R","$","E","B",null],"character_chosen":"THE_SILENT","items_purchased":["Membership Card","Reflex","Oddly Smooth Stone","Orrery","EntropicBrew","TheAbacus","After Image","Cauldron","DuplicationPotion"],"campfire_rested":1,"item_purchase_floors":[4,4,19,28,28,36,53,53,53],"current_hp_per_floor":[63,63,63,63,38,38,38,38,38,27,27,46,46,46,46,17,53,45,45,44,43,69,69,68,70,77,77,83,83,83,83,83,20,71,71,71,71,71,73,73,75,75,75,79,79,83,87,87,87,87,100,100,105,107,104],"gold":302,"neow_bonus":"THREE_ENEMY_KILL","is_daily":false,"chose_seed":false,"campfire_upgraded":8,"win_rate":0.0,"timestamp":1613741446,"path_taken":["M","$","?","$","?","R","E","?","T","?","?","R","M","M","R","BOSS","M","$","M","M","?","R","M","M","T","R","$","R","?","?","R","BOSS","M","$","?","?","?","E","M","?","T","M","R","M","?","?","R","BOSS","R","$","E","BOSS"],"items_purchased_type":["Relic","Card","Relic","Relic","Potion","Relic","Card","Relic","Potion"],"build_version":"2020-12-22","purchased_purges":5,"victory":true,"max_hp_per_floor":[70,70,70,70,70,70,70,70,70,70,65,65,65,65,65,65,65,67,67,67,69,69,69,69,71,78,78,84,84,84,86,86,88,88,88,88,88,88,90,90,92,92,92,96,96,100,104,104,104,104,104,104,109,111,111],"card_choices":[{"not_picked":["Deflect","Cloak And Dagger","Bane"],"picked":"SKIP","floor":1.0},{"not_picked":["Footwork","Flechettes"],"picked":"Eviscerate","floor":7.0},{"not_picked":["Blur","Quick Slash"],"picked":"Dash","floor":13.0},{"not_picked":["Slice","Deadly Poison"],"picked":"Prepared","floor":14.0},{"not_picked":["Phantasmal Killer","After Image"],"picked":"Adrenaline","floor":16.0},{"not_picked":["Backstab","Sucker Punch+1","Poisoned Stab"],"picked":"Singing Bowl","floor":18.0},{"not_picked":["Crippling Poison","Quick Slash"],"picked":"Escape Plan","floor":20.0},{"not_picked":["Deflect","Poisoned Stab+1","Reflex"],"picked":"Singing Bowl","floor":21.0},{"not_picked":["Dodge and Roll+1","Dagger Throw"],"picked":"Backflip+1","floor":24.0},{"not_picked":["Blur","Underhanded Strike","Dagger Throw"],"picked":"Singing Bowl","floor":25.0},{"not_picked":["Poisoned Stab","Masterful Stab","Sucker Punch"],"picked":"Singing Bowl","floor":28.0},{"not_picked":["Quick Slash","Deflect+1","Blur"],"picked":"Singing Bowl","floor":28.0},{"not_picked":["Blade Dance","Finisher","Slice"],"picked":"Singing Bowl","floor":28.0},{"not_picked":["Eviscerate","Dodge and Roll+1"],"picked":"Prepared+1","floor":28.0},{"not_picked":["Blur","Footwork"],"picked":"Prepared+1","floor":28.0},{"not_picked":["Quick Slash+1","Masterful Stab"],"picked":"Calculated Gamble","floor":30.0},{"not_picked":["Unload","Deadly Poison","Accuracy+1"],"picked":"Singing Bowl","floor":31.0},{"not_picked":["Night Terror","Glass Knife","Tools of the Trade"],"picked":"Singing Bowl","floor":33.0},{"not_picked":["Deadly Poison","Dash"],"picked":"Acrobatics+1","floor":35.0},{"not_picked":["Underhanded Strike+1","Deflect","Choke+1"],"picked":"Singing Bowl","floor":39.0},{"not_picked":["Catalyst+1","Quick Slash+1"],"picked":"Concentrate","floor":40.0},{"not_picked":["Bane+1","Deflect+1","Dash+1"],"picked":"Singing Bowl","floor":41.0},{"not_picked":["Bane+1","Cloak And Dagger","Concentrate"],"picked":"Singing Bowl","floor":44.0},{"not_picked":["Cloak And Dagger+1","Dagger Spray","Blade Dance+1"],"picked":"Singing Bowl","floor":44.0},{"not_picked":["Poisoned Stab+1","Setup+1","Prepared+1"],"picked":"Singing Bowl","floor":46.0},{"not_picked":["Deadly Poison","Heel Hook","Dagger Spray+1"],"picked":"Singing Bowl","floor":46.0},{"not_picked":["Acrobatics","Deflect+1","Concentrate+1"],"picked":"Singing Bowl","floor":47.0},{"not_picked":["Dagger Throw+1","Distraction+1","Underhanded Strike+1"],"picked":"Singing Bowl","floor":47.0},{"not_picked":["Dodge and Roll","Flechettes+1","Riddle With Holes"],"picked":"Singing Bowl","floor":54}],"player_experience":384360,"relics_obtained":[{"floor":7.0,"key":"Bronze Scales"},{"floor":26.0,"key":"Strawberry"},{"floor":40.0,"key":"Meat on the Bone"},{"floor":43.0,"key":"Prayer Wheel"},{"floor":54,"key":"Ornamental Fan"}],"event_choices":[{"damage_healed":0.0,"max_hp_gain":0.0,"max_hp_loss":0.0,"gold_gain":175.0,"event_name":"Liars Game","player_choice":"AGREE","floor":3.0,"gold_loss":0.0,"damage_taken":0.0,"cards_obtained":["Doubt"]},{"damage_healed":0.0,"max_hp_gain":0.0,"max_hp_loss":0.0,"gold_gain":0.0,"event_name":"Scrap Ooze","player_choice":"Success","floor":5.0,"gold_loss":0.0,"damage_taken":25.0,"relics_obtained":["Singing Bowl"]},{"cards_removed":["Strike_G"],"damage_healed":0.0,"max_hp_gain":0.0,"max_hp_loss":0.0,"gold_gain":0.0,"event_name":"The Cleric","player_choice":"Card Removal","floor":8.0,"gold_loss":50.0,"damage_taken":0.0},{"damage_healed":0.0,"max_hp_gain":0.0,"max_hp_loss":0.0,"gold_gain":75.0,"event_name":"World of Goop","player_choice":"Gather Gold","floor":10.0,"gold_loss":0.0,"damage_taken":11.0},{"damage_healed":0.0,"max_hp_gain":0.0,"max_hp_loss":5.0,"gold_gain":0.0,"event_name":"Golden Idol","player_choice":"Lose Max HP","floor":11.0,"gold_loss":0.0,"damage_taken":0.0,"relics_obtained":["Golden Idol"]},{"cards_removed":["Dash"],"damage_healed":26.0,"max_hp_gain":0.0,"max_hp_loss":0.0,"gold_gain":0.0,"event_name":"Bonfire Elementals","player_choice":"Offered Uncommon","floor":22.0,"gold_loss":0.0,"damage_taken":0.0},{"damage_healed":0.0,"max_hp_gain":0.0,"max_hp_loss":0.0,"gold_gain":333.0,"event_name":"The Moai Head","player_choice":"Gave Idol","floor":37.0,"relics_lost":["Golden Idol"],"gold_loss":0.0,"damage_taken":0.0},{"damage_healed":0.0,"max_hp_gain":0.0,"max_hp_loss":0.0,"gold_gain":0.0,"event_name":"Match and Keep!","player_choice":"1 cards matched","floor":38.0,"gold_loss":0.0,"damage_taken":0.0,"cards_obtained":["Madness"]},{"cards_removed":["Strike_G"],"damage_healed":0.0,"max_hp_gain":0.0,"max_hp_loss":0.0,"gold_gain":0.0,"event_name":"Wheel of Change","player_choice":"Card Removal","floor":42.0,"gold_loss":0.0,"damage_taken":0.0},{"damage_healed":0.0,"max_hp_gain":0.0,"max_hp_loss":0.0,"gold_gain":0.0,"event_name":"Tomb of Lord Red Mask","player_choice":"Ignored","floor":48.0,"gold_loss":0.0,"damage_taken":0.0}],"is_beta":false,"boss_relics":[{"not_picked":["Velvet Choker","Black Star"],"picked":"Philosopher\u0027s Stone"},{"not_picked":["Busted Crown","Coffee Dripper"],"picked":"SlaversCollar"}],"items_purged_floors":[2,19,28,36,53],"is_endless":false,"potions_floor_spawned":[7,16,20,24,31,33,39,44,46],"ascension_level":9}}