{"host":"snn1c4qsf0fj7fzf","time":1613735341,"event":{"mods":["AchievementEnabler","Act Like it!","Aspiration","Astrologer","BaseMod","Colored Powertips","Downfall","Gensokyo","Hermit","Hubris","Infinite Spire","Lobotomy","Minty Spire (QoL Compilation)","Random Character Button","Rare Cards Sparkle","Reimu??????","Reliquary","Replay The Spire","Shop Mod","Spire Arcade","StSLib","The Administrix","The Cursed","The Gatherer","The Hierophant","The Poker Player","The Runesmith"],"gold_per_floor":[349,359,371,25,25,43,43,54,71,71,103,118,138,171,181,286,286,186,186,206,91,91,91,116,127,77,77,77,146,146,163,183,280,280,280,292,292,442,538,597,597,497,517,517,533,547,547,559,575,575],"floor_reached":51,"language":"ENG","playtime":4033,"items_purged":["Slimebound:Defend_Slimebound","Slimebound:Tackle","Slimebound:Defend_Slimebound","Slimebound:Strike_Slimebound"],"score":735,"play_id":"33719ba1-2e0e-46a6-bd02-4374af08d14a","local_time":"20210219194901","is_ascension_mode":false,"campfire_choices":[{"floor":1,"key":"RECALL"},{"data":"Slimebound:DuplicatedForm","floor":18,"key":"SMITH"},{"data":"Slimebound:TagTeam","floor":23,"key":"SMITH"},{"floor":30,"key":"REST"},{"data":"Slimebound:TagTeam","floor":35,"key":"SMITH"},{"data":"Slimebound:LevelUp","floor":42,"key":"SMITH"},{"data":"Slimebound:LeadByExample","floor":44,"key":"SMITH"},{"data":"Slimebound:Recollect","floor":47,"key":"SMITH"}],"circlet_count":0,"master_deck":["Slimebound:Strike_Slimebound","Slimebound:Strike_Slimebound","Slimebound:Defend_Slimebound","Slimebound:Defend_Slimebound","Slimebound:Split","Slimebound:CorrosiveSpit","Slimebound:SplitLeeching","Slimebound:Recollect+1","Slimebound:TagTeam+1","Slimebound:Recycling","Slimebound:LeadByExample+1","Slimebound:HauntingLick+1","Slimebound:DuplicatedForm+1","infinitespire:FutureSight+1","Slimebound:SlimeSpikes+1","Slimebound:SlimeSpikes+1","Slimebound:LevelUp+1","Slimebound:GoopSpray+1","Slimebound:TagTeam+1","Slimebound:SamplingLick+1","Slimebound:GoopSpray+1"],"relics":["Slimebound:AbsorbEndCombat","Bottled Lightning","Toxic Egg 2","downfall:ShatteredFragment","Lantern","Bottled Tornado","downfall:HeartBlessingRed","Pen Nib","Black Star","infinitespire:Satchel","reliquary:PartyBalloon","downfall:KnowingSkull","hubris:BundleOfHerbs","aspiration:DSix","Busted Crown","aspiration:MobileForge","infinitespire:Lucky Rock","downfall:HeartBlessingBlue"],"acts_visited":["Exordium","TheCity","TheBeyond"],"potions_floor_usage":[14,14,15,16,29,29,29,46,51,51,51,51],"damage_taken":[{"damage":5,"enemies":"2 Louse","floor":2,"turns":2},{"damage":2,"enemies":"Small Slimes","floor":3,"turns":3},{"damage":0,"enemies":"downfall:FleeingMerchant","floor":4,"turns":4},{"damage":1,"enemies":"Cultist","floor":6,"turns":3},{"damage":13,"enemies":"Exordium Thugs","floor":8,"turns":4},{"damage":2,"enemies":"Exordium Wildlife","floor":9,"turns":4},{"damage":8,"enemies":"3 Sentries","floor":11,"turns":5},{"damage":2,"enemies":"downfall:LooterAlt","floor":12,"turns":3},{"damage":2,"enemies":"Exordium Thugs","floor":13,"turns":3},{"damage":10,"enemies":"Lagavulin","floor":14,"turns":4},{"damage":0,"enemies":"Lots of Slimes","floor":15,"turns":1},{"damage":4,"enemies":"SI_SHIV_ARCHETYPE","floor":16,"turns":6},{"damage":15,"enemies":"Spheric Guardian","floor":20,"turns":3},{"damage":27,"enemies":"downfall:FleeingMerchant","floor":21,"turns":4},{"damage":15,"enemies":"Chosen","floor":25,"turns":4},{"damage":52,"enemies":"Slavers","floor":29,"turns":4},{"damage":16,"enemies":"Shelled Parasite and Fungi","floor":31,"turns":4},{"damage":17,"enemies":"Centurion and Healer","floor":32,"turns":5},{"damage":37,"enemies":"DF_ARCHETYPE_CLAW","floor":33,"turns":7},{"damage":16,"enemies":"Orb Walker","floor":36,"turns":3},{"damage":22,"enemies":"3 Darklings","floor":39,"turns":4},{"damage":18,"enemies":"Sphere and 2 Shapes","floor":40,"turns":4},{"damage":20,"enemies":"Transient","floor":43,"turns":5},{"damage":15,"enemies":"4 Shapes","floor":45,"turns":3},{"damage":24,"enemies":"Jaw Worm Horde","floor":46,"turns":3},{"damage":15,"enemies":"Spire Growth","floor":48,"turns":3},{"damage":15,"enemies":"Sphere and 2 Shapes","floor":49,"turns":3},{"damage":16,"enemies":"IC_BLOCK_ARCHETYPE","floor":50,"turns":5},{"damage":16,"enemies":"Malkuth","floor":51,"turns":7},{"damage":70,"enemies":"Hod","floor":51,"turns":7}],"seed_played":"4246634167880554864","potions_obtained":[{"floor":2,"key":"hexamod:SoulburnPotion"},{"floor":9,"key":"Toxic Potion"},{"floor":12,"key":"champ:CounterPotion"},{"floor":13,"key":"hexamod:SoulburnPotion"},{"floor":15,"key":"Ancient Potion"},{"floor":16,"key":"sneckomod:MuddlingPotion"},{"floor":25,"key":"Adrenaline Potion"},{"floor":33,"key":"Elixir"},{"floor":45,"key":"Cursed Concoction"},{"floor":49,"key":"FairyPotion"}],"is_trial":false,"path_per_floor":["R","M","M","$","?","M","T","M","M","?","E","M","M","E","M","B",null,"R","AVR","M","$","?","R","T","M","?","T","?","E","R","M","M","B",null,"R","M","AVR","?","M","M","T","R","M","R","M","M","R","M","M","B",null],"character_chosen":"SLIMEBOUND","items_purchased":["Bottled Lightning"],"campfire_rested":1,"item_purchase_floors":[4],"current_hp_per_floor":[47,44,44,50,32,37,37,28,30,12,6,8,10,4,4,8,65,65,65,65,57,38,38,38,42,65,65,59,28,47,52,58,44,65,65,65,65,65,62,61,61,71,74,74,75,71,71,75,75,75],"gold":575,"neow_bonus":"TWO_FIFTY_GOLD","is_daily":false,"chose_seed":false,"campfire_upgraded":6,"win_rate":0.0,"timestamp":1613735341,"path_taken":["R","M","M","$","?","M","T","M","M","?","E","M","M","E","M","BOSS","R","AVR","M","$","?","R","T","?","?","?","?","E","R","M","M","BOSS","R","M","AVR","?","M","M","T","R","M","R","?","M","R","M","M","BOSS"],"items_purchased_type":["Relic"],"build_version":"2020-12-22","purchased_purges":4,"victory":true,"max_hp_per_floor":[65,65,65,65,65,65,65,65,65,65,65,65,65,65,65,65,65,65,65,65,65,65,65,65,65,65,65,65,65,65,65,65,65,65,65,65,65,65,65,65,65,75,75,75,75,75,75,75,75,75],"card_choices":[{"not_picked":["Slimebound:SlimeBarrage","Slimebound:BestDefense"],"picked":"Slimebound:SplitLeeching","floor":2},{"not_picked":["Slimebound:LeechingTouch","Slimebound:LeechEnergy","Slimebound:ItLooksTasty"],"picked":"SKIP","floor":3},{"not_picked":["Slimebound:FormOfPuddle","Slimebound:FinishingTackle"],"picked":"Slimebound:Recollect","floor":4},{"not_picked":["Slimebound:SplitLeeching","Slimebound:LivingWall","Slimebound:SplitMire"],"picked":"SKIP","floor":6},{"not_picked":["Slimebound:SplitMire+1","Slimebound:LivingWall+1"],"picked":"Slimebound:TagTeam","floor":8},{"not_picked":["Slimebound:ItLooksTasty","Slimebound:FinishingTackle","Slimebound:SplitAcid+1"],"picked":"SKIP","floor":9},{"not_picked":["Slimebound:Prepare+1","Slimebound:SpikyOuterGoop"],"picked":"Slimebound:Recycling","floor":11},{"not_picked":["Slimebound:SplitAcid+1","Slimebound:SplitSpecialist+1","Slimebound:LeechingTouch"],"picked":"SKIP","floor":12},{"not_picked":["Slimebound:SplitAcid+1","Slimebound:FormOfPuddle+1"],"picked":"Slimebound:LeadByExample","floor":13},{"not_picked":["Slimebound:HungryTackle","Slimebound:ItLooksTasty"],"picked":"Slimebound:HauntingLick+1","floor":14},{"not_picked":["Slimebound:SplitSpecialist+1","Slimebound:LeechingTouch","Slimebound:LeadByExample"],"picked":"SKIP","floor":15},{"not_picked":["Slimebound:SelfFormingGoo","Slimebound:MassRepurpose+1"],"picked":"Slimebound:DuplicatedForm","floor":16},{"not_picked":["Slimebound:LivingWall+1","Slimebound:ComboTackle+1","Slimebound:DivideAndConquer+1"],"picked":"SKIP","floor":20},{"not_picked":["Slimebound:DouseInSlime+1","Slimebound:ComboTackle"],"picked":"Slimebound:SlimeSpikes+1","floor":21},{"not_picked":["Slimebound:AcidTongue","Slimebound:HauntingLick+1"],"picked":"Slimebound:SlimeSpikes+1","floor":25},{"not_picked":["Slimebound:RejuvenatingLick+1","Slimebound:ItLooksTasty","Slimebound:TongueLash"],"picked":"SKIP","floor":29},{"not_picked":["Slimebound:HauntingLick+1","Slimebound:GoopTackle"],"picked":"Slimebound:LevelUp","floor":31},{"not_picked":["Slimebound:SlimeBrawl+1","Slimebound:FormOfPuddle+1"],"picked":"Slimebound:GoopSpray+1","floor":32},{"not_picked":["Slimebound:DuplicatedForm","Slimebound:SlimeSlap"],"picked":"Slimebound:TagTeam","floor":33},{"not_picked":[],"picked":"Slimebound:SamplingLick+1","floor":36},{"not_picked":["Slimebound:Grow+1"],"picked":"SKIP","floor":39},{"not_picked":["Slimebound:TongueLash"],"picked":"SKIP","floor":40},{"not_picked":[],"picked":"Slimebound:GoopSpray+1","floor":43},{"not_picked":["Slimebound:LeechEnergy"],"picked":"SKIP","floor":45},{"not_picked":["Slimebound:LeechEnergy"],"picked":"SKIP","floor":46},{"not_picked":["Slimebound:SlimeBrawl+1"],"picked":"SKIP","floor":48},{"not_picked":["Slimebound:ViciousTackle"],"picked":"SKIP","floor":49}],"player_experience":437512,"relics_obtained":[{"floor":7,"key":"Toxic Egg 2"},{"floor":11,"key":"Lantern"},{"floor":14,"key":"Bottled Tornado"},{"floor":24,"key":"infinitespire:Satchel"},{"floor":27,"key":"reliquary:PartyBalloon"},{"floor":29,"key":"hubris:BundleOfHerbs"},{"floor":29,"key":"aspiration:DSix"}],"event_choices":[{"damage_healed":0,"gold_gain":0,"player_choice":"Success","damage_taken":18,"relics_obtained":["Slimebound:AggressiveSlimeRelic"],"max_hp_gain":0,"max_hp_loss":0,"event_name":"Scrap Ooze","floor":5,"gold_loss":0}],"is_beta":false,"boss_relics":[{"not_picked":["reliquary:KinkedSpring","Replay:Wanted Poster","hubris:BlackHole"]},{"not_picked":["Replay:Bronze Core","aspiration:RitualDagger"],"picked":"Busted Crown"}],"items_purged_floors":[4,19,21,37],"is_endless":false,"potions_floor_spawned":[2,9,12,13,15,16,25,33,36,45,49],"ascension_level":0}}