{"host":"1ycuxm9gov0tl9zf","time":1613731830,"event":{"mods":["AchievementEnabler","Act Like it!","BaseMod","Colored Powertips","Downfall","Gensokyo","GifTheSpireLib","Hallownest","Marisa£®ÏF”Í°°ƒß¿Ì…≥£©","Minty Spire (QoL Compilation)","Quick Restart","Remilia£®¿Ÿ√◊¿Ú—«£©","Replay The Spire","Shop Mod","StSLib","The Administrix","The Animator","The Bug Knight"],"gold_per_floor":[109,126,126,145,145,145,170,170,170,184,199,217,217,217],"floor_reached":13,"language":"ZHS","playtime":955,"items_purged":[],"score":87,"play_id":"3d4236be-dfed-42b6-bea4-90286d5abbfc","local_time":"20210219185030","is_ascension_mode":false,"campfire_choices":[{"floor":6,"key":"RECALL"},{"floor":8,"key":"REST"}],"circlet_count":0,"master_deck":["Strike_G","Strike_G","Strike_G","Strike_G","Strike_G","Defend_G","Defend_G","Defend_G","Defend_G","Defend_G","Survivor","Neutralize","Hidden Blade","Hidden Blade","Cloak And Dagger","Infinite Blades","Blade Dance","Poisoned Stab","Hidden Blade"],"relics":["Ring of the Snake","Tough Bandages","Calipers"],"acts_visited":["Exordium"],"potions_floor_usage":[13,13],"damage_taken":[{"damage":0,"enemies":"Jaw Worm","floor":1,"turns":5},{"damage":1,"enemies":"Cultist","floor":2,"turns":4},{"damage":2,"enemies":"Small Slimes","floor":4,"turns":5},{"damage":62,"enemies":"Gremlin Nob","floor":7,"turns":7},{"damage":7,"enemies":"3 Louse","floor":10,"turns":5},{"damage":12,"enemies":"Exordium Wildlife","floor":11,"turns":7},{"damage":5,"enemies":"Lots of Slimes","floor":12,"turns":5},{"damage":0,"enemies":"3 Sentries","floor":13,"turns":3}],"seed_played":"7764335680380587918","potions_obtained":[{"floor":2,"key":"SkillPotion"},{"floor":7,"key":"SpeedPotion"},{"floor":11,"key":"Energy Potion"},{"floor":12,"key":"ColorlessPotion"}],"is_trial":false,"path_per_floor":["M","M","$","M","?","R","E","R","T","M","M","M","E"],"character_chosen":"THE_SILENT","items_purchased":[],"campfire_rested":1,"item_purchase_floors":[],"current_hp_per_floor":[77,76,76,74,74,74,12,35,35,28,16,11,11,11],"gold":217,"neow_bonus":"TEN_PERCENT_HP_BONUS","is_daily":false,"chose_seed":false,"campfire_upgraded":0,"win_rate":0.0,"timestamp":1613731830,"path_taken":["M","M","$","M","?","R","E","R","T","?","M","M","E"],"items_purchased_type":[],"build_version":"2020-12-22","purchased_purges":0,"victory":false,"max_hp_per_floor":[77,77,77,77,77,77,77,77,77,77,77,77,77,77],"card_choices":[{"not_picked":["Deflect","ReplayTheSpireMod:Exploit Weakness"],"picked":"Hidden Blade","floor":1},{"not_picked":["Slice","Bane"],"picked":"Hidden Blade","floor":2},{"not_picked":["Masterful Stab","Slice"],"picked":"Cloak And Dagger","floor":4},{"not_picked":["ReplayTheSpireMod:Shiv Toss","Deflect"],"picked":"Infinite Blades","floor":7},{"not_picked":["Sucker Punch","Quick Slash"],"picked":"Blade Dance","floor":10},{"not_picked":["Caltrops","Dodge and Roll"],"picked":"Poisoned Stab","floor":11},{"not_picked":["Acrobatics","Deflect"],"picked":"Hidden Blade","floor":12}],"player_experience":68943,"relics_obtained":[{"floor":7,"key":"Calipers"}],"event_choices":[{"damage_healed":0,"gold_gain":0,"player_choice":"Gave Potion","damage_taken":0,"relics_obtained":["Tough Bandages"],"max_hp_gain":0,"max_hp_loss":0,"event_name":"WeMeetAgain","floor":5,"gold_loss":0}],"is_beta":false,"boss_relics":[],"items_purged_floors":[],"is_endless":false,"potions_floor_spawned":[2,7,11,12],"killed_by":"3 Sentries","ascension_level":0}}