{"host":"sncdgiue1dtzeg79","time":1613730837,"event":{"mods":["BaseMod","Beaked The Cultist","ChefMod","Colored Powertips","Hubris","Jorbs\u0027s Wanderer Trilogy","Minty Spire (QoL Compilation)","Reliquary","StSLib","Swap Starting Deck Mod","The Bladedancer","The Clintock","The Cursed","The Hierophant","The Marked","The Necromancer","The Runesmith","The Wild Card","Weighted Paths"],"gold_per_floor":[116,116,133,133,61,61,96,96,96,117,117,132,145,145,145,271,271,290,290,313,333,348,348,348],"floor_reached":23,"language":"ENG","playtime":2007,"items_purged":[],"score":218,"play_id":"b7d5642a-0bf5-4640-b68c-7397eb7ff8e1","local_time":"20210219113357","is_ascension_mode":false,"campfire_choices":[{"data":"clintock:BaseSynthesis","floor":6,"key":"SMITH"},{"data":"clintock:Replenish","floor":8,"key":"SMITH"},{"data":"clintock:MetabolicPathways","floor":15,"key":"SMITH"}],"circlet_count":0,"master_deck":["clintock:ClintockStrike","clintock:ClintockStrike","clintock:ClintockStrike+1","clintock:ClintockDefend+1","clintock:ClintockDefend","clintock:ClintockDefend","clintock:ClintockDefend+1","clintock:BaseSynthesis+1","clintock:Replenish+1","clintock:Centrifuge","clintock:Deoxyguanosine","clintock:MetabolicPathways+1","clintock:Bateson9000+1","clintock:DGMP+1","clintock:Eureka","clintock:BruteForce","clintock:LifeSager+1","clintock:Epidemic+1"],"relics":["clintock:BiomoleculePool","NeowsBlessing","Golden Idol","Orichalcum","Frozen Egg 2","Coffee Dripper","War Paint"],"acts_visited":["Exordium","TheCity"],"potions_floor_usage":[12,16,21,21],"damage_taken":[{"damage":0,"enemies":"Small Slimes","floor":1,"turns":2},{"damage":0,"enemies":"Jaw Worm","floor":3,"turns":1},{"damage":0,"enemies":"Lagavulin","floor":7,"turns":1},{"damage":1,"enemies":"Cultist","floor":10,"turns":4},{"damage":7,"enemies":"Exordium Wildlife","floor":12,"turns":9},{"damage":15,"enemies":"Exordium Thugs","floor":13,"turns":7},{"damage":14,"enemies":"The Guardian","floor":16,"turns":23},{"damage":20,"enemies":"Chosen","floor":18,"turns":10},{"damage":6,"enemies":"Shell Parasite","floor":20,"turns":13},{"damage":8,"enemies":"Snake Plant","floor":21,"turns":8},{"damage":27,"enemies":"3 Cultists","floor":22,"turns":6},{"damage":16,"enemies":"Slavers","floor":23,"turns":3}],"seed_played":"4486326301842016674","potions_obtained":[{"floor":7,"key":"Block Potion"},{"floor":10,"key":"Block Potion"},{"floor":13,"key":"GamblersBrew"},{"floor":18,"key":"Weak Potion"}],"is_trial":false,"path_per_floor":["M","?","M","?","$","R","E","R","T","M","?","M","M","T","R","B",null,"M","?","M","M","M","E"],"character_chosen":"CLINTOCK_CLASS","items_purchased":["clintock:MetabolicPathways"],"campfire_rested":0,"item_purchase_floors":[5],"current_hp_per_floor":[80,64,64,64,64,64,64,64,64,63,63,56,41,41,41,27,74,54,54,48,40,13,0,0],"gold":348,"neow_bonus":"THREE_ENEMY_KILL","is_daily":false,"chose_seed":false,"campfire_upgraded":3,"win_rate":0.0,"timestamp":1613730837,"path_taken":["M","?","M","?","$","R","E","R","T","M","?","?","M","?","R","BOSS","M","?","M","M","M","E"],"items_purchased_type":["Card"],"build_version":"2020-12-22","purchased_purges":0,"victory":false,"max_hp_per_floor":[80,80,80,74,74,74,74,74,74,74,74,74,74,74,74,74,74,74,74,74,74,74,74,74],"card_choices":[{"not_picked":["clintock:Immunodeficiency","clintock:Polymerize"],"picked":"clintock:Centrifuge","floor":1},{"not_picked":["clintock:Obstruct","clintock:Reductase"],"picked":"clintock:Deoxyguanosine","floor":3},{"not_picked":["clintock:ATPReserves","clintock:Irradiate","clintock:Mitosis"],"picked":"SKIP","floor":7},{"not_picked":["clintock:VectorFlow","clintock:Jab"],"picked":"clintock:Bateson9000+1","floor":10},{"not_picked":["clintock:Miasma","clintock:Efflux"],"picked":"clintock:Eureka","floor":12},{"not_picked":["clintock:Centrifuge","clintock:VectorFlow"],"picked":"clintock:BruteForce","floor":13},{"not_picked":["clintock:Contamination+1","clintock:GeneAmplification"],"picked":"clintock:LifeSager+1","floor":16},{"not_picked":["clintock:VectorFlow+1","clintock:Sting","clintock:GlucoseToxicity"],"picked":"SKIP","floor":18},{"not_picked":["clintock:CompostBin","clintock:DGMP"],"picked":"clintock:Epidemic+1","floor":20},{"not_picked":["clintock:ImpulsiveShot+1","clintock:DealersLuck","clintock:Polymerize"],"picked":"SKIP","floor":21},{"not_picked":["clintock:VectorFlow+1","clintock:ProteinUtilization","clintock:Recombination"],"picked":"SKIP","floor":22}],"player_experience":534616,"relics_obtained":[{"floor":7,"key":"Orichalcum"},{"floor":9,"key":"Frozen Egg 2"}],"event_choices":[{"damage_healed":0,"gold_gain":0,"player_choice":"Entered Light","damage_taken":16,"max_hp_gain":0,"max_hp_loss":0,"event_name":"Shining Light","floor":2,"gold_loss":0,"cards_upgraded":["clintock:ClintockDefend","clintock:ClintockStrike"]},{"damage_healed":0,"gold_gain":0,"player_choice":"Lose Max HP","damage_taken":0,"relics_obtained":["Golden Idol"],"max_hp_gain":0,"max_hp_loss":6,"event_name":"Golden Idol","floor":4,"gold_loss":0},{"damage_healed":0,"gold_gain":0,"cards_transformed":["clintock:ClintockStrike"],"player_choice":"Transformed","damage_taken":0,"max_hp_gain":0,"max_hp_loss":0,"event_name":"Transmorgrifier","floor":11,"gold_loss":0,"cards_obtained":["clintock:DGMP"]},{"damage_healed":0,"gold_gain":0,"player_choice":"Opened","damage_taken":0,"relics_obtained":["War Paint"],"max_hp_gain":0,"max_hp_loss":0,"event_name":"The Mausoleum","floor":19,"gold_loss":0}],"is_beta":false,"boss_relics":[{"not_picked":["reliquary:Ember","hubris:BlackHole"],"picked":"Coffee Dripper"}],"items_purged_floors":[],"is_endless":false,"potions_floor_spawned":[7,10,13,18],"killed_by":"Slavers","ascension_level":0}}