{"host":"3d7yvplr5ovcyppx","time":1613715358,"event":{"mods":["AchievementEnabler","BaseMod","Hermit","Jorbs\u0027s Wanderer Trilogy","Minty Spire (QoL Compilation)","Quick Restart","Somnambulant","StSLib","The Cursed","The Disciple","The Servant 0.9.4"],"gold_per_floor":[111,128,141,151,164,198,210,210,235,263,263,296,308,335,347,458,470,497,509,521,533,558,601,613,625,637,681,693,732,744,776,788,903,915,944,1955,1967,1992,2004,2016,2063,2075,2163,7,39,39,55,74,74,74,74,74,6,33,33,33],"floor_reached":55,"language":"ENG","playtime":3231,"items_purged":["Normality"],"score":1006,"play_id":"68973051-a2e7-4fe2-953f-e25ab245a9a3","local_time":"20210219114558","is_ascension_mode":true,"campfire_choices":[{"floor":8,"key":"RECALL"},{"floor":11,"key":"REST"},{"data":"Defragment","floor":13,"key":"SMITH"},{"data":"Zap","floor":15,"key":"SMITH"},{"data":"Storm","floor":25,"key":"SMITH"},{"floor":28,"key":"REST"},{"floor":30,"key":"REST"},{"floor":32,"key":"REST"},{"data":"Static Discharge","floor":40,"key":"SMITH"},{"floor":42,"key":"REST"},{"floor":49,"key":"REST"},{"data":"Buffer","floor":52,"key":"SMITH"}],"circlet_count":0,"master_deck":["Strike_B","Strike_B","Strike_B","Strike_B","Defend_B","Defend_B+1","Defend_B","Defend_B","Zap+1","Dualcast","Genetic Algorithm+1","Sunder","Static Discharge+1","Melter","Storm","Go for the Eyes","Gash","Defragment+1","Heatsinks","Storm+1","Machine Learning","Barrage","Loop","Loop+1","Redo","Aggregate+1","Storm","Doom and Gloom+1","Buffer+1","Go for the Eyes+1","Normality","Beam Cell","Bandage Up","Sadistic Nature","Dramatic Entrance","Rip and Tear+1","Storm+1","Gash","Double Energy+1","Stack","FTL+1","Turbo","Static Discharge","Double Energy+1"],"relics":["Cracked Core","Bag of Marbles","Lantern","Boot","MawBank","Inserter","Nilry\u0027s Codex","Juzu Bracelet","Cables","The Courier","Anchor","Shuriken","Philosopher\u0027s Stone","Pen Nib","Emotion Chip","DollysMirror","Bronze Scales","Strawberry","Orichalcum","DataDisk","War Paint","Turnip","Vajra","Art of War","Nunchaku","Dream Catcher","Bottled Tornado","CaptainsWheel","Unceasing Top","Bag of Preparation"],"acts_visited":["Exordium","TheCity","TheBeyond","TheEnding"],"potions_floor_usage":[5,6,18,23,29,29,33,33,41,47],"damage_taken":[{"damage":1,"enemies":"Cultist","floor":1,"turns":4},{"damage":2,"enemies":"Jaw Worm","floor":2,"turns":3},{"damage":0,"enemies":"Small Slimes","floor":3,"turns":1},{"damage":5,"enemies":"2 Fungi Beasts","floor":4,"turns":3},{"damage":6,"enemies":"Looter","floor":5,"turns":2},{"damage":23,"enemies":"Gremlin Nob","floor":6,"turns":5},{"damage":0,"enemies":"Gremlin Gang","floor":7,"turns":4},{"damage":26,"enemies":"3 Sentries","floor":10,"turns":5},{"damage":13,"enemies":"Lagavulin","floor":12,"turns":5},{"damage":0,"enemies":"Exordium Wildlife","floor":14,"turns":1},{"damage":16,"enemies":"Hexaghost","floor":16,"turns":7},{"damage":0,"enemies":"Chosen","floor":18,"turns":3},{"damage":13,"enemies":"Spheric Guardian","floor":22,"turns":4},{"damage":13,"enemies":"Gremlin Leader","floor":23,"turns":5},{"damage":34,"enemies":"Slavers","floor":27,"turns":3},{"damage":25,"enemies":"Book of Stabbing","floor":29,"turns":4},{"damage":12,"enemies":"Centurion and Healer","floor":31,"turns":4},{"damage":40,"enemies":"Collector","floor":33,"turns":7},{"damage":7,"enemies":"Orb Walker","floor":35,"turns":4},{"damage":2,"enemies":"3 Shapes","floor":38,"turns":3},{"damage":0,"enemies":"Nemesis","floor":41,"turns":4},{"damage":25,"enemies":"Reptomancer","floor":45,"turns":3},{"damage":2,"enemies":"Sphere and 2 Shapes","floor":47,"turns":2},{"damage":27,"enemies":"Writhing Mass","floor":48,"turns":3},{"damage":33,"enemies":"Awakened One","floor":50,"turns":6},{"damage":21,"enemies":"Shield and Spear","floor":54,"turns":3},{"damage":64,"enemies":"The Heart","floor":55,"turns":3}],"seed_played":"5376204979373873618","potions_obtained":[{"floor":2,"key":"FocusPotion"},{"floor":4,"key":"ColorlessPotion"},{"floor":5,"key":"PowerPotion"},{"floor":10,"key":"Explosive Potion"},{"floor":16,"key":"SneckoOil"},{"floor":22,"key":"SpeedPotion"},{"floor":23,"key":"BlessingOfTheForge"},{"floor":31,"key":"GamblersBrew"},{"floor":35,"key":"GamblersBrew"},{"floor":45,"key":"Swift Potion"}],"is_trial":false,"path_per_floor":["M","M","M","M","M","E","M","R","T","E","R","E","R","M","R","B",null,"M","?","?","$","M","E","T","R","T","E","R","E","R","M","R","B",null,"M","?","?","M","?","R","E","R","T","$","E","$","M","M","R","B",null,"R","$","E","B"],"character_chosen":"DEFECT","items_purchased":["Emotion Chip","DollysMirror","Bronze Scales","Strawberry","Orichalcum","DataDisk","War Paint","Turnip","Vajra","Art of War","Nunchaku","Dream Catcher","Bottled Tornado","CaptainsWheel","Turbo","Static Discharge"],"campfire_rested":6,"item_purchase_floors":[44,44,44,44,44,44,44,44,44,44,44,44,44,44,53,53],"current_hp_per_floor":[81,79,79,74,68,45,45,45,45,19,43,30,30,30,30,14,82,82,82,66,66,53,40,40,40,40,6,30,5,29,17,41,1,82,75,75,75,73,63,63,63,78,78,85,60,60,58,31,56,27,85,85,85,64,0,0],"gold":33,"neow_bonus":"TEN_PERCENT_HP_BONUS","is_daily":false,"chose_seed":false,"campfire_upgraded":5,"win_rate":0.0,"timestamp":1613715358,"path_taken":["M","M","M","M","?","E","M","R","T","E","R","E","R","M","R","BOSS","M","?","?","?","?","E","?","R","T","E","R","E","R","M","R","BOSS","M","?","?","M","?","R","E","R","T","$","E","$","M","M","R","BOSS","R","$","E","BOSS"],"items_purchased_type":["Relic","Relic","Relic","Relic","Relic","Relic","Relic","Relic","Relic","Relic","Relic","Relic","Relic","Relic","Card","Card"],"build_version":"2020-12-22","purchased_purges":1,"victory":false,"max_hp_per_floor":[82,82,82,82,82,82,82,82,82,82,82,82,82,82,82,82,82,82,82,82,82,82,82,82,82,82,82,82,82,82,82,82,82,82,82,82,78,78,78,78,78,78,78,85,85,85,85,85,85,85,85,85,85,85,85,85],"card_choices":[{"not_picked":["Rebound","Conserve Battery"],"picked":"Genetic Algorithm","floor":1},{"not_picked":["Self Repair","Compile Driver"],"picked":"Sunder","floor":2},{"not_picked":["Lockon","Hologram"],"picked":"Static Discharge","floor":3},{"not_picked":["Beam Cell","Double Energy"],"picked":"Melter","floor":4},{"not_picked":["White Noise","Fusion"],"picked":"Storm","floor":5},{"not_picked":["Compile Driver","Reinforced Body"],"picked":"Go for the Eyes","floor":6},{"not_picked":["Barrage","Stack"],"picked":"Gash","floor":7},{"not_picked":["Reinforced Body","Gash"],"picked":"Defragment","floor":10},{"not_picked":["Go for the Eyes","Fusion"],"picked":"Heatsinks","floor":12},{"not_picked":["Ball Lightning","Conserve Battery"],"picked":"Storm","floor":14},{"not_picked":["Biased Cognition","Seek"],"picked":"Machine Learning","floor":16},{"not_picked":["Cold Snap","Turbo"],"picked":"Barrage","floor":18},{"not_picked":["Darkness+1","Conserve Battery"],"picked":"Loop+1","floor":22},{"not_picked":["Fusion","Rip and Tear"],"picked":"Redo","floor":23},{"not_picked":["Chill","Glacier"],"picked":"Aggregate+1","floor":27},{"not_picked":["Redo","Beam Cell+1"],"picked":"Storm","floor":29},{"not_picked":["Scrape+1","Barrage+1"],"picked":"Doom and Gloom+1","floor":31},{"not_picked":["Meteor Strike","Biased Cognition"],"picked":"Buffer","floor":33},{"not_picked":["Streamline","Self Repair"],"picked":"Go for the Eyes+1","floor":35},{"not_picked":["Conserve Battery","Barrage"],"picked":"Beam Cell","floor":38},{"not_picked":["PanicButton","Jack Of All Trades"],"picked":"Bandage Up","floor":39},{"not_picked":["Jack Of All Trades","Impatience"],"picked":"Sadistic Nature","floor":39},{"not_picked":["Secret Weapon","Madness"],"picked":"Dramatic Entrance","floor":39},{"not_picked":["Tempest","Blizzard"],"picked":"Rip and Tear+1","floor":41},{"not_picked":["Reinforced Body+1","Sweeping Beam+1"],"picked":"Gash","floor":45},{"not_picked":["Fusion","White Noise"],"picked":"Double Energy+1","floor":47},{"not_picked":["White Noise","Blizzard+1"],"picked":"Stack","floor":48},{"not_picked":["Undo","Go for the Eyes+1"],"picked":"FTL+1","floor":49},{"not_picked":["Scrape+1","Hologram+1"],"picked":"Double Energy+1","floor":54}],"player_experience":74265,"relics_obtained":[{"floor":6,"key":"Bag of Marbles"},{"floor":9,"key":"Lantern"},{"floor":10,"key":"Boot"},{"floor":12,"key":"MawBank"},{"floor":20,"key":"Nilry\u0027s Codex"},{"floor":23,"key":"Juzu Bracelet"},{"floor":24,"key":"Cables"},{"floor":26,"key":"The Courier"},{"floor":27,"key":"Anchor"},{"floor":29,"key":"Shuriken"},{"floor":41,"key":"Pen Nib"},{"floor":45,"key":"Unceasing Top"},{"floor":54,"key":"Bag of Preparation"}],"event_choices":[{"damage_healed":0,"gold_gain":0,"player_choice":"Read","damage_taken":0,"max_hp_gain":0,"max_hp_loss":0,"event_name":"The Library","floor":19,"gold_loss":0,"cards_obtained":["Loop"]},{"damage_healed":0,"gold_gain":0,"player_choice":"Obtained Book","damage_taken":16,"max_hp_gain":0,"max_hp_loss":0,"event_name":"Cursed Tome","floor":20,"gold_loss":0},{"damage_healed":0,"gold_gain":999,"player_choice":"Gold","damage_taken":0,"max_hp_gain":0,"max_hp_loss":0,"event_name":"MindBloom","floor":36,"gold_loss":0,"cards_obtained":["Normality","Normality"]},{"damage_healed":0,"gold_gain":0,"player_choice":"Max HP","damage_taken":0,"max_hp_gain":0,"max_hp_loss":4,"event_name":"Winding Halls","floor":37,"gold_loss":0},{"damage_healed":0,"gold_gain":0,"player_choice":"Memory 3","damage_taken":10,"max_hp_gain":0,"max_hp_loss":0,"event_name":"SensoryStone","floor":39,"gold_loss":0}],"is_beta":false,"boss_relics":[{"not_picked":["Snecko Eye","Busted Crown"],"picked":"Inserter"},{"not_picked":["Runic Pyramid","Coffee Dripper"],"picked":"Philosopher\u0027s Stone"}],"items_purged_floors":[44],"is_endless":false,"potions_floor_spawned":[2,4,5,10,16,22,23,31,35,45],"killed_by":"The Heart","ascension_level":2}}