{"host":"eutfwpehtd75iaf6","time":1613776121,"event":{"mods":["BaseMod","Colored Map","Hermit","Marisa????????","Minty Spire (QoL Compilation)","Remilia??????","StSLib","The Senshi","The Servant 0.9.4"],"gold_per_floor":[119,132,152,152,170,199,215,215,215,215,215,233,246,258,258,360,360,371,384,396,415,330,361,371,390,390,390,390,390,407,426,426,527,527,542,542,542],"floor_reached":36,"language":"ENG","playtime":3406,"items_purged":[],"score":444,"play_id":"ca0ef02f-8d00-4e4b-a5e0-174e996fd0a1","local_time":"20210219180841","is_ascension_mode":false,"campfire_choices":[{"floor":8.0,"key":"REST"},{"floor":10.0,"key":"REST"},{"data":"MiserableFate","floor":15.0,"key":"SMITH"},{"floor":28,"key":"REST"},{"floor":32,"key":"REST"}],"circlet_count":0,"master_deck":["Strike_RM","Strike_RM","Strike_RM","Defend_RM","Defend_RM","Defend_RM","RedMoon","ScarletShoot","UnstableMagic","DiffusionOfMisfortune","ScarletImprint","BombardNight","MiserableFate+1","MillenniumVampire","BloodyHallows","SuperhumanBloodyKnife","ReincarnationDial","ScarletImprint","BloodRain","VampirishNight","Stigmanizer","ScarletCoffin"],"relics":["ScarletHat","Unceasing Top","Letter Opener","Matryoshka","Strawberry","Omamori","ScarletEmblem","Potion Belt","White Beast Statue","Eternal Feather","Juzu Bracelet","Nloth\u0027s Gift","Empty Cage","Bag of Marbles"],"acts_visited":["Exordium","TheCity","TheBeyond"],"potions_floor_usage":[23,23,25,25,31,33,36],"damage_taken":[{"damage":0.0,"enemies":"Small Slimes","floor":1.0,"turns":1.0},{"damage":0.0,"enemies":"Jaw Worm","floor":2.0,"turns":1.0},{"damage":0.0,"enemies":"Cultist","floor":3.0,"turns":1.0},{"damage":0.0,"enemies":"Looter","floor":5.0,"turns":4.0},{"damage":29.0,"enemies":"Lagavulin","floor":6.0,"turns":17.0},{"damage":7.0,"enemies":"Large Slime","floor":7.0,"turns":7.0},{"damage":5.0,"enemies":"Exordium Thugs","floor":12.0,"turns":3.0},{"damage":2.0,"enemies":"Looter","floor":13.0,"turns":4.0},{"damage":0.0,"enemies":"2 Fungi Beasts","floor":14.0,"turns":3.0},{"damage":44.0,"enemies":"Hexaghost","floor":16.0,"turns":13.0},{"damage":0.0,"enemies":"3 Byrds","floor":18.0,"turns":5.0},{"damage":0.0,"enemies":"2 Thieves","floor":19.0,"turns":3.0},{"damage":15.0,"enemies":"Centurion and Healer","floor":20.0,"turns":4.0},{"damage":8,"enemies":"Snecko","floor":21,"turns":4},{"damage":39,"enemies":"Gremlin Leader","floor":23,"turns":7},{"damage":13,"enemies":"Snake Plant","floor":24,"turns":5},{"damage":11,"enemies":"Shelled Parasite and Fungi","floor":25,"turns":5},{"damage":6,"enemies":"Sentry and Sphere","floor":30,"turns":9},{"damage":34,"enemies":"Cultist and Chosen","floor":31,"turns":5},{"damage":13,"enemies":"Collector","floor":33,"turns":8},{"damage":104,"enemies":"3 Shapes","floor":35,"turns":8},{"damage":10,"enemies":"Orb Walker","floor":36,"turns":3}],"seed_played":"1937629345374488000","potions_obtained":[{"floor":1.0,"key":"GamblersBrew"},{"floor":7.0,"key":"Swift Potion"},{"floor":12.0,"key":"Fire Potion"},{"floor":16.0,"key":"Energy Potion"},{"floor":23,"key":"DistilledChaos"},{"floor":24,"key":"Dexterity Potion"},{"floor":25,"key":"FearPotion"},{"floor":30,"key":"Fire Potion"},{"floor":31,"key":"PowerPotion"},{"floor":31,"key":"SmokeBomb"},{"floor":33,"key":"SpeedPotion"},{"floor":35,"key":"Block Potion"}],"is_trial":false,"path_per_floor":["M","M","M","?","M","E","M","R","T","R","T","M","M","M","R","B",null,"M","M","M","M","?","E","M","M","T","?","R","?","M","M","R","B",null,"M","M"],"character_chosen":"REMILIA","items_purchased":[],"campfire_rested":4,"item_purchase_floors":[],"current_hp_per_floor":[75,75,75,42,42,17,13,35,35,57,64,61,59,59,59,23,82,82,82,67,65,65,32,19,14,14,14,50,34,34,10,48,47,87,2,0,0],"gold":542,"neow_bonus":"THREE_ENEMY_KILL","is_daily":false,"chose_seed":false,"campfire_upgraded":1,"win_rate":0.0,"timestamp":1613776121,"path_taken":["M","M","M","?","M","E","M","R","T","R","?","M","M","M","R","BOSS","M","M","M","M","?","E","M","M","T","?","R","?","M","M","R","BOSS","M","M"],"items_purchased_type":[],"build_version":"2020-12-22","purchased_purges":0,"victory":false,"max_hp_per_floor":[75,75,75,75,75,75,75,75,75,75,82,82,82,82,82,82,82,82,82,82,82,82,82,82,82,82,82,82,87,87,87,87,87,87,87,87,87],"card_choices":[{"not_picked":["ScarletNetherworld","BadLadyScramble","ScarletDevil"],"picked":"SKIP","floor":1.0},{"not_picked":["Septette","ScarletNetherworld"],"picked":"UnstableMagic","floor":2.0},{"not_picked":["UnderTheZenith","SuperhumanBloodyKnife"],"picked":"DiffusionOfMisfortune","floor":3.0},{"not_picked":["VampireSweep","BloodHunter"],"picked":"ScarletImprint","floor":5.0},{"not_picked":["RedNightlessCastle","GlobalNightmare"],"picked":"BombardNight","floor":6.0},{"not_picked":["ScarletNetherworld","ScarletGensokyo","UnstableMagic"],"picked":"SKIP","floor":7.0},{"not_picked":["RedRainbow","UnstableMagic"],"picked":"MiserableFate","floor":12.0},{"not_picked":["ScarletDream","BloodHunter"],"picked":"MillenniumVampire","floor":13.0},{"not_picked":["VampireKiss","ScarletImprint","FavorOfDestiny"],"picked":"SKIP","floor":14.0},{"not_picked":["BloodyCatastrophe","TricksterDevil"],"picked":"BloodyHallows","floor":16.0},{"not_picked":["UnstableMagic","CharismaGuard+1"],"picked":"SuperhumanBloodyKnife","floor":18.0},{"not_picked":["ScarletImprint","MastersStateliness"],"picked":"ReincarnationDial","floor":19.0},{"not_picked":["ScarletSymphony+1","ScarletDevil","NightDance"],"picked":"SKIP","floor":20},{"not_picked":["FavorOfDestiny","BadLadyScramble"],"picked":"ScarletImprint","floor":21},{"not_picked":["BlasphemousPunishment","ScarletDream"],"picked":"BloodRain","floor":23},{"not_picked":["ScarletDevil","Maim"],"picked":"VampirishNight","floor":24},{"not_picked":["NightDance","UltimateOffering","Stigmanizer+1"],"picked":"SKIP","floor":25},{"not_picked":["DemonKingCradle","NightDance"],"picked":"Stigmanizer","floor":30},{"not_picked":["CharismaGuard","VampireKiss","ScarletSymphony"],"picked":"SKIP","floor":31},{"not_picked":["EquivalentExchange","TricksterDevil"],"picked":"ScarletCoffin","floor":33},{"not_picked":["ScarletImprint+1","ChainGang+1","StarOfDavid+1"],"picked":"SKIP","floor":35}],"player_experience":145557,"relics_obtained":[{"floor":6.0,"key":"Letter Opener"},{"floor":9.0,"key":"Matryoshka"},{"floor":11.0,"key":"Strawberry"},{"floor":11.0,"key":"Omamori"},{"floor":23,"key":"White Beast Statue"},{"floor":26,"key":"Eternal Feather"},{"floor":26,"key":"Juzu Bracelet"},{"floor":35,"key":"Bag of Marbles"}],"event_choices":[{"damage_healed":0.0,"max_hp_gain":0.0,"max_hp_loss":0.0,"gold_gain":0.0,"event_name":"Scrap Ooze","player_choice":"Success","floor":4.0,"gold_loss":0.0,"damage_taken":33.0,"relics_obtained":["Unceasing Top"]},{"damage_healed":0,"gold_gain":0,"player_choice":"Obtained Relic","damage_taken":0,"relics_obtained":["Potion Belt"],"max_hp_gain":0,"max_hp_loss":0,"event_name":"Addict","floor":22,"gold_loss":85},{"damage_healed":0,"gold_gain":0,"player_choice":"Traded Relic","damage_taken":0,"relics_obtained":["Nloth\u0027s Gift"],"max_hp_gain":0,"max_hp_loss":0,"event_name":"N\u0027loth","floor":27,"relics_lost":["NeowsBlessing"],"gold_loss":0},{"damage_healed":0,"gold_gain":0,"player_choice":"Shed Blood","damage_taken":21,"max_hp_gain":5,"max_hp_loss":0,"event_name":"Forgotten Altar","floor":29,"gold_loss":0}],"is_beta":false,"boss_relics":[{"not_picked":["SacredBark","Astrolabe"],"picked":"ScarletEmblem"},{"not_picked":["Coffee Dripper","Sozu"],"picked":"Empty Cage"}],"items_purged_floors":[],"is_endless":false,"potions_floor_spawned":[1,7,12,13,16,19,21,23,24,25,30,31,33,35],"killed_by":"Orb Walker","ascension_level":0}}