{"host":"os9owiyb0rak6c8n","time":1613747931,"event":{"mods":["AchievementEnabler","Astrologer","BaseMod","Beaked The Cultist","Better Third Choice","Block Reminder","Colored Map","Colored Powertips","Curses Come First","Dio Mod","Minty Spire (QoL Compilation)","Shapeshifter Mod","Spicy Shops","StSLib","The Death Knight","The Necromancer"],"gold_per_floor":[113,113,131,21,41,66,66,66,66,85,95,168,180,207,207,305,305,305,71,71,71,71,71,0,0,0,0,0],"floor_reached":27,"language":"ENG","playtime":878,"items_purged":[],"score":426,"play_id":"17f4170a-52ba-43db-9fd3-8cd9410a394e","local_time":"20210219161851","is_ascension_mode":true,"campfire_choices":[{"data":"Defragment","floor":8,"key":"SMITH"},{"floor":15,"key":"REST"},{"data":"Hologram","floor":25,"key":"SMITH"}],"circlet_count":0,"master_deck":["AscendersBane","Strike_B","Strike_B","Strike_B","Strike_B","Defend_B","Defend_B","Defend_B","Defend_B","Zap","Dualcast","Sweeping Beam","Go for the Eyes","Ball Lightning","Defragment+1","Streamline","Defragment","Leap","Consume","Capacitor","Electrodynamics","Seek","Amplify","Self Repair","Cold Snap","Hologram+1"],"relics":["Cracked Core","NeowsBlessing","CaptainsWheel","Ginger","Ectoplasm","Nloth\u0027s Gift","Darkstone Periapt"],"acts_visited":["Exordium","TheCity"],"potions_floor_usage":[6,6,16,16,27],"damage_taken":[{"damage":0,"enemies":"2 Louse","floor":1,"turns":1},{"damage":0,"enemies":"Jaw Worm","floor":3,"turns":1},{"damage":0,"enemies":"Small Slimes","floor":5,"turns":1},{"damage":13,"enemies":"Gremlin Nob","floor":6,"turns":3},{"damage":7,"enemies":"2 Fungi Beasts","floor":10,"turns":3},{"damage":1,"enemies":"Looter","floor":11,"turns":4},{"damage":0,"enemies":"Exordium Wildlife","floor":13,"turns":3},{"damage":31,"enemies":"3 Sentries","floor":14,"turns":6},{"damage":0,"enemies":"Slime Boss","floor":16,"turns":6},{"damage":4,"enemies":"Spheric Guardian","floor":18,"turns":4},{"damage":30,"enemies":"Shell Parasite","floor":21,"turns":5},{"damage":16,"enemies":"Snake Plant","floor":22,"turns":5},{"damage":3,"enemies":"Cultist and Chosen","floor":23,"turns":4},{"damage":26,"enemies":"Slavers","floor":27,"turns":2}],"seed_played":"7135291920311530498","potions_obtained":[{"floor":1,"key":"AttackPotion"},{"floor":5,"key":"LiquidMemories"},{"floor":6,"key":"DistilledChaos"},{"floor":13,"key":"SkillPotion"},{"floor":16,"key":"LiquidBronze"},{"floor":18,"key":"FairyPotion"},{"floor":23,"key":"AttackPotion"}],"is_trial":false,"path_per_floor":["M","?","M","$","M","E","$","R","T","M","M","?","M","E","R","B",null,"M","$","?","M","M","M","?","R","T","E"],"character_chosen":"DEFECT","items_purchased":["Ball Lightning","Defragment","Amplify"],"campfire_rested":1,"item_purchase_floors":[4,4,19],"current_hp_per_floor":[68,73,73,73,73,60,60,60,60,53,52,52,52,21,45,45,71,67,67,67,37,28,32,32,32,32,6,6],"gold":0,"neow_bonus":"THREE_ENEMY_KILL","is_daily":false,"chose_seed":false,"campfire_upgraded":2,"win_rate":0.0,"timestamp":1613747931,"path_taken":["M","?","M","$","M","E","$","R","T","M","M","?","M","E","R","BOSS","M","$","?","M","?","M","?","R","T","E"],"items_purchased_type":["Card","Card","Card"],"build_version":"2020-12-22","purchased_purges":0,"victory":false,"max_hp_per_floor":[75,80,80,80,80,80,80,80,80,80,80,80,80,80,80,80,80,80,80,80,80,80,80,80,80,80,80,80],"card_choices":[{"not_picked":["Recycle","Barrage"],"picked":"Sweeping Beam","floor":1},{"not_picked":["Sweeping Beam","Beam Cell"],"picked":"Go for the Eyes","floor":3},{"not_picked":["Compile Driver","Force Field"],"picked":"Streamline","floor":5},{"not_picked":["Conserve Battery","Amplify"],"picked":"Defragment","floor":6},{"not_picked":["Sweeping Beam","Rip and Tear"],"picked":"Leap","floor":10},{"not_picked":["Gash","Steam"],"picked":"Consume","floor":11},{"not_picked":["Darkness","Force Field"],"picked":"Capacitor","floor":13},{"not_picked":["Creative AI","Reinforced Body"],"picked":"Electrodynamics","floor":14},{"not_picked":["Buffer","Rainbow"],"picked":"Seek","floor":16},{"not_picked":["Beam Cell","Doom and Gloom","Hello World"],"picked":"SKIP","floor":18},{"not_picked":["Gash","Sweeping Beam"],"picked":"Self Repair","floor":21},{"not_picked":["Storm","Streamline+1"],"picked":"Cold Snap","floor":22},{"not_picked":["Undo","Gash"],"picked":"Hologram","floor":23}],"player_experience":620109,"relics_obtained":[{"floor":6,"key":"CaptainsWheel"},{"floor":9,"key":"Ginger"},{"floor":14,"key":"Meat on the Bone"},{"floor":26,"key":"Darkstone Periapt"}],"event_choices":[{"damage_healed":0,"gold_gain":0,"player_choice":"Donut","damage_taken":0,"max_hp_gain":5,"max_hp_loss":0,"event_name":"Big Fish","floor":2,"gold_loss":0},{"damage_healed":0,"gold_gain":73,"player_choice":"Gained Gold","damage_taken":0,"max_hp_gain":0,"max_hp_loss":0,"event_name":"Golden Wing","floor":12,"gold_loss":0},{"damage_healed":0,"gold_gain":0,"player_choice":"Traded Relic","damage_taken":0,"relics_obtained":["Nloth\u0027s Gift"],"max_hp_gain":0,"max_hp_loss":0,"event_name":"N\u0027loth","floor":20,"relics_lost":["Meat on the Bone"],"gold_loss":0},{"damage_healed":0,"gold_gain":0,"player_choice":"Paid Fearfully","damage_taken":0,"max_hp_gain":0,"max_hp_loss":0,"event_name":"Masked Bandits","floor":24,"gold_loss":71}],"is_beta":false,"boss_relics":[{"not_picked":["Fusion Hammer","SacredBark"],"picked":"Ectoplasm"}],"items_purged_floors":[],"is_endless":false,"potions_floor_spawned":[1,5,6,13,16,18,23],"killed_by":"Slavers","ascension_level":11}}