{"host":"8is2j71l4wmybkoi","time":1613732065,"event":{"mods":["AchievementEnabler","BaseMod","Colored Map","DeckTracker","Minty Spire (QoL Compilation)","Rare Cards Sparkle","Relic Stats","StSLib","SuperFastMode"],"gold_per_floor":[368,10,28,28,43,84,84,119,119,148,165,165,165,165,165,273,273,293,321,343,173,173,173,173,173],"floor_reached":24,"language":"KOR","playtime":636,"items_purged":["Injury","Strike_B"],"score":309,"play_id":"bcbec548-e9ac-46d8-ab79-ad8200f2be79","local_time":"20210219195425","is_ascension_mode":true,"campfire_choices":[{"data":"Sunder","floor":7,"key":"SMITH"},{"data":"Hologram","floor":13,"key":"SMITH"},{"data":"Zap","floor":15,"key":"SMITH"},{"data":"Beam Cell","floor":23,"key":"SMITH"}],"circlet_count":0,"master_deck":["AscendersBane","Strike_B","Strike_B","Defend_B","Defend_B","Defend_B","Defend_B","Zap+1","Dualcast","Sunder+1","Beam Cell+1","Sweeping Beam","Biased Cognition","Gash","Undo","Hologram+1","Electrodynamics","Cold Snap+1","Blizzard+1","Reinforced Body+1","Capacitor"],"relics":["Cracked Core","Gremlin Horn","CeramicFish","Molten Egg 2","Omamori","Ice Cream","Philosopher\u0027s Stone","Mercury Hourglass"],"acts_visited":["Exordium","TheCity"],"potions_floor_usage":[6,8,19,20],"damage_taken":[{"damage":0,"enemies":"Cultist","floor":1,"turns":3},{"damage":7,"enemies":"Jaw Worm","floor":3,"turns":2},{"damage":0,"enemies":"Small Slimes","floor":5,"turns":2},{"damage":15,"enemies":"3 Sentries","floor":6,"turns":5},{"damage":8,"enemies":"Gremlin Nob","floor":8,"turns":3},{"damage":0,"enemies":"Looter","floor":10,"turns":2},{"damage":0,"enemies":"Large Slime","floor":11,"turns":4},{"damage":26,"enemies":"The Guardian","floor":16,"turns":10},{"damage":1,"enemies":"Shell Parasite","floor":18,"turns":3},{"damage":0,"enemies":"2 Thieves","floor":19,"turns":2},{"damage":9,"enemies":"3 Cultists","floor":20,"turns":2},{"damage":53,"enemies":"Book of Stabbing","floor":24,"turns":5}],"seed_played":"538181829057056769","potions_obtained":[{"floor":5,"key":"Block Potion"},{"floor":6,"key":"Strength Potion"},{"floor":10,"key":"DuplicationPotion"},{"floor":19,"key":"PowerPotion"}],"is_trial":false,"path_per_floor":["M","$","M","?","M","E","R","E","T","M","M","T","R","?","R","B",null,"M","M","M","$","?","R","E"],"character_chosen":"DEFECT","items_purchased":["Gremlin Horn","Beam Cell","Capacitor"],"campfire_rested":0,"item_purchase_floors":[2,2,21],"current_hp_per_floor":[68,68,61,54,54,39,39,31,31,31,31,31,31,36,36,10,63,62,62,53,53,53,53,0,0],"gold":173,"neow_bonus":"TWO_FIFTY_GOLD","is_daily":false,"chose_seed":false,"campfire_upgraded":4,"win_rate":0.0,"timestamp":1613732065,"path_taken":["M","$","M","?","M","E","R","E","T","M","M","?","R","?","R","BOSS","M","M","M","$","?","R","E"],"items_purchased_type":["Relic","Card","Card"],"build_version":"2020-12-22","purchased_purges":2,"victory":false,"max_hp_per_floor":[75,75,75,75,75,75,75,75,75,75,75,75,75,80,80,80,80,80,80,80,80,80,80,80,80],"relic_stats":{"Gremlin Horn":[6,6],"counters":[12,43],"CeramicFish":72,"obtain_stats":[{"Ice Cream":12,"Gremlin Horn":2,"CeramicFish":6,"Molten Egg 2":8,"Philosopher\u0027s Stone":17,"Omamori":9,"Cracked Core":0,"Mercury Hourglass":22},{"Ice Cream":7,"Gremlin Horn":1,"CeramicFish":4,"Molten Egg 2":5,"Philosopher\u0027s Stone":8,"Omamori":5,"Cracked Core":0,"Mercury Hourglass":11},{"Ice Cream":21,"Gremlin Horn":3,"CeramicFish":12,"Molten Egg 2":15,"Philosopher\u0027s Stone":31,"Omamori":15,"Cracked Core":0,"Mercury Hourglass":38}],"Mercury Hourglass":[15]},"card_choices":[{"not_picked":["Conserve Battery","Streamline"],"picked":"Sunder","floor":1},{"not_picked":["Leap","Redo"],"picked":"Sweeping Beam","floor":3},{"not_picked":["Tempest","Conserve Battery"],"picked":"Biased Cognition","floor":5},{"not_picked":["Force Field","Leap"],"picked":"Gash","floor":6},{"not_picked":["Steam Power","Reprogram"],"picked":"Undo","floor":8},{"not_picked":["Streamline+1","Scrape+1"],"picked":"Hologram","floor":10},{"not_picked":["Rip and Tear+1","Barrage+1","Leap"],"picked":"SKIP","floor":11},{"not_picked":["Seek","Buffer"],"picked":"Electrodynamics","floor":16},{"not_picked":["Beam Cell+1","Stack"],"picked":"Cold Snap+1","floor":18},{"not_picked":["Hologram","Streamline+1"],"picked":"Blizzard+1","floor":19},{"not_picked":["Steam","Streamline+1"],"picked":"Reinforced Body+1","floor":20}],"player_experience":1247556,"relics_obtained":[{"floor":6,"key":"CeramicFish"},{"floor":8,"key":"Molten Egg 2"},{"floor":9,"key":"Omamori"},{"floor":12,"key":"Ice Cream"}],"event_choices":[{"cards_removed":["Strike_B"],"damage_healed":0,"gold_gain":0,"player_choice":"Card Removal","damage_taken":7,"max_hp_gain":0,"max_hp_loss":0,"event_name":"Golden Wing","floor":4,"gold_loss":0},{"damage_healed":0,"gold_gain":0,"player_choice":"Donut","damage_taken":0,"max_hp_gain":5,"max_hp_loss":0,"event_name":"Big Fish","floor":14,"gold_loss":0},{"damage_healed":0,"gold_gain":0,"player_choice":"Opened","damage_taken":0,"relics_obtained":["Mercury Hourglass"],"max_hp_gain":0,"max_hp_loss":0,"event_name":"The Mausoleum","floor":22,"gold_loss":0}],"is_beta":false,"boss_relics":[{"not_picked":["Ectoplasm","Runic Dome"],"picked":"Philosopher\u0027s Stone"}],"items_purged_floors":[2,21],"is_endless":false,"potions_floor_spawned":[5,6,10,19],"killed_by":"Book of Stabbing","ascension_level":10}}