{"host":"i0avyit1s6jb1siw","time":1613768224,"event":{"mods":["BaseMod","DeckTracker","Dota2Spire","Highlight Path","Minty Spire (QoL Compilation)","Quick Restart","StSLib","SuperFastMode"],"gold_per_floor":[116,41,41,41,61,61,73,100,100,100,119,119,187,205,222,222,295,295,306,167,167,180,180,180,210,210,210,235,235,267,103,134,154,166,166,166,244,294,307,319,157,177,177,209,209,234,283,302,320,347,347,360,374,374,374,374,374,374],"floor_reached":57,"language":"ENG","playtime":1571,"items_purged":["Regret","Strike_G"],"score":1593,"play_id":"64b09773-6d20-401f-a9c0-66c593911980","local_time":"20210219215704","is_ascension_mode":true,"campfire_choices":[{"data":"Apotheosis","floor":6,"key":"SMITH"},{"floor":16,"key":"REST"},{"floor":24,"key":"RECALL"},{"data":"Footwork","floor":26,"key":"SMITH"},{"data":"Noxious Fumes","floor":29,"key":"SMITH"},{"floor":35,"key":"REST"},{"data":"Accuracy","floor":36,"key":"SMITH"},{"floor":51,"key":"REST"},{"floor":54,"key":"REST"},{"data":"Parasite","floor":55,"key":"PURGE"}],"circlet_count":0,"master_deck":["AscendersBane","Defend_G+1","Defend_G+1","Defend_G+1","Defend_G+1","Defend_G+1","Survivor+1","Neutralize","Apotheosis+1","Footwork+1","Escape Plan","Cloak And Dagger","Deadly Poison","Masterful Stab","Crippling Poison","Blade Dance","Outmaneuver","Corpse Explosion","Unload+1","Venomology+1","Storm of Steel+1","Noxious Fumes+1","Predator","Backflip","Accuracy+1","PiercingWail","PiercingWail","Escape Plan+1","Blur","Madness","Madness","Acrobatics+1"],"relics":["Ring of the Snake","Dota2Spire:CrimsonGuard","Dota2Spire:BattleFury","Bottled Lightning","Astrolabe","Paper Crane","Bag of Marbles","Dota2Spire:AghanimScepter","Lantern","Singing Bowl","Bag of Preparation","Red Mask","Tiny House","Orrery","Nunchaku","Peace Pipe","Dota2Spire:ArmletOfMordiggian","Pen Nib"],"acts_visited":["Exordium","TheCity","TheBeyond"],"potions_floor_usage":[8,17,25,30,32,33,34,37,40,42,46,48,50,53,56,56,57,57,57,57],"damage_taken":[{"damage":5,"enemies":"2 Louse","floor":1,"turns":4},{"damage":0,"enemies":"Cultist","floor":5,"turns":4},{"damage":9,"enemies":"Small Slimes","floor":7,"turns":4},{"damage":42,"enemies":"Gremlin Nob","floor":8,"turns":4},{"damage":0,"enemies":"Looter","floor":11,"turns":2},{"damage":0,"enemies":"Blue Slaver","floor":14,"turns":3},{"damage":1,"enemies":"Exordium Thugs","floor":15,"turns":4},{"damage":1,"enemies":"Hexaghost","floor":17,"turns":8},{"damage":3,"enemies":"Shell Parasite","floor":19,"turns":5},{"damage":0,"enemies":"Chosen","floor":22,"turns":4},{"damage":2,"enemies":"Slavers","floor":25,"turns":5},{"damage":19,"enemies":"Book of Stabbing","floor":30,"turns":5},{"damage":0,"enemies":"Masked Bandits","floor":32,"turns":2},{"damage":0,"enemies":"Shelled Parasite and Fungi","floor":33,"turns":2},{"damage":0,"enemies":"Snecko","floor":34,"turns":3},{"damage":12,"enemies":"Automaton","floor":37,"turns":7},{"damage":0,"enemies":"3 Shapes","floor":39,"turns":3},{"damage":32,"enemies":"3 Darklings","floor":40,"turns":6},{"damage":12,"enemies":"Maw","floor":42,"turns":6},{"damage":0,"enemies":"Giant Head","floor":44,"turns":4},{"damage":19,"enemies":"Reptomancer","floor":46,"turns":8},{"damage":8,"enemies":"Spire Growth","floor":48,"turns":3},{"damage":11,"enemies":"Writhing Mass","floor":49,"turns":6},{"damage":4,"enemies":"Giant Head","floor":50,"turns":7},{"damage":0,"enemies":"Jaw Worm Horde","floor":52,"turns":3},{"damage":0,"enemies":"4 Shapes","floor":53,"turns":3},{"damage":87,"enemies":"Time Eater","floor":56,"turns":14},{"damage":13,"enemies":"Awakened One","floor":57,"turns":15}],"seed_played":"7974403634674859141","potions_obtained":[{"floor":5,"key":"Fire Potion"},{"floor":11,"key":"Dota2Spire:Clarity"},{"floor":14,"key":"Dota2Spire:Clarity"},{"floor":15,"key":"FearPotion"},{"floor":22,"key":"AttackPotion"},{"floor":32,"key":"Strength Potion"},{"floor":46,"key":"EntropicBrew"},{"floor":48,"key":"Block Potion"},{"floor":50,"key":"Fruit Juice"}],"is_trial":false,"path_per_floor":["M","$","?","$","M","R","M","E","T","T","M","?","T","M","M","R","B",null,"M","$","?","M","T","R","E","R","T","T","R","E","$","?","M","M","R","R","B",null,"M","M","$","M","?","E","?","E","T","M","M","E","R","M","M","R","R","B","B"],"character_chosen":"THE_SILENT","items_purchased":["Predator","Bag of Preparation","Orrery"],"campfire_rested":4,"item_purchase_floors":[20,31,41],"current_hp_per_floor":[54,54,54,54,54,54,45,3,3,3,3,3,3,3,2,21,20,55,52,52,52,52,52,52,50,50,50,50,50,33,33,40,42,42,63,63,53,74,76,44,52,42,75,75,61,44,44,36,27,25,49,51,58,85,85,13,0,0],"gold":374,"neow_bonus":"RANDOM_COLORLESS_2","is_daily":false,"chose_seed":false,"campfire_upgraded":4,"win_rate":0.0,"timestamp":1613768224,"path_taken":["M","$","?","?","M","R","M","E","T","T","M","?","?","?","M","R","BOSS","M","$","?","M","?","R","E","R","T","T","R","E","$","?","M","M","R","R","BOSS","M","M","$","M","?","E","?","E","T","?","?","E","R","M","?","R","R","BOSS","BOSS"],"items_purchased_type":["Card","Relic","Relic"],"build_version":"2020-12-22","purchased_purges":2,"victory":false,"max_hp_per_floor":[66,66,66,66,66,66,66,66,66,66,66,66,66,66,66,66,66,66,66,66,66,66,66,66,66,66,66,66,66,68,68,70,72,72,72,72,74,79,81,81,89,91,75,75,75,77,77,77,79,81,81,83,90,90,87,87,87,87],"card_choices":[{"not_picked":["The Bomb","Metamorphosis"],"picked":"Apotheosis","floor":0},{"not_picked":["Prepared","Infinite Blades"],"picked":"Footwork","floor":1},{"not_picked":["Well Laid Plans","Dagger Throw"],"picked":"Cloak And Dagger","floor":5},{"not_picked":["Escape Plan","Blur"],"picked":"Deadly Poison","floor":7},{"not_picked":["Acrobatics","Endless Agony"],"picked":"Masterful Stab","floor":8},{"not_picked":["Quick Slash","Masterful Stab"],"picked":"Crippling Poison","floor":11},{"not_picked":["Accuracy","Bane"],"picked":"Blade Dance","floor":14},{"not_picked":["Cloak And Dagger","Choke"],"picked":"Outmaneuver","floor":15},{"not_picked":["A Thousand Cuts","Malaise"],"picked":"Corpse Explosion","floor":17},{"not_picked":["Noxious Fumes","Sucker Punch+1","Infinite Blades"],"picked":"SKIP","floor":19},{"not_picked":["Sucker Punch+1","Infinite Blades"],"picked":"Noxious Fumes","floor":19},{"not_picked":["Quick Slash","Outmaneuver","Footwork+1"],"picked":"SKIP","floor":22},{"not_picked":["Quick Slash","Underhanded Strike"],"picked":"Backflip","floor":25},{"not_picked":["Slice","Blade Dance","Flechettes"],"picked":"Singing Bowl","floor":30},{"not_picked":["Sucker Punch","Slice+1","Finisher"],"picked":"Singing Bowl","floor":32},{"not_picked":["Dodge and Roll","Dash","Reflex"],"picked":"Singing Bowl","floor":33},{"not_picked":["Slice","Deflect"],"picked":"Accuracy","floor":34},{"not_picked":["Tools of the Trade","Bullet Time","Grand Finale"],"picked":"Singing Bowl","floor":37},{"not_picked":["Well Laid Plans","Poisoned Stab"],"picked":"PiercingWail","floor":38},{"not_picked":["Deflect+1","Deadly Poison","PiercingWail"],"picked":"Singing Bowl","floor":39},{"not_picked":["Eviscerate+1","Bane+1"],"picked":"PiercingWail","floor":40},{"not_picked":["Dagger Throw","Deflect+1","Footwork"],"picked":"Singing Bowl","floor":41},{"not_picked":["Dodge and Roll","Distraction+1","Quick Slash"],"picked":"Singing Bowl","floor":41},{"not_picked":["Bouncing Flask","Blade Dance"],"picked":"Escape Plan+1","floor":41},{"not_picked":["Sucker Punch","A Thousand Cuts","Cloak And Dagger"],"picked":"Singing Bowl","floor":41},{"not_picked":["Dagger Throw+1","Accuracy","Deadly Poison"],"picked":"Singing Bowl","floor":41},{"not_picked":["Tactician+1","Prepared","Dagger Spray"],"picked":"Singing Bowl","floor":42},{"not_picked":["Underhanded Strike","Infinite Blades+1"],"picked":"Blur","floor":44},{"not_picked":["Dagger Spray","Prepared","Flying Knee"],"picked":"Singing Bowl","floor":46},{"not_picked":["Catalyst+1","Accuracy"],"picked":"Acrobatics+1","floor":48},{"not_picked":["PiercingWail","Footwork+1","Caltrops"],"picked":"Singing Bowl","floor":49},{"not_picked":["Underhanded Strike","Bane","Escape Plan"],"picked":"Singing Bowl","floor":50},{"not_picked":["Dodge and Roll+1","Crippling Poison+1","Doppelganger"],"picked":"Singing Bowl","floor":52},{"not_picked":["Deadly Poison","Underhanded Strike+1","All Out Attack"],"picked":"Singing Bowl","floor":53}],"player_experience":2472907,"relics_obtained":[{"floor":8,"key":"Dota2Spire:CrimsonGuard"},{"floor":10,"key":"Dota2Spire:BattleFury"},{"floor":13,"key":"Bottled Lightning"},{"floor":23,"key":"Paper Crane"},{"floor":25,"key":"Bag of Marbles"},{"floor":27,"key":"Dota2Spire:AghanimScepter"},{"floor":28,"key":"Lantern"},{"floor":30,"key":"Singing Bowl"},{"floor":32,"key":"Red Mask"},{"floor":44,"key":"Nunchaku"},{"floor":46,"key":"Peace Pipe"},{"floor":47,"key":"Dota2Spire:ArmletOfMordiggian"},{"floor":50,"key":"Pen Nib"}],"event_choices":[{"damage_healed":0,"gold_gain":0,"cards_transformed":["Strike_G"],"player_choice":"Transformed","damage_taken":0,"max_hp_gain":0,"max_hp_loss":0,"event_name":"Transmorgrifier","floor":3,"gold_loss":0,"cards_obtained":["Escape Plan"]},{"damage_healed":0,"gold_gain":0,"player_choice":"Ignored","damage_taken":0,"max_hp_gain":0,"max_hp_loss":0,"event_name":"Shining Light","floor":12,"gold_loss":0},{"damage_healed":0,"gold_gain":0,"player_choice":"Simplicity","damage_taken":0,"max_hp_gain":0,"max_hp_loss":0,"event_name":"Back to Basics","floor":21,"gold_loss":0,"cards_upgraded":["Defend_G","Defend_G","Defend_G","Defend_G","Defend_G"]},{"damage_healed":0,"gold_gain":0,"player_choice":"Fought Bandits","damage_taken":0,"max_hp_gain":0,"max_hp_loss":0,"event_name":"Masked Bandits","floor":32,"gold_loss":0},{"damage_healed":75,"gold_gain":0,"player_choice":"Heal","damage_taken":0,"max_hp_gain":0,"max_hp_loss":16,"event_name":"The Moai Head","floor":43,"gold_loss":0},{"damage_healed":0,"gold_gain":0,"player_choice":"Embrace Madness","damage_taken":14,"max_hp_gain":0,"max_hp_loss":0,"event_name":"Winding Halls","floor":45,"gold_loss":0,"cards_obtained":["Madness","Madness"]}],"is_beta":false,"boss_relics":[{"not_picked":["Ring of the Serpent","Calling Bell"],"picked":"Astrolabe"},{"not_picked":["Velvet Choker","Sozu"],"picked":"Tiny House"}],"items_purged_floors":[2,20],"is_endless":false,"potions_floor_spawned":[5,11,14,15,22,32,42,46,48,49,50],"killed_by":"Awakened One","ascension_level":20}}