{"host":"89iuq2p5kwriuwfq","time":1613748786,"event":{"mods":["BaseMod","Curses Come First","Minty Spire (QoL Compilation)","Permanent Neow","StSLib"],"gold_per_floor":[109,109,120,120,144,178,178,211,211,211,225,225,74,98,98,188,188,208,208,208,307,327,360,360,401,426,444,464,246,267,280,280,379,379,397,412,443,168,168,208,208,243,243,266,279,158,194,213,213,213],"floor_reached":51,"language":"ENG","playtime":3479,"items_purged":["Strike_B","Consume","Strike_B+1","Defend_B+1"],"score":1390,"play_id":"1a26eb17-e0a0-49b3-b2cc-e3b2fd5aa3b0","local_time":"20210219153306","is_ascension_mode":true,"campfire_choices":[{"floor":7.0,"key":"REST"},{"data":"Sweeping Beam","floor":10.0,"key":"SMITH"},{"data":"Conserve Battery","floor":12.0,"key":"SMITH"},{"data":"Defragment","floor":15.0,"key":"SMITH"},{"data":"Biased Cognition","floor":24.0,"key":"SMITH"},{"data":"Defragment","floor":32.0,"key":"SMITH"},{"data":"Capacitor","floor":41.0,"key":"SMITH"},{"data":"Defragment","floor":49,"key":"SMITH"}],"circlet_count":0,"master_deck":["AscendersBane","Strike_B+1","Strike_B+1","Defend_B+1","Defend_B+1","Conserve Battery+1","BootSequence","Sweeping Beam+1","Chill","Defragment+1","Biased Cognition+1","Glacier","Compile Driver+1","Leap","Sweeping Beam+1","Doom and Gloom","Self Repair","Defragment+1","Redo","Defragment+1","Coolheaded","Ball Lightning","Consume+1","Echo Form","Storm","Glacier","Capacitor+1","Machine Learning","Steam Power","Defragment+1","Capacitor","Skim+1"],"relics":["Cracked Core","Nunchaku","Golden Idol","Matryoshka","Toy Ornithopter","Bag of Marbles","Bottled Flame","Black Star","Whetstone","Oddly Smooth Stone","Potion Belt","Symbiotic Virus","DataDisk","MealTicket","Cursed Key","Emotion Chip","Akabeko","Smiling Mask","Dead Branch","Omamori","Orichalcum","Pen Nib","Bag of Preparation"],"acts_visited":["Exordium","TheCity","TheBeyond"],"potions_floor_usage":[50,50,50,50],"damage_taken":[{"damage":0.0,"enemies":"Small Slimes","floor":1.0,"turns":2.0},{"damage":0.0,"enemies":"2 Louse","floor":3.0,"turns":2.0},{"damage":0.0,"enemies":"Jaw Worm","floor":5.0,"turns":3.0},{"damage":18.0,"enemies":"Gremlin Nob","floor":6.0,"turns":5.0},{"damage":28.0,"enemies":"Lagavulin","floor":8.0,"turns":7.0},{"damage":1.0,"enemies":"Blue Slaver","floor":11.0,"turns":2.0},{"damage":1.0,"enemies":"Looter","floor":14.0,"turns":2.0},{"damage":15.0,"enemies":"The Guardian","floor":16.0,"turns":10.0},{"damage":12.0,"enemies":"Spheric Guardian","floor":18.0,"turns":4.0},{"damage":6.0,"enemies":"3 Byrds","floor":22.0,"turns":7.0},{"damage":16.0,"enemies":"Slavers","floor":23.0,"turns":6.0},{"damage":26.0,"enemies":"Book of Stabbing","floor":25.0,"turns":8.0},{"damage":0.0,"enemies":"Snecko","floor":27.0,"turns":7.0},{"damage":0.0,"enemies":"Chosen and Byrds","floor":28.0,"turns":6.0},{"damage":0.0,"enemies":"Snake Plant","floor":30.0,"turns":4.0},{"damage":0.0,"enemies":"Cultist and Chosen","floor":31.0,"turns":8.0},{"damage":28.0,"enemies":"Champ","floor":33.0,"turns":17.0},{"damage":21.0,"enemies":"3 Darklings","floor":35.0,"turns":4.0},{"damage":5.0,"enemies":"Orb Walker","floor":36.0,"turns":3.0},{"damage":5.0,"enemies":"Mind Bloom Boss Battle","floor":37.0,"turns":5.0},{"damage":0.0,"enemies":"Reptomancer","floor":40.0,"turns":7.0},{"damage":12.0,"enemies":"Giant Head","floor":42.0,"turns":8.0},{"damage":3.0,"enemies":"3 Darklings","floor":44.0,"turns":4.0},{"damage":9.0,"enemies":"Jaw Worm Horde","floor":45.0,"turns":4.0},{"damage":2,"enemies":"Reptomancer","floor":47,"turns":7},{"damage":0,"enemies":"4 Shapes","floor":48,"turns":2},{"damage":0,"enemies":"Time Eater","floor":50,"turns":4}],"seed_played":"-3611260613315442336","potions_obtained":[{"floor":1.0,"key":"Block Potion"},{"floor":6.0,"key":"Explosive Potion"},{"floor":16.0,"key":"Regen Potion"},{"floor":25.0,"key":"Energy Potion"},{"floor":27.0,"key":"DuplicationPotion"},{"floor":28.0,"key":"FocusPotion"},{"floor":36.0,"key":"SpeedPotion"},{"floor":37.0,"key":"FearPotion"},{"floor":40.0,"key":"PotionOfCapacity"}],"is_trial":false,"path_per_floor":["M","?","M","?","M","E","R","E","T","R","M","R","$","M","R","B",null,"M","?","?","?","M","E","R","E","T","M","M","$","M","M","R","B",null,"M","M","?","$","?","E","R","E","T","M","M","$","E","M","R","B",null],"character_chosen":"DEFECT","items_purchased":["Defragment","Defragment","Coolheaded","Capacitor","PotionOfCapacity","Capacitor"],"campfire_rested":1,"item_purchase_floors":[13,29,29,38,38,46],"current_hp_per_floor":[68,53,53,53,53,35,55,27,27,27,26,26,26,25,25,10,54,42,42,42,42,36,45,45,19,19,31,31,46,53,60,60,39,62,41,43,45,60,60,67,67,62,62,59,57,69,69,69,69,69],"gold":213,"neow_bonus":"RANDOM_COMMON_RELIC","is_daily":false,"chose_seed":false,"campfire_upgraded":7,"win_rate":0.0,"timestamp":1613748786,"path_taken":["M","?","M","?","M","E","R","E","T","R","M","R","$","M","R","BOSS","M","?","?","?","M","E","R","E","T","M","M","$","?","M","R","BOSS","M","M","?","$","?","E","R","E","T","?","M","?","E","M","R","BOSS"],"items_purchased_type":["Card","Card","Card","Card","Potion","Card"],"build_version":"2020-12-22","purchased_purges":4,"victory":true,"max_hp_per_floor":[75,75,75,69,69,69,69,69,69,69,69,69,69,69,69,69,69,69,69,69,69,69,69,69,69,69,69,69,69,69,69,69,69,69,69,69,69,69,69,69,69,69,69,69,69,69,69,69,69,69],"card_choices":[{"not_picked":["Tempest","Leap"],"picked":"Conserve Battery","floor":1.0},{"not_picked":["Rebound","Reprogram"],"picked":"BootSequence","floor":3.0},{"not_picked":["BootSequence","Leap"],"picked":"Sweeping Beam","floor":5.0},{"not_picked":["Streamline","Rebound"],"picked":"Chill","floor":6.0},{"not_picked":["Stack","Recycle","Heatsinks"],"picked":"SKIP","floor":8.0},{"not_picked":["Doom and Gloom","Conserve Battery","Compile Driver"],"picked":"SKIP","floor":11.0},{"not_picked":["Go for the Eyes","Gash"],"picked":"Consume","floor":14.0},{"not_picked":["Creative AI","Seek"],"picked":"Biased Cognition","floor":16.0},{"not_picked":["Ball Lightning","Heatsinks"],"picked":"Glacier","floor":18.0},{"not_picked":["Turbo+1","Lockon"],"picked":"Sweeping Beam","floor":22.0},{"not_picked":["Rip and Tear","Fusion"],"picked":"Doom and Gloom","floor":23.0},{"not_picked":["Meteor Strike","Sunder"],"picked":"Self Repair","floor":25.0},{"not_picked":["Ball Lightning","Blizzard+1"],"picked":"Defragment","floor":27.0},{"not_picked":["Go for the Eyes","Beam Cell"],"picked":"Redo","floor":28.0},{"not_picked":["Heatsinks","Stack"],"picked":"Ball Lightning","floor":30.0},{"not_picked":["Loop","Turbo"],"picked":"Consume+1","floor":31.0},{"not_picked":["Buffer","All For One"],"picked":"Echo Form","floor":33.0},{"not_picked":["Sweeping Beam","Ball Lightning+1"],"picked":"Storm","floor":35.0},{"not_picked":["Steam","Conserve Battery","Melter"],"picked":"SKIP","floor":36.0},{"not_picked":["Compile Driver","Sunder"],"picked":"Glacier","floor":37.0},{"not_picked":["Cold Snap","Steam","Streamline"],"picked":"SKIP","floor":40.0},{"not_picked":["Turbo","Tempest"],"picked":"Steam Power","floor":42.0},{"not_picked":["Turbo","Rainbow","Loop"],"picked":"SKIP","floor":44.0},{"not_picked":["Go for the Eyes+1","Hello World"],"picked":"Defragment+1","floor":45.0},{"not_picked":["Compile Driver","Leap"],"picked":"Skim+1","floor":47},{"not_picked":["Barrage","Leap+1","Redo"],"picked":"SKIP","floor":48}],"player_experience":730321,"relics_obtained":[{"floor":6.0,"key":"Matryoshka"},{"floor":8.0,"key":"Toy Ornithopter"},{"floor":9.0,"key":"Bag of Marbles"},{"floor":9.0,"key":"Bottled Flame"},{"floor":23.0,"key":"Whetstone"},{"floor":23.0,"key":"Oddly Smooth Stone"},{"floor":25.0,"key":"Potion Belt"},{"floor":25.0,"key":"Symbiotic Virus"},{"floor":26.0,"key":"DataDisk"},{"floor":26.0,"key":"MealTicket"},{"floor":37.0,"key":"Emotion Chip"},{"floor":40.0,"key":"Akabeko"},{"floor":40.0,"key":"Smiling Mask"},{"floor":42.0,"key":"Dead Branch"},{"floor":42.0,"key":"Omamori"},{"floor":43.0,"key":"Orichalcum"},{"floor":47,"key":"Pen Nib"},{"floor":47,"key":"Bag of Preparation"}],"event_choices":[{"damage_healed":0.0,"max_hp_gain":0.0,"max_hp_loss":0.0,"gold_gain":0.0,"event_name":"Shining Light","player_choice":"Entered Light","floor":2.0,"gold_loss":0.0,"damage_taken":15.0,"cards_upgraded":["Strike_B","Strike_B"]},{"damage_healed":0.0,"max_hp_gain":0.0,"max_hp_loss":6.0,"gold_gain":0.0,"event_name":"Golden Idol","player_choice":"Lose Max HP","floor":4.0,"gold_loss":0.0,"damage_taken":0.0,"relics_obtained":["Golden Idol"]},{"damage_healed":0.0,"max_hp_gain":0.0,"max_hp_loss":0.0,"gold_gain":0.0,"event_name":"Back to Basics","player_choice":"Simplicity","floor":19.0,"gold_loss":0.0,"damage_taken":0.0,"cards_upgraded":["Strike_B","Defend_B","Defend_B","Defend_B","Defend_B"]},{"damage_healed":0.0,"max_hp_gain":0.0,"max_hp_loss":0.0,"gold_gain":0.0,"cards_transformed":["Zap","Dualcast"],"event_name":"Drug Dealer","player_choice":"Became Test Subject","floor":20.0,"gold_loss":0.0,"damage_taken":0.0,"cards_obtained":["Compile Driver","Leap"]},{"damage_healed":0.0,"max_hp_gain":0.0,"max_hp_loss":0.0,"gold_gain":99.0,"event_name":"Nest","player_choice":"Stole From Cult","floor":21.0,"gold_loss":0.0,"damage_taken":0.0},{"damage_healed":0.0,"max_hp_gain":0.0,"max_hp_loss":0.0,"gold_gain":0.0,"event_name":"MindBloom","player_choice":"Fight","floor":37.0,"gold_loss":0.0,"damage_taken":0.0},{"damage_healed":0.0,"max_hp_gain":0.0,"max_hp_loss":0.0,"gold_gain":0.0,"cards_transformed":["Defend_B"],"event_name":"Transmorgrifier","player_choice":"Transformed","floor":39.0,"gold_loss":0.0,"damage_taken":0.0,"cards_obtained":["Machine Learning"]}],"is_beta":false,"boss_relics":[{"not_picked":["Tiny House","Philosopher\u0027s Stone"],"picked":"Black Star"},{"not_picked":["FrozenCore","Empty Cage"],"picked":"Cursed Key"}],"items_purged_floors":[13,29,38,46],"is_endless":false,"potions_floor_spawned":[1,6,16,25,27,28,36,37,40,42,48],"ascension_level":13}}