{"host":"guk5h31bsklpp7e4","time":1613722597,"event":{"mods":["AchievementEnabler","BaseMod","Colored Map","Colored Powertips","Highlight Path","Minty Spire (QoL Compilation)","Quick Restart","Rare Cards Sparkle"],"gold_per_floor":[115,76,76,94,107,107,107,136,136,149,149,149,169,67,67,165,165,179,106,125,136,1,1,16,16,43,58,58,58,69,85,85,85,85],"floor_reached":33,"language":"ENG","playtime":1675,"items_purged":["Strike_G","Strike_G","Defend_G"],"score":388,"play_id":"3d15e1ea-4163-49fc-87bf-496b0a4c8746","local_time":"20210219031637","is_ascension_mode":true,"campfire_choices":[{"data":"Phantasmal Killer","floor":6.0,"key":"SMITH"},{"floor":12.0,"key":"REST"},{"floor":15.0,"key":"REST"},{"floor":23,"key":"REST"},{"floor":29,"key":"REST"},{"floor":32,"key":"REST"}],"circlet_count":0,"master_deck":["Strike_G","Strike_G","Defend_G","Defend_G","Defend_G","Survivor","Neutralize","Unload","Outmaneuver","Phantasmal Killer+1","Calculated Gamble","Expertise","Slice","Dagger Spray","Quick Slash","After Image","PiercingWail","Sucker Punch","Flash of Steel","Outmaneuver+1","Malaise","Acrobatics","Flechettes+1"],"relics":["Ring of the Snake","Pantograph","Sundial","Smiling Mask","Cursed Key","MealTicket","Spirit Poop"],"acts_visited":["Exordium","TheCity"],"potions_floor_usage":[21,27,30,33],"damage_taken":[{"damage":7.0,"enemies":"2 Louse","floor":1.0,"turns":3.0},{"damage":1.0,"enemies":"Small Slimes","floor":4.0,"turns":4.0},{"damage":2.0,"enemies":"Cultist","floor":5.0,"turns":4.0},{"damage":22.0,"enemies":"3 Sentries","floor":8.0,"turns":9.0},{"damage":6.0,"enemies":"Large Slime","floor":10.0,"turns":6.0},{"damage":3.0,"enemies":"Looter","floor":13.0,"turns":3.0},{"damage":0.0,"enemies":"Slime Boss","floor":16.0,"turns":6.0},{"damage":5,"enemies":"Chosen","floor":18,"turns":5},{"damage":11,"enemies":"2 Thieves","floor":20,"turns":3},{"damage":27,"enemies":"Snake Plant","floor":21,"turns":6},{"damage":1,"enemies":"Chosen and Byrds","floor":24,"turns":4},{"damage":3,"enemies":"3 Cultists","floor":27,"turns":6},{"damage":26,"enemies":"Shelled Parasite and Fungi","floor":30,"turns":8},{"damage":2,"enemies":"Snecko","floor":31,"turns":7},{"damage":79,"enemies":"Champ","floor":33,"turns":15}],"seed_played":"8812686935903453343","potions_obtained":[{"floor":5.0,"key":"Weak Potion"},{"floor":10.0,"key":"AttackPotion"},{"floor":13.0,"key":"AttackPotion"},{"floor":24,"key":"SkillPotion"},{"floor":27,"key":"Block Potion"},{"floor":31,"key":"Dexterity Potion"}],"is_trial":false,"path_per_floor":["M","?","?","M","M","R","?","E","T","M","?","R","M","$","R","B",null,"M","$","M","M","$","R","M","?","T","M","?","R","M","M","R","B"],"character_chosen":"THE_SILENT","items_purchased":["Quick Slash","PiercingWail","Flash of Steel"],"campfire_rested":5,"item_purchase_floors":[14,19,22],"current_hp_per_floor":[56,56,56,55,53,53,53,31,31,25,22,43,40,40,61,70,70,65,65,54,27,27,48,47,41,41,38,38,59,33,31,52,0,0],"gold":85,"neow_bonus":"TRANSFORM_CARD","is_daily":false,"chose_seed":false,"campfire_upgraded":1,"win_rate":0.0,"timestamp":1613722597,"path_taken":["M","?","?","M","?","R","?","E","T","M","?","R","M","$","R","BOSS","M","$","M","M","$","R","M","?","T","?","?","R","?","M","R","BOSS"],"items_purchased_type":["Card","Card","Card"],"build_version":"2020-12-22","purchased_purges":3,"victory":false,"max_hp_per_floor":[70,70,70,70,70,70,70,70,70,70,70,70,70,70,70,70,70,70,70,70,70,70,70,70,70,70,70,70,70,70,70,70,70,70],"card_choices":[{"not_picked":["PiercingWail","Flechettes"],"picked":"Outmaneuver","floor":1.0},{"not_picked":["Caltrops","Footwork"],"picked":"Calculated Gamble","floor":4.0},{"not_picked":["Heel Hook","Poisoned Stab","Cloak And Dagger"],"picked":"SKIP","floor":5.0},{"not_picked":["Outmaneuver","Dodge and Roll"],"picked":"Expertise","floor":8.0},{"not_picked":["Accuracy","Deadly Poison"],"picked":"Slice","floor":10.0},{"not_picked":["All Out Attack","Underhanded Strike"],"picked":"Dagger Spray","floor":13.0},{"not_picked":["Bullet Time","Die Die Die"],"picked":"After Image","floor":16.0},{"not_picked":["Deadly Poison","All Out Attack","Skewer"],"picked":"SKIP","floor":18},{"not_picked":["PiercingWail","Expertise"],"picked":"Sucker Punch","floor":20},{"not_picked":["Underhanded Strike","Heel Hook","Bane"],"picked":"SKIP","floor":21},{"not_picked":["Blur","Sucker Punch+1"],"picked":"Outmaneuver+1","floor":24},{"not_picked":["Skewer","Predator"],"picked":"Malaise","floor":27},{"not_picked":["Sucker Punch","Finisher"],"picked":"Acrobatics","floor":30},{"not_picked":["Noxious Fumes","Eviscerate+1"],"picked":"Flechettes+1","floor":31}],"player_experience":366929,"relics_obtained":[{"floor":8.0,"key":"Pantograph"},{"floor":9.0,"key":"Sundial"},{"floor":26,"key":"MealTicket"}],"event_choices":[{"damage_healed":0.0,"max_hp_gain":0.0,"max_hp_loss":0.0,"gold_gain":0.0,"event_name":"World of Goop","player_choice":"Left Gold","floor":2.0,"gold_loss":39.0,"damage_taken":0.0},{"damage_healed":0.0,"max_hp_gain":0.0,"max_hp_loss":0.0,"gold_gain":0.0,"cards_transformed":["Strike_G"],"event_name":"Transmorgrifier","player_choice":"Transformed","floor":3.0,"gold_loss":0.0,"damage_taken":0.0,"cards_obtained":["Phantasmal Killer"]},{"damage_healed":0.0,"max_hp_gain":0.0,"max_hp_loss":0.0,"gold_gain":0.0,"event_name":"Dead Adventurer","player_choice":"Searched \u00270\u0027 times","floor":7.0,"gold_loss":0.0,"damage_taken":0.0},{"damage_healed":0.0,"max_hp_gain":0.0,"max_hp_loss":0.0,"gold_gain":0.0,"event_name":"Scrap Ooze","player_choice":"Success","floor":11.0,"gold_loss":0.0,"damage_taken":3.0,"relics_obtained":["Smiling Mask"]},{"damage_healed":0,"gold_gain":0,"player_choice":"","damage_taken":6,"max_hp_gain":0,"max_hp_loss":0,"event_name":"Knowing Skull","floor":25,"potions_obtained":[],"gold_loss":0,"cards_obtained":[]},{"cards_removed":["Writhe"],"damage_healed":0,"gold_gain":0,"player_choice":"Offered Curse","damage_taken":0,"relics_obtained":["Spirit Poop"],"max_hp_gain":0,"max_hp_loss":0,"event_name":"Bonfire Elementals","floor":28,"gold_loss":0}],"is_beta":false,"boss_relics":[{"not_picked":["Coffee Dripper","WristBlade"],"picked":"Cursed Key"}],"items_purged_floors":[14,19,22],"is_endless":false,"potions_floor_spawned":[5,10,13,24,27,31],"killed_by":"Champ","ascension_level":6}}