{"host":"2ty4h143nj8vwezc","time":1613711784,"event":{"mods":["BaseMod","Colored Map","Googly Eyes","Highlight Path","Minty Spire (QoL Compilation)","Quick Restart","StSLib"],"gold_per_floor":[118,118,133,133,58,89,108,128,174,174,190,217,217,251,251,325,325,340,354,97,22,36,36,56,56,56],"floor_reached":25,"language":"ENG","playtime":1037,"items_purged":["Defend_B"],"score":362,"play_id":"96168e2b-c59a-4bff-b726-a3b5fb9ac422","local_time":"20210219001624","is_ascension_mode":true,"campfire_choices":[{"floor":10.0,"key":"REST"},{"floor":13.0,"key":"REST"},{"data":"Electrodynamics","floor":15,"key":"SMITH"},{"floor":23,"key":"REST"}],"circlet_count":0,"master_deck":["AscendersBane","Strike_B","Strike_B","Defend_B","Defend_B","Zap","Dualcast","Loop","Streamline","Skim","Chill","Electrodynamics+1","Chill","Beam Cell","Beam Cell","Reboot","Melter","Heatsinks","Leap","Chill","Glacier","Ball Lightning"],"relics":["Cracked Core","Gremlin Horn","Potion Belt","Centennial Puzzle","Boot","Black Star","DollysMirror"],"acts_visited":["Exordium","TheCity"],"potions_floor_usage":[14,19],"damage_taken":[{"damage":8.0,"enemies":"Jaw Worm","floor":1.0,"turns":4.0},{"damage":0.0,"enemies":"Small Slimes","floor":3.0,"turns":3.0},{"damage":41.0,"enemies":"Lagavulin","floor":6.0,"turns":7.0},{"damage":2.0,"enemies":"Cultist","floor":7.0,"turns":3.0},{"damage":13.0,"enemies":"Exordium Thugs","floor":8.0,"turns":2.0},{"damage":7.0,"enemies":"2 Fungi Beasts","floor":11.0,"turns":2.0},{"damage":7,"enemies":"Gremlin Nob","floor":14,"turns":3},{"damage":27,"enemies":"Hexaghost","floor":16,"turns":9},{"damage":33,"enemies":"Shell Parasite","floor":18,"turns":7},{"damage":8,"enemies":"2 Thieves","floor":19,"turns":3},{"damage":10,"enemies":"Centurion and Healer","floor":22,"turns":3},{"damage":3,"enemies":"Chosen and Byrds","floor":24,"turns":3},{"damage":41,"enemies":"Book of Stabbing","floor":25,"turns":3}],"seed_played":"7012344306840888987","potions_obtained":[{"floor":3.0,"key":"SpeedPotion"},{"floor":6.0,"key":"DuplicationPotion"},{"floor":8.0,"key":"LiquidMemories"},{"floor":16,"key":"EssenceOfSteel"},{"floor":19,"key":"SteroidPotion"}],"is_trial":false,"path_per_floor":["M","?","M","?","$","E","M","M","T","R","M","T","R","E","R","B",null,"M","M","$","?","M","R","M","E"],"character_chosen":"DEFECT","items_purchased":["Heatsinks","Leap","DollysMirror"],"campfire_rested":3,"item_purchase_floors":[20,20,20],"current_hp_per_floor":[56,61,61,61,61,20,18,5,5,27,20,20,42,35,35,8,59,26,18,18,18,8,30,27,0,0],"gold":56,"neow_bonus":"TRANSFORM_CARD","is_daily":false,"chose_seed":false,"campfire_upgraded":1,"win_rate":0.0,"timestamp":1613711784,"path_taken":["M","?","M","?","$","E","?","M","T","R","M","?","R","E","R","BOSS","M","M","$","?","M","R","M","E"],"items_purchased_type":["Card","Card","Relic"],"build_version":"2020-12-22","purchased_purges":1,"victory":false,"max_hp_per_floor":[71,76,76,76,76,76,76,76,76,76,76,76,76,76,76,76,76,76,76,76,76,76,76,76,76,76],"card_choices":[{"not_picked":["Turbo","Gash"],"picked":"Streamline","floor":1.0},{"not_picked":["Tempest","Aggregate"],"picked":"Skim","floor":3.0},{"not_picked":["Doom and Gloom","Consume"],"picked":"Electrodynamics","floor":6.0},{"not_picked":["Recycle","Coolheaded","Blizzard"],"picked":"SKIP","floor":7.0},{"not_picked":["Conserve Battery","Stack"],"picked":"Chill","floor":8.0},{"not_picked":["Sweeping Beam","Redo"],"picked":"Beam Cell","floor":11.0},{"not_picked":["Gash","Hologram"],"picked":"Beam Cell","floor":14},{"not_picked":["Meteor Strike","Core Surge"],"picked":"Reboot","floor":16},{"not_picked":["Coolheaded","Sweeping Beam+1","Barrage"],"picked":"SKIP","floor":18},{"not_picked":["Coolheaded","Stack"],"picked":"Melter","floor":19},{"not_picked":["Barrage","Sweeping Beam"],"picked":"Glacier","floor":22},{"not_picked":["Fusion","Compile Driver"],"picked":"Ball Lightning","floor":24}],"player_experience":445251,"relics_obtained":[{"floor":6.0,"key":"Gremlin Horn"},{"floor":9.0,"key":"Potion Belt"},{"floor":12.0,"key":"Centennial Puzzle"},{"floor":14,"key":"Boot"}],"event_choices":[{"damage_healed":0.0,"max_hp_gain":5.0,"max_hp_loss":0.0,"gold_gain":0.0,"event_name":"Big Fish","player_choice":"Donut","floor":2.0,"gold_loss":0.0,"damage_taken":0.0},{"damage_healed":0.0,"max_hp_gain":0.0,"max_hp_loss":0.0,"gold_gain":0.0,"cards_transformed":["Strike_B"],"event_name":"Transmorgrifier","player_choice":"Transformed","floor":4.0,"gold_loss":0.0,"damage_taken":0.0,"cards_obtained":["Chill"]},{"cards_removed":["Defend_B"],"damage_healed":0,"gold_gain":0,"player_choice":"Gave Gold","damage_taken":0,"max_hp_gain":0,"max_hp_loss":0,"event_name":"Beggar","floor":21,"gold_loss":75}],"is_beta":false,"boss_relics":[{"not_picked":["Tiny House","Runic Dome"],"picked":"Black Star"}],"items_purged_floors":[5],"is_endless":false,"potions_floor_spawned":[3,6,8,16,19],"killed_by":"Book of Stabbing","ascension_level":14}}