{"host":"h49usdrjeju7gyhi","time":1613705784,"event":{"mods":["BaseMod","Colored Map","Minty Spire (QoL Compilation)","Replay The Spire","SOS???????","StSLib"],"gold_per_floor":[140,168,168,168,177,177,244,244,269,269,295,292,318,384,384,494,594,634,690,690,752,825,825,875,902,927,994,1052,1108,1156,342,342,480,480,535,585,604,590,438,497,497,532,532,567,567,567,668,542,542,363,363,363,363,325,181],"floor_reached":56,"language":"ENG","playtime":4208,"items_purged":["Rebellion"],"score":1587,"play_id":"e196d6df-37c8-45e6-a3b7-e144fbb8bff3","local_time":"20210218223624","is_ascension_mode":true,"campfire_choices":[{"data":"Provocation","floor":6,"key":"SMITH"},{"data":"Redorb","floor":8,"key":"SMITH"},{"data":"Shock","floor":10,"key":"SMITH"},{"data":"SSScard","floor":15,"key":"SMITH"},{"data":"Airhike","floor":23,"key":"SMITH"},{"data":"Apotheosis","floor":32,"key":"SMITH"},{"data":"ReplayUltimateDefense","floor":32,"key":"SMITH"},{"floor":41,"key":"RECALL"},{"data":"Airtrick","floor":46,"key":"SMITH"},{"data":"Gunslinger","floor":46,"key":"SMITH"},{"data":"Weaponreturn","floor":49,"key":"SMITH"},{"data":"Attack_b","floor":49,"key":"SMITH"},{"data":"Dash2","floor":52,"key":"SMITH"},{"data":"Trickster","floor":52,"key":"SMITH"}],"circlet_count":0,"master_deck":["Attack_a","Attack_a","Attack_b+1","Shoot","Shoot","Provocation+1","Redorb+1","Airhike+1","SSScard+1","Shock+1","Airtrick+1","Dash2+1","Gunslinger+1","Trickster+1","SSScard+1","Royalguard","Gunstinger","Rebellion+1","Lucifer","CoyoteA","Apotheosis+1","ReplayUltimateDefense+1","Weaponreturn+1","Royaldefend","Hightime+1","VitalstarM+1","Millionkick+1","Straight+1","Honeycombofire+1","Purpleorb+1","Darkslayer+1"],"relics":["SSS","Combocheck","PreservedInsect","Pen Nib","Replay:Grab Bag","Replay:Wanted Poster","Coffee Dripper","Replay:Drink Me","Ornamental Fan","Counterbalance","Shuriken","Question Card","Replay:Arrowhead","ReplayTheSpireMod:ShopPack","Ring of Chaos","Medical Kit","Torii","Golden Egg","CeramicFish","Toxic Egg 2","Replay:PocketPolymizer"],"acts_visited":["Exordium","TheCity","TheBeyond","TheEnding"],"potions_floor_usage":[7,29],"damage_taken":[{"damage":0,"enemies":"Small Slimes","floor":1,"turns":2},{"damage":0,"enemies":"2 Louse","floor":2,"turns":3},{"damage":0,"enemies":"Cultist","floor":5,"turns":3},{"damage":11,"enemies":"Gremlin Nob","floor":7,"turns":3},{"damage":8,"enemies":"Looter","floor":11,"turns":4},{"damage":11,"enemies":"Red Slaver","floor":12,"turns":3},{"damage":0,"enemies":"Large Slime","floor":13,"turns":3},{"damage":0,"enemies":"Exordium Wildlife","floor":14,"turns":3},{"damage":52,"enemies":"Hexaghost","floor":16,"turns":11},{"damage":0,"enemies":"Shell Parasite","floor":18,"turns":2},{"damage":7,"enemies":"Chosen","floor":19,"turns":2},{"damage":0,"enemies":"Snake Plant","floor":21,"turns":4},{"damage":0,"enemies":"Shelled Parasite and Fungi","floor":22,"turns":2},{"damage":6,"enemies":"Replay:Snechameleon","floor":24,"turns":2},{"damage":0,"enemies":"Snecko","floor":25,"turns":3},{"damage":0,"enemies":"Book of Stabbing","floor":27,"turns":1},{"damage":0,"enemies":"Sentry and Sphere","floor":28,"turns":1},{"damage":8,"enemies":"Snake Plant","floor":29,"turns":4},{"damage":0,"enemies":"Replay:Snechameleon","floor":30,"turns":2},{"damage":3,"enemies":"Champ","floor":33,"turns":4},{"damage":4,"enemies":"3 Shapes","floor":35,"turns":1},{"damage":15,"enemies":"3 Darklings","floor":36,"turns":3},{"damage":0,"enemies":"4 Shapes","floor":37,"turns":1},{"damage":0,"enemies":"Spire Growth","floor":38,"turns":3},{"damage":0,"enemies":"R_Hoarder","floor":40,"turns":3},{"damage":0,"enemies":"Transient","floor":42,"turns":4},{"damage":0,"enemies":"Giant Head","floor":44,"turns":2},{"damage":0,"enemies":"Reptomancer","floor":47,"turns":3},{"damage":0,"enemies":"Maw","floor":48,"turns":2},{"damage":19,"enemies":"Replay:Hell Engine","floor":50,"turns":2},{"damage":29,"enemies":"Shield and Spear","floor":54,"turns":2},{"damage":5,"enemies":"The Heart","floor":55,"turns":3}],"seed_played":"4279371920830366468","potions_obtained":[{"floor":5,"key":"Explosive Potion"},{"floor":7,"key":"BlessingOfTheForge"},{"floor":12,"key":"Milkshake"},{"floor":13,"key":"BlessingOfTheForge"},{"floor":28,"key":"Languid Potion"},{"floor":29,"key":"SteroidPotion"},{"floor":33,"key":"GamblersBrew"},{"floor":35,"key":"Languid Potion"}],"is_trial":false,"path_per_floor":["M","M","?","?","M","R","E","R","T","R","M","M","M","M","R","B",null,"M","M","?","M","M","R","E","M","T","E","M","M","E","$","R","B",null,"M","M","M","M","$","E","R","M","T","E","?","R","E","M","R","B",null,"R","$","E","B",null],"character_chosen":"DANTE","items_purchased":["Question Card","Replay:Arrowhead","CoyoteA","ReplayTheSpireMod:ShopPack","Medical Kit"],"campfire_rested":0,"item_purchase_floors":[31,31,31,31,39],"current_hp_per_floor":[72,72,77,77,82,82,71,71,71,71,68,62,62,62,62,15,52,52,45,45,45,45,45,39,39,39,39,39,31,31,31,31,28,55,51,36,36,46,46,46,46,56,56,64,64,64,64,64,64,55,62,62,62,33,38],"gold":181,"neow_bonus":"RANDOM_EVENT","is_daily":false,"chose_seed":false,"campfire_upgraded":13,"win_rate":0.0,"timestamp":1613705784,"path_taken":["M","M","?","?","M","R","E","R","T","R","M","M","M","M","R","BOSS","M","M","?","M","M","R","E","M","T","E","M","M","E","$","R","BOSS","M","M","M","M","$","E","R","?","T","E","?","R","E","M","R","BOSS","R","$","E","BOSS"],"items_purchased_type":["Relic","Relic","Card","Relic","Relic"],"build_version":"2020-12-22","purchased_purges":1,"victory":true,"max_hp_per_floor":[80,80,85,85,85,85,85,85,85,85,85,85,85,85,85,85,64,64,64,64,64,64,64,64,64,64,64,64,64,64,64,64,64,64,64,64,64,64,64,64,64,64,64,64,64,64,64,64,64,64,64,64,64,64,64],"card_choices":[{"not_picked":["Kick13","Weaponchange"],"picked":"Airhike","floor":1},{"not_picked":["Straight","Greenorb","LucifercomboA"],"picked":"SKIP","floor":2},{"not_picked":["VitalstarM","Millionkick"],"picked":"SSScard","floor":5},{"not_picked":["Airhike","Ecstasy"],"picked":"Shock","floor":7},{"not_picked":["Hightime","Kick13"],"picked":"Unrisingdragon","floor":11},{"not_picked":["Weaponchange","Swordmaster"],"picked":"Airtrick","floor":12},{"not_picked":["Chargeshoot2","Gunstinger"],"picked":"Dash2","floor":13},{"not_picked":["Gunstinger","LucifercomboD"],"picked":"Gunslinger","floor":14},{"not_picked":["Swordcombo","Demonreform"],"picked":"Trickster","floor":16},{"not_picked":["Unrisingdragon","Whiteorb+1","Fullhouse"],"picked":"SKIP","floor":18},{"not_picked":["DT+1","Millionstab"],"picked":"SSScard","floor":19},{"not_picked":["Greenorb+1","LucifercomboC"],"picked":"Gunstinger","floor":21},{"not_picked":["Ecstasy+1","Airhike","Unrisingdragon"],"picked":"SKIP","floor":22},{"not_picked":["Millionkick","Fullhouse","Greenorb"],"picked":"SKIP","floor":24},{"not_picked":["Weaponchange+1","Millionkick"],"picked":"Rebellion","floor":25},{"not_picked":["Gunstinger","DT","Doubleshoot+1"],"picked":"SKIP","floor":27},{"not_picked":["Splesh","VitalstarM"],"picked":"Rebellion+1","floor":28},{"not_picked":["LucifercomboA+1","Splesh","Rebellion"],"picked":"SKIP","floor":29},{"not_picked":["Splesh","Stinger"],"picked":"Lucifer","floor":30},{"not_picked":["ReplayTheSpireMod:Uncanny Aura","Discovery","Flash of Steel"],"picked":"Apotheosis","floor":31},{"not_picked":["Poisoned Strike","Magnetism","Chrysalis"],"picked":"ReplayUltimateDefense","floor":31},{"not_picked":["DevilstarL","Blueorb","Royalguard"],"picked":"Weaponreturn","floor":33},{"not_picked":["Greenorb+1","Gunstinger+1","Weaponupgrade"],"picked":"Royaldefend","floor":35},{"not_picked":["Unrisingdragon+1","Airhike","Millionkick"],"picked":"Hightime+1","floor":36},{"not_picked":["Hightime+1","VitalstarS+1","LucifercomboA"],"picked":"VitalstarM+1","floor":37},{"not_picked":["Kick13","SSScard","DT+1"],"picked":"Millionkick+1","floor":38},{"not_picked":["Chargeshoot+1","Pandora","DevilstarL"],"picked":"Straight+1","floor":40},{"not_picked":["SSScard","VitalstarM","Unrisingdragon","Chargeshoot"],"picked":"SKIP","floor":42},{"not_picked":["Holywater","EbonyIvory","Airhike"],"picked":"Honeycombofire+1","floor":44},{"not_picked":["LucifercomboB+1","CoyoteA","Kick13"],"picked":"Purpleorb+1","floor":47},{"not_picked":["Kick13","Greenorb+1","BeastUppercut+1","Gilgamesh"],"picked":"SKIP","floor":48},{"not_picked":["Swordmaster+1","Hightime+1","Millionkick+1"],"picked":"Darkslayer+1","floor":54}],"player_experience":1154382,"relics_obtained":[{"floor":7,"key":"PreservedInsect"},{"floor":9,"key":"Pen Nib"},{"floor":24,"key":"Ornamental Fan"},{"floor":27,"key":"Counterbalance"},{"floor":30,"key":"Shuriken"},{"floor":40,"key":"Torii"},{"floor":43,"key":"Golden Egg"},{"floor":44,"key":"CeramicFish"},{"floor":47,"key":"Toxic Egg 2"},{"floor":54,"key":"Replay:PocketPolymizer"}],"event_choices":[{"damage_healed":0,"gold_gain":0,"player_choice":"Donut","damage_taken":0,"max_hp_gain":5,"max_hp_loss":0,"event_name":"Big Fish","floor":3,"gold_loss":0},{"damage_healed":0,"gold_gain":0,"cards_transformed":["Defend_Dante"],"player_choice":"Change","damage_taken":0,"max_hp_gain":0,"max_hp_loss":0,"event_name":"Living Wall","floor":4,"gold_loss":0,"cards_obtained":["VitalstarS"]},{"damage_healed":0,"gold_gain":0,"cards_transformed":["Unrisingdragon"],"player_choice":"Transformed","damage_taken":0,"max_hp_gain":0,"max_hp_loss":0,"event_name":"Transmorgrifier","floor":20,"gold_loss":0,"cards_obtained":["Royalguard"]},{"damage_healed":0,"gold_gain":0,"player_choice":"Upgraded","damage_taken":0,"max_hp_gain":0,"max_hp_loss":0,"event_name":"Upgrade Shrine","floor":45,"gold_loss":0,"cards_upgraded":["SSScard"]}],"is_beta":false,"boss_relics":[{"not_picked":["Cursed Key","Fusion Hammer"],"picked":"Replay:Grab Bag"},{"not_picked":["Runic Dome","Ectoplasm"],"picked":"Replay:Wanted Poster"},{"not_picked":["Velvet Choker","ReplayTheSpireMod:DimensionalGlitch"],"picked":"Coffee Dripper"},{"not_picked":["Black Star","SacredBark"],"picked":"Replay:Drink Me"},{"not_picked":["Kintsugi","Snecko Eye"],"picked":"Ring of Chaos"}],"items_purged_floors":[31],"is_endless":false,"potions_floor_spawned":[5,7,12,13,19,24,28,29,30,33,35,36,38,44,47,54],"ascension_level":8}}