{"host":"onk0sru1v5nf4gev","time":1613741861,"event":{"mods":["AchievementEnabler","BaseMod","Downfall","Googly Eyes","Hermit","Minty Spire (QoL Compilation)","Quick Restart","Replay The Spire","StSLib","SuperFastMode","The Cursed"],"gold_per_floor":[112,112,129,146,157,157,157,157],"floor_reached":7,"language":"FRA","playtime":318,"items_purged":[],"score":52,"play_id":"c93246a2-7eaf-49d7-9ddd-673d0d3291f3","local_time":"20210219143741","is_ascension_mode":true,"campfire_choices":[{"floor":6,"key":"REST"}],"circlet_count":0,"master_deck":["Strike_R","Strike_R","Strike_R","Strike_R","Strike_R","Defend_R","Defend_R","Defend_R","Defend_R","Bash","Battle Trance"],"relics":["bronze:MakeshiftBattery","Singing Bowl"],"acts_visited":["Exordium"],"potions_floor_usage":[5,7],"damage_taken":[{"damage":7.0,"enemies":"Jaw Worm","floor":1.0,"turns":3.0},{"damage":4.0,"enemies":"Small Slimes","floor":3.0,"turns":3.0},{"damage":0.0,"enemies":"Cultist","floor":4.0,"turns":2.0},{"damage":24,"enemies":"Exordium Thugs","floor":5,"turns":6},{"damage":56,"enemies":"Lagavulin","floor":7,"turns":6}],"seed_played":"-2770680020648774337","potions_obtained":[{"floor":1.0,"key":"Dexterity Potion"},{"floor":5,"key":"Swift Potion"}],"is_trial":false,"path_per_floor":["M","?","M","M","M","R","E"],"character_chosen":"IRONCLAD","items_purchased":[],"campfire_rested":1,"item_purchase_floors":[],"current_hp_per_floor":[73,48,44,46,24,49,0,0],"gold":157,"neow_bonus":"BOSS_RELIC","is_daily":false,"chose_seed":false,"campfire_upgraded":0,"win_rate":0.0,"timestamp":1613741861,"path_taken":["M","?","M","M","M","R","E"],"items_purchased_type":[],"build_version":"2020-12-22","purchased_purges":0,"victory":false,"max_hp_per_floor":[80,80,80,82,84,84,84,84],"card_choices":[{"not_picked":["Disarm","Clothesline","Flame Barrier"],"picked":"SKIP","floor":1.0},{"not_picked":["Disarm","Life Link"],"picked":"Battle Trance","floor":3.0},{"not_picked":["Warcry","Searing Blow","Evolve"],"picked":"Singing Bowl","floor":4.0},{"not_picked":["ReplayTheSpireMod:LeadingStrike","ReplayTheSpireMod:Strike From Hell","Replay:Undeath\u0027s Touch"],"picked":"Singing Bowl","floor":5}],"player_experience":292203,"relics_obtained":[],"event_choices":[{"damage_healed":0.0,"max_hp_gain":0.0,"max_hp_loss":0.0,"gold_gain":0.0,"event_name":"Scrap Ooze","player_choice":"Success","floor":2.0,"gold_loss":0.0,"damage_taken":25.0,"relics_obtained":["Singing Bowl"]}],"is_beta":false,"boss_relics":[],"items_purged_floors":[],"is_endless":false,"potions_floor_spawned":[1,5],"killed_by":"Lagavulin","ascension_level":4}}