{"host":"Doisman","time":1613705760,"event":{"mods":["AchievementEnabler","BaseMod","Better Note","Curses Come First","Minty Spire (QoL Compilation)","Permanent Neow","Quick Restart","Relic Stats","Replay The Spire","StSLib","slay the spire mod where everything is the same but ironclad has a cowboy hat"],"gold_per_floor":[144,189,189,234,279,279,369,28,53,98,98,188,63,108,108,408,408,423,423,423,468,6,6,96,141,141,231,231,276,26,71,245,545,545,590,590,615,115,160,250,295,295,295,295,529,619,619,664,664,664],"floor_reached":51,"language":"ENG","playtime":2442,"items_purged":["Pain","BasicCrystalCard"],"score":1230,"play_id":"a7fd16cc-96b0-4c20-83a0-05178ae99ed2","local_time":"20210218213600","daily_mods":["Insanity","Blue Cards","Midas"],"is_ascension_mode":false,"campfire_choices":[{"floor":15,"key":"REST"},{"floor":23,"key":"REST"},{"floor":42,"key":"REST"},{"floor":49,"key":"REST"}],"circlet_count":0,"master_deck":["Intimidate","Run Through","Feel No Pain","Redo","Dark Embrace","Heavy Blade","Gash","Sweeping Beam","Infernal Blade","Anger","Cold Snap","Streamline","Sweeping Beam","Gash+1","Stack","Coolheaded","Sweeping Beam","Metallicize","ReplayGash","Armaments","Dark Embrace","Redo","White Noise","True Grit","Entrench","Cold Snap","Twin Strike","Uppercut","Clothesline","Stack","Thunderclap","ReplayTheSpireMod:Repulse","Sentinel","Self Repair","Power Through","Ball Lightning+1","Seeing Red","Steam","Cold Snap","Coolheaded+1","ReplayTheSpireMod:System Scan","Run Through","Body Slam","Conserve Battery","Storm","Undo+1","Uppercut","Perfected Strike","Abandon","Reckless Charge","Beam Cell","Gash","Go for the Eyes+1","Hologram","Self Repair","Conserve Battery","Wild Strike","Creative AI","Headbutt","Necronomicurse","Havoc","Mayhem+1","Pot Of Greed","Pot Of Greed","Pot Of Greed","Pot Of Greed","Pot Of Greed","Pot Of Greed","Gash","Carnage","Evolve+1","Thunderclap+1","Perfected Strike+1","Rupture","Offering+1","Replay:Undeath\u0027s Touch+1","Pot Of Greed","Sweeping Beam","Clothesline+1","Armaments+1","Gash+1","Languid","Shrug It Off+1","Anger+1","Whirlwind+1","Pummel+1","Body Slam"],"relics":["Burning Blood","Garlic","Dream Catcher","Divine Protection","Tiny Chest","WarpedTongs","Lantern","Replay:Bronze Core","Necronomicon","Whetstone","Brimstone","Grinning Jar","ReplayTheSpireMod:Lightbulb","MealTicket","Blue Candle","Mummified Hand","Ring of Chaos","War Paint","Replay:WaspNest","Guide Book","ReplayTheSpireMod:TigerMarble","Ornamental Fan","ReplayTheSpireMod:Ring of Exchange","Blue Doll","Anchor","Pear"],"acts_visited":["Exordium","TheCity","TheBeyond"],"potions_floor_usage":[2,12,18,21,33,46,50,50],"damage_taken":[{"damage":0,"enemies":"Small Slimes","floor":1,"turns":2},{"damage":0,"enemies":"2 Louse","floor":2,"turns":2},{"damage":0,"enemies":"Cultist","floor":4,"turns":4},{"damage":0,"enemies":"2 Fungi Beasts","floor":5,"turns":3},{"damage":15,"enemies":"Gremlin Nob","floor":7,"turns":4},{"damage":0,"enemies":"Exordium Thugs","floor":10,"turns":5},{"damage":9,"enemies":"Lagavulin","floor":12,"turns":6},{"damage":0,"enemies":"3 Louse","floor":14,"turns":3},{"damage":23,"enemies":"Slime Boss","floor":16,"turns":13},{"damage":14,"enemies":"2 Thieves","floor":18,"turns":5},{"damage":0,"enemies":"Shell Parasite","floor":21,"turns":5},{"damage":7,"enemies":"Replay:Snechameleon","floor":24,"turns":6},{"damage":0,"enemies":"Shelled Parasite and Fungi","floor":25,"turns":3},{"damage":0,"enemies":"Book of Stabbing","floor":27,"turns":4},{"damage":5,"enemies":"Snake Plant","floor":29,"turns":3},{"damage":0,"enemies":"Centurion and Healer","floor":31,"turns":4},{"damage":50,"enemies":"Pondfish","floor":33,"turns":7},{"damage":2,"enemies":"3 Shapes","floor":35,"turns":5},{"damage":0,"enemies":"3 Darklings","floor":39,"turns":5},{"damage":23,"enemies":"Giant Head","floor":40,"turns":7},{"damage":2,"enemies":"Writhing Mass","floor":41,"turns":4},{"damage":9,"enemies":"Reptomancer","floor":46,"turns":6},{"damage":3,"enemies":"Transient","floor":48,"turns":5},{"damage":5,"enemies":"Donu and Deca","floor":50,"turns":5}],"seed_played":"778547550210687013","potions_obtained":[{"floor":1,"key":"Block Potion"},{"floor":4,"key":"LiquidBronze"},{"floor":7,"key":"Swift Potion"},{"floor":10,"key":"SpeedPotion"},{"floor":18,"key":"Weak Potion"},{"floor":21,"key":"BloodPotion"},{"floor":33,"key":"FearPotion"},{"floor":40,"key":"DistilledChaos"},{"floor":41,"key":"Explosive Potion"},{"floor":48,"key":"LifebloodPotion"}],"is_trial":false,"path_per_floor":["M","M","?","M","M","?","E","$","T","M","?","E","$","M","R","B",null,"M","?","T","M","$","R","E","M","T","E","?","M","$","M","R","B",null,"M","?","T","$","M","E","M","R","T","?","?","E","T","M","R","B",null],"character_chosen":"IRONCLAD","items_purchased":["Divine Protection","Gash","Go for the Eyes+1","BloodPotion","Brimstone","Mayhem","Grinning Jar","Mummified Hand","Replay:WaspNest","Guide Book"],"campfire_rested":4,"item_purchase_floors":[8,8,8,13,22,22,22,30,38,38],"current_hp_per_floor":[80,80,68,74,80,90,81,81,81,87,87,84,84,90,90,83,90,90,74,74,90,90,90,90,90,90,90,72,80,95,95,95,51,95,95,95,95,95,95,85,89,95,95,95,95,92,102,105,105,105],"gold":664,"neow_bonus":"","is_daily":true,"chose_seed":false,"campfire_upgraded":0,"win_rate":0.0,"timestamp":1613705760,"path_taken":["M","M","?","M","M","?","E","$","T","?","?","E","$","M","R","BOSS","M","?","?","M","$","R","E","?","T","E","?","M","$","M","R","BOSS","M","?","?","$","?","E","M","R","T","?","?","E","?","M","R","BOSS"],"items_purchased_type":["Relic","Card","Card","Potion","Relic","Card","Relic","Relic","Relic","Relic"],"build_version":"2020-12-18","purchased_purges":2,"victory":true,"max_hp_per_floor":[80,80,80,80,80,90,90,90,90,90,90,90,90,90,90,90,90,90,90,90,90,90,90,90,90,90,90,95,95,95,95,95,95,95,95,95,95,95,95,95,95,95,95,95,95,95,105,105,105,105],"relic_stats":{"counters":[24,116],"Blue Candle":[9],"Whetstone":["Gash","Ball Lightning"],"War Paint":["Coolheaded","Undo"],"Burning Blood":103,"WarpedTongs":[96],"Dream Catcher":4,"Mummified Hand":[54],"Ornamental Fan":[68],"Tiny Chest":3,"MealTicket":15,"Necronomicon":[34],"obtain_stats":[{"Divine Protection":8,"ReplayTheSpireMod:Ring of Exchange":44,"Lantern":12,"Blue Doll":45,"Whetstone":20,"Burning Blood":0,"Dream Catcher":7,"Mummified Hand":30,"Replay:Bronze Core":17,"Tiny Chest":9,"MealTicket":26,"Necronomicon":19,"Pear":47,"Blue Candle":27,"Guide Book":38,"Ring of Chaos":34,"Replay:WaspNest":38,"War Paint":37,"WarpedTongs":11,"Anchor":46,"Brimstone":22,"Ornamental Fan":43,"Garlic":3,"ReplayTheSpireMod:TigerMarble":40,"Grinning Jar":22,"ReplayTheSpireMod:Lightbulb":24},{"Divine Protection":5,"ReplayTheSpireMod:Ring of Exchange":21,"Lantern":7,"Blue Doll":21,"Whetstone":10,"Burning Blood":0,"Dream Catcher":5,"Mummified Hand":15,"Replay:Bronze Core":9,"Tiny Chest":5,"MealTicket":13,"Necronomicon":10,"Pear":22,"Blue Candle":14,"Guide Book":18,"Ring of Chaos":17,"Replay:WaspNest":18,"War Paint":18,"WarpedTongs":6,"Anchor":22,"Brimstone":11,"Ornamental Fan":21,"Garlic":2,"ReplayTheSpireMod:TigerMarble":20,"Grinning Jar":11,"ReplayTheSpireMod:Lightbulb":12},{"Divine Protection":15,"ReplayTheSpireMod:Ring of Exchange":100,"Lantern":26,"Blue Doll":100,"Whetstone":47,"Burning Blood":0,"Dream Catcher":15,"Mummified Hand":68,"Replay:Bronze Core":42,"Tiny Chest":15,"MealTicket":61,"Necronomicon":47,"Pear":106,"Blue Candle":65,"Guide Book":84,"Ring of Chaos":79,"Replay:WaspNest":84,"War Paint":84,"WarpedTongs":20,"Anchor":106,"Brimstone":52,"Ornamental Fan":100,"Garlic":4,"ReplayTheSpireMod:TigerMarble":96,"Grinning Jar":52,"ReplayTheSpireMod:Lightbulb":58}]},"card_choices":[{"not_picked":["ReplaySort","Massacre"],"picked":"Abandon","floor":1},{"not_picked":["Clash","Streamline"],"picked":"Reckless Charge","floor":2},{"not_picked":["Run Through","Clash","Ball Lightning"],"picked":"SKIP","floor":4},{"not_picked":["Power Through","Clash"],"picked":"Fiend Fire","floor":5},{"not_picked":["Streamline","Flame Barrier"],"picked":"Beam Cell","floor":7},{"not_picked":["BootSequence","Redo"],"picked":"Hologram","floor":10},{"not_picked":["Scrape","ReplayTheSpireMod:Strike From Hell"],"picked":"Self Repair","floor":12},{"not_picked":["ReplayTheSpireMod:Strike From Hell","Defy Death"],"picked":"Conserve Battery","floor":14},{"not_picked":["ReplayTheSpireMod:Strike From Hell","Dropkick"],"picked":"Wild Strike","floor":15},{"not_picked":["Exhume","Corruption"],"picked":"Creative AI","floor":16},{"not_picked":["Barrage","ReplayTheSpireMod:Strike From Hell+1"],"picked":"Headbutt","floor":18},{"not_picked":["Run Through","Blizzard"],"picked":"Havoc","floor":21},{"not_picked":["Headbutt","Run Through"],"picked":"Gash","floor":23},{"not_picked":["Multi-Cast","Iron Wave"],"picked":"Carnage","floor":24},{"not_picked":["FTL","Leap"],"picked":"Evolve+1","floor":25},{"not_picked":["ReplayTheSpireMod:Strike From Hell","Massacre"],"picked":"Thunderclap+1","floor":27},{"not_picked":["Armaments","ReplayTheSpireMod:Calculation Training"],"picked":"Perfected Strike+1","floor":29},{"not_picked":["Bloodletting","Spot Weakness"],"picked":"Rupture","floor":31},{"not_picked":["Berserk","Brutality"],"picked":"Offering","floor":33},{"not_picked":["Steam+1","Barrage+1"],"picked":"Replay:Undeath\u0027s Touch+1","floor":35},{"not_picked":["Leap+1","Warcry"],"picked":"Sweeping Beam","floor":39},{"not_picked":["Rebound+1","Uppercut"],"picked":"Clothesline+1","floor":40},{"not_picked":["Darkness","FTL+1"],"picked":"Armaments+1","floor":41},{"not_picked":["Flex","Cold Snap"],"picked":"Gash+1","floor":42},{"not_picked":["Rebound","Armaments"],"picked":"Shrug It Off+1","floor":45},{"not_picked":["Steam+1","Multi-Cast"],"picked":"Anger+1","floor":45},{"not_picked":["Heavy Blade","Steam"],"picked":"Whirlwind+1","floor":46},{"not_picked":["Shrug It Off","Metallicize+1"],"picked":"Pummel+1","floor":48},{"not_picked":["Streamline+1","Rebound+1"],"picked":"Body Slam","floor":49}],"player_experience":769607,"relics_obtained":[{"floor":7,"key":"Dream Catcher"},{"floor":9,"key":"Tiny Chest"},{"floor":12,"key":"Lantern"},{"floor":19,"key":"Necronomicon"},{"floor":20,"key":"Whetstone"},{"floor":24,"key":"ReplayTheSpireMod:Lightbulb"},{"floor":26,"key":"MealTicket"},{"floor":27,"key":"Blue Candle"},{"floor":37,"key":"War Paint"},{"floor":40,"key":"ReplayTheSpireMod:TigerMarble"},{"floor":43,"key":"Ornamental Fan"},{"floor":44,"key":"ReplayTheSpireMod:Ring of Exchange"},{"floor":45,"key":"Blue Doll"},{"floor":46,"key":"Anchor"},{"floor":47,"key":"Pear"}],"event_choices":[{"damage_healed":0,"gold_gain":0,"player_choice":"Success","damage_taken":12,"relics_obtained":["Garlic"],"max_hp_gain":0,"max_hp_loss":0,"event_name":"Scrap Ooze","floor":3,"gold_loss":0},{"cards_removed":["Fiend Fire"],"damage_healed":0,"gold_gain":0,"player_choice":"Offered Rare","damage_taken":0,"max_hp_gain":10,"max_hp_loss":0,"event_name":"Bonfire Elementals","floor":6,"gold_loss":0},{"damage_healed":0,"gold_gain":0,"player_choice":"Rummage","damage_taken":0,"relics_obtained":["WarpedTongs"],"max_hp_gain":0,"max_hp_loss":0,"event_name":"Accursed Blacksmith","floor":11,"gold_loss":0,"cards_obtained":["Pain"]},{"damage_healed":0,"gold_gain":0,"player_choice":"Obtained Book","damage_taken":16,"max_hp_gain":0,"max_hp_loss":0,"event_name":"Cursed Tome","floor":19,"gold_loss":0},{"damage_healed":0,"gold_gain":0,"player_choice":"Shed Blood","damage_taken":23,"max_hp_gain":5,"max_hp_loss":0,"event_name":"Forgotten Altar","floor":28,"gold_loss":0},{"cards_removed":["Clash"],"damage_healed":0,"gold_gain":0,"player_choice":"Removed Attack","damage_taken":0,"max_hp_gain":0,"max_hp_loss":0,"event_name":"Falling","floor":36,"gold_loss":0}],"is_beta":true,"boss_relics":[{"not_picked":["Astrolabe","Coffee Dripper"],"picked":"Replay:Bronze Core"},{"not_picked":["Snecko Heart","Velvet Choker"],"picked":"Ring of Chaos"}],"items_purged_floors":[13,38],"is_endless":false,"potions_floor_spawned":[1,4,7,10,18,21,25,31,33,40,41,48],"ascension_level":0}}