{"host":"pvf7uj918he10jir","time":1613714686,"event":{"mods":["AchievementEnabler","BaseMod","Colored Map","Colored Powertips","Highlight Path","Minty Spire (QoL Compilation)","Relic Stats","Slay the Relics Exporter","everything is the same but u backflip on backflip"],"gold_per_floor":[113,127,127,143,44,72,72,98,98,118,21,21,21,21,21,149,149,163,188,31,31,31,31,58,158,158,158,171,199,199,217,217,315,315,329,346,346,346,346],"floor_reached":38,"language":"ENG","playtime":2106,"items_purged":["Strike_P"],"score":588,"play_id":"78d86c76-56b7-4b84-a223-41dd9c3bd802","local_time":"20210219010445","is_ascension_mode":true,"campfire_choices":[{"data":"Eruption","floor":7,"key":"SMITH"},{"data":"WheelKick","floor":12,"key":"SMITH"},{"data":"Vigilance","floor":15,"key":"SMITH"},{"data":"Ragnarok","floor":23,"key":"SMITH"},{"data":"ConjureBlade","floor":27,"key":"SMITH"},{"floor":30,"key":"REST"},{"data":"BattleHymn","floor":32,"key":"SMITH"}],"circlet_count":0,"master_deck":["Defend_P","Defend_P","Defend_P","Eruption+1","Vigilance+1","ThirdEye","WheelKick+1","Halt","Protect","ConjureBlade+1","Ragnarok+1","WheelKick+1","BattleHymn+1","SpiritShield+1","ThirdEye+1","Swivel+1","Conclude+1","Indignation+1"],"relics":["Runic Dome","TeardropLocket","Du-Vu Doll","Toy Ornithopter","Mercury Hourglass","Bloody Idol","CloakClasp","Cursed Key","DollysMirror","Toxic Egg 2","Sundial","WingedGreaves","Astrolabe"],"acts_visited":["Exordium","TheCity","TheBeyond"],"potions_floor_usage":[2,33,33,33,33,33],"damage_taken":[{"damage":0,"enemies":"Cultist","floor":1,"turns":2},{"damage":0,"enemies":"Jaw Worm","floor":2,"turns":3},{"damage":6,"enemies":"Small Slimes","floor":4,"turns":6},{"damage":18,"enemies":"3 Sentries","floor":6,"turns":9},{"damage":19,"enemies":"Gremlin Nob","floor":8,"turns":4},{"damage":3,"enemies":"Looter","floor":10,"turns":3},{"damage":1,"enemies":"Slime Boss","floor":16,"turns":4},{"damage":7,"enemies":"2 Thieves","floor":18,"turns":4},{"damage":0,"enemies":"Spheric Guardian","floor":19,"turns":2},{"damage":12,"enemies":"Gremlin Leader","floor":24,"turns":2},{"damage":4,"enemies":"Cultist and Chosen","floor":28,"turns":4},{"damage":37,"enemies":"Book of Stabbing","floor":29,"turns":4},{"damage":3,"enemies":"Sentry and Sphere","floor":31,"turns":3},{"damage":32,"enemies":"Automaton","floor":33,"turns":4},{"damage":16,"enemies":"3 Darklings","floor":35,"turns":3},{"damage":15,"enemies":"3 Shapes","floor":36,"turns":3},{"damage":41,"enemies":"Writhing Mass","floor":38,"turns":4}],"seed_played":"3666115694859167280","potions_obtained":[{"floor":1,"key":"Swift Potion"},{"floor":16,"key":"LiquidBronze"},{"floor":18,"key":"BlessingOfTheForge"},{"floor":31,"key":"AttackPotion"}],"is_trial":false,"path_per_floor":["M","M","T","M","$","E","R","E","T","M","$","R","?","?","R","B",null,"M","M","$","?","?","R","E","?","T","R","M","E","R","M","R","B",null,"M","M","?","M"],"character_chosen":"WATCHER","items_purchased":["Halt","EntropicBrew","DollysMirror"],"campfire_rested":1,"item_purchase_floors":[5,11,20],"current_hp_per_floor":[72,72,72,66,66,48,48,29,29,26,26,26,26,26,26,25,57,50,50,50,50,50,50,43,48,48,48,49,17,37,39,39,37,60,49,39,39,0,0],"gold":346,"neow_bonus":"BOSS_RELIC","is_daily":false,"chose_seed":false,"campfire_upgraded":6,"win_rate":0.0,"timestamp":1613714685,"path_taken":["M","?","?","?","$","E","R","E","T","M","$","R","?","?","R","BOSS","M","M","$","?","?","R","E","?","T","R","M","E","R","?","R","BOSS","M","M","?","M"],"items_purchased_type":["Card","Potion","Relic"],"build_version":"2020-12-22","purchased_purges":1,"victory":false,"max_hp_per_floor":[72,72,72,72,72,72,72,72,72,72,72,72,67,67,67,67,67,67,67,67,67,67,67,67,67,67,67,67,67,67,67,67,67,67,67,67,67,67,67],"relic_stats":{"counters":[17,64],"Sundial":[2],"Bloody Idol":40,"Astrolabe":["ThirdEye","Swivel","Conclude"],"CloakClasp":[66],"Cursed Key":1,"obtain_stats":[{"Golden Idol":13,"Astrolabe":34,"CloakClasp":14,"TeardropLocket":3,"Cursed Key":17,"Mercury Hourglass":9,"Du-Vu Doll":6,"Runic Dome":0,"DollysMirror":20,"Sundial":26,"Bloody Idol":22,"WingedGreaves":29,"PureWater":0,"Toxic Egg 2":24,"Toy Ornithopter":8},{"Golden Idol":6,"Astrolabe":14,"CloakClasp":6,"TeardropLocket":2,"Cursed Key":7,"Mercury Hourglass":5,"Du-Vu Doll":4,"Runic Dome":0,"DollysMirror":9,"Sundial":10,"Bloody Idol":9,"WingedGreaves":12,"PureWater":0,"Toxic Egg 2":10,"Toy Ornithopter":5},{"Golden Idol":27,"Astrolabe":54,"CloakClasp":27,"TeardropLocket":5,"Cursed Key":31,"Mercury Hourglass":24,"Du-Vu Doll":20,"Runic Dome":0,"DollysMirror":37,"Sundial":39,"Bloody Idol":37,"WingedGreaves":47,"PureWater":0,"Toxic Egg 2":39,"Toy Ornithopter":24}],"Toy Ornithopter":25,"Mercury Hourglass":[159]},"card_choices":[{"not_picked":["BowlingBash","CutThroughFate"],"picked":"ThirdEye","floor":1},{"not_picked":["CrushJoints","FollowUp","PathToVictory"],"picked":"SKIP","floor":2},{"not_picked":["PathToVictory","DeusExMachina"],"picked":"WheelKick","floor":4},{"not_picked":["Study","CrushJoints","Halt"],"picked":"SKIP","floor":6},{"not_picked":["WindmillStrike","Brilliance","FollowUp"],"picked":"SKIP","floor":8},{"not_picked":["WheelKick","SandsOfTime"],"picked":"Protect","floor":10},{"not_picked":["Alpha","Wish"],"picked":"ConjureBlade","floor":16},{"not_picked":["EmptyBody","ThirdEye","FlyingSleeves"],"picked":"SKIP","floor":18},{"not_picked":["ClearTheMind","BowlingBash"],"picked":"Ragnarok","floor":19},{"not_picked":["LikeWater+1","FlyingSleeves","ReachHeaven"],"picked":"SKIP","floor":24},{"not_picked":["PathToVictory+1","FollowUp+1","FlurryOfBlows+1"],"picked":"SKIP","floor":28},{"not_picked":["Nirvana","CrushJoints","Consecrate"],"picked":"SKIP","floor":29},{"not_picked":["Meditate+1","FlyingSleeves+1"],"picked":"BattleHymn","floor":31},{"not_picked":["Vault+1","Brilliance"],"picked":"SpiritShield+1","floor":33},{"not_picked":["InnerPeace+1","BowlingBash","Adaptation"],"picked":"SKIP","floor":35},{"not_picked":["PathToVictory+1","FlurryOfBlows"],"picked":"Indignation+1","floor":36}],"player_experience":182256,"relics_obtained":[{"floor":3,"key":"TeardropLocket"},{"floor":6,"key":"Du-Vu Doll"},{"floor":8,"key":"Toy Ornithopter"},{"floor":9,"key":"Mercury Hourglass"},{"floor":24,"key":"Toxic Egg 2"},{"floor":26,"key":"Sundial"},{"floor":29,"key":"WingedGreaves"}],"event_choices":[{"damage_healed":0,"gold_gain":0,"player_choice":"Lose Max HP","damage_taken":0,"relics_obtained":["Golden Idol"],"max_hp_gain":0,"max_hp_loss":5,"event_name":"Golden Idol","floor":13,"gold_loss":0},{"damage_healed":0,"gold_gain":0,"player_choice":"Box","damage_taken":0,"relics_obtained":["CloakClasp"],"max_hp_gain":0,"max_hp_loss":0,"event_name":"Big Fish","floor":14,"gold_loss":0,"cards_obtained":["Regret"]},{"cards_removed":["Strike_P"],"damage_healed":0,"gold_gain":0,"player_choice":"Elegance","damage_taken":0,"max_hp_gain":0,"max_hp_loss":0,"event_name":"Back to Basics","floor":21,"gold_loss":0},{"damage_healed":0,"gold_gain":0,"player_choice":"Gave Idol","damage_taken":0,"relics_obtained":["Bloody Idol"],"max_hp_gain":0,"max_hp_loss":0,"event_name":"Forgotten Altar","floor":22,"relics_lost":["Golden Idol"],"gold_loss":0},{"damage_healed":0,"gold_gain":100,"player_choice":"Pray","damage_taken":0,"max_hp_gain":0,"max_hp_loss":0,"event_name":"Golden Shrine","floor":25,"gold_loss":0},{"cards_removed":["Pain","Regret"],"damage_healed":0,"gold_gain":0,"player_choice":"Removed Curses","damage_taken":0,"max_hp_gain":0,"max_hp_loss":0,"event_name":"Fountain of Cleansing","floor":37,"gold_loss":0}],"is_beta":false,"boss_relics":[{"not_picked":["Tiny House","Runic Pyramid"],"picked":"Cursed Key"},{"not_picked":["Pandora\u0027s Box","Black Star"],"picked":"Astrolabe"}],"items_purged_floors":[5],"is_endless":false,"potions_floor_spawned":[1,16,18,31],"killed_by":"Writhing Mass","ascension_level":5}}