{"host":"bxn2em57qlx5u4i0","time":1613776824,"event":{"mods":["BaseMod","Colored Map","Colored Powertips","Highlight Path","Minty Spire (QoL Compilation)","Random Character Button","Relic Sorter","Relic Stats","StSLib","SuperFastMode"],"gold_per_floor":[109,184,1,1,11,37,37,84,84,54,91,119,148,176,176,258,258,279,279,279,299,314,314,314],"floor_reached":23,"language":"ENG","playtime":603,"items_purged":["Strike_B"],"score":468,"play_id":"6a2c5025-5567-47a9-b3f2-1220d30867e3","local_time":"20210219182024","is_ascension_mode":true,"campfire_choices":[{"data":"Loop","floor":7,"key":"SMITH"},{"data":"Coolheaded","floor":15,"key":"SMITH"}],"circlet_count":0,"master_deck":["AscendersBane","Strike_B+1","Strike_B+1","Strike_B+1","Defend_B+1","Defend_B+1","Defend_B+1","Defend_B+1","Zap","Dualcast","Loop+1","Sweeping Beam","Coolheaded+1","Beam Cell","Amplify","Ball Lightning","Go for the Eyes","Cold Snap","Machine Learning","Gash"],"relics":["Cracked Core","NeowsBlessing","Oddly Smooth Stone","Toy Ornithopter","Tiny Chest","CeramicFish","The Courier","Vajra","Sozu","MutagenicStrength"],"acts_visited":["Exordium","TheCity"],"potions_floor_usage":[11,11,13,13,14,16,23,23],"damage_taken":[{"damage":0,"enemies":"2 Louse","floor":1,"turns":1},{"damage":0,"enemies":"Cultist","floor":5,"turns":1},{"damage":0,"enemies":"Gremlin Nob","floor":6,"turns":1},{"damage":28,"enemies":"3 Sentries","floor":11,"turns":8},{"damage":4,"enemies":"Small Slimes","floor":12,"turns":3},{"damage":32,"enemies":"Gremlin Nob","floor":13,"turns":4},{"damage":0,"enemies":"Exordium Thugs","floor":14,"turns":3},{"damage":8,"enemies":"Slime Boss","floor":16,"turns":8},{"damage":19,"enemies":"Spheric Guardian","floor":18,"turns":4},{"damage":12,"enemies":"Shell Parasite","floor":21,"turns":5},{"damage":7,"enemies":"Sentry and Sphere","floor":22,"turns":5},{"damage":33,"enemies":"Book of Stabbing","floor":23,"turns":5}],"seed_played":"-1385538411747128428","potions_obtained":[{"floor":1,"key":"Weak Potion"},{"floor":10,"key":"LiquidBronze"},{"floor":10,"key":"CultistPotion"},{"floor":12,"key":"EntropicBrew"},{"floor":13,"key":"DuplicationPotion"},{"floor":14,"key":"PowerPotion"},{"floor":16,"key":"Fire Potion"}],"is_trial":false,"path_per_floor":["M","?","$","?","M","E","R","T","T","?","E","M","E","M","R","B",null,"M","?","?","M","M","E"],"character_chosen":"DEFECT","items_purchased":["Sweeping Beam","Coolheaded"],"campfire_rested":0,"item_purchase_floors":[3,3],"current_hp_per_floor":[64,53,53,53,53,53,53,53,53,53,35,31,9,14,14,11,56,37,37,37,25,18,0,0],"gold":314,"neow_bonus":"THREE_ENEMY_KILL","is_daily":false,"chose_seed":false,"campfire_upgraded":2,"win_rate":0.0,"timestamp":1613776824,"path_taken":["M","?","$","?","?","E","R","?","T","?","E","M","E","M","R","BOSS","M","?","?","M","M","E"],"items_purchased_type":["Card","Card"],"build_version":"2020-12-22","purchased_purges":1,"victory":false,"max_hp_per_floor":[71,71,71,71,71,71,71,71,71,71,71,71,71,71,71,71,71,71,71,71,71,71,71,71],"relic_stats":{"Sozu":1,"counters":[12,48],"CeramicFish":45,"Tiny Chest":0,"obtain_stats":[{"Sozu":17,"NeowsBlessing":0,"CeramicFish":9,"MutagenicStrength":20,"Oddly Smooth Stone":4,"Vajra":13,"Tiny Chest":8,"The Courier":11,"Cracked Core":0,"Toy Ornithopter":6},{"Sozu":8,"NeowsBlessing":0,"CeramicFish":3,"MutagenicStrength":9,"Oddly Smooth Stone":1,"Vajra":6,"Tiny Chest":3,"The Courier":4,"Cracked Core":0,"Toy Ornithopter":3},{"Sozu":29,"NeowsBlessing":0,"CeramicFish":3,"MutagenicStrength":33,"Oddly Smooth Stone":1,"Vajra":18,"Tiny Chest":3,"The Courier":11,"Cracked Core":0,"Toy Ornithopter":3}],"Toy Ornithopter":40},"card_choices":[{"not_picked":["Sunder","Reinforced Body"],"picked":"Loop","floor":1},{"not_picked":["Barrage","Storm"],"picked":"Beam Cell","floor":5},{"not_picked":["Reinforced Body","Scrape"],"picked":"Amplify","floor":6},{"not_picked":["Tempest","Storm"],"picked":"Ball Lightning","floor":11},{"not_picked":["Turbo","Ball Lightning"],"picked":"Go for the Eyes","floor":12},{"not_picked":["Redo","Conserve Battery","Auto Shields"],"picked":"SKIP","floor":13},{"not_picked":["Conserve Battery","Redo"],"picked":"Cold Snap","floor":14},{"not_picked":["Multi-Cast","Meteor Strike"],"picked":"Machine Learning","floor":16},{"not_picked":["Genetic Algorithm","Hologram"],"picked":"Gash","floor":18},{"not_picked":["Stack","Reinforced Body+1","Leap+1"],"picked":"SKIP","floor":21},{"not_picked":["Storm","Streamline","Turbo"],"picked":"SKIP","floor":22}],"player_experience":3044848,"relics_obtained":[{"floor":6,"key":"Toy Ornithopter"},{"floor":8,"key":"Tiny Chest"},{"floor":9,"key":"CeramicFish"},{"floor":11,"key":"The Courier"},{"floor":13,"key":"Vajra"}],"event_choices":[{"damage_healed":0,"gold_gain":75,"player_choice":"Gather Gold","damage_taken":11,"max_hp_gain":0,"max_hp_loss":0,"event_name":"World of Goop","floor":2,"gold_loss":0},{"damage_healed":0,"gold_gain":0,"player_choice":"Gave Potion","damage_taken":0,"relics_obtained":["Oddly Smooth Stone"],"max_hp_gain":0,"max_hp_loss":0,"event_name":"WeMeetAgain","floor":4,"gold_loss":0},{"damage_healed":0,"gold_gain":0,"player_choice":"Bought 2 Potions","damage_taken":0,"max_hp_gain":0,"max_hp_loss":0,"event_name":"The Woman in Blue","floor":10,"gold_loss":0},{"damage_healed":0,"gold_gain":0,"player_choice":"Simplicity","damage_taken":0,"max_hp_gain":0,"max_hp_loss":0,"event_name":"Back to Basics","floor":19,"gold_loss":0,"cards_upgraded":["Strike_B","Strike_B","Strike_B","Defend_B","Defend_B","Defend_B","Defend_B"]},{"damage_healed":0,"gold_gain":0,"player_choice":"Inject Mutagens","damage_taken":0,"relics_obtained":["MutagenicStrength"],"max_hp_gain":0,"max_hp_loss":0,"event_name":"Drug Dealer","floor":20,"gold_loss":0}],"is_beta":false,"boss_relics":[{"not_picked":["Philosopher\u0027s Stone","Nuclear Battery"],"picked":"Sozu"}],"items_purged_floors":[3],"is_endless":false,"potions_floor_spawned":[1,12,13,14,16,22],"killed_by":"Book of Stabbing","ascension_level":20}}