{"host":"tj5b4ndtwgv8r84u","time":1613711783,"event":{"mods":["2.2 Compatiblity","AchievementEnabler","Act Like it!","Aspiration","BaseMod","Better Note","Colored Map","Conspire","Downfall","GifTheSpireLib","Hallownest","Hermit","Infinite Spire","Minty Spire (QoL Compilation)","Rare Cards Sparkle","Relic Stats","Replay The Spire","Shop Mod","StSLib","The Bug Knight","The Cursed","The Hierophant","The Marked","The Servant 0.9.4"],"gold_per_floor":[114,114,114,125,138,166,166,166,166,11,11,22,22,96,96,197,197,215,215,233,233,233,262,262,280,280,305,316,316,316],"floor_reached":29,"language":"ENG","playtime":1567,"items_purged":[],"score":296,"play_id":"0f0c9d84-1df0-44fd-b232-4e6af7b15fb2","local_time":"20210219001623","is_ascension_mode":false,"campfire_choices":[{"floor":7.0,"key":"REST"},{"data":"theMarked:TunnelVision","floor":11.0,"key":"SMITH"},{"floor":15.0,"key":"REST"},{"floor":24,"key":"REST"}],"circlet_count":0,"master_deck":["theMarked:Defend","theMarked:Defend","theMarked:Defend","theMarked:Defend","theMarked:SoldierOfQuellstein+1","theMarked:Electrocute","Slimebound:PrepareCrush+1","theMarked:TunnelVision+1","theMarked:Reabsorb","theMarked:ResourceFulStrike","theMarked:EmpowerWeapon","CommonCold","theMarked:Abjuration","theMarked:BiggerThanFate","theMarked:Aftermath","theMarked:ChainLightning+1","Bite","Bite","Bite","Bite","Bite","theMarked:BanishingStrike","theMarked:Defy","theMarked:WastefulAttack"],"relics":["theMarked:ArtifactOfAir","NeowsBlessing","Vajra","Quantum Egg","aspiration:Nostalgia","HollowMod:VesselMask","ReplayTheSpireMod:Ring of Challenge","Question Card","aspiration:FutureDiary","aspiration:RitualStick","aspiration:Lifesprig","HollowMod:StagPassRelic","Replay:Rubber Ducky"],"acts_visited":["Exordium","TheCity"],"potions_floor_usage":[23],"damage_taken":[{"damage":0.0,"enemies":"Small Slimes","floor":1.0,"turns":1.0},{"damage":0.0,"enemies":"Cultist","floor":4.0,"turns":1.0},{"damage":0.0,"enemies":"Jaw Worm","floor":5.0,"turns":1.0},{"damage":32.0,"enemies":"Gremlin Nob","floor":6.0,"turns":4.0},{"damage":0.0,"enemies":"3 Louse","floor":12.0,"turns":2.0},{"damage":27.0,"enemies":"Replay:BlueRogue","floor":14.0,"turns":4.0},{"damage":41.0,"enemies":"Hexaghost","floor":16.0,"turns":6.0},{"damage":0.0,"enemies":"Spheric Guardian","floor":18.0,"turns":2.0},{"damage":15.0,"enemies":"conspire:FuzzyDice","floor":20.0,"turns":4.0},{"damage":40,"enemies":"Slavers","floor":23,"turns":5},{"damage":7,"enemies":"3 Cultists","floor":25,"turns":4},{"damage":9,"enemies":"conspire:Head Lice","floor":27,"turns":3},{"damage":13,"enemies":"Shelled Parasite and Fungi","floor":28,"turns":2},{"damage":0,"enemies":"Centurion and Healer","floor":29,"turns":1}],"seed_played":"-3660089937977303034","potions_obtained":[{"floor":1.0,"key":"ColorlessPotion"},{"floor":4.0,"key":"Flashbang"},{"floor":6.0,"key":"Explosive Potion"},{"floor":20.0,"key":"SkillPotion"},{"floor":27,"key":"GamblersBrew"},{"floor":28,"key":"hexamod:SoulburnPotion"}],"is_trial":false,"path_per_floor":["M","$","?","M","M","E","R","?","T","$","R","M","?","E","R","B",null,"M","?","M","?","?","E","R","M","T","E","M","M"],"character_chosen":"THE_DEFAULT","items_purchased":["aspiration:Nostalgia"],"campfire_rested":3,"item_purchase_floors":[10],"current_hp_per_floor":[72,72,72,72,72,40,61,61,61,61,61,61,61,34,55,14,72,72,58,43,43,50,18,33,34,34,31,18,18,18],"gold":316,"neow_bonus":"THREE_ENEMY_KILL","is_daily":false,"chose_seed":false,"campfire_upgraded":1,"win_rate":0.0,"timestamp":1613711783,"path_taken":["M","$","?","M","?","E","R","?","T","$","R","M","?","E","R","BOSS","M","?","M","?","?","E","R","M","T","E","M","M"],"items_purchased_type":["Relic"],"build_version":"2020-12-22","purchased_purges":0,"victory":false,"max_hp_per_floor":[72,72,72,72,72,72,72,72,72,72,72,72,72,72,72,72,72,72,72,72,50,50,50,50,50,50,50,50,50,50],"relic_stats":{"counters":[14,40],"Question Card":9,"obtain_stats":[{"aspiration:Lifesprig":23,"NeowsBlessing":0,"aspiration:Nostalgia":10,"Quantum Egg":9,"Vajra":6,"HollowMod:VesselMask":10,"Question Card":14,"HollowMod:StagPassRelic":26,"aspiration:RitualStick":19,"Replay:Rubber Ducky":27,"theMarked:ArtifactOfAir":0,"ReplayTheSpireMod:Ring of Challenge":13,"aspiration:FutureDiary":17},{"aspiration:Lifesprig":10,"NeowsBlessing":0,"aspiration:Nostalgia":4,"Quantum Egg":4,"Vajra":4,"HollowMod:VesselMask":4,"Question Card":6,"HollowMod:StagPassRelic":11,"aspiration:RitualStick":8,"Replay:Rubber Ducky":12,"theMarked:ArtifactOfAir":0,"ReplayTheSpireMod:Ring of Challenge":5,"aspiration:FutureDiary":7},{"aspiration:Lifesprig":30,"NeowsBlessing":0,"aspiration:Nostalgia":7,"Quantum Egg":7,"Vajra":7,"HollowMod:VesselMask":7,"Question Card":13,"HollowMod:StagPassRelic":34,"aspiration:RitualStick":21,"Replay:Rubber Ducky":37,"theMarked:ArtifactOfAir":0,"ReplayTheSpireMod:Ring of Challenge":9,"aspiration:FutureDiary":19}],"aspiration:RitualStick":[4]},"card_choices":[{"not_picked":["theMarked:HeightenedSenses","theMarked:WastefulAttack"],"picked":"theMarked:Electrocute","floor":1.0},{"not_picked":["theMarked:Determination","theMarked:Frustration"],"picked":"theMarked:TunnelVision","floor":4.0},{"not_picked":["theMarked:WastefulAttack","theMarked:Memento"],"picked":"theMarked:Reabsorb","floor":5.0},{"not_picked":["theMarked:Standoff","theMarked:ContemptForTheProud"],"picked":"theMarked:ResourceFulStrike","floor":6.0},{"not_picked":["theMarked:Panic","theMarked:Electrify"],"picked":"theMarked:EmpowerWeapon","floor":12.0},{"not_picked":["theMarked:StartUp","theMarked:HeightenedSenses"],"picked":"theMarked:Abjuration","floor":14.0},{"not_picked":["theMarked:MagusForm","theMarked:FavorableWinds","theMarked:TakeOffHeels"],"picked":"theMarked:BiggerThanFate","floor":16.0},{"not_picked":["theMarked:Determination+1","theMarked:WardOff","theMarked:LightningStrikesTwice"],"picked":"theMarked:Aftermath","floor":18.0},{"not_picked":["theMarked:GodGivenPower","theMarked:Convert","theMarked:SwordAndMagic"],"picked":"theMarked:ChainLightning+1","floor":20.0},{"not_picked":["theMarked:RogueSparks+1","theMarked:RepellingDischarge","theMarked:ComboAttacks"],"picked":"theMarked:BanishingStrike","floor":23},{"not_picked":["theMarked:Parkour","theMarked:Static","theMarked:HeightenedSenses+1","theMarked:SwordAndMagic+1"],"picked":"SKIP","floor":25},{"not_picked":["theMarked:GodGivenPower","theMarked:ChainLightning","theMarked:Aftermath+1"],"picked":"theMarked:Defy","floor":27},{"not_picked":["theMarked:ChainLightning","theMarked:KeepCalmAndFight","theMarked:ElectricStrings"],"picked":"theMarked:WastefulAttack","floor":28}],"player_experience":37413,"relics_obtained":[{"floor":6.0,"key":"Vajra"},{"floor":9.0,"key":"Quantum Egg"},{"floor":13.0,"key":"ReplayTheSpireMod:Ring of Challenge"},{"floor":14.0,"key":"Question Card"},{"floor":23,"key":"aspiration:Lifesprig"},{"floor":26,"key":"HollowMod:StagPassRelic"},{"floor":27,"key":"Replay:Rubber Ducky"}],"event_choices":[{"cards_removed":["theMarked:SoldierOfQuellstein"],"damage_healed":0.0,"max_hp_gain":0.0,"max_hp_loss":0.0,"gold_gain":0.0,"event_name":"betterNote:BetterNote","player_choice":"Take \u0026 Give","floor":3.0,"gold_loss":0.0,"damage_taken":0.0,"cards_obtained":["Slimebound:PrepareCrush"]},{"damage_healed":0.0,"max_hp_gain":0.0,"max_hp_loss":22.0,"gold_gain":0.0,"event_name":"Vampires","player_choice":"Became a vampire","floor":21.0,"gold_loss":0.0,"damage_taken":0.0,"cards_obtained":["Bite","Bite","Bite","Bite","Bite"]},{"damage_healed":17.0,"max_hp_gain":0.0,"max_hp_loss":0.0,"gold_gain":0.0,"event_name":"The Library","player_choice":"Heal","floor":22.0,"gold_loss":0.0,"damage_taken":0.0}],"is_beta":false,"boss_relics":[{"not_picked":["aspiration:PoetsPen_weak","SacredBark"],"picked":"aspiration:FutureDiary"}],"items_purged_floors":[],"is_endless":false,"potions_floor_spawned":[1,4,6,12,20,27,28],"killed_by":"Centurion and Healer","ascension_level":0}}