{"host":"08xvxt5w1s7zc7e5","time":1613729781,"event":{"mods":["AchievementEnabler","BaseMod","DeckTracker","Minty Spire (QoL Compilation)","Quick Restart","StSLib","SuperFastMode","The Gatherer"],"gold_per_floor":[113,127,145,68,85,85,115,133,133,166,178,190,213,244,256,370,382,414,444,149,162,180,180,195,70,149,149,149,149,149,149],"floor_reached":29,"language":"KOR","playtime":1341,"items_purged":["Normality"],"score":289,"play_id":"2a04a62b-e4d7-4e8e-a1f7-6479c29d43a1","local_time":"20210219191621","is_ascension_mode":false,"metric_token":541,"campfire_choices":[{"data":"Gatherer:QuickSynthesis","floor":6.0,"key":"SMITH"},{"data":"Gatherer:MindSearch","floor":11.0,"key":"SMITH"},{"data":"Gatherer:FlowerPower+1","floor":15.0,"key":"SMITH"},{"data":"Gatherer:Liquidism","floor":23,"key":"SMITH"},{"floor":27,"key":"REST"}],"circlet_count":0,"master_deck":["Gatherer:Centralize","Gatherer:FlowerWhip+2","Gatherer:FruitForce","Gatherer:FragileHammer","Gatherer:BambuSword","Gatherer:FeelingFine","Gatherer:QuickSynthesis+1","Gatherer:FlowerPower+3","Gatherer:AromaProtection","Gatherer:MindSearch+1","Gatherer:TacticalStrike","Gatherer:FlowerFalling+2","Gatherer:LuckyClover","Gatherer:ScherryThrow","Gatherer:FragileHammer","Gatherer:Snatch","Gatherer:CursedBlade","Gatherer:OddSpoils","Gatherer:Misfortune","Gatherer:DrugPower","Gatherer:PotentialSlash","Gatherer:Liquidism+1","Gatherer:FlowerPower+2","Gatherer:FruitForce","Gatherer:Duplicator","Gatherer:SmartManeuver","Gatherer:QuickSynthesis+1","Gatherer:Nutrients","Gatherer:QuickSynthesis","Writhe"],"relics":["Gatherer:AlchemyBag","NeowsBlessing","Gatherer:FloralEgg","Ornamental Fan","MawBank","Pandora\u0027s Box","Lantern","Sundial","Torii"],"acts_visited":["Exordium","TheCity"],"potions_floor_usage":[24,29,29],"damage_taken":[{"damage":0.0,"enemies":"2 Louse","floor":1.0,"turns":2.0},{"damage":0.0,"enemies":"Cultist","floor":2.0,"turns":1.0},{"damage":0.0,"enemies":"Small Slimes","floor":3.0,"turns":1.0},{"damage":4.0,"enemies":"Blue Slaver","floor":5.0,"turns":4.0},{"damage":9.0,"enemies":"3 Sentries","floor":7.0,"turns":7.0},{"damage":21.0,"enemies":"Exordium Thugs","floor":8.0,"turns":5.0},{"damage":16.0,"enemies":"Lagavulin","floor":10.0,"turns":8.0},{"damage":0.0,"enemies":"Looter","floor":13.0,"turns":3.0},{"damage":7.0,"enemies":"Exordium Wildlife","floor":14.0,"turns":4.0},{"damage":0.0,"enemies":"Slime Boss","floor":16.0,"turns":4.0},{"damage":25.0,"enemies":"Shell Parasite","floor":18.0,"turns":6.0},{"damage":18.0,"enemies":"2 Thieves","floor":19.0,"turns":4.0},{"damage":14.0,"enemies":"Cultist and Chosen","floor":21.0,"turns":6.0},{"damage":12,"enemies":"Snake Plant","floor":22,"turns":3},{"damage":6,"enemies":"Snecko","floor":24,"turns":4},{"damage":13,"enemies":"Colosseum Slavers","floor":29,"turns":2},{"damage":41,"enemies":"Colosseum Nobs","floor":29,"turns":3}],"seed_played":"-4236399730581585042","potions_obtained":[{"floor":1.0,"key":"Strength Potion"},{"floor":2.0,"key":"DistilledChaos"},{"floor":7.0,"key":"Fire Potion"},{"floor":10.0,"key":"BlessingOfTheForge"},{"floor":12.0,"key":"Strength Potion"},{"floor":12.0,"key":"SpeedPotion"},{"floor":18.0,"key":"Weak Potion"},{"floor":22,"key":"Weak Potion"}],"is_trial":false,"path_per_floor":["M","M","M","$","M","R","E","M","T","E","R","?","M","M","R","B",null,"M","M","$","M","M","R","M","$","T","R","?","?"],"character_chosen":"THE_GATHERER","items_purchased":["Gatherer:FeelingFine","Lantern","Gatherer:SmartManeuver","PowerPotion","Regen Potion"],"campfire_rested":1,"item_purchase_floors":[4,20,20,25,25],"current_hp_per_floor":[76,76,76,76,72,72,63,42,42,26,26,26,26,19,19,19,76,55,37,37,23,11,11,5,5,5,29,29,0,0,0],"gold":149,"neow_bonus":"THREE_ENEMY_KILL","is_daily":false,"chose_seed":false,"campfire_upgraded":4,"win_rate":0.0,"timestamp":1613729781,"path_taken":["M","M","M","$","M","R","E","M","T","E","R","?","?","M","R","BOSS","M","M","$","M","M","R","M","$","T","R","?","?"],"items_purchased_type":["Card","Relic","Card","Potion","Potion"],"build_version":"2020-12-22","purchased_purges":1,"victory":false,"max_hp_per_floor":[76,76,76,76,76,76,76,76,76,76,76,76,76,76,76,76,76,80,80,80,80,80,80,80,80,80,80,80,80,80,80],"card_choices":[{"not_picked":["Gatherer:WitheringStrike","Gatherer:TreeGrowth"],"picked":"Gatherer:FruitForce","floor":1.0},{"not_picked":["Gatherer:FlowerShield","Gatherer:TreeGrowth"],"picked":"Gatherer:FragileHammer","floor":2.0},{"not_picked":["Gatherer:SaveValuables","Gatherer:AromaProtection"],"picked":"Gatherer:BambuSword","floor":3.0},{"not_picked":["Gatherer:FlowerPower","Gatherer:TacticalStrike"],"picked":"Gatherer:QuickSynthesis","floor":5.0},{"not_picked":["Gatherer:GrowBook","Gatherer:Polymorphism"],"picked":"Gatherer:FlowerPower","floor":7.0},{"not_picked":["Gatherer:RottenStipe","Gatherer:GatherMaterial"],"picked":"Gatherer:AromaProtection","floor":8.0},{"not_picked":["Gatherer:DrugPower","Gatherer:AlchemyTrial"],"picked":"Gatherer:MindSearch","floor":10.0},{"not_picked":["Gatherer:PotentialSlash","Gatherer:Enchant"],"picked":"Gatherer:TacticalStrike","floor":13.0},{"not_picked":["Gatherer:MiningStrike","Gatherer:WoolGloves"],"picked":"Gatherer:FlowerFalling","floor":14.0},{"not_picked":["Gatherer:StoneFence","Gatherer:PoisonMastery"],"picked":"Gatherer:LuckyClover","floor":16.0},{"not_picked":["Gatherer:WoolGloves","Gatherer:Liquidism"],"picked":"Gatherer:FruitForce","floor":18.0},{"not_picked":["Gatherer:OddSpoils","Gatherer:RottenStipe"],"picked":"Gatherer:Duplicator","floor":19.0},{"not_picked":["Gatherer:Snatch","Gatherer:WoolGloves"],"picked":"Gatherer:QuickSynthesis+1","floor":21.0},{"not_picked":["Gatherer:ScherryThrow","Gatherer:WitheringStrike+1"],"picked":"Gatherer:Nutrients","floor":22},{"not_picked":["Gatherer:SaveValuables+1","Gatherer:Duplicator"],"picked":"Gatherer:QuickSynthesis","floor":24}],"player_experience":390022,"relics_obtained":[{"floor":7.0,"key":"Gatherer:FloralEgg"},{"floor":9.0,"key":"Ornamental Fan"},{"floor":10.0,"key":"MawBank"},{"floor":26,"key":"Sundial"}],"event_choices":[{"damage_healed":0.0,"max_hp_gain":0.0,"max_hp_loss":0.0,"gold_gain":0.0,"event_name":"Lab","player_choice":"Got Potions","floor":12.0,"gold_loss":0.0,"damage_taken":0.0},{"damage_healed":0,"gold_gain":0,"player_choice":"Opened","damage_taken":0,"relics_obtained":["Torii"],"max_hp_gain":0,"max_hp_loss":0,"event_name":"The Mausoleum","floor":28,"gold_loss":0,"cards_obtained":["Writhe"]},{"damage_healed":0,"gold_gain":0,"player_choice":"Fight","damage_taken":0,"max_hp_gain":0,"max_hp_loss":0,"event_name":"Colosseum","floor":29,"gold_loss":0},{"damage_healed":0,"gold_gain":0,"player_choice":"Fought Nobs","damage_taken":0,"max_hp_gain":0,"max_hp_loss":0,"event_name":"Colosseum","floor":29,"gold_loss":0}],"is_beta":false,"boss_relics":[{"not_picked":["Velvet Choker","Runic Dome"],"picked":"Pandora\u0027s Box"}],"items_purged_floors":[20],"is_endless":false,"potions_floor_spawned":[1,2,7,10,18,22,29],"killed_by":"Colosseum Nobs","ascension_level":0}}