{"host":"xo0glkmxta74xh34","time":1613762605,"event":{"mods":["BaseMod","Downfall","Minty Spire (QoL Compilation)","Reliquary","Replay The Spire","StSLib"],"gold_per_floor":[99,114,177,27,42,42,67,67,97,97,127,112,112,127,142,242,242,242,257,257,257,167,152,152,152,182,152,152,152,152,152],"floor_reached":29,"language":"ENG","playtime":1928,"items_purged":["Pain"],"score":345,"play_id":"73eb89a0-8658-4055-a738-3c92ce1f8526","local_time":"20210219132325","daily_mods":["SealedDeck","Flight","Lethality"],"is_ascension_mode":false,"campfire_choices":[{"data":"champ:IronFortress","floor":1.0,"key":"SMITH"},{"data":"champ:TornadoPunch","floor":6.0,"key":"SMITH"},{"data":"champ:PreemptiveStrike","floor":8.0,"key":"SMITH"},{"data":"champ:Improvising","floor":18.0,"key":"SMITH"},{"floor":28.0,"key":"REST"}],"circlet_count":0,"master_deck":["champ:ShieldSigil","champ:TornadoPunch","champ:TornadoPunch+1","champ:PreemptiveStrike+1","champ:SetATrap","champ:FalseCounter","champ:IronFortress","champ:SkillfulDodge","champ:IronFortress+1","champ:FocusedDefense","champ:HoldFirm","champ:HoldFirm","champ:ShieldWall","champ:TornadoPunch","champ:Improvising+1","champ:TornadoPunch+1","champ:ShieldWall"],"relics":["champ:ChampionCrown","Nunchaku","bronze:DecasWashers","reliquary:ExpiredCoupon","reliquary:WritOfMandamus","Lantern","Replay:Bottled Flurry","Oddly Smooth Stone","Regal Pillow","reliquary:PorcupineQuills"],"acts_visited":["Exordium","TheCity"],"potions_floor_usage":[],"damage_taken":[{"damage":0.0,"enemies":"Small Slimes","floor":2.0,"turns":2.0},{"damage":8.0,"enemies":"2 Louse","floor":5.0,"turns":2.0},{"damage":10.0,"enemies":"Gremlin Nob","floor":9.0,"turns":3.0},{"damage":0.0,"enemies":"Lagavulin","floor":11.0,"turns":4.0},{"damage":0.0,"enemies":"downfall:FleeingMerchant","floor":12.0,"turns":4.0},{"damage":0.0,"enemies":"Cultist","floor":14.0,"turns":2.0},{"damage":0.0,"enemies":"2 Fungi Beasts","floor":15.0,"turns":2.0},{"damage":1.0,"enemies":"SI_SHIV_ARCHETYPE","floor":16.0,"turns":5.0},{"damage":13.0,"enemies":"downfall:LooterAlt2","floor":19.0,"turns":3.0},{"damage":12.0,"enemies":"downfall:FleeingMerchant","floor":22.0,"turns":4.0},{"damage":23.0,"enemies":"downfall:FleeingMerchant","floor":23.0,"turns":4.0},{"damage":7.0,"enemies":"Replay:Snechameleon","floor":26.0,"turns":3.0},{"damage":28.0,"enemies":"downfall:FleeingMerchant","floor":27.0,"turns":4.0},{"damage":73,"enemies":"Book of Stabbing","floor":29,"turns":4}],"seed_played":"778547550210687013","potions_obtained":[{"floor":2.0,"key":"SkillPotion"},{"floor":5.0,"key":"Explosive Potion"},{"floor":14.0,"key":"AttackPotion"}],"is_trial":false,"path_per_floor":["R","M","?","?","M","R","T","R","E","?","E","$","?","M","M","B",null,"R","M","?","?","$","$","T","?","E","$","R","E"],"character_chosen":"THE_CHAMP","items_purchased":["champ:ShieldWall","Regal Pillow","reliquary:PorcupineQuills"],"campfire_rested":1,"item_purchase_floors":[22,27,27],"current_hp_per_floor":[90,90,90,100,92,92,92,92,82,82,82,82,82,82,82,81,100,100,87,87,87,75,52,52,52,45,17,62,0,0,0],"gold":152,"neow_bonus":"","is_daily":true,"chose_seed":false,"campfire_upgraded":4,"win_rate":0.0,"timestamp":1613762605,"path_taken":["R","M","?","?","?","R","T","R","E","?","E","?","?","?","M","BOSS","R","M","?","?","$","$","T","?","E","$","R","E"],"items_purchased_type":["Card","Relic","Relic"],"build_version":"2020-12-22","purchased_purges":1,"victory":false,"max_hp_per_floor":[90,90,90,100,100,100,100,100,100,100,100,100,100,100,100,100,100,100,100,100,100,100,100,100,100,100,100,100,100,100,100],"card_choices":[{"not_picked":["champ:ShieldSigil","champ:EndlessRage","champ:ViciousMockery"],"picked":"SKIP","floor":2.0},{"not_picked":["champ:CalledShot","champ:FancyFootwork"],"picked":"champ:FocusedDefense","floor":5.0},{"not_picked":["champ:EndlessRage","champ:Circumvent"],"picked":"champ:HoldFirm","floor":9.0},{"not_picked":["champ:EnragedBash","champ:PerfectedStrike","champ:CrownThrow"],"picked":"SKIP","floor":11.0},{"not_picked":["champ:BladeFlurry","champ:AdrenalArmor"],"picked":"champ:ShieldWall","floor":12.0},{"not_picked":["champ:Backstep","champ:ShieldSigil"],"picked":"champ:TornadoPunch","floor":14.0},{"not_picked":["champ:RapidStrikes","champ:FocusedDefense","champ:ShieldSigil"],"picked":"SKIP","floor":15.0},{"not_picked":["champ:UltimateStance","champ:MurderStrike"],"picked":"champ:Improvising","floor":16.0},{"not_picked":["champ:FlashCut","champ:CalledShot+1"],"picked":"champ:TornadoPunch+1","floor":19.0},{"not_picked":["champ:ViciousMockery+1","champ:Parry+1","champ:FlashCut"],"picked":"SKIP","floor":22.0},{"not_picked":["champ:FocusedDefense+1","champ:BringItOn","champ:DefensiveShout+1"],"picked":"SKIP","floor":23.0},{"not_picked":["champ:GutPunch+1","champ:FocusedBerserking","champ:EnGarde+1"],"picked":"SKIP","floor":26.0},{"not_picked":["champ:DefensiveShout+1","champ:BerserkerStyle","champ:Shatter"],"picked":"SKIP","floor":27.0}],"player_experience":514662,"relics_obtained":[{"floor":7.0,"key":"Nunchaku"},{"floor":9.0,"key":"bronze:DecasWashers"},{"floor":11.0,"key":"reliquary:ExpiredCoupon"},{"floor":24.0,"key":"Lantern"},{"floor":26.0,"key":"Oddly Smooth Stone"}],"event_choices":[{"damage_healed":0.0,"max_hp_gain":0.0,"max_hp_loss":0.0,"gold_gain":63.0,"event_name":"Golden Wing","player_choice":"Gained Gold","floor":3.0,"gold_loss":0.0,"damage_taken":0.0}],"is_beta":false,"boss_relics":[{"not_picked":["Runic Dome","reliquary:RedPaperclip"],"picked":"reliquary:WritOfMandamus"}],"items_purged_floors":[27],"is_endless":false,"potions_floor_spawned":[2,5,14,19],"killed_by":"Book of Stabbing","ascension_level":0}}