{"host":"1vy6j31128f61x2z","time":1613697938,"event":{"mods":["AchievementEnabler","BaseMod","Colored Powertips","Minty Spire (QoL Compilation)","Permanent Neow"],"gold_per_floor":[114,114,137,137,62,103,119,119,119],"floor_reached":8,"language":"ENG","playtime":330,"items_purged":["Decay"],"score":70,"play_id":"29fc5b88-87d9-453e-a5e6-5ec1843b9dad","local_time":"20210218202538","is_ascension_mode":true,"campfire_choices":[],"circlet_count":0,"master_deck":["Strike_R","Strike_R","Strike_R","Strike_R","Strike_R","Defend_R","Defend_R","Defend_R","Defend_R","Bash","Dark Shackles","Armaments","Spot Weakness","Shrug It Off","Intimidate"],"relics":["Burning Blood","Golden Idol","Self Forming Clay"],"acts_visited":["Exordium"],"potions_floor_usage":[6],"damage_taken":[{"damage":0,"enemies":"2 Louse","floor":1,"turns":3},{"damage":1,"enemies":"Cultist","floor":3,"turns":4},{"damage":30,"enemies":"3 Sentries","floor":6,"turns":10},{"damage":0,"enemies":"Jaw Worm","floor":7,"turns":4},{"damage":47,"enemies":"Gremlin Nob","floor":8,"turns":5}],"seed_played":"-1925198264631731700","potions_obtained":[{"floor":3,"key":"PowerPotion"},{"floor":6,"key":"LiquidBronze"}],"is_trial":false,"path_per_floor":["M","?","M","?","$","E","M","E"],"character_chosen":"IRONCLAD","items_purchased":[],"campfire_rested":0,"item_purchase_floors":[],"current_hp_per_floor":[80,60,65,65,65,41,47,0,0],"gold":119,"neow_bonus":"RANDOM_COLORLESS","is_daily":false,"chose_seed":false,"campfire_upgraded":0,"win_rate":0.0,"timestamp":1613697938,"path_taken":["M","?","M","?","$","E","?","E"],"items_purchased_type":[],"build_version":"2020-12-22","purchased_purges":1,"victory":false,"max_hp_per_floor":[80,80,80,80,80,80,80,80,80],"card_choices":[{"not_picked":["Blind","Deep Breath"],"picked":"Dark Shackles","floor":0},{"not_picked":["Cleave","Flex"],"picked":"Armaments","floor":1},{"not_picked":["Havoc","Shrug It Off"],"picked":"Spot Weakness","floor":3},{"not_picked":["Dropkick","Warcry"],"picked":"Shrug It Off","floor":6},{"not_picked":["Anger","Dark Embrace"],"picked":"Intimidate","floor":7}],"player_experience":83431,"relics_obtained":[{"floor":6,"key":"Self Forming Clay"}],"event_choices":[{"damage_healed":0,"gold_gain":0,"player_choice":"Take Damage","damage_taken":20,"relics_obtained":["Golden Idol"],"max_hp_gain":0,"max_hp_loss":0,"event_name":"Golden Idol","floor":2,"gold_loss":0},{"damage_healed":0,"gold_gain":0,"player_choice":"Cursed","damage_taken":0,"max_hp_gain":0,"max_hp_loss":0,"event_name":"Wheel of Change","floor":4,"gold_loss":0,"cards_obtained":["Decay"]}],"is_beta":false,"boss_relics":[],"items_purged_floors":[5],"is_endless":false,"potions_floor_spawned":[3,6],"killed_by":"Gremlin Nob","ascension_level":5}}