{"host":"w4ub8crw9ou4a5am","time":1613751382,"event":{"mods":["2.2 Compatiblity","BaseMod","Challenge The Spire","Colored Powertips","Hermit","Hubris","Jorbs\u0027s Wanderer Trilogy","KinomotoSakuraMod(????)","Koishi","Marisa????????","Minty Spire (QoL Compilation)","Quick Restart","Rare Cards Sparkle","Remilia??????","StSLib","The Administrix","The Animator","The Bug Knight","The Cursed","The Disciple","The Hierophant","The Jungle","The Marked","The Necromancer","The Senshi","The Servant 0.9.4","WarShipGirlsR/????R mod"],"gold_per_floor":[109,128,5,19,0,29,29,45,68,68,86,86,86,99,99,202,202,213,225,225,225,225,251,265,265,265],"floor_reached":25,"language":"ENG","playtime":9799,"items_purged":[],"score":223,"play_id":"ed689b32-e508-4384-b8c0-2032d645c370","local_time":"20210219111622","is_ascension_mode":false,"campfire_choices":[{"floor":7.0,"key":"REST"},{"floor":13.0,"key":"REST"},{"floor":15.0,"key":"REST"}],"circlet_count":0,"master_deck":["stsjorbsmod:ForbiddenGrimoire+1","stsjorbsmod:Strike_Wanderer","stsjorbsmod:Strike_Wanderer","stsjorbsmod:Defend_Wanderer","stsjorbsmod:Defend_Wanderer","stsjorbsmod:Defend_Wanderer","stsjorbsmod:FreshAdventure","stsjorbsmod:EyeOfTheStorm","stsjorbsmod:FranticSearch","stsjorbsmod:Mending","stsjorbsmod:FindFamiliar","stsjorbsmod:SmithingStrike","stsjorbsmod:DisguiseSelf","stsjorbsmod:Prepare","stsjorbsmod:SchoolsOfMagic","stsjorbsmod:HoldMonster","stsjorbsmod:Entangle","stsjorbsmod:Prestidigitation+1","stsjorbsmod:ChainLightning","TheCursedMod:CircleOfFlame","stsjorbsmod:TollTheDead","stsjorbsmod:FindFamiliar+1","hubris:DuctTapeCard"],"relics":["stsjorbsmod:GrimoireRelic","NeowsBlessing","ScarletDevilRocket","Pen Nib","hubris:DuctTape","Cursed Key","hubris:Towel","Bird Faced Urn"],"acts_visited":["Exordium","TheCity"],"potions_floor_usage":[],"damage_taken":[{"damage":0.0,"enemies":"Small Slimes","floor":1.0,"turns":1.0},{"damage":0.0,"enemies":"Cultist","floor":2.0,"turns":1.0},{"damage":0.0,"enemies":"Jaw Worm","floor":4.0,"turns":1.0},{"damage":2.0,"enemies":"Looter","floor":5.0,"turns":4.0},{"damage":51.0,"enemies":"Lagavulin","floor":6.0,"turns":7.0},{"damage":11.0,"enemies":"Blue Slaver","floor":8.0,"turns":5.0},{"damage":8.0,"enemies":"Red Slaver","floor":11.0,"turns":4.0},{"damage":23.0,"enemies":"Exordium Wildlife","floor":14.0,"turns":4.0},{"damage":38.0,"enemies":"Slime Boss","floor":16.0,"turns":11.0},{"damage":7.0,"enemies":"Spheric Guardian","floor":18.0,"turns":4.0},{"damage":8.0,"enemies":"Chosen","floor":19.0,"turns":5.0},{"damage":17.0,"enemies":"Book of Stabbing","floor":23.0,"turns":7.0},{"damage":20.0,"enemies":"Centurion and Healer","floor":24.0,"turns":5.0},{"damage":0,"enemies":"Chosen and Byrds","floor":25,"turns":1}],"seed_played":"6118544126360921058","potions_obtained":[{"floor":1.0,"key":"DistilledChaos"},{"floor":2.0,"key":"BlessingOfTheForge"},{"floor":11.0,"key":"PowerPotion"},{"floor":16.0,"key":"EssenceOfSteel"},{"floor":19.0,"key":"EssenceOfSteel"},{"floor":23.0,"key":"DuplicationPotion"}],"is_trial":false,"path_per_floor":["M","M","?","M","M","E","R","M","T","$","M","T","R","M","R","B",null,"M","M","?","?","?","E","M","M"],"character_chosen":"WANDERER","items_purchased":[],"campfire_rested":3,"item_purchase_floors":[],"current_hp_per_floor":[68,68,68,68,68,23,43,35,35,35,31,31,51,30,50,16,68,64,61,61,64,64,54,42,42,42],"gold":265,"neow_bonus":"THREE_ENEMY_KILL","is_daily":false,"chose_seed":false,"campfire_upgraded":0,"win_rate":0.0,"timestamp":1613751382,"path_taken":["M","M","?","M","M","E","R","M","T","?","M","?","R","M","R","BOSS","M","M","?","?","?","E","M","M"],"items_purchased_type":[],"build_version":"2020-12-22","purchased_purges":0,"victory":false,"max_hp_per_floor":[68,68,68,68,68,68,68,68,68,68,68,68,68,68,68,68,68,68,68,68,71,71,71,71,71,71],"card_choices":[{"not_picked":["stsjorbsmod:MistyStep","stsjorbsmod:ChatteringStrike"],"picked":"stsjorbsmod:FranticSearch","floor":1.0},{"not_picked":["stsjorbsmod:DisguiseSelf","stsjorbsmod:Hibernate"],"picked":"stsjorbsmod:Mending","floor":2.0},{"not_picked":["stsjorbsmod:ParryingBlow","stsjorbsmod:TollTheDead"],"picked":"stsjorbsmod:FindFamiliar","floor":4.0},{"not_picked":["stsjorbsmod:BurningFlask","stsjorbsmod:LoseGrip"],"picked":"stsjorbsmod:SmithingStrike","floor":5.0},{"not_picked":["stsjorbsmod:Counterspell","stsjorbsmod:Introspection"],"picked":"stsjorbsmod:DisguiseSelf","floor":6.0},{"not_picked":["stsjorbsmod:ChatteringStrike","stsjorbsmod:RayOfFrost"],"picked":"stsjorbsmod:Prepare","floor":8.0},{"not_picked":["stsjorbsmod:RayOfFrost","stsjorbsmod:Message"],"picked":"stsjorbsmod:SchoolsOfMagic","floor":11.0},{"not_picked":["stsjorbsmod:FracturedMind","stsjorbsmod:FlameWard"],"picked":"stsjorbsmod:HoldMonster","floor":14.0},{"not_picked":["stsjorbsmod:Trauma","stsjorbsmod:IvoryTower"],"picked":"stsjorbsmod:Entangle","floor":16.0},{"not_picked":["stsjorbsmod:OldPocket","stsjorbsmod:BlackTentacles"],"picked":"stsjorbsmod:Prestidigitation+1","floor":18.0},{"not_picked":["stsjorbsmod:Index","stsjorbsmod:Hurt+1"],"picked":"stsjorbsmod:ChainLightning","floor":19.0},{"not_picked":["stsjorbsmod:Patron","stsjorbsmod:Aid"],"picked":"stsjorbsmod:TollTheDead","floor":23.0},{"not_picked":["stsjorbsmod:Mania","stsjorbsmod:LoseGrip"],"picked":"stsjorbsmod:FindFamiliar+1","floor":24.0}],"player_experience":1738925,"relics_obtained":[{"floor":6.0,"key":"Pen Nib"},{"floor":12.0,"key":"hubris:DuctTape"},{"floor":23.0,"key":"Bird Faced Urn"}],"event_choices":[{"damage_healed":0.0,"max_hp_gain":0.0,"max_hp_loss":0.0,"gold_gain":0.0,"event_name":"WeMeetAgain","player_choice":"Paid Gold","floor":3.0,"gold_loss":123.0,"damage_taken":0.0,"relics_obtained":["ScarletDevilRocket"]},{"cards_removed":["stsjorbsmod:Strike_Wanderer"],"damage_healed":0.0,"max_hp_gain":0.0,"max_hp_loss":0.0,"gold_gain":0.0,"event_name":"NoteForYourself","player_choice":"Took Card","floor":22.0,"gold_loss":0.0,"damage_taken":0.0,"cards_obtained":["TheCursedMod:CircleOfFlame"]}],"is_beta":false,"boss_relics":[{"not_picked":["hubris:VirtuousBlindfold","Runic Dome"],"picked":"Cursed Key"}],"items_purged_floors":[],"is_endless":false,"potions_floor_spawned":[1,2,11,16,19,23],"killed_by":"Chosen and Byrds","ascension_level":0}}