{"host":"8d3fefv2347kqkpz","time":1613766303,"event":{"mods":["AchievementEnabler","BaseMod","Better Vampires","BetterRewards","Colored Map","Colored Powertips","Downfall","Emptier Cage","Highlight Path","Marked Mod","Minty Spire (QoL Compilation)","Permanent Neow","Quick Restart","Rare Cards Sparkle","Relic Stats","Say the Spire","Spicy Shops","StSLib","Waifu the Spire"],"gold_per_floor":[114,128,139,155,167,198,148,148,203,233,233,296,121,134,134,236,236,251,251,38,38,54,88,102,114,114,143,161,172,202,215,215,317,317,329,380,398,181,181,191,202,202,202,202,213,213,226,255,255,255],"floor_reached":51,"language":"ZHS","playtime":1986,"items_purged":["Defend_G","Strike_G","Skewer"],"score":778,"play_id":"95af1e99-9eb3-41f6-adb8-ca70146cfd80","local_time":"20210220042503","is_ascension_mode":false,"campfire_choices":[{"data":"Neutralize","floor":8,"key":"SMITH"},{"floor":11,"key":"REST"},{"floor":15,"key":"REST"},{"data":"Accuracy","floor":32,"key":"SMITH"},{"floor":42,"key":"REST"},{"data":"Adrenaline","floor":44,"key":"SMITH"},{"floor":46,"key":"RECALL"},{"data":"Accuracy","floor":49,"key":"SMITH"}],"circlet_count":0,"master_deck":["Strike_G","Strike_G","Defend_G+1","Defend_G","Defend_G","Defend_G+1","Survivor","Neutralize+1","Predator","Deflect","Terror","Cloak And Dagger+1","Backflip","PiercingWail","Tactician+1","Die Die Die","Accuracy+1","Blade Dance","Backstab+1","Acrobatics+1","Die Die Die","Adrenaline+1","Acrobatics+1","Bouncing Flask","Tactician+1","Accuracy+1","Flechettes+1"],"relics":["Ring of the Snake","Bottled Flame","Strawberry","Letter Opener","PreservedInsect","sneckomod:SneckoTalon","Membership Card","TungstenRod","Lantern","Ancient Tea Set","Pantograph","SlaversCollar","Nunchaku","champ:Barbells","Ornamental Fan","Bag of Preparation"],"acts_visited":["Exordium","TheCity","TheBeyond"],"potions_floor_usage":[16,16,30,30,50],"damage_taken":[{"damage":0.0,"enemies":"2 Louse","floor":1.0,"turns":2.0},{"damage":3.0,"enemies":"Jaw Worm","floor":2.0,"turns":3.0},{"damage":0.0,"enemies":"Cultist","floor":3.0,"turns":3.0},{"damage":4,"enemies":"Looter","floor":4,"turns":4},{"damage":3,"enemies":"2 Fungi Beasts","floor":5,"turns":4},{"damage":24,"enemies":"Gremlin Nob","floor":6,"turns":4},{"damage":20,"enemies":"Lagavulin","floor":10,"turns":8},{"damage":41,"enemies":"Gremlin Nob","floor":12,"turns":5},{"damage":0,"enemies":"Red Slaver","floor":14,"turns":5},{"damage":20,"enemies":"Hexaghost","floor":16,"turns":14},{"damage":6,"enemies":"2 Thieves","floor":18,"turns":4},{"damage":12,"enemies":"Spheric Guardian","floor":22,"turns":5},{"damage":29,"enemies":"Slavers","floor":23,"turns":4},{"damage":0,"enemies":"Chosen and Byrds","floor":24,"turns":4},{"damage":3,"enemies":"Snecko","floor":25,"turns":5},{"damage":1,"enemies":"Book of Stabbing","floor":27,"turns":4},{"damage":1,"enemies":"Snake Plant","floor":28,"turns":2},{"damage":1,"enemies":"Shelled Parasite and Fungi","floor":29,"turns":4},{"damage":4,"enemies":"Gremlin Leader","floor":30,"turns":4},{"damage":5,"enemies":"3 Cultists","floor":31,"turns":3},{"damage":33,"enemies":"Automaton","floor":33,"turns":7},{"damage":9,"enemies":"3 Darklings","floor":35,"turns":4},{"damage":39,"enemies":"2 Orb Walkers","floor":36,"turns":6},{"damage":0,"enemies":"Orb Walker","floor":37,"turns":3},{"damage":2,"enemies":"3 Darklings","floor":40,"turns":3},{"damage":0,"enemies":"Sphere and 2 Shapes","floor":41,"turns":3},{"damage":0,"enemies":"4 Shapes","floor":45,"turns":2},{"damage":0,"enemies":"Spire Growth","floor":47,"turns":2},{"damage":0,"enemies":"Nemesis","floor":48,"turns":3},{"damage":44,"enemies":"Awakened One","floor":50,"turns":9}],"seed_played":"-2930375681462864040","potions_obtained":[{"floor":2.0,"key":"Ancient Potion"},{"floor":5,"key":"Dexterity Potion"},{"floor":10,"key":"Block Potion"},{"floor":14,"key":"PowerPotion"},{"floor":23,"key":"Energy Potion"},{"floor":24,"key":"SkillPotion"},{"floor":28,"key":"Regen Potion"},{"floor":29,"key":"Block Potion"},{"floor":30,"key":"AttackPotion"},{"floor":35,"key":"GamblersBrew"},{"floor":40,"key":"Swift Potion"}],"is_trial":false,"path_per_floor":["M","M","M","M","M","E","?","R","T","E","R","?","$","M","R","B",null,"M","?","$","?","M","E","M","M","T","E","M","M","E","M","R","B",null,"M","?","M","$","?","M","M","R","T","R","M","R","M","E","R","B",null],"character_chosen":"THE_SILENT","items_purchased":["Membership Card","Accuracy","Nunchaku","champ:Barbells"],"campfire_rested":3,"item_purchase_floors":[20,20,38,38],"current_hp_per_floor":[70,67,67,63,60,36,36,36,43,23,46,5,5,5,28,8,77,71,71,71,71,59,30,30,27,27,26,25,24,29,24,24,16,77,68,29,29,29,29,27,27,50,50,50,50,50,50,50,50,31],"gold":255,"neow_bonus":"THREE_CARDS","is_daily":false,"chose_seed":false,"campfire_upgraded":4,"win_rate":0.0,"timestamp":1613766303,"path_taken":["M","M","M","M","M","E","?","R","T","E","R","?","$","M","R","BOSS","M","?","$","?","M","E","M","M","T","E","M","M","E","?","R","BOSS","M","?","M","$","?","M","?","R","T","R","M","R","M","E","R","BOSS"],"items_purchased_type":["Relic","Card","Relic","Relic"],"build_version":"2020-12-22","purchased_purges":3,"victory":true,"max_hp_per_floor":[70,70,70,70,70,70,70,70,77,77,77,77,77,77,77,77,77,77,77,77,77,77,77,77,77,77,77,77,77,77,77,77,77,77,77,77,77,77,77,77,77,77,77,77,77,77,77,77,77,77],"relic_stats":{"Nunchaku":[8],"counters":[30,133],"Ornamental Fan":[64],"Pantograph":50,"PreservedInsect":172,"Bag of Preparation":[2],"Letter Opener":[369],"obtain_stats":[{"champ:Barbells":38,"Lantern":26,"PreservedInsect":12,"Bag of Preparation":48,"Letter Opener":10,"sneckomod:SneckoTalon":17,"Ancient Tea Set":27,"SlaversCollar":34,"Bottled Flame":6,"Nunchaku":38,"Ornamental Fan":43,"Strawberry":9,"Pantograph":30,"Membership Card":20,"TungstenRod":23,"Ring of the Snake":0},{"champ:Barbells":24,"Lantern":15,"PreservedInsect":8,"Bag of Preparation":29,"Letter Opener":7,"sneckomod:SneckoTalon":10,"Ancient Tea Set":16,"SlaversCollar":21,"Bottled Flame":6,"Nunchaku":24,"Ornamental Fan":26,"Strawberry":6,"Pantograph":19,"Membership Card":11,"TungstenRod":13,"Ring of the Snake":0},{"champ:Barbells":111,"Lantern":74,"PreservedInsect":33,"Bag of Preparation":124,"Letter Opener":28,"sneckomod:SneckoTalon":52,"Ancient Tea Set":78,"SlaversCollar":98,"Bottled Flame":20,"Nunchaku":111,"Ornamental Fan":117,"Strawberry":20,"Pantograph":88,"Membership Card":56,"TungstenRod":65,"Ring of the Snake":0}],"TungstenRod":23,"Ring of the Snake":[60]},"card_choices":[{"not_picked":["Poisoned Stab","Deflect"],"picked":"Predator","floor":0.0},{"not_picked":["Prepared","Underhanded Strike"],"picked":"Deflect","floor":1.0},{"not_picked":["Heel Hook","Eviscerate","Escape Plan"],"picked":"SKIP","floor":2.0},{"not_picked":["Masterful Stab","Flying Knee"],"picked":"Terror","floor":3.0},{"not_picked":["Prepared","Sucker Punch"],"picked":"Cloak And Dagger","floor":4},{"not_picked":["Expertise","Flying Knee","Backflip"],"picked":"SKIP","floor":5},{"not_picked":["Expertise","Flying Knee"],"picked":"Backflip","floor":5},{"not_picked":["Sucker Punch","Finisher","Outmaneuver"],"picked":"SKIP","floor":6},{"not_picked":["Concentrate","Outmaneuver"],"picked":"PiercingWail","floor":10},{"not_picked":["Blur","Doppelganger"],"picked":"Tactician","floor":12},{"not_picked":["PiercingWail","Tactician"],"picked":"Skewer","floor":14},{"not_picked":["Grand Finale","Storm of Steel"],"picked":"Die Die Die","floor":16},{"not_picked":["Quick Slash","Dodge and Roll","Deflect+1"],"picked":"SKIP","floor":18},{"not_picked":["Escape Plan","PiercingWail+1"],"picked":"Blade Dance","floor":22},{"not_picked":["All Out Attack","Underhanded Strike+1","Malaise"],"picked":"SKIP","floor":23},{"not_picked":["Dodge and Roll","Dagger Spray"],"picked":"Backstab","floor":24},{"not_picked":["Sucker Punch","PiercingWail","Quick Slash"],"picked":"SKIP","floor":25},{"not_picked":["Riddle With Holes","Flying Knee","Underhanded Strike"],"picked":"SKIP","floor":27},{"not_picked":["Cloak And Dagger","PiercingWail","Prepared"],"picked":"SKIP","floor":28},{"not_picked":["Skewer","Infinite Blades"],"picked":"Acrobatics+1","floor":29},{"not_picked":["Caltrops","Deadly Poison"],"picked":"Die Die Die","floor":30},{"not_picked":["Tactician","Cloak And Dagger","Backflip"],"picked":"SKIP","floor":31},{"not_picked":["After Image","Grand Finale"],"picked":"Adrenaline","floor":33},{"not_picked":["Backstab+1","Deadly Poison"],"picked":"Acrobatics+1","floor":35},{"not_picked":["Eviscerate+1","Sucker Punch","Finisher+1"],"picked":"SKIP","floor":37},{"not_picked":["Outmaneuver","Dagger Throw+1","Backflip"],"picked":"SKIP","floor":40},{"not_picked":["Noxious Fumes","Bane","PiercingWail+1"],"picked":"SKIP","floor":41},{"not_picked":["Crippling Poison","Predator+1"],"picked":"Tactician+1","floor":45},{"not_picked":["Blade Dance+1","Slice"],"picked":"Accuracy","floor":47},{"not_picked":["Skewer+1","Grand Finale"],"picked":"Flechettes+1","floor":48}],"player_experience":479411,"relics_obtained":[{"floor":6,"key":"Bottled Flame"},{"floor":9,"key":"Strawberry"},{"floor":10,"key":"Letter Opener"},{"floor":12,"key":"PreservedInsect"},{"floor":23,"key":"TungstenRod"},{"floor":26,"key":"Lantern"},{"floor":27,"key":"Ancient Tea Set"},{"floor":30,"key":"Pantograph"},{"floor":43,"key":"Ornamental Fan"},{"floor":48,"key":"Bag of Preparation"}],"event_choices":[{"cards_removed":["Strike_G"],"damage_healed":0,"gold_gain":0,"player_choice":"Card Removal","damage_taken":0,"max_hp_gain":0,"max_hp_loss":0,"event_name":"The Cleric","floor":7,"gold_loss":50},{"damage_healed":0,"gold_gain":0,"player_choice":"Searched \u00271\u0027 times","damage_taken":0,"max_hp_gain":0,"max_hp_loss":0,"event_name":"Dead Adventurer","floor":12,"gold_loss":0},{"damage_healed":0,"gold_gain":0,"player_choice":"Ignored","damage_taken":0,"max_hp_gain":0,"max_hp_loss":0,"event_name":"The Mausoleum","floor":19,"gold_loss":0},{"damage_healed":0,"gold_gain":0,"player_choice":"Upgraded","damage_taken":0,"max_hp_gain":0,"max_hp_loss":0,"event_name":"Upgrade Shrine","floor":21,"gold_loss":0,"cards_upgraded":["Cloak And Dagger"]},{"damage_healed":0,"gold_gain":0,"player_choice":"Fight","damage_taken":0,"max_hp_gain":0,"max_hp_loss":0,"event_name":"Mysterious Sphere","floor":36,"gold_loss":0},{"damage_healed":0,"gold_gain":0,"cards_transformed":["Strike_G"],"player_choice":"Transformed","damage_taken":0,"max_hp_gain":0,"max_hp_loss":0,"event_name":"Transmorgrifier","floor":39,"gold_loss":0,"cards_obtained":["Bouncing Flask"]}],"is_beta":false,"boss_relics":[{"not_picked":["Velvet Choker","Tiny House"],"picked":"sneckomod:SneckoTalon"},{"not_picked":["Empty Cage","HoveringKite"],"picked":"SlaversCollar"}],"items_purged_floors":[13,13,38],"is_endless":false,"potions_floor_spawned":[2,5,10,12,14,23,24,25,28,29,30,35,36,40,48],"ascension_level":0}}