{"host":"tetk82fuf8thwxol","time":1613746131,"event":{"mods":["AchievementEnabler","BaseMod","BetterRewards","Downfall","GifTheSpireLib","Hermit","Minty Spire (QoL Compilation)","Permanent Neow","Quick Restart","Replay The Spire","Shop Mod","Spicy Shops","StSLib"],"gold_per_floor":[109,184,200,212,212,237,237,268,268,268,284,301,49,68,68,165,165,183,183],"floor_reached":18,"language":"ENG","playtime":652,"items_purged":[],"score":244,"play_id":"33128799-e9b5-4689-95ea-02f5803f8c98","local_time":"20210219084851","is_ascension_mode":true,"campfire_choices":[{"data":"Pommel Strike","floor":7,"key":"SMITH"},{"floor":15,"key":"REST"}],"circlet_count":0,"master_deck":["Strike_R","Strike_R","Strike_R","Strike_R","Strike_R","Defend_R","Defend_R","Defend_R","Defend_R","Bash","Flex","Pommel Strike+1","Clash","Clash","Twin Strike","Flex","Flex","Inflame","Cleave"],"relics":["SlaversCollar","Ring of Searing","ReplayTheSpireMod:Ring of Addiction","White Beast Statue","Toy Ornithopter","Pet Ghost","Replay:Towering Pillar of Hats","Singing Bowl","Matryoshka","HandDrill","Painkiller Herb"],"acts_visited":["Exordium","TheCity"],"potions_floor_usage":[6,11,14,16],"damage_taken":[{"damage":3,"enemies":"Small Slimes","floor":1,"turns":4},{"damage":1,"enemies":"Cultist","floor":3,"turns":3},{"damage":7,"enemies":"Jaw Worm","floor":4,"turns":3},{"damage":1,"enemies":"Replay:BlueRogue","floor":6,"turns":3},{"damage":10,"enemies":"Lagavulin","floor":8,"turns":3},{"damage":3,"enemies":"Blue Slaver","floor":11,"turns":2},{"damage":5,"enemies":"Gremlin Gang","floor":12,"turns":3},{"damage":7,"enemies":"Exordium Thugs","floor":14,"turns":2},{"damage":39,"enemies":"Hexaghost","floor":16,"turns":5},{"damage":12,"enemies":"Chosen","floor":18,"turns":3}],"seed_played":"7626534147193132090","potions_obtained":[{"floor":1,"key":"Strength Potion"},{"floor":3,"key":"LiquidBronze"},{"floor":5,"key":"Swift Potion"},{"floor":5,"key":"FearPotion"},{"floor":6,"key":"bronze:BurnAndBuffPotion"},{"floor":8,"key":"PowerPotion"},{"floor":11,"key":"FearPotion"},{"floor":14,"key":"SneckoOil"},{"floor":16,"key":"sneckomod:MuddlingPotion"},{"floor":18,"key":"Guardian:BlockOnCardUsePotion"}],"is_trial":false,"path_per_floor":["M","?","M","M","?","E","R","E","T","T","M","M","$","M","R","B",null,"?"],"character_chosen":"IRONCLAD","items_purchased":["Flex","Inflame","HandDrill"],"campfire_rested":1,"item_purchase_floors":[13,13,13],"current_hp_per_floor":[69,61,60,53,53,57,57,47,47,47,51,48,48,46,70,38,73,63,63],"gold":183,"neow_bonus":"BOSS_RELIC","is_daily":false,"chose_seed":false,"campfire_upgraded":1,"win_rate":0.0,"timestamp":1613746131,"path_taken":["M","?","?","M","?","E","R","E","T","?","M","M","$","M","R","BOSS","?"],"items_purchased_type":["Card","Card","Relic"],"build_version":"2020-12-22","purchased_purges":0,"victory":false,"max_hp_per_floor":[80,80,80,80,80,80,80,80,80,78,80,82,82,82,82,84,84,86,86],"card_choices":[{"not_picked":["Carnage","Warcry"],"picked":"Flex","floor":1},{"not_picked":["Havoc","Perfected Strike"],"picked":"Pommel Strike","floor":3},{"not_picked":["Wild Strike","Perfected Strike"],"picked":"Clash","floor":4},{"not_picked":["Barricade","Uppercut"],"picked":"Clash","floor":6},{"not_picked":["Flame Barrier","True Grit"],"picked":"Twin Strike","floor":8},{"not_picked":["Shrug It Off","ReplayTheSpireMod:Strike From Hell","Perfected Strike"],"picked":"Singing Bowl","floor":11},{"not_picked":["Anger","Seeing Red","Searing Blow"],"picked":"Singing Bowl","floor":12},{"not_picked":["Run Through","True Grit"],"picked":"Cleave","floor":14},{"not_picked":["Corruption","Exhume","Juggernaut"],"picked":"Singing Bowl","floor":16},{"not_picked":["Seeing Red","Anger","ReplayTheSpireMod:Strike From Hell"],"picked":"Singing Bowl","floor":18}],"player_experience":206555,"relics_obtained":[{"floor":5,"key":"Ring of Searing"},{"floor":5,"key":"ReplayTheSpireMod:Ring of Addiction"},{"floor":5,"key":"White Beast Statue"},{"floor":5,"key":"Toy Ornithopter"},{"floor":6,"key":"Pet Ghost"},{"floor":8,"key":"Replay:Towering Pillar of Hats"},{"floor":9,"key":"Singing Bowl"},{"floor":10,"key":"Matryoshka"}],"event_choices":[{"damage_healed":0,"gold_gain":75,"player_choice":"Touch","damage_taken":8,"max_hp_gain":0,"max_hp_loss":0,"event_name":"FaceTrader","floor":2,"gold_loss":0}],"is_beta":false,"boss_relics":[{"not_picked":["Astrolabe","Sozu"],"picked":"Painkiller Herb"}],"items_purged_floors":[],"is_endless":false,"potions_floor_spawned":[1,3,6,8,11,12,14,16,18],"killed_by":"Chosen","ascension_level":8}}