{"host":"3j2m8n0ywf988fwb","time":1613700013,"event":{"mods":["2.2 Compatiblity","AchievementEnabler","Aspiration","Astrologer","BaseMod","Better Altar","Better Match","Better Note","Better Sensory Stone","Better Skull","Better Third Choice","CCEM2","CapriCore","Colored Map","Colored Powertips","Dark Map","GifTheSpireLib","Halation","Highlight Path","Hubris","Infinite Spire","Jedi Mod","Koishi","Marisa????????","Marked Mod","Mimic Mod","Minty Spire (QoL Compilation)","Permanent Neow","Random Character Button","Relic Stats","Reliquary","Replay The Spire","Shop Mod","StSLib","Stuff the Spire","The Alterego","The Animator","The Immortal","The Senshi","The Servant 0.9.4","Unceasing Turn Reminder","Weighted Paths","Yakumo Yukari mod","everything is the same but u backflip on backflip"],"gold_per_floor":[218,218,218,218,228,258,313,332,355,380,380,480,520,541,541,656,656,670,650,658,658],"floor_reached":20,"language":"ENG","playtime":1851,"items_purged":[],"score":184,"play_id":"0fdd8607-4173-4049-8589-7578c07a1536","local_time":"20210218200013","is_ascension_mode":false,"campfire_choices":[{"data":"alterego_mod:DiscoLights","floor":11,"key":"SMITH"},{"data":"alterego_mod:DiscoLights","floor":15,"key":"SMITH"}],"circlet_count":0,"master_deck":["alterego_mod:Strike","alterego_mod:Strike","alterego_mod:Strike","alterego_mod:Strike","alterego_mod:Defend","alterego_mod:Defend","alterego_mod:Defend","alterego_mod:Defend","alterego_mod:Impale+1","alterego_mod:BigMeatyClaws+1","alterego_mod:BrynhildrsRune","alterego_mod:Cushion","alterego_mod:Crossover","alterego_mod:DiscoLights+1","alterego_mod:Nekomimi","alterego_mod:DiscoLights+1","alterego_mod:MaintainEyeContact","alterego_mod:Rip","alterego_mod:SakuraFive","alterego_mod:Venus","alterego_mod:Skirt","alterego_mod:DiscoLights"],"relics":["alterego_mod:MasochisticConstitution","halation:StarCompass","halation:PinkSoulGem","Counterbalance","halation:IllGainedPizza","Tiny Chest","hubris:MysteriousPyramids","StuffTheSpire:ModemDavis"],"acts_visited":["Exordium","TheCity"],"potions_floor_usage":[7,7,16,18],"damage_taken":[{"damage":4,"enemies":"Small Slimes","floor":1,"turns":5},{"damage":0,"enemies":"2 Louse","floor":5,"turns":4},{"damage":29,"enemies":"3 Sentries","floor":6,"turns":12},{"damage":27,"enemies":"Gremlin Nob","floor":7,"turns":5},{"damage":3,"enemies":"Jaw Worm","floor":8,"turns":4},{"damage":5,"enemies":"Blue Slaver","floor":10,"turns":9},{"damage":6,"enemies":"Replay:BlueRogue","floor":13,"turns":11},{"damage":11,"enemies":"3 Louse","floor":14,"turns":8},{"damage":15,"enemies":"Slime Boss","floor":16,"turns":17},{"damage":0,"enemies":"3 Byrds","floor":18,"turns":7},{"damage":37,"enemies":"2 Thieves","floor":19,"turns":5},{"damage":46,"enemies":"3 Cultists","floor":20,"turns":4}],"seed_played":"3369570432780888186","potions_obtained":[{"floor":5,"key":"LiquidMemories"},{"floor":6,"key":"Adrenaline Potion"},{"floor":7,"key":"Milkshake"},{"floor":13,"key":"Reflective Coating"},{"floor":14,"key":"SkillPotion"},{"floor":16,"key":"Adrenaline Potion"}],"is_trial":false,"path_per_floor":["M","?","?","?","M","E","?","M","T","M","R","?","E","M","R","B",null,"M","M","M"],"character_chosen":"The_Alterego","items_purchased":[],"campfire_rested":0,"item_purchase_floors":[],"current_hp_per_floor":[67,67,67,53,60,46,27,32,32,35,35,35,37,41,41,36,78,78,42,0,0],"gold":658,"neow_bonus":"HUNDRED_GOLD","is_daily":false,"chose_seed":false,"campfire_upgraded":2,"win_rate":0.0,"timestamp":1613700013,"path_taken":["M","?","?","?","?","E","?","M","T","M","R","?","E","M","R","BOSS","M","M","M"],"items_purchased_type":[],"build_version":"2020-12-22","purchased_purges":0,"victory":false,"max_hp_per_floor":[71,71,71,71,71,72,73,74,74,75,75,75,76,77,77,78,78,78,79,79,79],"relic_stats":{"counters":[12,91],"Tiny Chest":0,"obtain_stats":[{"StuffTheSpire:ModemDavis":17,"alterego_mod:MasochisticConstitution":0,"Counterbalance":6,"halation:IllGainedPizza":7,"Tiny Chest":9,"hubris:MysteriousPyramids":13,"halation:StarCompass":2,"halation:PinkSoulGem":3},{"StuffTheSpire:ModemDavis":9,"alterego_mod:MasochisticConstitution":0,"Counterbalance":3,"halation:IllGainedPizza":4,"Tiny Chest":5,"hubris:MysteriousPyramids":7,"halation:StarCompass":1,"halation:PinkSoulGem":1},{"StuffTheSpire:ModemDavis":75,"alterego_mod:MasochisticConstitution":0,"Counterbalance":21,"halation:IllGainedPizza":26,"Tiny Chest":30,"hubris:MysteriousPyramids":50,"halation:StarCompass":5,"halation:PinkSoulGem":5}]},"card_choices":[{"not_picked":["alterego_mod:Jiggle","alterego_mod:Undulate"],"picked":"alterego_mod:Cushion","floor":1},{"not_picked":["alterego_mod:PerceptionDisorder","alterego_mod:TrashNCrash"],"picked":"alterego_mod:Crossover","floor":5},{"not_picked":["alterego_mod:BoobPocket","alterego_mod:Support"],"picked":"alterego_mod:DiscoLights","floor":6},{"not_picked":["alterego_mod:Complex","alterego_mod:Mirror"],"picked":"alterego_mod:Nekomimi","floor":7},{"not_picked":["alterego_mod:Birthday","alterego_mod:SakuraPetals"],"picked":"alterego_mod:DiscoLights","floor":8},{"not_picked":["alterego_mod:Pet","alterego_mod:Mirror"],"picked":"alterego_mod:MaintainEyeContact","floor":10},{"not_picked":["alterego_mod:Mirror","alterego_mod:SakuraFive"],"picked":"alterego_mod:Rip","floor":13},{"not_picked":["alterego_mod:Maid","alterego_mod:Undulate"],"picked":"alterego_mod:SakuraFive","floor":14},{"not_picked":["alterego_mod:AlterEgo","alterego_mod:TrickOrTreatment"],"picked":"alterego_mod:Venus","floor":16},{"not_picked":["alterego_mod:GachaTicket+1","alterego_mod:Rip"],"picked":"alterego_mod:Skirt","floor":18},{"not_picked":["alterego_mod:BiFurious","alterego_mod:HighServant+1"],"picked":"alterego_mod:DiscoLights","floor":19}],"player_experience":937210,"relics_obtained":[{"floor":6,"key":"Counterbalance"},{"floor":7,"key":"halation:IllGainedPizza"},{"floor":9,"key":"Tiny Chest"},{"floor":13,"key":"hubris:MysteriousPyramids"}],"event_choices":[{"damage_healed":67,"gold_gain":0,"player_choice":"Upgrade","damage_taken":14,"max_hp_gain":0,"max_hp_loss":71,"event_name":"betterThird:BetterShining","floor":4,"gold_loss":0,"cards_upgraded":["alterego_mod:BigMeatyClaws","alterego_mod:Impale"]},{"damage_healed":0,"gold_gain":0,"player_choice":"Searched \u00271\u0027 times","damage_taken":0,"max_hp_gain":0,"max_hp_loss":0,"event_name":"Dead Adventurer","floor":7,"gold_loss":0},{"damage_healed":0,"gold_gain":100,"player_choice":"Pray","damage_taken":0,"max_hp_gain":0,"max_hp_loss":0,"event_name":"Golden Shrine","floor":12,"gold_loss":0}],"is_beta":false,"boss_relics":[{"not_picked":["Replay:Drink Me","Replay:Bronze Core"],"picked":"StuffTheSpire:ModemDavis"}],"items_purged_floors":[],"is_endless":false,"potions_floor_spawned":[5,6,7,13,14,16],"killed_by":"3 Cultists","ascension_level":0}}