{"host":"utqe55yv0jihe4d6","time":1613703183,"event":{"mods":["2.2 Compatiblity","AchievementEnabler","BaseMod","Block Reminder","Colored Map","Colored Powertips","Minty Spire (QoL Compilation)","Quick Restart","Rare Cards Sparkle","Relic Stats","SuperFastMode"],"gold_per_floor":[114,131,181,197,210,210,244,244,293,293,318,318,343,354,354,428,428,440,440,440,89,89,89,418,429,429,24,24,24],"floor_reached":28,"language":"ENG","playtime":833,"items_purged":["Strike_P","Strike_P"],"score":658,"play_id":"04cb5847-eb13-41ec-97bb-97817c2e10e3","local_time":"20210218215303","is_ascension_mode":true,"campfire_choices":[{"data":"Scrawl","floor":6,"key":"SMITH"},{"floor":8,"key":"REST"},{"data":"Prostrate","floor":10,"key":"SMITH"},{"floor":12,"key":"REST"},{"data":"LikeWater","floor":15,"key":"SMITH"},{"data":"Wallop","floor":23,"key":"SMITH"}],"circlet_count":0,"master_deck":["AscendersBane","Strike_P","Defend_P","Defend_P","Defend_P","Eruption","Vigilance","Scrawl+1","FollowUp","Prostrate","Prostrate+1","LikeWater+1","Wallop+1","Tantrum","Consecrate","ReachHeaven","DeusExMachina","RitualDagger","Vault","Meditate","EmptyMind"],"relics":["PureWater","Bottled Tornado","Anchor","Nunchaku","Turnip","Empty Cage","Nilry\u0027s Codex","Mercury Hourglass","Old Coin","Oddly Smooth Stone","Bag of Preparation"],"acts_visited":["Exordium","TheCity"],"potions_floor_usage":[5,11,24],"damage_taken":[{"damage":7,"enemies":"Jaw Worm","floor":1,"turns":3},{"damage":0,"enemies":"Cultist","floor":2,"turns":2},{"damage":6,"enemies":"2 Louse","floor":4,"turns":2},{"damage":10,"enemies":"Large Slime","floor":5,"turns":6},{"damage":35,"enemies":"3 Sentries","floor":7,"turns":19},{"damage":16,"enemies":"Gremlin Nob","floor":11,"turns":3},{"damage":0,"enemies":"Lagavulin","floor":13,"turns":4},{"damage":0,"enemies":"Looter","floor":14,"turns":4},{"damage":0,"enemies":"Slime Boss","floor":16,"turns":6},{"damage":0,"enemies":"Spheric Guardian","floor":18,"turns":3},{"damage":9,"enemies":"Book of Stabbing","floor":24,"turns":4},{"damage":21,"enemies":"Shell Parasite","floor":25,"turns":4},{"damage":4,"enemies":"Shelled Parasite and Fungi","floor":28,"turns":2}],"seed_played":"742340994994266452","potions_obtained":[{"floor":2,"key":"DistilledChaos"},{"floor":4,"key":"GamblersBrew"},{"floor":14,"key":"Energy Potion"},{"floor":16,"key":"Weak Potion"}],"is_trial":false,"path_per_floor":["M","M","?","M","M","R","E","R","T","R","E","R","E","M","R","B",null,"M","?","?","$","?","R","E","M","T","$","M"],"character_chosen":"WATCHER","items_purchased":["Mercury Hourglass","Bag of Preparation","EmptyMind","BlessingOfTheForge"],"campfire_rested":2,"item_purchase_floors":[21,27,27,27],"current_hp_per_floor":[54,54,54,48,38,38,3,23,23,23,7,27,27,27,27,27,58,58,52,31,31,31,31,22,1,1,1,0,0],"gold":24,"neow_bonus":"ONE_RANDOM_RARE_CARD","is_daily":false,"chose_seed":false,"campfire_upgraded":4,"win_rate":0.0,"timestamp":1613703183,"path_taken":["M","M","?","M","?","R","E","R","T","R","E","R","E","M","R","BOSS","M","?","?","$","?","R","E","?","T","$","M"],"items_purchased_type":["Relic","Relic","Card","Potion"],"build_version":"2020-12-22","purchased_purges":2,"victory":false,"max_hp_per_floor":[68,68,68,68,68,68,68,68,68,68,68,68,68,68,68,68,68,68,68,68,68,68,68,68,68,68,68,68,68],"relic_stats":{"Nunchaku":[6],"counters":[13,62],"Turnip":[10],"Bag of Preparation":[2],"obtain_stats":[{"Anchor":9,"Nunchaku":11,"Nilry\u0027s Codex":20,"Oddly Smooth Stone":26,"Turnip":13,"Bag of Preparation":27,"PureWater":0,"Bottled Tornado":7,"Empty Cage":17,"Mercury Hourglass":21,"Old Coin":24},{"Anchor":5,"Nunchaku":6,"Nilry\u0027s Codex":10,"Oddly Smooth Stone":12,"Turnip":7,"Bag of Preparation":12,"PureWater":0,"Bottled Tornado":5,"Empty Cage":9,"Mercury Hourglass":10,"Old Coin":11},{"Anchor":32,"Nunchaku":35,"Nilry\u0027s Codex":52,"Oddly Smooth Stone":60,"Turnip":39,"Bag of Preparation":60,"PureWater":0,"Bottled Tornado":32,"Empty Cage":49,"Mercury Hourglass":52,"Old Coin":56}],"Mercury Hourglass":[18]},"card_choices":[{"not_picked":["ThirdEye","Wireheading"],"picked":"FollowUp","floor":1},{"not_picked":["ClearTheMind","MasterReality"],"picked":"Prostrate","floor":2},{"not_picked":["Fasting2","Crescendo"],"picked":"Prostrate","floor":4},{"not_picked":["PathToVictory","ThirdEye"],"picked":"LikeWater","floor":5},{"not_picked":["Study","FlyingSleeves"],"picked":"Wallop","floor":7},{"not_picked":["Halt","ClearTheMind"],"picked":"Tantrum","floor":11},{"not_picked":["SpiritShield","FollowUp"],"picked":"Consecrate","floor":13},{"not_picked":["ClearTheMind","Fasting2"],"picked":"ReachHeaven","floor":14},{"not_picked":["Brilliance","ConjureBlade"],"picked":"DeusExMachina","floor":16},{"not_picked":["FlyingSleeves","Tantrum","EmptyBody"],"picked":"SKIP","floor":18},{"not_picked":["CrushJoints+1","Perseverance"],"picked":"Vault","floor":24},{"not_picked":["BowlingBash+1","Tantrum"],"picked":"Meditate","floor":25}],"player_experience":3090354,"relics_obtained":[{"floor":7,"key":"Bottled Tornado"},{"floor":9,"key":"Anchor"},{"floor":11,"key":"Nunchaku"},{"floor":13,"key":"Turnip"},{"floor":20,"key":"Nilry\u0027s Codex"},{"floor":24,"key":"Old Coin"},{"floor":26,"key":"Oddly Smooth Stone"}],"event_choices":[{"damage_healed":0,"gold_gain":50,"player_choice":"Pray","damage_taken":0,"max_hp_gain":0,"max_hp_loss":0,"event_name":"Golden Shrine","floor":3,"gold_loss":0},{"damage_healed":0,"gold_gain":0,"player_choice":"Joined the Cult","damage_taken":6,"max_hp_gain":0,"max_hp_loss":0,"event_name":"Nest","floor":19,"gold_loss":0,"cards_obtained":["RitualDagger"]},{"damage_healed":0,"gold_gain":0,"player_choice":"Obtained Book","damage_taken":21,"max_hp_gain":0,"max_hp_loss":0,"event_name":"Cursed Tome","floor":20,"gold_loss":0},{"damage_healed":0,"gold_gain":0,"player_choice":"Ignored","damage_taken":0,"max_hp_gain":0,"max_hp_loss":0,"event_name":"Vampires","floor":22,"gold_loss":0}],"is_beta":false,"boss_relics":[{"not_picked":["Runic Pyramid","Snecko Eye"],"picked":"Empty Cage"}],"items_purged_floors":[21,27],"is_endless":false,"potions_floor_spawned":[2,4,14,16],"killed_by":"Shelled Parasite and Fungi","ascension_level":20}}