{"host":"apr17x9d6644yr8l","time":1613719657,"event":{"mods":["BaseMod","Downfall","Hermit","Minty Spire (QoL Compilation)","StSLib","The Cursed","The Servant 0.9.4"],"gold_per_floor":[116,116,132,145,163,186,200,200,200,200,211,211,211,223,223,223,223],"floor_reached":16,"language":"ENG","playtime":943,"items_purged":[],"score":94,"play_id":"fd87d1a7-fa2d-4381-8734-10913cf77e85","local_time":"20210218232737","is_ascension_mode":false,"campfire_choices":[{"floor":8,"key":"REST"},{"data":"hermit:TakeAim","floor":10,"key":"SMITH"},{"floor":15,"key":"RECALL"}],"circlet_count":0,"master_deck":["hermit:Strike_Hermit","hermit:Strike_Hermit","hermit:Strike_Hermit","hermit:Strike_Hermit","hermit:Defend_Hermit","hermit:Defend_Hermit","hermit:Defend_Hermit","hermit:Defend_Hermit","hermit:Snapshot","hermit:Covet","hermit:Headshot","hermit:TakeAim+1","hermit:Misfire","hermit:ItchyTrigger","hermit:Deadeye"],"relics":["hermit:Momento","MealTicket","Omamori","Gremlin Horn"],"acts_visited":["Exordium"],"potions_floor_usage":[14,16,16],"damage_taken":[{"damage":2,"enemies":"2 Louse","floor":1,"turns":3},{"damage":6,"enemies":"Jaw Worm","floor":3,"turns":3},{"damage":5,"enemies":"Cultist","floor":4,"turns":4},{"damage":17,"enemies":"Exordium Wildlife","floor":5,"turns":4},{"damage":10,"enemies":"Looter","floor":7,"turns":3},{"damage":9,"enemies":"2 Fungi Beasts","floor":11,"turns":3},{"damage":9,"enemies":"Gremlin Gang","floor":14,"turns":4},{"damage":66,"enemies":"The Guardian","floor":16,"turns":9}],"seed_played":"9185630851546267597","potions_obtained":[{"floor":3,"key":"SkillPotion"},{"floor":5,"key":"hermit:Eclipse"},{"floor":11,"key":"Block Potion"}],"is_trial":false,"path_per_floor":["M","?","M","M","M","T","M","R","T","R","M","?","$","M","R","B"],"character_chosen":"HERMIT","items_purchased":[],"campfire_rested":1,"item_purchase_floors":[],"current_hp_per_floor":[73,66,60,55,38,38,28,50,50,50,41,66,75,66,66,0,0],"gold":223,"neow_bonus":"RANDOM_COMMON_RELIC","is_daily":false,"chose_seed":false,"campfire_upgraded":1,"win_rate":0.0,"timestamp":1613719657,"path_taken":["M","?","M","M","M","?","?","R","T","R","M","?","$","M","R","BOSS"],"items_purchased_type":[],"build_version":"2020-12-22","purchased_purges":0,"victory":false,"max_hp_per_floor":[75,75,75,75,75,75,75,75,75,75,75,75,75,75,75,75,75],"card_choices":[{"not_picked":["hermit:Glare","hermit:ShadowCloak"],"picked":"hermit:Headshot","floor":1},{"not_picked":["hermit:LowProfile","hermit:Virtue"],"picked":"hermit:TakeAim","floor":3},{"not_picked":["hermit:Desperado","hermit:HighCaliber"],"picked":"hermit:Misfire","floor":4},{"not_picked":["hermit:Feint","hermit:Coalescence"],"picked":"hermit:ItchyTrigger","floor":5},{"not_picked":["hermit:Desperado","hermit:Coalescence","hermit:Shortfuse"],"picked":"SKIP","floor":7},{"not_picked":["hermit:TrackingShot","hermit:ItchyTrigger"],"picked":"hermit:Deadeye","floor":11},{"not_picked":["hermit:Dive","hermit:TrackingShot","hermit:Roulette"],"picked":"SKIP","floor":14}],"player_experience":268695,"relics_obtained":[{"floor":9,"key":"Gremlin Horn"}],"event_choices":[{"damage_healed":0,"gold_gain":0,"player_choice":"Success","damage_taken":7,"relics_obtained":["Omamori"],"max_hp_gain":0,"max_hp_loss":0,"event_name":"Scrap Ooze","floor":2,"gold_loss":0},{"damage_healed":25,"gold_gain":0,"player_choice":"Banana","damage_taken":0,"max_hp_gain":0,"max_hp_loss":0,"event_name":"Big Fish","floor":12,"gold_loss":0}],"is_beta":false,"boss_relics":[],"items_purged_floors":[],"is_endless":false,"potions_floor_spawned":[3,5,11],"killed_by":"The Guardian","ascension_level":0}}