{"host":"df48i9djcn92c5sx","time":1613736879,"event":{"mods":["Act Like it!","Arknights","BaseMod","Decade(王小明)","Downfall","Gensokyo","Marisa（F雨　魔理沙）","Minty Spire (QoL Compilation)","READ ME - Guardian Mod","READ ME - Snecko Mod","Reimu（博丽灵梦）","Remilia（蕾米莉亚）","Shop Mod","StSLib","The Jungle","The Servant 0.9.4"],"gold_per_floor":[99,116,136,136,197,197,221,237,237,50,49,76,76,41,60,60,60,60],"floor_reached":16,"language":"ZHS","playtime":613,"items_purged":[],"score":138,"play_id":"c3b69f5f-fe07-4cc4-a88a-03449425aec2","local_time":"20210219201439","is_ascension_mode":true,"campfire_choices":[{"data":"champ:ShieldThrow","floor":1,"key":"SMITH"},{"data":"champ:GladiatorForm","floor":9,"key":"SMITH"},{"data":"champ:StanceDance","floor":13,"key":"SMITH"}],"circlet_count":0,"master_deck":["champ:Strike","champ:Strike+1","champ:Strike","champ:Strike","champ:Defend","champ:Defend","champ:Defend+1","champ:Defend","champ:Execute+1","champ:Taunt","downfall:Bewildered","champ:ShieldThrow+1","champ:BringItOn","champ:GladiatorForm+1","downfall:Malfunctioning","champ:SetATrap","champ:EnGarde","champ:StanceDance+1","champ:EnchantShield","champ:Endure"],"relics":["champ:ChampionCrown","Meat on the Bone","AntiCross","bronze:BronzeIdol","RuthlessExorcism:ReiMu"],"acts_visited":["Exordium"],"potions_floor_usage":[14,16],"damage_taken":[{"damage":10,"enemies":"Cultist","floor":2,"turns":4},{"damage":7,"enemies":"Jaw Worm","floor":3,"turns":4},{"damage":43,"enemies":"Gremlin Nob","floor":5,"turns":5},{"damage":20,"enemies":"Small Slimes","floor":8,"turns":3},{"damage":10,"enemies":"downfall:FleeingMerchant","floor":10,"turns":4},{"damage":0,"enemies":"downfall:LooterAlt","floor":11,"turns":2},{"damage":10,"enemies":"Gremlin Nob","floor":12,"turns":3},{"damage":12,"enemies":"downfall:FleeingMerchant","floor":14,"turns":4},{"damage":13,"enemies":"Exordium Wildlife","floor":15,"turns":2},{"damage":70,"enemies":"DF_ARCHETYPE_STREAMLINE","floor":16,"turns":8}],"seed_played":"343833165685843024","potions_obtained":[{"floor":5,"key":"Strength Potion"},{"floor":11,"key":"Swift Potion"},{"floor":12,"key":"Block Potion"}],"is_trial":false,"path_per_floor":["R","M","M","?","?","?","T","M","R","$","M","E","R","$","M","B"],"character_chosen":"THE_CHAMP","items_purchased":["bronze:BronzeIdol"],"campfire_rested":0,"item_purchase_floors":[10],"current_hp_per_floor":[90,90,83,83,50,43,43,45,45,57,57,57,57,55,54,0,0,0],"gold":60,"neow_bonus":"THREE_RARE_CARDS","is_daily":false,"chose_seed":false,"campfire_upgraded":3,"win_rate":0.0,"timestamp":1613736879,"path_taken":["R","M","M","?","?","?","T","M","R","$","M","E","R","?","M","BOSS"],"items_purchased_type":["Relic"],"build_version":"2020-12-22","purchased_purges":0,"victory":false,"max_hp_per_floor":[90,90,90,90,90,90,90,90,90,90,90,90,90,90,90,90,90,90],"card_choices":[{"not_picked":["champ:StrikeOfGenius","champ:TripleStrike"],"picked":"champ:ShieldThrow","floor":0},{"not_picked":["champ:Shatter","champ:FanOfKnives"],"picked":"champ:BringItOn","floor":2},{"not_picked":["champ:EnGarde","champ:FalseCounter"],"picked":"champ:GladiatorForm","floor":3},{"not_picked":["champ:AdrenalArmor","champ:BladeFlurry"],"picked":"champ:SetATrap","floor":5},{"not_picked":["champ:CalledShot","champ:BringItOn","champ:EndlessRage"],"picked":"SKIP","floor":8},{"not_picked":["champ:EnragedBash","champ:Parry","champ:PerfectedStrike"],"picked":"SKIP","floor":10},{"not_picked":["champ:FlashCut","champ:Parry"],"picked":"champ:EnGarde","floor":11},{"not_picked":["champ:FanOfKnives","champ:Encircle"],"picked":"champ:StanceDance","floor":12},{"not_picked":["champ:ShieldSigil","champ:SetATrap"],"picked":"champ:EnchantShield","floor":14},{"not_picked":["champ:CrookedStrike","champ:Shatter"],"picked":"champ:Endure","floor":15}],"player_experience":1585354,"relics_obtained":[{"floor":12,"key":"RuthlessExorcism:ReiMu"}],"event_choices":[{"damage_healed":0,"gold_gain":0,"player_choice":"Success","damage_taken":7,"relics_obtained":["AntiCross"],"max_hp_gain":0,"max_hp_loss":0,"event_name":"Scrap Ooze","floor":6,"gold_loss":0}],"is_beta":false,"boss_relics":[],"items_purged_floors":[],"is_endless":false,"potions_floor_spawned":[5,11,12],"killed_by":"DF_ARCHETYPE_STREAMLINE","ascension_level":2}}