{"host":"rm0ctv8qd8mnbkg1","time":1613741710,"event":{"mods":["BaseMod","Beaked The Cultist","BetterRewards","Colored Map","DNKmod","Dark Map","Defuse TimeMaze Blight","Downfall","Friendly Minions","Hubris","Marisa????????","Minty Spire (QoL Compilation)","MostiFishMod","Permanent Neow","Rare Cards Sparkle","Relic Sorter","Reliquary","Replay The Spire","RumiaBox-????????","Shade Mod","Shop Mod","Spicy Shops","Spire Arcade","StSLib","The Construct","The Servant 0.9.4","TheVacant","Wandering Minibosses","??????REMEMod"],"gold_per_floor":[10000,10019,10039,10104,10131,10149,10173,10196,10096,8830,8830,8850,8974,8470,8497,8617,8617,8617,8635,8635,8635],"floor_reached":19,"language":"ENG","playtime":1099,"items_purged":[],"score":277,"play_id":"5c8a6f45-0248-4ab2-af01-f3d1b77bb5ed","local_time":"20210219133510","is_ascension_mode":true,"campfire_choices":[{"data":"Guardian:TwinSlam","floor":1,"key":"SMITH"},{"data":"Guardian:DonusPower","floor":9,"key":"SMITH"},{"data":"Guardian:BaubleBeam","floor":18,"key":"SMITH"}],"circlet_count":0,"master_deck":["Guardian:Strike_Guardian","Guardian:Strike_Guardian","Guardian:Strike_Guardian","Guardian:Strike_Guardian","Guardian:Defend_Guardian","Guardian:Defend_Guardian","Guardian:Defend_Guardian+1","Guardian:Defend_Guardian","Guardian:CurlUp","Guardian:TwinSlam+1","hexamod:FifthSeal","hexamod:FirstSeal","Guardian:DonusPower+1","hexamod:SecondSeal","Guardian:SentryBeam+1","hexamod:ThirdSeal","Guardian:PolyBeam+1","Guardian:ShieldCharger+1","hexamod:SecondSeal","hexamod:SixthSeal","Guardian:DecasProtection","Replay:SS_forest_2+1","hexamod:SecondSeal","Guardian:VentSteam","Guardian:Orbwalk","hexamod:SixthSeal","Guardian:PiercingHide","Guardian:PiercingHide+1","Guardian:PrismaticBarrier+1","Guardian:PrismaticBeam","Guardian:FastForward","Guardian:GatlingBeam","Guardian:FuturePlans","Guardian:WalkerClaw","hexamod:FourthSeal","Guardian:PolyBeam","Guardian:ExploitGems","hexamod:SecondSeal","Guardian:BaubleBeam+1"],"relics":["Guardian:ModeShifter","REME_ComplimentaryCards","DaveBox","DianDianMeat","Lantern","Shovel","wanderingMiniBosses:CarrionFlame","downfall:HeartBlessingBlue","reliquary:Firecrackers","hubris:PeanutButter","ClockworkSouvenir","Onion Ring","Guardian:PickAxe","White Beast Statue","Membership Card","Bag of Preparation","Busted Crown"],"acts_visited":["Exordium","TheCity"],"potions_floor_usage":[10],"damage_taken":[{"damage":0,"enemies":"Jaw Worm","floor":2,"turns":4},{"damage":0,"enemies":"Small Slimes","floor":3,"turns":3},{"damage":42,"enemies":"3 Sentries","floor":4,"turns":6},{"damage":0,"enemies":"Cultist","floor":5,"turns":3},{"damage":2,"enemies":"Exordium Thugs","floor":6,"turns":3},{"damage":0,"enemies":"downfall:LooterAlt","floor":8,"turns":9},{"damage":0,"enemies":"downfall:FleeingMerchant","floor":10,"turns":4},{"damage":0,"enemies":"downfall:FleeingMerchant","floor":11,"turns":2},{"damage":0,"enemies":"Exordium Wildlife","floor":12,"turns":3},{"damage":12,"enemies":"downfall:LadyInBlue","floor":13,"turns":9},{"damage":0,"enemies":"downfall:FleeingMerchant","floor":14,"turns":4},{"damage":0,"enemies":"Large Slime","floor":15,"turns":4},{"damage":18,"enemies":"DF_ARCHETYPE_STREAMLINE","floor":16,"turns":8},{"damage":0,"enemies":"downfall:LooterAlt2","floor":19,"turns":2}],"seed_played":"4110537998261191207","potions_obtained":[{"floor":4,"key":"Swift Potion"},{"floor":5,"key":"sneckomod:MuddlingPotion"},{"floor":13,"key":"Fire Potion"},{"floor":13,"key":"EssenceOfSteel"}],"is_trial":false,"path_per_floor":["R","M","M","?","M","M","T","M","R","$","?","M","?","$","M","B",null,"R","M"],"character_chosen":"GUARDIAN","items_purchased":["Guardian:Gem_White","reliquary:Firecrackers","hubris:PeanutButter","ClockworkSouvenir","Onion Ring","Replay:SS_forest_2","Membership Card","Guardian:PrismaticBeam","Guardian:FastForward","Guardian:GatlingBeam","Guardian:FuturePlans","Bag of Preparation"],"campfire_rested":0,"item_purchase_floors":[10,10,10,10,10,10,14,14,14,14,14,14],"current_hp_per_floor":[1001,1006,1010,986,1008,1032,1032,1075,1085,1172,1350,1437,1528,1715,1835,1953,2000,2000,2000,2000,2000],"gold":8635,"neow_bonus":"RANDOM_COMMON_RELIC","is_daily":false,"chose_seed":false,"campfire_upgraded":3,"win_rate":0.0,"timestamp":1613741710,"path_taken":["R","M","M","?","M","M","T","M","R","$","?","M","?","$","M","BOSS","R","M"],"items_purchased_type":["Card","Relic","Relic","Relic","Relic","Card","Relic","Card","Card","Card","Card","Relic"],"build_version":"2020-12-22","purchased_purges":0,"victory":false,"max_hp_per_floor":[1001,1006,1010,1021,1036,1055,1055,1091,1101,1181,1388,1475,1571,1751,1871,2000,2000,2000,2000,2000,2000],"card_choices":[{"not_picked":["hexamod:FourthSeal","hexamod:ThirdSeal"],"picked":"hexamod:FirstSeal","floor":2},{"not_picked":["Guardian:Suspension","Guardian:WalkerClaw"],"picked":"Guardian:DonusPower","floor":2},{"not_picked":["Guardian:Gem_Green","Guardian:ShieldSpikes"],"picked":"Guardian:Gem_Red","floor":3},{"not_picked":["hexamod:FourthSeal","hexamod:ThirdSeal"],"picked":"hexamod:SecondSeal","floor":4},{"not_picked":["Guardian:Suspension","Guardian:PrimingBeam"],"picked":"Guardian:SentryBeam","floor":4},{"not_picked":["hexamod:SecondSeal","hexamod:FourthSeal"],"picked":"hexamod:ThirdSeal","floor":5},{"not_picked":["Guardian:VentSteam","Guardian:ChargeCore"],"picked":"Guardian:PolyBeam","floor":5},{"not_picked":["Guardian:Repulse","Guardian:BodySlam"],"picked":"Guardian:Gem_Fragmented","floor":6},{"not_picked":["Guardian:Suspension","Guardian:Clone"],"picked":"Guardian:ShieldCharger","floor":6},{"not_picked":["hexamod:FirstSeal","hexamod:ThirdSeal"],"picked":"hexamod:SecondSeal","floor":8},{"not_picked":["Guardian:TemporalStrike","Guardian:PiercingHide"],"picked":"Guardian:Gem_Red","floor":8},{"not_picked":["Guardian:Planning","Guardian:BronzeOrb"],"picked":"Guardian:Gem_Green","floor":8},{"not_picked":["Guardian:Planning","Guardian:Recover"],"picked":"Guardian:Gem_Cyan","floor":10},{"not_picked":["hexamod:SecondSeal","hexamod:FirstSeal"],"picked":"hexamod:SixthSeal","floor":10},{"not_picked":["Guardian:CompilePackage","Guardian:Clone"],"picked":"Guardian:DecasProtection","floor":10},{"not_picked":["hexamod:FirstSeal","hexamod:ThirdSeal"],"picked":"hexamod:SecondSeal","floor":12},{"not_picked":["Guardian:Gem_Crimson","Guardian:Incinerate"],"picked":"Guardian:VentSteam","floor":12},{"not_picked":["Guardian:Gem_Green","Guardian:ShieldCharger"],"picked":"Guardian:Orbwalk","floor":12},{"not_picked":["hexamod:SecondSeal","hexamod:ThirdSeal"],"picked":"hexamod:SixthSeal","floor":13},{"not_picked":["Guardian:FierceBash","Guardian:CrystalBeam"],"picked":"Guardian:PiercingHide","floor":13},{"not_picked":["Guardian:Gem_Yellow","Guardian:SentryBeam"],"picked":"Guardian:PiercingHide","floor":13},{"not_picked":["Guardian:TimeBomb","Guardian:RollAttack"],"picked":"Guardian:PrismaticBarrier","floor":14},{"not_picked":["Guardian:Gem_Lightblue","Guardian:Reroute"],"picked":"Guardian:WalkerClaw","floor":15},{"not_picked":["hexamod:SecondSeal","hexamod:FirstSeal"],"picked":"hexamod:FourthSeal","floor":15},{"not_picked":["Guardian:BodySlam","Guardian:ArmoredProtocol"],"picked":"Guardian:PolyBeam","floor":15},{"not_picked":["Guardian:GemFinder","Guardian:FastForward"],"picked":"Guardian:ExploitGems","floor":16},{"not_picked":["hexamod:SixthSeal","hexamod:FourthSeal"],"picked":"hexamod:SecondSeal","floor":16},{"not_picked":["Guardian:Gem_Synthetic","Guardian:StasisField"],"picked":"Guardian:BaubleBeam","floor":16},{"not_picked":["Guardian:Planning+1"],"picked":"SKIP","floor":19}],"player_experience":383329,"relics_obtained":[{"floor":8,"key":"wanderingMiniBosses:CarrionFlame"},{"floor":13,"key":"White Beast Statue"}],"event_choices":[],"is_beta":false,"boss_relics":[{"not_picked":["RhineFirstAidKit","NightmareShop"],"picked":"Busted Crown"}],"items_purged_floors":[],"is_endless":false,"potions_floor_spawned":[2,4,5,11,13,14,15,16,19],"killed_by":"downfall:LooterAlt2","ascension_level":2}}