{"host":"yfi73559mxreacvo","time":1613712390,"event":{"mods":["AchievementEnabler","Act Like it!","Aspiration","BaseMod","Better Third Choice","BetterRewards","Colored Map","Conspire","Downfall","Evolution","GifTheSpireLib","Halation","HexUI Lib","Highlight Path","Hubris","Minty Spire (QoL Compilation)","Railgun Mod","Reliquary","Replay The Spire","StSLib","Stuff the Spire","Wandering Minibosses"],"gold_per_floor":[99,99,112,123,133,133,133,143,161,177,212,212,250,267,290,400,400,400,422,422,422,106,6,33,33,33,74,74,100,122,153,178,275,275,175,193,203,221,221,67,93,93,103,103,123,2,2,29,45,45,45,45],"floor_reached":50,"language":"ENG","playtime":3527,"items_purged":["hexamod:Strike","hexamod:Strike"],"score":573,"play_id":"d152c932-f995-4d44-bdc8-e0f715dffac5","local_time":"20210219002630","is_ascension_mode":false,"campfire_choices":[{"data":"hexamod:Float","floor":1,"key":"SMITH"},{"data":"hexamod:GhostOfSpirePast","floor":6,"key":"SMITH"},{"data":"hexamod:UnlimitedPower","floor":18,"key":"SMITH"},{"data":"hexamod:ForkedFlame","floor":23,"key":"SMITH"},{"data":"hexamod:InspiringFlames","floor":25,"key":"SMITH"},{"data":"hexamod:HexaLevel","floor":35,"key":"SMITH"},{"floor":44,"key":"RECALL"}],"circlet_count":0,"master_deck":["hexamod:Strike","hexamod:Defend","hexamod:Defend","hexamod:Defend+1","hexamod:Defend","hexamod:Sear","hexamod:Float+1","hexamod:FourthSeal","hexamod:GhostLash+1","hexamod:GhostOfSpirePast+1","hexamod:ThermalTransfer","hexamod:HeatMetal","hexamod:InspiringFlames+1","hexamod:BurningTouch","Offering+1","hexamod:ChargedBarrage+1","hexamod:SecondSeal","hexamod:UnlimitedPower+1","hexamod:ForkedFlame+1","hexamod:InspiringFlames","hexamod:ThermalTransfer+1","hexamod:RadiantFlame","hexamod:ThirdSeal","hexamod:WildfireWeapon","hexamod:HexaLevel+1","hexamod:SkipABeat+1","hexamod:HauntingEcho","hexamod:UnlimitedPower","hexamod:ShieldOfDarkness","hexamod:FifthSeal","hexamod:ShieldOfDarkness"],"relics":["hexamod:SpiritBrand","EVO:Axolotl","reliquary:RedPaperclip","hubris:Towel","Blue Candle","hubris:SlimyHat","downfall:HeartBlessingBlue","reliquary:Buckler","downfall:RedIOU","Toy Ornithopter","aspiration:FetidBarrel","StuffTheSpire:Gunfinga","SlaversCollar","downfall:HeartBlessingGreen","Happy Flower","Oddly Smooth Stone","War Paint"],"acts_visited":["Exordium","TheCity","TheBeyond"],"potions_floor_usage":[8,9,9,10,11,11,14,16,16,16,19,22,29,31,31,32,33,33,33,36,37,38,45,45,45,48,49,49,50,50],"damage_taken":[{"damage":1,"enemies":"Jaw Worm","floor":3,"turns":5},{"damage":0,"enemies":"Cultist","floor":4,"turns":3},{"damage":0,"enemies":"Small Slimes","floor":5,"turns":3},{"damage":0,"enemies":"Blue Slaver","floor":8,"turns":3},{"damage":0,"enemies":"2 Fungi Beasts","floor":9,"turns":3},{"damage":0,"enemies":"downfall:LooterAlt","floor":10,"turns":3},{"damage":11,"enemies":"Gremlin Nob","floor":11,"turns":4},{"damage":26,"enemies":"3 Sentries","floor":13,"turns":8},{"damage":6,"enemies":"Exordium Wildlife","floor":14,"turns":5},{"damage":6,"enemies":"Gremlin Gang","floor":15,"turns":5},{"damage":12,"enemies":"SI_SHIV_ARCHETYPE","floor":16,"turns":5},{"damage":20,"enemies":"Spheric Guardian","floor":19,"turns":4},{"damage":6,"enemies":"downfall:FleeingMerchant","floor":22,"turns":4},{"damage":26,"enemies":"Gremlin Leader","floor":27,"turns":7},{"damage":0,"enemies":"downfall:LooterAlt2","floor":29,"turns":3},{"damage":6,"enemies":"Chosen and Byrds","floor":30,"turns":4},{"damage":22,"enemies":"Book of Stabbing","floor":31,"turns":6},{"damage":6,"enemies":"conspire:HollyBat","floor":32,"turns":6},{"damage":26,"enemies":"IC_MUSHROOM_ARCHETYPE","floor":33,"turns":6},{"damage":27,"enemies":"3 Darklings","floor":36,"turns":7},{"damage":20,"enemies":"3 Shapes","floor":37,"turns":4},{"damage":19,"enemies":"3 Darklings","floor":38,"turns":4},{"damage":10,"enemies":"downfall:FleeingMerchant","floor":40,"turns":4},{"damage":19,"enemies":"4 Shapes","floor":43,"turns":5},{"damage":23,"enemies":"Jaw Worm Horde","floor":45,"turns":4},{"damage":1,"enemies":"downfall:FleeingMerchant","floor":46,"turns":3},{"damage":0,"enemies":"Maw","floor":48,"turns":6},{"damage":6,"enemies":"3 Darklings","floor":49,"turns":4},{"damage":31,"enemies":"WA_ARCHETYPE_DIVINITY","floor":50,"turns":5}],"seed_played":"-5295562725049391764","potions_obtained":[{"floor":3,"key":"Guardian:BlockOnCardUsePotion"},{"floor":3,"key":"AttackPotion"},{"floor":4,"key":"Guardian:BlockOnCardUsePotion"},{"floor":8,"key":"LifebloodPotion"},{"floor":9,"key":"LifebloodPotion"},{"floor":10,"key":"Regen Potion"},{"floor":10,"key":"EssenceOfSteel"},{"floor":11,"key":"hexamod:SoulburnPotion"},{"floor":14,"key":"Toxic Potion"},{"floor":15,"key":"conspire:TimeTravelPotion"},{"floor":15,"key":"PowerPotion"},{"floor":16,"key":"Fire Potion"},{"floor":16,"key":"Milkshake"},{"floor":19,"key":"Venom Potion"},{"floor":27,"key":"Block Potion"},{"floor":27,"key":"GamblersBrew"},{"floor":30,"key":"Dexterity Potion"},{"floor":31,"key":"Flashbang"},{"floor":31,"key":"DuplicationPotion"},{"floor":32,"key":"Doom Potion"},{"floor":33,"key":"Energy Potion"},{"floor":36,"key":"Adrenaline Potion"},{"floor":37,"key":"Fruit Juice"},{"floor":38,"key":"SpeedPotion"},{"floor":40,"key":"Energy Potion"},{"floor":43,"key":"hexamod:DoubleChargePotion"},{"floor":49,"key":"Fruit Juice"},{"floor":49,"key":"champ:CounterPotion"}],"is_trial":false,"path_per_floor":["R","?","M","M","M","R","T","M","M","M","E","?","E","M","M","B",null,"R","M","?","?","$","R","T","R","?","E","T","M","M","E","M","B",null,"R","M","M","M","?","$","T","?","M","R","M","$","?","M","M","B"],"character_chosen":"THE_SPIRIT","items_purchased":["hexamod:ForkedFlame","hubris:SlimyHat","Happy Flower","War Paint","Fire Potion","Slimebound:ThreeZeroPotion","Swift Potion"],"campfire_rested":0,"item_purchase_floors":[22,22,40,46,46,46,46],"current_hp_per_floor":[77,77,76,76,76,76,76,76,76,76,65,48,22,31,25,13,77,77,57,57,52,46,56,56,56,56,30,30,35,29,17,16,5,87,87,65,50,41,41,31,31,31,12,12,4,3,3,8,12,0,0,0],"gold":45,"neow_bonus":"TEN_PERCENT_HP_BONUS","is_daily":false,"chose_seed":false,"campfire_upgraded":6,"win_rate":0.0,"timestamp":1613712390,"path_taken":["R","?","?","M","M","R","T","M","M","M","E","?","E","M","M","BOSS","R","M","?","?","$","R","T","R","?","E","?","?","?","E","M","BOSS","R","M","?","?","?","$","T","?","?","R","M","$","?","M","M","BOSS"],"items_purchased_type":["Card","Relic","Relic","Relic","Potion","Potion","Potion"],"build_version":"2020-12-22","purchased_purges":2,"victory":false,"max_hp_per_floor":[77,77,77,77,77,77,77,77,77,77,77,77,77,77,77,77,77,77,77,77,77,77,87,87,87,87,87,87,87,87,87,87,87,87,87,87,87,92,92,92,92,92,92,92,92,92,92,92,92,97,97,97],"card_choices":[{"not_picked":["hexamod:RecurringNightmare","hexamod:CatchUp"],"picked":"hexamod:GhostLash","floor":3},{"not_picked":["hexamod:FirstSeal","hexamod:HeatMetal"],"picked":"hexamod:GhostOfSpirePast","floor":4},{"not_picked":["hexamod:SwordOfDarkness","hexamod:HeatMetal"],"picked":"hexamod:ThermalTransfer","floor":5},{"not_picked":["hexamod:FirstSeal","hexamod:SearingWound"],"picked":"hexamod:HeatMetal","floor":8},{"not_picked":["hexamod:BacktrackSmack","hexamod:StepThrough"],"picked":"hexamod:InspiringFlames","floor":9},{"not_picked":["hexamod:Firestarter","hexamod:CatchUp"],"picked":"hexamod:BurningTouch","floor":10},{"not_picked":["hexamod:FastForward","hexamod:StepThrough","hexamod:GhostLash"],"picked":"SKIP","floor":11},{"not_picked":["hexamod:RetreatToShadows","hexamod:SwordOfDarkness"],"picked":"hexamod:ChargedBarrage","floor":13},{"not_picked":["hexamod:RetreatToShadows","hexamod:NecessarySacrifice","hexamod:HeatCrush"],"picked":"SKIP","floor":14},{"not_picked":["hexamod:InspiringFlames","hexamod:GhostShield"],"picked":"hexamod:SecondSeal","floor":15},{"not_picked":["hexamod:UnleashSpirits","hexamod:TurnItUp"],"picked":"hexamod:UnlimitedPower","floor":16},{"not_picked":["hexamod:SpectersWail+1","hexamod:GhostShield","hexamod:GhostLash"],"picked":"SKIP","floor":19},{"not_picked":["hexamod:GhostOfSpirePast","hexamod:HauntingEcho","hexamod:SpectersWail"],"picked":"SKIP","floor":22},{"not_picked":["hexamod:ThermalTransfer","hexamod:NightmareStrike"],"picked":"hexamod:InspiringFlames","floor":27},{"not_picked":["hexamod:NightmareGuise","hexamod:SpectralAdrenaline+1"],"picked":"hexamod:ThermalTransfer+1","floor":29},{"not_picked":["hexamod:AdvancingGuard","hexamod:RecurringNightmare","hexamod:SpectralAdrenaline"],"picked":"SKIP","floor":30},{"not_picked":["hexamod:HeatMetal","hexamod:SecondSeal"],"picked":"hexamod:RadiantFlame","floor":31},{"not_picked":["hexamod:PhantomCloak","hexamod:BurningTouch+1"],"picked":"hexamod:ThirdSeal","floor":32},{"not_picked":["hexamod:TimeWarp","hexamod:GhostflameInferno"],"picked":"hexamod:WildfireWeapon","floor":33},{"not_picked":["hexamod:TimeWarp","hexamod:SearingWound"],"picked":"hexamod:HexaLevel","floor":33},{"not_picked":["hexamod:NightmareStrike+1","hexamod:ThirdSeal"],"picked":"hexamod:SkipABeat+1","floor":36},{"not_picked":["hexamod:GhostflameInferno","hexamod:NightmareStrike+1"],"picked":"hexamod:HauntingEcho","floor":37},{"not_picked":["hexamod:SpectersWail+1","hexamod:ShieldOfDarkness","hexamod:HauntingEcho"],"picked":"SKIP","floor":38},{"not_picked":["hexamod:FastForward","hexamod:GhostShield+1"],"picked":"hexamod:UnlimitedPower","floor":40},{"not_picked":["hexamod:StepThrough+1","hexamod:Haunt+1","hexamod:InspiringFlames"],"picked":"SKIP","floor":40},{"not_picked":["hexamod:SpectersWail","hexamod:BurningTouch+1","hexamod:HeatCrush"],"picked":"SKIP","floor":43},{"not_picked":["hexamod:GhostShield","hexamod:NightmareStrike+1"],"picked":"hexamod:ShieldOfDarkness","floor":45},{"not_picked":["hexamod:ChargedBarrage","hexamod:RecurringNightmare","hexamod:PhantomCloak"],"picked":"SKIP","floor":45},{"not_picked":["hexamod:Incineration+1","hexamod:Hexaguard"],"picked":"hexamod:FifthSeal","floor":46},{"not_picked":["hexamod:GhostLash+1","hexamod:Hexaguard","hexamod:EmpoweredFlame+1"],"picked":"SKIP","floor":48},{"not_picked":["hexamod:HeatMetal+1","hexamod:SpectersWail+1","hexamod:NightmareStrike"],"picked":"SKIP","floor":48},{"not_picked":["hexamod:FastForward","hexamod:AdvancingGuard"],"picked":"hexamod:ShieldOfDarkness","floor":49}],"player_experience":474165,"relics_obtained":[{"floor":11,"key":"halation:IllGainedPizza"},{"floor":13,"key":"Bag of Preparation"},{"floor":24,"key":"reliquary:Buckler"},{"floor":27,"key":"Toy Ornithopter"},{"floor":28,"key":"aspiration:FetidBarrel"},{"floor":31,"key":"StuffTheSpire:Gunfinga"},{"floor":41,"key":"Oddly Smooth Stone"}],"event_choices":[],"is_beta":false,"boss_relics":[{"not_picked":["aspiration:SilentSkillbook","halation:Risk"],"picked":"reliquary:RedPaperclip"},{"not_picked":["StuffTheSpire:ModemDavis","hubris:RunicObelisk"],"picked":"SlaversCollar"}],"items_purged_floors":[22,46],"is_endless":false,"potions_floor_spawned":[3,8,10,15,16,27,30,31,33,38,43,49],"killed_by":"WA_ARCHETYPE_DIVINITY","ascension_level":0}}