{"host":"l2onoeb0kdqo1a9y","time":1613704321,"event":{"mods":["AchievementEnabler","BaseMod","Colored Powertips","Highlight Path","Minty Spire (QoL Compilation)","Quick Restart"],"gold_per_floor":[144,189,189,234,279,279,369,44,69,114,114,204,104,149,149,449,449,494,409,409,454,79,169,214,214,214,313,367,421,21,75,75,384,384,438,507,507,111,111,111],"floor_reached":39,"language":"ZHS","playtime":4453,"items_purged":["Steam","Pain","Decay","Armaments","Fusion"],"score":506,"play_id":"76ebfc19-266a-4bde-a290-5cc85ce28040","local_time":"20210219111201","daily_mods":["Insanity","Blue Cards","Midas"],"is_ascension_mode":false,"campfire_choices":[{"floor":15.0,"key":"REST"},{"floor":25.0,"key":"REST"},{"floor":32,"key":"REST"}],"circlet_count":0,"master_deck":["Uppercut","Rebound","Aggregate","Streamline","Melter","Rebound","Hologram","Twin Strike","Evolve","Headbutt","Coolheaded","Ball Lightning","Streamline","Go for the Eyes","Warcry","Redo","True Grit","Skim","White Noise","Flex","Disarm","Sweeping Beam","Searing Blow","Gash","Battle Trance","Anger","Compile Driver","Undo","Stack","Stack","Pummel","Aggregate","Rage","Rampage","Sweeping Beam","Reprogram","Gash","Ball Lightning","Hologram","Blood for Blood","Heavy Blade","Warcry","Shrug It Off","Anger","Havoc","Rage","Inflame","Rebound","Pommel Strike","Heatsinks","Defragment+1","Barricade+1","Leap+1","Conserve Battery+1","Hyperbeam","Entrench+1","Armaments+1","Stack+1","Dark Embrace+1","Corruption+1","Thunderclap+1","Flame Barrier+1","Feel No Pain+1"],"relics":["Burning Blood","Mummified Hand","Frozen Egg 2","Ancient Tea Set","WarpedTongs","Lantern","Mark of Pain","Potion Belt","Toxic Egg 2","Pen Nib","CeramicFish","Letter Opener","Bottled Tornado","Philosopher\u0027s Stone","StoneCalendar","Medical Kit"],"acts_visited":["Exordium","TheCity","TheBeyond"],"potions_floor_usage":[33,33],"damage_taken":[{"damage":0.0,"enemies":"Small Slimes","floor":1.0,"turns":1.0},{"damage":0.0,"enemies":"2 Louse","floor":2.0,"turns":2.0},{"damage":0.0,"enemies":"Cultist","floor":4.0,"turns":3.0},{"damage":0.0,"enemies":"2 Fungi Beasts","floor":5.0,"turns":2.0},{"damage":24.0,"enemies":"Lagavulin","floor":7.0,"turns":5.0},{"damage":0.0,"enemies":"Exordium Thugs","floor":10.0,"turns":3.0},{"damage":21.0,"enemies":"3 Sentries","floor":12.0,"turns":3.0},{"damage":4.0,"enemies":"3 Louse","floor":14.0,"turns":4.0},{"damage":7.0,"enemies":"Slime Boss","floor":16.0,"turns":7.0},{"damage":20.0,"enemies":"Shell Parasite","floor":18.0,"turns":4.0},{"damage":1.0,"enemies":"Chosen","floor":21.0,"turns":3.0},{"damage":22.0,"enemies":"Book of Stabbing","floor":23.0,"turns":6.0},{"damage":22.0,"enemies":"Snake Plant","floor":24.0,"turns":3.0},{"damage":36,"enemies":"Slavers","floor":27,"turns":4},{"damage":0,"enemies":"Centurion and Healer","floor":28,"turns":4},{"damage":0,"enemies":"Cultist and Chosen","floor":29,"turns":4},{"damage":0,"enemies":"3 Cultists","floor":31,"turns":6},{"damage":20,"enemies":"Automaton","floor":33,"turns":10},{"damage":32,"enemies":"3 Shapes","floor":35,"turns":3},{"damage":54,"enemies":"2 Orb Walkers","floor":36,"turns":4},{"damage":18,"enemies":"3 Darklings","floor":39,"turns":2}],"seed_played":"778547550210687013","potions_obtained":[{"floor":1.0,"key":"SpeedPotion"},{"floor":5.0,"key":"Ancient Potion"},{"floor":12.0,"key":"SteroidPotion"},{"floor":21.0,"key":"SkillPotion"},{"floor":24.0,"key":"FearPotion"},{"floor":27,"key":"LiquidBronze"},{"floor":28,"key":"PowerPotion"},{"floor":35,"key":"SpeedPotion"}],"is_trial":false,"path_per_floor":["M","M","?","M","M","?","E","$","T","M","?","E","$","M","R","B",null,"M","?","?","M","$","E","M","R","T","E","M","M","$","M","R","B",null,"M","?","?","$","M"],"character_chosen":"IRONCLAD","items_purchased":["Frozen Egg 2","Toxic Egg 2","Bottled Tornado","Feel No Pain+1","Medical Kit"],"campfire_rested":3,"item_purchase_floors":[8,22,30,38,38],"current_hp_per_floor":[80,80,85,85,85,85,67,67,67,73,73,58,58,60,85,84,85,71,71,71,76,76,60,44,69,69,39,45,51,51,57,82,68,85,59,11,11,11,0,0],"gold":111,"neow_bonus":"","is_daily":true,"chose_seed":false,"campfire_upgraded":0,"win_rate":0.0,"timestamp":1613704321,"path_taken":["M","M","?","M","M","?","E","$","T","?","?","E","$","M","R","BOSS","M","?","?","M","$","E","M","R","T","E","?","M","$","M","R","BOSS","M","?","?","$","M"],"items_purchased_type":["Relic","Relic","Relic","Card","Relic"],"build_version":"2020-12-22","purchased_purges":5,"victory":false,"max_hp_per_floor":[80,80,85,85,85,85,85,85,85,85,85,85,85,85,85,85,85,85,85,85,85,85,85,85,85,85,85,85,85,85,85,85,85,85,85,85,85,85,85,85],"card_choices":[{"not_picked":["Consume","Undo","Reprogram"],"picked":"SKIP","floor":1.0},{"not_picked":["Beam Cell","Cold Snap","Power Through"],"picked":"SKIP","floor":2.0},{"not_picked":["Ball Lightning","Body Slam"],"picked":"Pommel Strike","floor":4.0},{"not_picked":["Auto Shields","Rainbow"],"picked":"Armaments","floor":5.0},{"not_picked":["Sweeping Beam","Rebound"],"picked":"Heatsinks","floor":7.0},{"not_picked":["Streamline","Sweeping Beam"],"picked":"Fusion","floor":10.0},{"not_picked":["Ghostly Armor","Compile Driver"],"picked":"Defragment+1","floor":12.0},{"not_picked":["Gash","Cold Snap","FTL"],"picked":"SKIP","floor":14.0},{"not_picked":["Berserk+1","Brutality+1"],"picked":"Barricade+1","floor":16.0},{"not_picked":["Compile Driver","Sweeping Beam"],"picked":"Leap+1","floor":18.0},{"not_picked":["Perfected Strike","Rupture+1","Clash"],"picked":"SKIP","floor":21.0},{"not_picked":["Clash","Thunderclap"],"picked":"Conserve Battery+1","floor":23.0},{"not_picked":["BootSequence+1","Turbo+1"],"picked":"Hyperbeam","floor":24.0},{"not_picked":["Blood for Blood","BootSequence+1"],"picked":"Entrench+1","floor":27},{"not_picked":["Sweeping Beam+1","Havoc+1"],"picked":"Armaments+1","floor":28},{"not_picked":["Hologram+1","Rupture+1"],"picked":"Stack+1","floor":29},{"not_picked":["Disarm+1","Blood for Blood"],"picked":"Dark Embrace+1","floor":31},{"not_picked":["Brutality+1","Immolate"],"picked":"Corruption+1","floor":33},{"not_picked":["True Grit+1","Havoc+1"],"picked":"Thunderclap+1","floor":35},{"not_picked":["Go for the Eyes","Sweeping Beam"],"picked":"Flame Barrier+1","floor":36}],"player_experience":146565,"relics_obtained":[{"floor":7.0,"key":"Mummified Hand"},{"floor":9.0,"key":"Ancient Tea Set"},{"floor":12.0,"key":"Lantern"},{"floor":23.0,"key":"Pen Nib"},{"floor":26.0,"key":"CeramicFish"},{"floor":27,"key":"Letter Opener"},{"floor":36,"key":"StoneCalendar"}],"event_choices":[{"damage_healed":0.0,"max_hp_gain":5.0,"max_hp_loss":0.0,"gold_gain":0.0,"event_name":"Big Fish","player_choice":"Donut","floor":3.0,"gold_loss":0.0,"damage_taken":0.0},{"cards_removed":["Combust"],"damage_healed":0.0,"max_hp_gain":0.0,"max_hp_loss":0.0,"gold_gain":0.0,"event_name":"Bonfire Elementals","player_choice":"Offered Uncommon","floor":6.0,"gold_loss":0.0,"damage_taken":0.0},{"damage_healed":0.0,"max_hp_gain":0.0,"max_hp_loss":0.0,"gold_gain":0.0,"event_name":"Accursed Blacksmith","player_choice":"Rummage","floor":11.0,"gold_loss":0.0,"damage_taken":0.0,"relics_obtained":["WarpedTongs"],"cards_obtained":["Pain"]},{"damage_healed":0.0,"max_hp_gain":0.0,"max_hp_loss":0.0,"gold_gain":0.0,"event_name":"Addict","player_choice":"Obtained Relic","floor":19.0,"gold_loss":85.0,"damage_taken":0.0,"relics_obtained":["Potion Belt"]},{"damage_healed":0.0,"max_hp_gain":0.0,"max_hp_loss":0.0,"gold_gain":0.0,"event_name":"Wheel of Change","player_choice":"Cursed","floor":20.0,"gold_loss":0.0,"damage_taken":0.0,"cards_obtained":["Decay"]},{"damage_healed":0,"gold_gain":0,"player_choice":"Fight","damage_taken":0,"max_hp_gain":0,"max_hp_loss":0,"event_name":"Mysterious Sphere","floor":36,"gold_loss":0},{"damage_healed":0,"gold_gain":0,"player_choice":"Ignored","damage_taken":0,"max_hp_gain":0,"max_hp_loss":0,"event_name":"Tomb of Lord Red Mask","floor":37,"gold_loss":0}],"is_beta":false,"boss_relics":[{"not_picked":["Tiny House","Black Blood"],"picked":"Mark of Pain"},{"not_picked":["SacredBark","Runic Dome"],"picked":"Philosopher\u0027s Stone"}],"items_purged_floors":[8,13,22,30,38],"is_endless":false,"potions_floor_spawned":[1,5,12,16,21,24,27,28,35],"killed_by":"3 Darklings","ascension_level":0}}