{"host":"ut3q8wc68upnfjmc","time":1613779099,"event":{"mods":["BaseMod","Colored Map","Colored Powertips","Downfall","Minty Spire (QoL Compilation)","StSLib","Unceasing Turn Reminder"],"gold_per_floor":[110,127,35,55,230,230,230,259,259,292,292,305,10,43,43,145,145,160,160,29,39,56,56,71,71,71,71,82,181,181,196,196,292,292,306,318,368,387,19,46,46,76,76,76,101,33,33,64,64,64,64,64,64,89,89,89],"floor_reached":55,"language":"ENG","playtime":2126,"items_purged":["Strike_R","Strike_R"],"score":894,"play_id":"d8d52183-f29c-4bcc-85b2-24328913b1e2","local_time":"20210219175819","is_ascension_mode":true,"campfire_choices":[{"data":"Armaments","floor":7,"key":"SMITH"},{"data":"Uppercut","floor":11,"key":"SMITH"},{"floor":15,"key":"REST"},{"data":"Mayhem","floor":23,"key":"SMITH"},{"data":"Dramatic Entrance","floor":25,"key":"SMITH"},{"data":"Spot Weakness","floor":27,"key":"SMITH"},{"data":"Pommel Strike","floor":30,"key":"SMITH"},{"data":"Double Tap","floor":32,"key":"SMITH"},{"data":"Panacea","floor":44,"key":"SMITH"},{"floor":47,"key":"RECALL"},{"floor":49,"key":"REST"},{"data":"Inflame","floor":52,"key":"SMITH"}],"circlet_count":0,"master_deck":["Strike_R","Strike_R","Strike_R","Defend_R","Defend_R","Defend_R","Defend_R","Bash+1","Armaments+1","Dropkick","Panacea+1","Uppercut+1","Reckless Charge","Shrug It Off","Spot Weakness+1","Mayhem+1","Pommel Strike+1","Double Tap+1","Rage+1","Dramatic Entrance+1","Burning Pact","Carnage","Whirlwind+1","Cleave","Shrug It Off+1","Barricade","Hemokinesis+1","Flex","Inflame+1","Flex+1","Trip","Dropkick","Havoc+1"],"relics":["Burning Blood","Spirit Poop","Red Skull","Bottled Flame","Anchor","Lizard Tail","Philosopher\u0027s Stone","Bottled Tornado","Mark of Pain","Incense Burner","Chemical X","Oddly Smooth Stone","Pantograph","Toxic Egg 2","Boot","Toy Ornithopter"],"acts_visited":["Exordium","TheCity","TheBeyond","TheEnding"],"potions_floor_usage":[8,16,16,22,31,33,36,38,48,55,55],"damage_taken":[{"damage":7,"enemies":"Jaw Worm","floor":1,"turns":3},{"damage":5,"enemies":"Small Slimes","floor":2,"turns":3},{"damage":0,"enemies":"Cultist","floor":4,"turns":2},{"damage":35,"enemies":"3 Sentries","floor":8,"turns":7},{"damage":25,"enemies":"Gremlin Nob","floor":10,"turns":4},{"damage":1,"enemies":"Exordium Thugs","floor":12,"turns":3},{"damage":10,"enemies":"Lagavulin","floor":14,"turns":4},{"damage":30,"enemies":"Hexaghost","floor":16,"turns":7},{"damage":32,"enemies":"3 Byrds","floor":18,"turns":5},{"damage":14,"enemies":"Chosen","floor":21,"turns":5},{"damage":29,"enemies":"Centurion and Healer","floor":22,"turns":5},{"damage":0,"enemies":"Chosen and Byrds","floor":24,"turns":2},{"damage":0,"enemies":"Snecko","floor":28,"turns":2},{"damage":5,"enemies":"Snake Plant","floor":31,"turns":3},{"damage":54,"enemies":"Automaton","floor":33,"turns":7},{"damage":2,"enemies":"Orb Walker","floor":35,"turns":2},{"damage":15,"enemies":"3 Darklings","floor":36,"turns":3},{"damage":0,"enemies":"Mind Bloom Boss Battle","floor":37,"turns":3},{"damage":4,"enemies":"Transient","floor":38,"turns":5},{"damage":16,"enemies":"Reptomancer","floor":40,"turns":4},{"damage":44,"enemies":"Nemesis","floor":42,"turns":3},{"damage":0,"enemies":"Reptomancer","floor":48,"turns":3},{"damage":80,"enemies":"Donu and Deca","floor":50,"turns":7},{"damage":29,"enemies":"Shield and Spear","floor":54,"turns":4},{"damage":97,"enemies":"The Heart","floor":55,"turns":3}],"seed_played":"8192291718260313775","potions_obtained":[{"floor":2,"key":"Ancient Potion"},{"floor":4,"key":"CultistPotion"},{"floor":14,"key":"SkillPotion"},{"floor":16,"key":"ElixirPotion"},{"floor":22,"key":"Fruit Juice"},{"floor":24,"key":"PowerPotion"},{"floor":31,"key":"sneckomod:MuddlingPotion"},{"floor":35,"key":"PowerPotion"},{"floor":36,"key":"Guardian:BlockOnCardUsePotion"},{"floor":48,"key":"BloodPotion"},{"floor":54,"key":"DuplicationPotion"}],"is_trial":false,"path_per_floor":["M","M","$","M","?","?","R","E","T","E","R","M","$","E","R","B",null,"M","?","$","M","M","R","M","R","T","R","M","?","R","M","R","B",null,"M","M","?","M","$","E","?","E","T","R","T","$","R","E","R","B",null,"R","$","E","B"],"character_chosen":"IRONCLAD","items_purchased":["Panacea","Mayhem","Pommel Strike","Dramatic Entrance","Burning Pact","Flex","Chemical X","Inflame","Dropkick"],"campfire_rested":2,"item_purchase_floors":[3,13,13,20,20,39,39,39,46],"current_hp_per_floor":[79,80,80,80,80,80,80,51,51,32,32,37,37,33,57,33,80,54,54,54,46,28,28,34,34,34,34,40,40,40,41,41,48,85,85,76,82,84,84,74,74,36,36,36,36,36,36,59,84,11,85,85,85,62,0,0],"gold":89,"neow_bonus":"UPGRADE_CARD","is_daily":false,"chose_seed":false,"campfire_upgraded":9,"win_rate":0.0,"timestamp":1613779099,"path_taken":["M","M","$","M","?","?","R","E","T","E","R","?","?","E","R","BOSS","M","?","$","M","M","R","M","R","T","R","M","?","R","M","R","BOSS","M","M","?","M","$","E","?","E","T","R","?","$","R","E","R","BOSS","R","$","E","BOSS"],"items_purchased_type":["Card","Card","Card","Card","Card","Card","Relic","Card","Card"],"build_version":"2020-12-22","purchased_purges":2,"victory":false,"max_hp_per_floor":[80,80,80,80,80,80,80,80,80,80,80,80,80,80,80,80,80,80,80,80,80,85,85,85,85,85,85,85,85,85,85,85,85,85,85,85,85,85,85,85,85,85,85,85,85,85,85,85,85,85,85,85,85,85,85,85],"card_choices":[{"not_picked":["Warcry","Wild Strike"],"picked":"Armaments","floor":1},{"not_picked":["Warcry","Clash"],"picked":"Dropkick","floor":2},{"not_picked":["Clash","Anger"],"picked":"Uppercut","floor":4},{"not_picked":["Immolate","Armaments"],"picked":"Reckless Charge","floor":8},{"not_picked":["Feel No Pain","Havoc"],"picked":"Shrug It Off","floor":10},{"not_picked":["Wild Strike","Anger"],"picked":"Spot Weakness","floor":12},{"not_picked":["Pommel Strike","Rupture","Wild Strike"],"picked":"SKIP","floor":14},{"not_picked":["Offering","Berserk"],"picked":"Double Tap","floor":16},{"not_picked":["Havoc","Clothesline"],"picked":"Rage+1","floor":18},{"not_picked":["Pommel Strike","Barricade"],"picked":"Carnage","floor":21},{"not_picked":["Shockwave+1","Entrench"],"picked":"Whirlwind+1","floor":22},{"not_picked":["Ghostly Armor","Iron Wave"],"picked":"Cleave","floor":24},{"not_picked":["Sentinel","Carnage","Entrench"],"picked":"SKIP","floor":28},{"not_picked":["Sentinel","Sword Boomerang"],"picked":"Shrug It Off+1","floor":31},{"not_picked":["Impervious","Feed"],"picked":"Barricade","floor":33},{"not_picked":["Pommel Strike","Dropkick","Shrug It Off"],"picked":"SKIP","floor":35},{"not_picked":["Twin Strike","Iron Wave+1","Body Slam"],"picked":"SKIP","floor":36},{"not_picked":["Twin Strike+1","True Grit"],"picked":"Hemokinesis+1","floor":38},{"not_picked":["Evolve","Pummel"],"picked":"Flex+1","floor":40},{"not_picked":["HandOfGreed","Blind"],"picked":"Trip","floor":41},{"not_picked":["Second Wind","Flame Barrier","Shrug It Off"],"picked":"SKIP","floor":42},{"not_picked":["Sever Soul+1","Pommel Strike","Thunderclap"],"picked":"SKIP","floor":48},{"not_picked":["Pummel+1","Twin Strike+1"],"picked":"Havoc+1","floor":54}],"player_experience":59942,"relics_obtained":[{"floor":8,"key":"Red Skull"},{"floor":9,"key":"Bottled Flame"},{"floor":10,"key":"Anchor"},{"floor":14,"key":"Lizard Tail"},{"floor":26,"key":"Bottled Tornado"},{"floor":37,"key":"Incense Burner"},{"floor":40,"key":"Oddly Smooth Stone"},{"floor":42,"key":"Pantograph"},{"floor":43,"key":"Toxic Egg 2"},{"floor":48,"key":"Boot"},{"floor":54,"key":"Toy Ornithopter"}],"event_choices":[{"damage_healed":0,"gold_gain":175,"player_choice":"AGREE","damage_taken":0,"max_hp_gain":0,"max_hp_loss":0,"event_name":"Liars Game","floor":5,"gold_loss":0,"cards_obtained":["Doubt"]},{"cards_removed":["Doubt"],"damage_healed":0,"gold_gain":0,"player_choice":"Offered Curse","damage_taken":0,"relics_obtained":["Spirit Poop"],"max_hp_gain":0,"max_hp_loss":0,"event_name":"Bonfire Elementals","floor":6,"gold_loss":0},{"damage_healed":0,"gold_gain":99,"player_choice":"Stole From Cult","damage_taken":0,"max_hp_gain":0,"max_hp_loss":0,"event_name":"Nest","floor":29,"gold_loss":0},{"damage_healed":0,"gold_gain":0,"player_choice":"Fight","damage_taken":0,"max_hp_gain":0,"max_hp_loss":0,"event_name":"MindBloom","floor":37,"gold_loss":0},{"damage_healed":0,"gold_gain":0,"player_choice":"Memory 1","damage_taken":0,"max_hp_gain":0,"max_hp_loss":0,"event_name":"SensoryStone","floor":41,"gold_loss":0}],"is_beta":false,"boss_relics":[{"not_picked":["bronze:MakeshiftBattery","Coffee Dripper"],"picked":"Philosopher\u0027s Stone"},{"not_picked":["Cursed Key","Runic Cube"],"picked":"Mark of Pain"}],"items_purged_floors":[13,39],"is_endless":false,"potions_floor_spawned":[2,4,14,16,22,24,31,35,36,48,54],"killed_by":"The Heart","ascension_level":4}}