{"host":"zlmf7uudqr1sj8t0","time":1613712501,"event":{"mods":["BaseMod","Colored Map","DeckTracker","Highlight Path","Minty Spire (QoL Compilation)"],"gold_per_floor":[116,127,127,140,140,173,173,188,188,188,188,262,285,324,324,324,324],"floor_reached":16,"language":"ENG","playtime":795,"items_purged":[],"score":132,"play_id":"a6836cae-5814-42c6-99da-4b140d9fc95f","local_time":"20210218212821","is_ascension_mode":true,"campfire_choices":[{"floor":7,"key":"REST"},{"data":"Madness","floor":11,"key":"SMITH"},{"floor":15,"key":"REST"}],"circlet_count":0,"master_deck":["Strike_B","Strike_B","Strike_B","Strike_B","Defend_B","Defend_B","Defend_B","Defend_B","Zap","Dualcast","Madness+1","Streamline","Beam Cell","Regret","Scrape","Streamline","Gash"],"relics":["Cracked Core","Golden Idol","Darkstone Periapt","PreservedInsect","Mummified Hand","InkBottle","White Beast Statue","Ornamental Fan"],"acts_visited":["Exordium"],"potions_floor_usage":[8,12,16,16],"damage_taken":[{"damage":1,"enemies":"Cultist","floor":1,"turns":3},{"damage":7,"enemies":"Jaw Worm","floor":2,"turns":3},{"damage":0,"enemies":"2 Louse","floor":4,"turns":2},{"damage":50,"enemies":"Lagavulin","floor":6,"turns":6},{"damage":3,"enemies":"Blue Slaver","floor":8,"turns":3},{"damage":3,"enemies":"3 Sentries","floor":12,"turns":5},{"damage":5,"enemies":"Red Slaver","floor":13,"turns":3},{"damage":9,"enemies":"Gremlin Nob","floor":14,"turns":3},{"damage":53,"enemies":"Slime Boss","floor":16,"turns":7}],"seed_played":"-8637507990553155742","potions_obtained":[{"floor":2,"key":"AttackPotion"},{"floor":8,"key":"Explosive Potion"},{"floor":13,"key":"SkillPotion"},{"floor":14,"key":"Swift Potion"}],"is_trial":false,"path_per_floor":["M","M","?","M","?","E","R","M","T","T","R","?","M","E","R","B"],"character_chosen":"DEFECT","items_purchased":[],"campfire_rested":2,"item_purchase_floors":[],"current_hp_per_floor":[74,67,67,67,73,23,45,42,42,42,42,39,34,25,47,0,0],"gold":324,"neow_bonus":"RANDOM_COLORLESS","is_daily":false,"chose_seed":false,"campfire_upgraded":1,"win_rate":0.0,"timestamp":1613712501,"path_taken":["M","M","?","M","?","E","R","M","T","?","R","?","M","E","R","BOSS"],"items_purchased_type":[],"build_version":"2020-12-22","purchased_purges":0,"victory":false,"max_hp_per_floor":[75,75,69,69,75,75,75,75,75,75,75,75,75,75,75,75,75],"card_choices":[{"not_picked":["Bandage Up","Impatience"],"picked":"Madness","floor":0},{"not_picked":["Rip and Tear","Stack"],"picked":"Streamline","floor":1},{"not_picked":["Steam","Hologram"],"picked":"Beam Cell","floor":2},{"not_picked":["Cold Snap","Stack","Compile Driver"],"picked":"SKIP","floor":4},{"not_picked":["Auto Shields","Chill","Heatsinks"],"picked":"SKIP","floor":6},{"not_picked":["Compile Driver","Fission","Fusion"],"picked":"SKIP","floor":8},{"not_picked":["Go for the Eyes","Conserve Battery"],"picked":"Scrape","floor":12},{"not_picked":["Rip and Tear","Consume"],"picked":"Streamline","floor":13},{"not_picked":["Coolheaded","Streamline"],"picked":"Gash","floor":14}],"player_experience":186602,"relics_obtained":[{"floor":6,"key":"PreservedInsect"},{"floor":9,"key":"Mummified Hand"},{"floor":10,"key":"InkBottle"},{"floor":12,"key":"White Beast Statue"},{"floor":14,"key":"Ornamental Fan"}],"event_choices":[{"damage_healed":0,"gold_gain":0,"player_choice":"Lose Max HP","damage_taken":0,"relics_obtained":["Golden Idol"],"max_hp_gain":0,"max_hp_loss":6,"event_name":"Golden Idol","floor":3,"gold_loss":0},{"damage_healed":0,"gold_gain":0,"player_choice":"Box","damage_taken":0,"relics_obtained":["Darkstone Periapt"],"max_hp_gain":0,"max_hp_loss":0,"event_name":"Big Fish","floor":5,"gold_loss":0,"cards_obtained":["Regret"]},{"damage_healed":0,"gold_gain":0,"player_choice":"Searched \u00272\u0027 times","damage_taken":0,"max_hp_gain":0,"max_hp_loss":0,"event_name":"Dead Adventurer","floor":12,"gold_loss":0}],"is_beta":false,"boss_relics":[],"items_purged_floors":[],"is_endless":false,"potions_floor_spawned":[2,8,13,14],"killed_by":"Slime Boss","ascension_level":4}}