{"host":"ymrxmazrubg7ht5t","time":1613758997,"event":{"mods":["2.2 Compatiblity","Act Like it!","Arknights","Bartender","BaseMod","Better Match","Better Note","Colored Powertips","Conspire","Evolution","Gensokyo","HololiveMod","Infinite Spire","Jorbs\u0027s Wanderer Trilogy","Lobotomy","LobotomyExtend","Marisa????????","Minty Spire (QoL Compilation)","Relic Stats","Replay The Spire","Ruina","StSLib","The Cursed","The Marked"],"gold_per_floor":[211,56,56,70,70,84,131,131,131,62,97,108,108,121,121,224,224,224,224],"floor_reached":18,"language":"ENG","playtime":2621,"items_purged":[],"score":160,"play_id":"d7900616-0aab-44d6-bb8a-6a12295ff124","local_time":"20210219142317","is_ascension_mode":false,"campfire_choices":[{"floor":8,"key":"REST"},{"floor":13,"key":"REST"},{"floor":15,"key":"REST"}],"circlet_count":0,"master_deck":["ats:Strike C","ats:Strike G","ats:Strike S","ats:Armor Crushing Shot","ats:Defend","ats:Defend","ats:Defend","ats:Emotion Absorption","ats:Soul Absorption","ats:Thermite Blade","ats:Flame Of Heaven","ats:Healing Strengthening","ats:Ignite","ats:Explosion Area Strengthen","ats:Apocalypse","ats:Roar Of Ursus"],"relics":["ats:Sanity","EVO:Axolotl","Strange Spoon","Simple Rune","infinitespire:FocusingShard","ats:Originium","Snack Pack","Empty Cage"],"acts_visited":["Exordium","ruina:Briah"],"potions_floor_usage":[11,16],"damage_taken":[{"damage":0,"enemies":"Small Slimes","floor":1,"turns":4},{"damage":6,"enemies":"Jaw Worm","floor":4,"turns":6},{"damage":14,"enemies":"infinitespire:Voidling","floor":6,"turns":5},{"damage":38,"enemies":"3 Sentries","floor":11,"turns":12},{"damage":22,"enemies":"Exordium Thugs","floor":12,"turns":6},{"damage":2,"enemies":"conspire:2 RoseBushes","floor":14,"turns":7},{"damage":78,"enemies":"The Guardian","floor":16,"turns":15},{"damage":46,"enemies":"ruina:BadWolf","floor":18,"turns":5}],"seed_played":"6628114876550315229","potions_obtained":[{"floor":4,"key":"CultistPotion"},{"floor":14,"key":"LiquidBronze"}],"is_trial":false,"path_per_floor":["M","$","?","M","$","M","T","R","T","$","E","M","R","M","R","B",null,"M"],"character_chosen":"DOCTOR_CLASS","items_purchased":["Strange Spoon","ats:Healing Strengthening"],"campfire_rested":3,"item_purchase_floors":[2,10],"current_hp_per_floor":[72,72,72,66,66,56,56,72,72,72,34,14,35,33,54,2,72,29,29],"gold":224,"neow_bonus":"HUNDRED_GOLD","is_daily":false,"chose_seed":false,"campfire_upgraded":0,"win_rate":0.0,"timestamp":1613758997,"path_taken":["M","$","?","M","?","?","?","R","T","?","E","M","R","?","R","BOSS","M"],"items_purchased_type":["Relic","Card"],"build_version":"2020-12-22","purchased_purges":0,"victory":false,"max_hp_per_floor":[72,72,72,72,72,72,72,72,72,72,72,72,72,72,72,72,72,72,72],"relic_stats":{"Strange Spoon":[2],"counters":[8,60],"obtain_stats":[{"Strange Spoon":2,"ats:Originium":11,"Simple Rune":7,"infinitespire:FocusingShard":9,"Snack Pack":11,"EVO:Axolotl":0,"ats:Sanity":0,"Empty Cage":17},{"Strange Spoon":1,"ats:Originium":4,"Simple Rune":3,"infinitespire:FocusingShard":3,"Snack Pack":4,"EVO:Axolotl":0,"ats:Sanity":0,"Empty Cage":7},{"Strange Spoon":4,"ats:Originium":27,"Simple Rune":15,"infinitespire:FocusingShard":15,"Snack Pack":27,"EVO:Axolotl":0,"ats:Sanity":0,"Empty Cage":55}]},"card_choices":[{"not_picked":["ats:Serious Mode","ats:Absolute Focus"],"picked":"ats:Soul Absorption","floor":1},{"not_picked":["ats:Song Of Battle","ats:Guard Mode"],"picked":"ats:Thermite Blade","floor":4},{"not_picked":["ats:Guard Mode","ats:Encircling Forest"],"picked":"ats:Flame Of Heaven","floor":6},{"not_picked":["ats:Spore Proliferation","ats:Curse Doll"],"picked":"ats:Ignite","floor":11},{"not_picked":["ats:Powerful Strike","ats:Very Hot Blade"],"picked":"ats:Explosion Area Strengthen","floor":12},{"not_picked":["ats:Guard Mode","ats:Ignite"],"picked":"ats:Apocalypse","floor":14},{"not_picked":["ats:Wolf Pack","ats:Calcification"],"picked":"ats:Roar Of Ursus","floor":16}],"player_experience":461683,"relics_obtained":[{"floor":7,"key":"Simple Rune"},{"floor":9,"key":"infinitespire:FocusingShard"},{"floor":11,"key":"ats:Originium"},{"floor":11,"key":"Snack Pack"}],"event_choices":[],"is_beta":false,"boss_relics":[{"not_picked":["Runic Pyramid","conspire:SeveredTorchhead"],"picked":"Empty Cage"}],"items_purged_floors":[],"is_endless":false,"potions_floor_spawned":[4,14],"killed_by":"ruina:BadWolf","ascension_level":0}}