{"host":"rm0ctv8qd8mnbkg1","time":1613744983,"event":{"mods":["BaseMod","Beaked The Cultist","BetterRewards","Colored Map","DNKmod","Dark Map","Defuse TimeMaze Blight","Downfall","Friendly Minions","Hubris","Marisa????????","Minty Spire (QoL Compilation)","MostiFishMod","Permanent Neow","Rare Cards Sparkle","Relic Sorter","Reliquary","Replay The Spire","RumiaBox-????????","Shade Mod","Shop Mod","Spicy Shops","Spire Arcade","StSLib","The Construct","The Servant 0.9.4","TheVacant","Wandering Minibosses","??????REMEMod"],"gold_per_floor":[10012,10025,9309,9309,9323,9323,9323,9338,9338,9338,9352,9367,9367,9044,9044,9141,9141,9154,8957,8957,8957,8957,8990,8990,9049,9049,9075,9075,9085,9085,8822,8822,8919,8919,8929,8589,8603,8623,8333,8333,8363,8363,8389,8404,8404,8437,8437,8122,8122,8122],"floor_reached":51,"language":"ENG","playtime":1421,"items_purged":[],"score":1169,"play_id":"97d00613-fbf8-4996-9f8e-aa26b8a302e7","local_time":"20210219142943","is_ascension_mode":true,"campfire_choices":[{"data":"MostiFishMod:Wind","floor":6,"key":"SMITH"},{"data":"Sadistic Nature","floor":10,"key":"SMITH"},{"data":"Wish","floor":13,"key":"SMITH"},{"data":"Infinite Blades","floor":15,"key":"SMITH"},{"data":"Sadistic Nature","floor":28,"key":"SMITH"},{"data":"Caltrops","floor":30,"key":"SMITH"},{"data":"Accuracy","floor":32,"key":"SMITH"},{"data":"Infinite Blades","floor":40,"key":"SMITH"},{"data":"Bite","floor":42,"key":"SMITH"},{"data":"MostiFishMod:ButterFly","floor":49,"key":"SMITH"}],"circlet_count":0,"master_deck":["Defend_G","Defend_G+1","Defend_G","Defend_G+1","Defend_G","Survivor","Neutralize","Wish+1","MostiFishMod:Wind+1","Infinite Blades+1","Caltrops+1","Hidden Blade+1","Sadistic Nature+1","Blade Dance+1","Leg Sweep+1","Bane","All Out Attack","Sadistic Nature+1","MostiFishMod:SpreadingSpore+1","Deadly Poison+1","Poisoned Stab+1","Cloak And Dagger+1","Bite+1","Bite","Bite","Bite","Bite","GremboGang","Outmaneuver+1","Dagger Spray+1","Dagger Spray","Accuracy+1","ReplayTheSpireMod:Necrosis+1","Toxin Wave+1","Specialist","Infinite Blades+1","ReplayTheSpireMod:Scrap Shanks","Deadly Poison+1","Deadly Poison+1","Riddle With Holes","Deadly Poison+1","Deadly Poison+1","MostiFishMod:ButterFly+1","Toxin Wave+1","Envenom","Envenom","Slice"],"relics":["REME_ComplimentaryCards","Sizzling Blood","DaveBox","Membership Card","champ:DuelingGlove","Bird Faced Urn","Toxic Egg 2","Thread and Needle","wanderingMiniBosses:CarrionFlame","Pondfish Scales","Bag of Marbles","reliquary:Stiletto","reliquary:PorcupineQuills","Guardian:PocketSentry","REME_HourglassOfDeath","MerchantsRug","hubris:Towel","reliquary:TridentHead","reliquary:Spinner","OriginationStaff","Pear","GodSword7","Replay:Wax Seal","Oddly Smooth Stone","Chemical X","hubris:EmptyBottle","RhineCircuit","Snake Skull","hubris:TenFootPole","War Paint","Sling","ImprovedEquipment","TheAbacus","The Specimen","reliquary:TuningFork","SynthV:C4","reliquary:FingerTrap","Replay:Towering Pillar of Hats"],"acts_visited":["Exordium","TheCity","TheBeyond"],"potions_floor_usage":[12,23],"damage_taken":[{"damage":0,"enemies":"Jaw Worm","floor":1,"turns":2},{"damage":0,"enemies":"Small Slimes","floor":2,"turns":2},{"damage":0,"enemies":"Cultist","floor":5,"turns":2},{"damage":0,"enemies":"2 Fungi Beasts","floor":8,"turns":3},{"damage":0,"enemies":"Exordium Wildlife","floor":11,"turns":3},{"damage":0,"enemies":"3 Louse","floor":12,"turns":5},{"damage":0,"enemies":"Slime Boss","floor":16,"turns":4},{"damage":0,"enemies":"Chosen","floor":18,"turns":3},{"damage":1,"enemies":"Slavers","floor":23,"turns":3},{"damage":0,"enemies":"Book of Stabbing","floor":25,"turns":4},{"damage":0,"enemies":"Gremlin Leader","floor":27,"turns":3},{"damage":0,"enemies":"3 Byrds","floor":29,"turns":2},{"damage":0,"enemies":"Collector","floor":33,"turns":4},{"damage":0,"enemies":"Orb Walker","floor":35,"turns":3},{"damage":0,"enemies":"3 Darklings","floor":37,"turns":2},{"damage":8,"enemies":"4 Shapes","floor":38,"turns":2},{"damage":0,"enemies":"Reptomancer","floor":41,"turns":3},{"damage":18,"enemies":"Sphere and 2 Shapes","floor":44,"turns":2},{"damage":0,"enemies":"Giant Head","floor":46,"turns":3},{"damage":11,"enemies":"Awakened One","floor":50,"turns":5}],"seed_played":"-5474866525612281902","potions_obtained":[{"floor":8,"key":"Swift Potion"},{"floor":41,"key":"SteroidPotion"}],"is_trial":false,"path_per_floor":["M","M","$","?","M","R","?","M","T","R","M","M","R","$","R","B",null,"M","$","?","?","?","E","T","E","T","E","R","M","R","$","R_BF","B",null,"M","$","M","M","$","R","E","R","T","M","?","E","?","$","R","B",null],"character_chosen":"THE_SILENT","items_purchased":["champ:DuelingGlove","Bird Faced Urn","Gremlin Food","Toxic Egg 2","Caltrops","Hidden Blade+1","Sadistic Nature","LiquidBronze","Pondfish Scales","Sadistic Nature","Bag of Marbles","reliquary:Stiletto","reliquary:PorcupineQuills","Guardian:PocketSentry","REME_HourglassOfDeath","Poisoned Stab+1","MerchantsRug","Cloak And Dagger+1","Replay:Wax Seal","Oddly Smooth Stone","Chemical X","hubris:EmptyBottle","Accuracy","Snake Skull","hubris:TenFootPole","War Paint","Sling","Specialist","ReplayTheSpireMod:Scrap Shanks","ImprovedEquipment","Deadly Poison+1","Riddle With Holes","TheAbacus","reliquary:FingerTrap","Envenom","Replay:Towering Pillar of Hats","Slice"],"campfire_rested":0,"item_purchase_floors":[3,3,3,3,3,3,3,3,14,14,14,14,14,19,19,19,19,19,31,31,31,31,31,36,36,36,36,36,39,39,39,39,39,48,48,48,48],"current_hp_per_floor":[1000,1000,1000,1004,1004,1004,1004,1004,1004,1004,1004,1004,1004,1004,1004,1004,1004,1004,1004,702,702,702,702,702,702,712,712,712,712,712,712,712,712,712,712,712,712,708,708,708,712,712,712,703,703,712,712,712,712,712],"gold":8122,"neow_bonus":"ONE_RANDOM_RARE_CARD","is_daily":false,"chose_seed":false,"campfire_upgraded":10,"win_rate":0.0,"timestamp":1613744983,"path_taken":["M","M","$","?","M","R","?","M","T","R","?","M","R","$","R","BOSS","M","$","?","?","?","E","?","E","T","E","R","M","R","$","R_BF","BOSS","M","$","M","M","$","R","E","R","T","M","?","E","?","?","R","BOSS"],"items_purchased_type":["Relic","Relic","Relic","Relic","Card","Card","Card","Potion","Relic","Card","Relic","Relic","Relic","Relic","Relic","Card","Relic","Card","Relic","Relic","Relic","Relic","Card","Relic","Relic","Relic","Relic","Card","Card","Relic","Card","Card","Relic","Relic","Card","Relic","Card"],"build_version":"2020-12-22","purchased_purges":0,"victory":true,"max_hp_per_floor":[1000,1000,1000,1004,1004,1004,1004,1004,1004,1004,1004,1004,1004,1004,1004,1004,1004,1004,1004,702,702,702,702,702,702,712,712,712,712,712,712,712,712,712,712,712,712,712,712,712,712,712,712,712,712,712,712,712,712,712],"card_choices":[{"not_picked":["hubris:TrickCloak","Underhanded Strike","Acrobatics"],"picked":"SKIP","floor":1},{"not_picked":["Choke","MostiFishMod:PerfectParry"],"picked":"Infinite Blades","floor":2},{"not_picked":["Backflip+1","hubris:Counter"],"picked":"Blade Dance+1","floor":5},{"not_picked":["Underhanded Strike","Sneak Up+1"],"picked":"Leg Sweep+1","floor":8},{"not_picked":["hubris:TrickCloak+1","Infinite Blades"],"picked":"Bane","floor":11},{"not_picked":["hubris:SlightOfHand+1","Dagger Throw"],"picked":"All Out Attack","floor":12},{"not_picked":["Poison Darts+1","Doppelganger+1"],"picked":"MostiFishMod:SpreadingSpore+1","floor":16},{"not_picked":["Outmaneuver+1","Slice"],"picked":"Deadly Poison+1","floor":18},{"not_picked":["Dodge and Roll+1","hubris:TrickCloak+1"],"picked":"Outmaneuver+1","floor":23},{"not_picked":["Hidden Blade+1","hubris:SlightOfHand+1"],"picked":"Dagger Spray+1","floor":25},{"not_picked":["Dagger Throw","REME_ShadowStrike","hubris:SlightOfHand+1"],"picked":"SKIP","floor":27},{"not_picked":["Slice","MostiFishMod:ThornCasing"],"picked":"Dagger Spray","floor":29},{"not_picked":["REME_SpectralBlade","REME_CopyPotion+1"],"picked":"ReplayTheSpireMod:Necrosis+1","floor":33},{"not_picked":["Calculated Gamble+1","Deadly Poison+1"],"picked":"Toxin Wave+1","floor":35},{"not_picked":["Quick Slash","Underhanded Strike+1"],"picked":"Infinite Blades","floor":37},{"not_picked":["Leg Sweep+1","Deflect+1","Bane"],"picked":"SKIP","floor":38},{"not_picked":["Dodge and Roll+1","Die Die Die"],"picked":"Deadly Poison+1","floor":41},{"not_picked":["Backflip+1","Blade Dance+1"],"picked":"Deadly Poison+1","floor":44},{"not_picked":["hubris:Insight+1","MostiFishMod:SupremeArchaeology+1"],"picked":"MostiFishMod:ButterFly","floor":45},{"not_picked":["Riddle With Holes+1","Outmaneuver+1"],"picked":"Toxin Wave+1","floor":46}],"player_experience":386064,"relics_obtained":[{"floor":9,"key":"Thread and Needle"},{"floor":12,"key":"wanderingMiniBosses:CarrionFlame"},{"floor":23,"key":"reliquary:TridentHead"},{"floor":24,"key":"reliquary:Spinner"},{"floor":25,"key":"OriginationStaff"},{"floor":26,"key":"Pear"},{"floor":27,"key":"GodSword7"},{"floor":41,"key":"The Specimen"},{"floor":43,"key":"reliquary:TuningFork"},{"floor":46,"key":"SynthV:C4"}],"event_choices":[{"cards_removed":["Strike_G"],"damage_healed":0,"gold_gain":0,"player_choice":"Card Removal","damage_taken":0,"max_hp_gain":0,"max_hp_loss":0,"event_name":"Wheel of Change","floor":7,"gold_loss":0},{"damage_healed":0,"gold_gain":0,"player_choice":"Became a vampire","damage_taken":0,"max_hp_gain":0,"max_hp_loss":302,"event_name":"Vampires","floor":20,"gold_loss":0,"cards_obtained":["Bite","Bite","Bite","Bite","Bite"]},{"damage_healed":0,"gold_gain":0,"player_choice":"Memory 1","damage_taken":0,"max_hp_gain":0,"max_hp_loss":0,"event_name":"SensoryStone","floor":45,"gold_loss":0}],"is_beta":false,"boss_relics":[{"not_picked":["ReplayTheSpireMod:DimensionalGlitch","xbg"],"picked":"Snecko Scales"},{"not_picked":["reliquary:Ember","hubris:HollowSoul"],"picked":"RhineCircuit"}],"items_purged_floors":[],"is_endless":false,"potions_floor_spawned":[8,11,29,41,44],"ascension_level":1}}