{"host":"ab7pxspaffl0aqg0","time":1613728853,"event":{"mods":["BaseMod","BetterRewards","Colored Map","Downfall","Hubris","Infinite Spire","Minty Spire (QoL Compilation)","Prisma Mod","Relic Sorter","Replay The Spire","Shop Mod","StSLib"],"gold_per_floor":[99,111,123,143,143,143,168,168,183,200,218,251,251,251,271,376,376,276,36,36,62,84,84,84,94,94,88,88,88,88,103,122,219,219,219,233,283,301,301,301,301,316,0,0,0,16,16,26,36,36],"floor_reached":51,"language":"ENG","playtime":5231,"items_purged":["Writhe","Writhe","hexamod:Strike"],"score":751,"play_id":"c5426dae-c252-4053-bc74-274ac7429cc0","local_time":"20210219020053","is_ascension_mode":false,"campfire_choices":[{"data":"hexamod:Float","floor":1.0,"key":"SMITH"},{"data":"hexamod:VolcanoVisage","floor":6.0,"key":"SMITH"},{"data":"hexamod:HeatShield","floor":18.0,"key":"SMITH"},{"data":"hexamod:Toasty","floor":28.0,"key":"SMITH"},{"data":"hexamod:BurningTouch","floor":30.0,"key":"SMITH"},{"data":"hexamod:HexaLevel","floor":35.0,"key":"SMITH"},{"floor":40.0,"key":"RECALL"},{"data":"hexamod:RadiantFlame","floor":45,"key":"SMITH"},{"floor":47,"key":"REST"}],"circlet_count":0,"master_deck":["hexamod:Strike","hexamod:Strike","hexamod:Strike+1","hexamod:Defend","hexamod:Defend","hexamod:Defend","hexamod:Defend","hexamod:Sear","hexamod:Float+1","hexamod:StepThrough","hexamod:SpectralSpark+1","hexamod:VolcanoVisage+1","hexamod:HeatShield+1","hexamod:PhantomFireball","hexamod:Toasty+1","hexamod:BurningTouch+1","hexamod:Firestarter","hexamod:GhostOfSpireFuture+1","hexamod:RadiantFlame+1","hexamod:HexaLevel+1","hexamod:DynamicBlow+1","hexamod:ThermalTransfer","hexamod:FlamesFromBeyond"],"relics":["hexamod:SpiritBrand","downfall:KnowingSkull","infinitespire:Beetle Shell","Orichalcum","Art of War","Sozu","downfall:HeartBlessingGreen","Bronze Scales","Question Card","Blue Candle","Nunchaku","hexamod:TheBrokenSeal","ReplayTheSpireMod:CursedCoin","hexamod:IceCube","Calipers","ReplayFunnel","Replay:Ringing Soul","hubris:EmptyBottle","Anchor"],"acts_visited":["Exordium","TheCity","TheBeyond"],"potions_floor_usage":[],"damage_taken":[{"damage":0.0,"enemies":"2 Louse","floor":2.0,"turns":3.0},{"damage":1.0,"enemies":"Jaw Worm","floor":3.0,"turns":3.0},{"damage":0.0,"enemies":"Small Slimes","floor":4.0,"turns":3.0},{"damage":2.0,"enemies":"Exordium Thugs","floor":9.0,"turns":5.0},{"damage":0.0,"enemies":"downfall:LooterAlt","floor":10.0,"turns":3.0},{"damage":7.0,"enemies":"2 Fungi Beasts","floor":11.0,"turns":3.0},{"damage":11.0,"enemies":"Lagavulin","floor":12.0,"turns":8.0},{"damage":1.0,"enemies":"Exordium Thugs","floor":15.0,"turns":3.0},{"damage":17.0,"enemies":"SI_SHIV_ARCHETYPE","floor":16.0,"turns":8.0},{"damage":0.0,"enemies":"downfall:FleeingMerchant","floor":19.0,"turns":4.0},{"damage":0.0,"enemies":"3 Byrds","floor":21.0,"turns":4.0},{"damage":27.0,"enemies":"Spheric Guardian","floor":22.0,"turns":6.0},{"damage":28.0,"enemies":"Shelled Parasite and Fungi","floor":25.0,"turns":6.0},{"damage":0.0,"enemies":"downfall:FleeingMerchant","floor":27.0,"turns":4.0},{"damage":1.0,"enemies":"Snake Plant","floor":31.0,"turns":2.0},{"damage":1.0,"enemies":"3 Cultists","floor":32.0,"turns":4.0},{"damage":51.0,"enemies":"IC_MUSHROOM_ARCHETYPE","floor":33.0,"turns":7.0},{"damage":2.0,"enemies":"Orb Walker","floor":36.0,"turns":4.0},{"damage":24.0,"enemies":"Orb Walker","floor":37.0,"turns":5.0},{"damage":16.0,"enemies":"3 Shapes","floor":38.0,"turns":3.0},{"damage":1,"enemies":"Transient","floor":42,"turns":5},{"damage":1,"enemies":"downfall:FleeingMerchant","floor":43,"turns":4},{"damage":12,"enemies":"3 Darklings","floor":46,"turns":5},{"damage":1,"enemies":"4 Shapes","floor":48,"turns":6},{"damage":9,"enemies":"Sphere and 2 Shapes","floor":49,"turns":6},{"damage":16,"enemies":"WA_ARCHETYPE_DIVINITY","floor":50,"turns":9}],"seed_played":"4049504885383099308","potions_obtained":[{"floor":4.0,"key":"Dexterity Potion"},{"floor":11.0,"key":"GamblersBrew"},{"floor":12.0,"key":"Swift Potion"},{"floor":15.0,"key":"Milkshake"}],"is_trial":false,"path_per_floor":["R","M","M","M","?","R","T","?","M","M","M","E","?","?","M","B",null,"R","$","?","M","M","AVR","T","M","?","$","R","?","R","M","M","B",null,"R","M","?","M","?","R","T","M","$","?","R","M","R","M","M","B",null],"character_chosen":"THE_SPIRIT","items_purchased":["hexamod:SecondSeal","Bronze Scales","ReplayTheSpireMod:CursedCoin","hexamod:BurningTouch","hexamod:Firestarter","ReplayFunnel","Replay:Ringing Soul","hubris:EmptyBottle"],"campfire_rested":1,"item_purchase_floors":[19,19,27,27,27,43,43,43],"current_hp_per_floor":[70,70,69,69,53,53,53,53,51,51,44,33,33,33,32,15,70,70,70,70,70,43,43,43,15,15,80,80,73,73,72,71,20,80,80,78,54,38,70,70,70,69,68,68,68,56,70,69,63,47],"gold":36,"neow_bonus":"RANDOM_COMMON_RELIC","is_daily":false,"chose_seed":false,"campfire_upgraded":7,"win_rate":0.0,"timestamp":1613728853,"path_taken":["R","M","M","M","?","R","T","?","M","M","M","E","?","?","M","BOSS","R","$","?","M","M","AVR","T","M","?","$","R","?","R","M","M","BOSS","R","M","?","M","?","R","T","M","$","?","R","M","R","M","M","BOSS"],"items_purchased_type":["Card","Relic","Relic","Card","Card","Relic","Relic","Relic"],"build_version":"2020-12-22","purchased_purges":3,"victory":true,"max_hp_per_floor":[70,70,70,70,70,70,70,70,70,70,70,70,70,70,70,70,70,70,70,70,70,70,70,70,70,70,80,80,80,80,80,80,80,80,80,80,80,80,70,70,70,70,70,70,70,70,70,70,73,73],"card_choices":[{"not_picked":["hexamod:SpectralAdrenaline","hexamod:PowerFromBeyond"],"picked":"hexamod:StepThrough","floor":2.0},{"not_picked":["hexamod:GhostShield","hexamod:SpectersWail"],"picked":"hexamod:SpectralSpark","floor":3.0},{"not_picked":["hexamod:SwordOfDarkness","hexamod:SuperheatedStrike"],"picked":"hexamod:VolcanoVisage","floor":4.0},{"not_picked":["hexamod:ShieldOfDarkness","hexamod:Firestarter"],"picked":"hexamod:HeatShield","floor":9.0},{"not_picked":["hexamod:Firestarter","hexamod:Again"],"picked":"hexamod:PhantomFireball","floor":10.0},{"not_picked":["hexamod:SwordOfDarkness","hexamod:SpectersWail","hexamod:NecessarySacrifice"],"picked":"SKIP","floor":11.0},{"not_picked":["hexamod:GhostShield","hexamod:FastForward","hexamod:NightmareGuise"],"picked":"SKIP","floor":12.0},{"not_picked":["hexamod:HeatShield","hexamod:SwordOfDarkness","hexamod:Firestarter"],"picked":"SKIP","floor":15.0},{"not_picked":["hexamod:VolcanoVisage","hexamod:ForkedFlame"],"picked":"hexamod:FifthSeal","floor":16.0},{"not_picked":["hexamod:RainOfEmbers","hexamod:NecessarySacrifice"],"picked":"hexamod:Toasty","floor":19.0},{"not_picked":["hexamod:FourthSeal","hexamod:ThirdSeal"],"picked":"hexamod:SixthSeal","floor":21.0},{"not_picked":["hexamod:GhostOfSpirePast+1","hexamod:BurningTouch","hexamod:InspiringFlames"],"picked":"hexamod:ThirdSeal","floor":21.0},{"not_picked":["hexamod:ThirdSeal","hexamod:SecondSeal"],"picked":"hexamod:FirstSeal","floor":22.0},{"not_picked":["hexamod:NecessarySacrifice","hexamod:Firestarter","hexamod:Hexaguard"],"picked":"hexamod:FourthSeal","floor":22.0},{"not_picked":["hexamod:InspiringFlames","hexamod:HauntingEcho","hexamod:SpectersWail","hexamod:SwordOfDarkness+1"],"picked":"SKIP","floor":25.0},{"not_picked":["hexamod:AdvancingGuard","hexamod:SpectralAdrenaline","hexamod:GhostOfSpirePresent","hexamod:NightmareGuise+1"],"picked":"SKIP","floor":27.0},{"not_picked":["hexamod:BurningTouch","hexamod:ThirdSeal","hexamod:HauntingEcho"],"picked":"hexamod:GhostOfSpireFuture+1","floor":31.0},{"not_picked":["hexamod:SwordOfDarkness+1","hexamod:PhantomCloak","hexamod:SpectersWail"],"picked":"hexamod:RadiantFlame","floor":32.0},{"not_picked":["hexamod:SearingWound","hexamod:GhostOfSpirePresent","hexamod:TimeOfNeed"],"picked":"hexamod:HexaLevel","floor":33.0},{"not_picked":["hexamod:SecondSeal","hexamod:InspiringFlames+1","hexamod:NightmareGuise"],"picked":"hexamod:DynamicBlow+1","floor":36.0},{"not_picked":["hexamod:ShieldOfDarkness","hexamod:Firestarter","hexamod:HeatMetal","hexamod:Again"],"picked":"SKIP","floor":38.0},{"not_picked":["hexamod:GhostOfSpireFuture+1","hexamod:PhantomFireball+1","hexamod:BacktrackSmack"],"picked":"hexamod:ThermalTransfer","floor":42},{"not_picked":["hexamod:AdvancingGuard+1","hexamod:NightmareGuise","hexamod:InspiringFlames+1","hexamod:Firestarter"],"picked":"SKIP","floor":43},{"not_picked":["hexamod:SwordOfDarkness+1","hexamod:SuperheatedStrike","hexamod:BurningTouch","hexamod:Rewind"],"picked":"SKIP","floor":46},{"not_picked":["hexamod:ShieldOfDarkness","hexamod:Hexaguard+1","hexamod:InspiringFlames+1","hexamod:GhostflameInferno"],"picked":"SKIP","floor":48},{"not_picked":["hexamod:NightmareGuise+1","hexamod:RetreatToShadows","hexamod:ThermalTransfer"],"picked":"hexamod:FlamesFromBeyond","floor":49}],"player_experience":206756,"relics_obtained":[{"floor":7.0,"key":"Orichalcum"},{"floor":12.0,"key":"Art of War"},{"floor":24.0,"key":"Nunchaku"},{"floor":37.0,"key":"Calipers"},{"floor":44,"key":"Anchor"}],"event_choices":[{"damage_healed":0.0,"max_hp_gain":0.0,"max_hp_loss":0.0,"gold_gain":0.0,"event_name":"NoteForYourself","player_choice":"Ignored","floor":14.0,"gold_loss":0.0,"damage_taken":0.0},{"damage_healed":0.0,"max_hp_gain":0.0,"max_hp_loss":0.0,"gold_gain":0.0,"event_name":"Vampires","player_choice":"Ignored","floor":26.0,"gold_loss":0.0,"damage_taken":0.0}],"is_beta":false,"boss_relics":[{"not_picked":["hubris:Stopwatch","hubris:CrackedHourglass"],"picked":"Sozu"},{"not_picked":["hubris:Backtick","Ring of Chaos"],"picked":"hexamod:IceCube"}],"items_purged_floors":[23,27,43],"is_endless":false,"potions_floor_spawned":[4,11,12,15,16,22,25,31,33,37,38,46,49],"ascension_level":0}}