{"host":"sxaoifcprvg3ww0o","time":1613731390,"event":{"mods":["Act Like it!","Arknights","BaseMod","Downfall","GifTheSpireLib","Hermit","KinomotoSakuraMod(ƒæ÷Æ±æ”£)","Lobotomy","LobotomyExtend","Marisa£®ÏF”Í°°ƒß¿Ì…≥£©","Minty Spire (QoL Compilation)","Prisma Mod","Quick Restart","Reimu£®≤©¿ˆ¡È√Œ£©","Reliquary","Remilia£®¿Ÿ√◊¿Ú—«£©","Replay The Spire","StSLib","The Bug Knight","The Senshi","Waifu the Spire","WarShipGirlsR/’ΩΩ¢…Ÿ≈ÆR mod","Yakumo Yukari mod","Youmu£®ªÍ∆«—˝√Œ£©","Yuyuko","°æ“≈ŒÔø®≈∆°øREMEMod"],"gold_per_floor":[136,146,195,470,59,59,76,1,1,1,36,36,36,55,55,150,150,150,150],"floor_reached":18,"language":"ZHS","playtime":876,"items_purged":["Computing_the_future_purpleEX"],"score":158,"play_id":"59b81fb7-fd3a-476c-970c-5507e05fedfe","local_time":"20210219184310","is_ascension_mode":false,"campfire_choices":[{"data":"Human_Monster_Realm_purple","floor":6,"key":"SMITH"},{"data":"MagicEyes_LaplaceDemon_purple","floor":10,"key":"SMITH"},{"data":"GluttonyofRealm_purpleEX","floor":12,"key":"SMITH"},{"data":"Observe_purple_2","floor":15,"key":"SMITH"}],"circlet_count":0,"master_deck":["AT_purpleEX","AT_purpleEX","Defend_purpleEX","Defend_purpleEX","Defend_purpleEX","Observe_purple_1","Observe_purple_2+1","Bait_HighSpeedFlying_purple+1","BarrageBoundary_PipeDream_purple+1","Theboundaryofcreation_purpleEX+1","GluttonyofRealm_purpleEX+1","Human_Monster_Realm_purple+1","Computing_the_future_purpleEX","MagicEyes_LaplaceDemon_purple+1","UniverseChoice_purple","Pot Of Greed","Pot Of Greed"],"relics":["Memoryfragments_purpleEX","REME_ComplimentaryCards","Astrolabe","LetterFromLob","Omamori","BargainBundle","Bottled Flame","reliquary:GummyVitamins","Calling Bell","Chameleon Ring","StoneCalendar","Grinning Jar"],"acts_visited":["Exordium","TheCity"],"potions_floor_usage":[16,16],"damage_taken":[{"damage":1,"enemies":"Cultist","floor":1,"turns":3},{"damage":6,"enemies":"Jaw Worm","floor":2,"turns":3},{"damage":12,"enemies":"2 Louse","floor":7,"turns":2},{"damage":23,"enemies":"Lagavulin","floor":11,"turns":7},{"damage":7,"enemies":"Blue Slaver","floor":14,"turns":2},{"damage":16,"enemies":"Fading Forest","floor":16,"turns":11}],"seed_played":"-114180993825123989","potions_obtained":[{"floor":16,"key":"Adrenaline Potion"}],"is_trial":false,"path_per_floor":["M","M","T","?","$","R","M","$","T","R","E","R","$","M","R","B",null,"M"],"character_chosen":"Youkari","items_purchased":["GluttonyofRealm_purpleEX","BargainBundle","Human_Monster_Realm_purple","Computing_the_future_purpleEX","Fire Potion","Fire Potion","LiquidBronze","MagicEyes_LaplaceDemon_purple"],"campfire_rested":0,"item_purchase_floors":[5,5,5,5,5,5,5,8],"current_hp_per_floor":[69,64,64,64,64,64,52,52,52,52,30,30,30,28,28,26,74,0,0],"gold":150,"neow_bonus":"BOSS_RELIC","is_daily":false,"chose_seed":false,"campfire_upgraded":4,"win_rate":0.0,"timestamp":1613731390,"path_taken":["M","M","?","?","$","R","M","$","T","R","E","R","$","M","R","BOSS","M"],"items_purchased_type":["Card","Relic","Card","Card","Potion","Potion","Potion","Card"],"build_version":"2020-12-22","purchased_purges":1,"victory":false,"max_hp_per_floor":[70,70,70,70,70,70,70,70,70,70,70,70,70,74,74,74,74,1,1],"card_choices":[{"not_picked":["ExistenceContinue_purple","AdvanceAttack_purple","Umbrella_purple"],"picked":"SKIP","floor":1},{"not_picked":["MetroBOOM_purple","RuptureOfTimeAndSpace_purple","StateDuplicate_purple"],"picked":"SKIP","floor":2},{"not_picked":["DimensionStaggered_purple","Mirror_FormAndEmptin_purple","MNeedle_purple"],"picked":"SKIP","floor":7},{"not_picked":["Mirror_FormAndEmptin_purple","StateDuplicate_purple","MNeedle_purple"],"picked":"SKIP","floor":11},{"not_picked":["Bait_HighSpeedFlying_purple","DimensionStaggered_purple","Extrememeaning_purpleEX"],"picked":"SKIP","floor":14},{"not_picked":["Computing_the_future_purpleEX","Know_ledgeAbilityRealm_purple"],"picked":"UniverseChoice_purple","floor":16}],"player_experience":580860,"relics_obtained":[{"floor":1,"key":"LetterFromLob"},{"floor":3,"key":"Omamori"},{"floor":9,"key":"Bottled Flame"},{"floor":11,"key":"reliquary:GummyVitamins"},{"floor":17,"key":"Chameleon Ring"},{"floor":17,"key":"StoneCalendar"},{"floor":17,"key":"Grinning Jar"}],"event_choices":[{"damage_healed":0,"gold_gain":275,"player_choice":"Desecrate","damage_taken":0,"max_hp_gain":0,"max_hp_loss":0,"event_name":"Golden Shrine","floor":4,"gold_loss":0,"cards_obtained":["Regret"]}],"is_beta":false,"boss_relics":[{"not_picked":["RedLine:ReiMu","Sozu"],"picked":"Calling Bell"}],"items_purged_floors":[5],"is_endless":false,"potions_floor_spawned":[11,14,16],"ascension_level":0}}