{"host":"fwdkxxz7291ipt0p","time":1613736160,"event":{"mods":["AchievementEnabler","Act Like it!","BaseMod","Minty Spire (QoL Compilation)","MostiFishMod","Practice Mode","Relic Filter Mod","Relic Stats","Spicy Shops","StSLib"],"gold_per_floor":[111,131,56,56,56,56,72,72,72,72,85,96,111,11,11,112,112,125,0,0,17,17,46,60,60,60,10,21,21,21,41,41,136,136,147,147,97,115,115,115,161,111,111,121,132,161,161,175,175,175],"floor_reached":51,"language":"ZHS","playtime":1390,"items_purged":["Strike_R","Strike_R","Defend_R","Strike_R","Defend_R","Defend_R"],"score":937,"play_id":"13ac6c41-2e7e-4acc-a81f-35f8a64854c5","local_time":"20210219200240","is_ascension_mode":false,"campfire_choices":[{"data":"Searing Blow","floor":8.0,"key":"SMITH"},{"data":"Searing Blow+1","floor":10.0,"key":"SMITH"},{"data":"Searing Blow+2","floor":15.0,"key":"SMITH"},{"data":"Searing Blow+3","floor":25.0,"key":"SMITH"},{"data":"Searing Blow+4","floor":30,"key":"SMITH"},{"data":"Searing Blow+5","floor":32,"key":"SMITH"},{"data":"Searing Blow+6","floor":40,"key":"SMITH"},{"data":"Searing Blow+7","floor":47,"key":"SMITH"},{"data":"Searing Blow+8","floor":49,"key":"SMITH"}],"circlet_count":0,"master_deck":["Strike_R","Strike_R","Defend_R","Bash+1","Searing Blow+9","Shrug It Off","Pommel Strike+1"],"relics":["Burning Blood","DaveBox","Civilization","Potion Belt","SynthV:TestCard","Boot","Happy Flower","GreenFoldingFan","MutagenicStrength","Smiling Mask","PreservedInsect","Meat on the Bone","GuanYuAspect","BionicSphere","Kunai","Blood Vial"],"acts_visited":["Exordium","TheCity","TheBeyond"],"potions_floor_usage":[35,50,50],"damage_taken":[{"damage":3.0,"enemies":"Jaw Worm","floor":1.0,"turns":4.0},{"damage":6.0,"enemies":"Cultist","floor":2.0,"turns":3.0},{"damage":0.0,"enemies":"Small Slimes","floor":7.0,"turns":3.0},{"damage":0.0,"enemies":"3 Louse","floor":11.0,"turns":2.0},{"damage":0.0,"enemies":"Looter","floor":12.0,"turns":1.0},{"damage":6.0,"enemies":"Large Slime","floor":13.0,"turns":3.0},{"damage":55.0,"enemies":"Hexaghost","floor":16.0,"turns":6.0},{"damage":4.0,"enemies":"Shell Parasite","floor":18.0,"turns":2.0},{"damage":4.0,"enemies":"Spheric Guardian","floor":21.0,"turns":2.0},{"damage":42.0,"enemies":"Gremlin Leader","floor":23.0,"turns":3.0},{"damage":17.0,"enemies":"3 Cultists","floor":24.0,"turns":4.0},{"damage":6,"enemies":"Snecko","floor":28,"turns":3},{"damage":4,"enemies":"Centurion and Healer","floor":31,"turns":2},{"damage":84,"enemies":"Champ","floor":33,"turns":8},{"damage":10,"enemies":"3 Darklings","floor":35,"turns":5},{"damage":2,"enemies":"Orb Walker","floor":38,"turns":1},{"damage":9,"enemies":"2 Orb Walkers","floor":41,"turns":2},{"damage":4,"enemies":"Sphere and 2 Shapes","floor":44,"turns":2},{"damage":4,"enemies":"Spire Growth","floor":45,"turns":2},{"damage":26,"enemies":"Nemesis","floor":46,"turns":3},{"damage":6,"enemies":"4 Shapes","floor":48,"turns":3},{"damage":6,"enemies":"Time Eater","floor":50,"turns":3}],"seed_played":"1533048706214634085","potions_obtained":[{"floor":2.0,"key":"AttackPotion"},{"floor":12.0,"key":"Explosive Potion"},{"floor":16.0,"key":"Dexterity Potion"},{"floor":18.0,"key":"SteroidPotion"},{"floor":23.0,"key":"BloodPotion"},{"floor":38,"key":"DuplicationPotion"}],"is_trial":false,"path_per_floor":["M","M","$","?","$","?","M","R","T","R","M","M","M","$","R","B",null,"M","$","?","M","?","E","M","R","T","$","M","?","R","M","R","B",null,"M","?","$","M","?","R","?","$","T","M","M","E","R","M","R","B",null],"character_chosen":"IRONCLAD","items_purchased":[],"campfire_rested":0,"item_purchase_floors":[],"current_hp_per_floor":[81,83,83,83,83,71,81,81,81,81,92,97,102,102,102,58,107,112,112,112,117,117,96,100,100,100,100,115,132,132,137,137,86,71,76,76,76,81,77,77,82,82,82,87,92,83,83,98,98,107],"gold":175,"neow_bonus":"RANDOM_COMMON_RELIC","is_daily":false,"chose_seed":false,"campfire_upgraded":9,"win_rate":0.0,"timestamp":1613736160,"path_taken":["M","M","$","?","?","?","M","R","T","R","M","M","M","$","R","BOSS","M","$","?","M","?","E","M","R","T","$","M","?","R","M","R","BOSS","M","?","$","M","?","R","?","$","T","?","M","E","R","M","R","BOSS"],"items_purchased_type":[],"build_version":"2020-12-22","purchased_purges":6,"victory":true,"max_hp_per_floor":[81,83,83,83,83,83,87,87,87,87,92,97,102,102,102,107,107,112,112,112,117,117,122,127,127,127,127,132,132,132,137,137,142,71,76,76,76,81,77,77,82,82,82,87,92,97,97,102,102,107],"relic_stats":{"Blood Vial":2,"Happy Flower":[19],"counters":[22,67],"PreservedInsect":47,"Kunai":[6],"Boot":[16],"Smiling Mask":375,"obtain_stats":[{"Potion Belt":0,"DaveBox":0,"Happy Flower":9,"PreservedInsect":23,"Boot":6,"Smiling Mask":22,"Burning Blood":0,"Blood Vial":46,"Civilization":0,"GreenFoldingFan":17,"SynthV:TestCard":1,"GuanYuAspect":34,"MutagenicStrength":20,"BionicSphere":41,"Kunai":43,"Meat on the Bone":26},{"Potion Belt":0,"DaveBox":0,"Happy Flower":3,"PreservedInsect":10,"Boot":2,"Smiling Mask":9,"Burning Blood":0,"Blood Vial":20,"Civilization":0,"GreenFoldingFan":7,"SynthV:TestCard":1,"GuanYuAspect":14,"MutagenicStrength":8,"BionicSphere":17,"Kunai":17,"Meat on the Bone":11},{"Potion Belt":0,"DaveBox":0,"Happy Flower":10,"PreservedInsect":29,"Boot":7,"Smiling Mask":26,"Burning Blood":0,"Blood Vial":61,"Civilization":0,"GreenFoldingFan":22,"SynthV:TestCard":4,"GuanYuAspect":46,"MutagenicStrength":24,"BionicSphere":54,"Kunai":54,"Meat on the Bone":33}],"Burning Blood":78,"Meat on the Bone":12},"card_choices":[{"not_picked":["Sword Boomerang","Blood for Blood","Iron Wave"],"picked":"SKIP","floor":1.0},{"not_picked":["Clothesline","Whirlwind","Sword Boomerang","Clash","Headbutt"],"picked":"SKIP","floor":2.0},{"not_picked":["Perfected Strike","Twin Strike","Clothesline","Battle Trance"],"picked":"Searing Blow","floor":7.0},{"not_picked":["Inflame","Combust","Sword Boomerang","Bloodletting","Anger"],"picked":"SKIP","floor":11.0},{"not_picked":["Inflame","Combust","Sword Boomerang","Bloodletting","Anger"],"picked":"SKIP","floor":11.0},{"not_picked":["Rampage","MostiFishMod:BrandingRite","Perfected Strike","Reckless Charge","Power Through"],"picked":"SKIP","floor":12.0},{"not_picked":["Fiend Fire","Infernal Blade","Havoc","Flame Barrier"],"picked":"Shrug It Off","floor":13.0},{"not_picked":["Fire Breathing+1","Armaments","Iron Wave","MostiFishMod:#F4004+1","Clothesline"],"picked":"SKIP","floor":18.0},{"not_picked":["Evolve","Rupture","Sword Boomerang+1","Perfected Strike","True Grit"],"picked":"SKIP","floor":21.0},{"not_picked":["Warcry","Flame Barrier+1","Perfected Strike+1","Power Through","Seeing Red"],"picked":"SKIP","floor":23.0},{"not_picked":["Pommel Strike+1","Twin Strike","Pummel","Seeing Red","Body Slam+1"],"picked":"SKIP","floor":24.0},{"not_picked":["Evolve+1","Flex","Clothesline","Offering","Cleave"],"picked":"SKIP","floor":28},{"not_picked":["Sword Boomerang","Evolve","Shrug It Off","Anger","Bloodletting"],"picked":"SKIP","floor":31},{"not_picked":["Flame Barrier+1","Flex+1","Reckless Charge","Warcry","Pummel"],"picked":"SKIP","floor":35},{"not_picked":["Armaments+1","Heavy Blade","Sword Boomerang+1","Anger","Inflame+1"],"picked":"SKIP","floor":38},{"not_picked":["Pommel Strike+1","MostiFishMod:OrdinaryWorld","Iron Wave+1","Shrug It Off+1","MostiFishMod:#F4004"],"picked":"SKIP","floor":44},{"not_picked":["Carnage","Iron Wave+1","Seeing Red+1","Pommel Strike","Shockwave+1"],"picked":"SKIP","floor":45},{"not_picked":["Perfected Strike","Thunderclap","MostiFishMod:WingOfPhoenix","Hemokinesis"],"picked":"Pommel Strike+1","floor":46},{"not_picked":["Clash","Combust+1","Body Slam+1","Twin Strike+1","Perfected Strike+1"],"picked":"SKIP","floor":48}],"player_experience":487033,"relics_obtained":[{"floor":1.0,"key":"SynthV:TestCard"},{"floor":9.0,"key":"Happy Flower"},{"floor":23.0,"key":"PreservedInsect"},{"floor":26.0,"key":"Meat on the Bone"},{"floor":41,"key":"BionicSphere"},{"floor":43,"key":"Kunai"},{"floor":46,"key":"Blood Vial"}],"event_choices":[{"damage_healed":0.0,"max_hp_gain":0.0,"max_hp_loss":0.0,"gold_gain":0.0,"event_name":"Accursed Blacksmith","player_choice":"Forge","floor":4.0,"gold_loss":0.0,"damage_taken":0.0,"cards_upgraded":["Bash"]},{"damage_healed":0.0,"max_hp_gain":0.0,"max_hp_loss":0.0,"gold_gain":0.0,"event_name":"Scrap Ooze","player_choice":"Success","floor":6.0,"gold_loss":0.0,"damage_taken":12.0,"relics_obtained":["Boot"]},{"damage_healed":0.0,"max_hp_gain":0.0,"max_hp_loss":0.0,"gold_gain":0.0,"event_name":"Drug Dealer","player_choice":"Inject Mutagens","floor":20.0,"gold_loss":0.0,"damage_taken":0.0,"relics_obtained":["MutagenicStrength"]},{"damage_healed":0.0,"max_hp_gain":0.0,"max_hp_loss":0.0,"gold_gain":0.0,"event_name":"The Mausoleum","player_choice":"Opened","floor":22.0,"gold_loss":0.0,"damage_taken":0.0,"relics_obtained":["Smiling Mask"]},{"damage_healed":44,"gold_gain":0,"player_choice":"Heal","damage_taken":0,"max_hp_gain":0,"max_hp_loss":0,"event_name":"The Library","floor":29,"gold_loss":0},{"damage_healed":0,"gold_gain":0,"player_choice":"Memory 1","damage_taken":0,"max_hp_gain":0,"max_hp_loss":0,"event_name":"SensoryStone","floor":36,"gold_loss":0},{"damage_healed":0,"gold_gain":0,"player_choice":"Max HP","damage_taken":0,"max_hp_gain":0,"max_hp_loss":4,"event_name":"Winding Halls","floor":39,"gold_loss":0},{"damage_healed":0,"gold_gain":0,"player_choice":"Fight","damage_taken":0,"max_hp_gain":0,"max_hp_loss":0,"event_name":"Mysterious Sphere","floor":41,"gold_loss":0}],"is_beta":false,"boss_relics":[{"not_picked":["xbg","Pandora\u0027s Box"],"picked":"GreenFoldingFan"},{"not_picked":["Transparent","OneHitWonderSystem"],"picked":"GuanYuAspect"}],"items_purged_floors":[3,14,19,27,37,42],"is_endless":false,"potions_floor_spawned":[2,12,16,18,23,31,38,41],"ascension_level":0}}