{"host":"k88fqnqg39joo1wf","time":1613710963,"event":{"mods":["Act Like it!","BaseMod","Colored Powertips","Highlight Path","Mimic Mod","Minty Spire (QoL Compilation)","StSLib","The Marked","Wandering Minibosses"],"gold_per_floor":[113,133,133,133,151,185,185,218,256,284,297,317,351,363,363,458,458,468,483,483,483,361,386,386,412,412,442,198,208,221,236,236,332,332,343,359,359,373,373,399,399,449,449,465,465,500,518,533,533,533,533,533,0,29,29,29],"floor_reached":55,"language":"ENG","playtime":2974,"items_purged":[],"score":986,"play_id":"5403b05a-b975-46f4-9f69-9adbf5390f5c","local_time":"20210218230243","is_ascension_mode":true,"campfire_choices":[{"floor":7.0,"key":"REST"},{"data":"theMarked:Determination","floor":15.0,"key":"SMITH"},{"data":"theMarked:AttractMetal","floor":24.0,"key":"SMITH"},{"floor":32.0,"key":"RECALL"},{"data":"theMarked:MysticalArsenal","floor":41,"key":"SMITH"},{"data":"theMarked:BanishingWave","floor":45,"key":"SMITH"},{"data":"theMarked:TakeOffHeels","floor":49,"key":"SMITH"},{"data":"theMarked:BiggerThanFate","floor":52,"key":"SMITH"}],"circlet_count":0,"master_deck":["theMarked:Defend","theMarked:Defend","theMarked:Defend+1","theMarked:SoldierOfQuellstein","theMarked:WardOff+1","theMarked:WardOff","theMarked:BanishingWave+1","theMarked:Determination+1","theMarked:BanishingStrike","theMarked:BiggerThanFate+1","theMarked:BanishingStrike+1","theMarked:MysticalArsenal+1","theMarked:TakeOffHeels+1","theMarked:AttractMetal+1","theMarked:MysticalArsenal+1","Bite+1","Bite","Bite","Bite","Bite","theMarked:BindingBlade+1","theMarked:Determination+1","theMarked:BiggerThanFate+1","wanderingMiniBosses:FinaleOfPromise+1","theMarked:BanishingStrike+1","theMarked:BanishingStrike+1","theMarked:WardOff+1","theMarked:BindingBlade+1","theMarked:Aftermath+1","theMarked:Abjuration","theMarked:Seal+1","theMarked:Memento+1","theMarked:BiggerThanFate+1","theMarked:Panic+1","theMarked:Memento+1","theMarked:Memento+1","theMarked:Vacuum","theMarked:Memento+1"],"relics":["theMarked:ArtifactOfAir","Centennial Puzzle","The Courier","PreservedInsect","Mercury Hourglass","Eternal Feather","SlaversCollar","Enchiridion","TheAbacus","Bag of Marbles","Singing Bowl","Toxic Egg 2","Pear","Strawberry","Omamori","Philosopher\u0027s Stone","wanderingMiniBosses:Blackblade","Happy Flower","CaptainsWheel","Orichalcum","Orrery","Whetstone","Pen Nib","Blue Candle"],"acts_visited":["Exordium","TheCity","TheBeyond","TheEnding"],"potions_floor_usage":[40,55,55,55],"damage_taken":[{"damage":1.0,"enemies":"Cultist","floor":1.0,"turns":4.0},{"damage":0.0,"enemies":"2 Louse","floor":2.0,"turns":3.0},{"damage":2.0,"enemies":"Small Slimes","floor":5.0,"turns":5.0},{"damage":22.0,"enemies":"Gremlin Nob","floor":6.0,"turns":4.0},{"damage":7.0,"enemies":"3 Sentries","floor":8.0,"turns":9.0},{"damage":0.0,"enemies":"Gremlin Gang","floor":9.0,"turns":4.0},{"damage":11.0,"enemies":"Gremlin Nob","floor":10.0,"turns":3.0},{"damage":0.0,"enemies":"Gremlin Gang","floor":11.0,"turns":1.0},{"damage":0.0,"enemies":"Looter","floor":12.0,"turns":3.0},{"damage":0.0,"enemies":"Lagavulin","floor":13.0,"turns":4.0},{"damage":4.0,"enemies":"2 Fungi Beasts","floor":14.0,"turns":2.0},{"damage":9.0,"enemies":"The Guardian","floor":16.0,"turns":6.0},{"damage":43.0,"enemies":"3 Byrds","floor":18.0,"turns":5.0},{"damage":9.0,"enemies":"Chosen","floor":19.0,"turns":5.0},{"damage":11.0,"enemies":"Book of Stabbing","floor":23.0,"turns":4.0},{"damage":8.0,"enemies":"Gremlin Leader","floor":25.0,"turns":3.0},{"damage":0.0,"enemies":"Book of Stabbing","floor":27.0,"turns":2.0},{"damage":24.0,"enemies":"3 Cultists","floor":29.0,"turns":5.0},{"damage":24.0,"enemies":"Centurion and Healer","floor":30.0,"turns":6.0},{"damage":21.0,"enemies":"Shelled Parasite and Fungi","floor":31.0,"turns":3.0},{"damage":24.0,"enemies":"Automaton","floor":33.0,"turns":5.0},{"damage":18,"enemies":"Orb Walker","floor":35,"turns":6},{"damage":22,"enemies":"3 Darklings","floor":36,"turns":3},{"damage":26,"enemies":"Maw","floor":38,"turns":4},{"damage":14,"enemies":"Giant Head","floor":40,"turns":5},{"damage":9,"enemies":"Mind Bloom Boss Battle","floor":42,"turns":3},{"damage":0,"enemies":"Sphere and 2 Shapes","floor":44,"turns":3},{"damage":0,"enemies":"Reptomancer","floor":46,"turns":2},{"damage":3,"enemies":"4 Shapes","floor":47,"turns":4},{"damage":3,"enemies":"3 Darklings","floor":48,"turns":2},{"damage":27,"enemies":"Time Eater","floor":50,"turns":6},{"damage":3,"enemies":"Shield and Spear","floor":54,"turns":2},{"damage":92,"enemies":"The Heart","floor":55,"turns":5}],"seed_played":"-5983424259314131152","potions_obtained":[{"floor":0.0,"key":"SneckoOil"},{"floor":0.0,"key":"theMarked:SummonPotion"},{"floor":0.0,"key":"theMarked:ChargePotion"},{"floor":8.0,"key":"Regen Potion"},{"floor":10.0,"key":"Regen Potion"},{"floor":19.0,"key":"DuplicationPotion"},{"floor":23.0,"key":"FearPotion"},{"floor":27.0,"key":"theMarked:SummonPotion"},{"floor":42,"key":"theMarked:HoverShot"}],"is_trial":false,"path_per_floor":["M","M","?","?","M","E","R","E","MIM","E","M","M","E","M","R","B",null,"M","M","?","?","$","E","R","E","T","E","$","M","M","M","R","B",null,"M","M","?","M","?","E","R","?","T","M","R","E","M","M","R","B",null,"R","$","E","B"],"character_chosen":"THE_DEFAULT","items_purchased":["TheAbacus","Strawberry","Omamori","Orrery","theMarked:Memento+1","Whetstone","Pen Nib","theMarked:Vacuum"],"campfire_rested":1,"item_purchase_floors":[22,28,28,53,53,53,53,53],"current_hp_per_floor":[69,69,62,48,46,24,45,38,38,27,27,27,27,23,32,23,70,27,18,2,2,2,28,40,42,42,56,63,50,42,27,39,27,72,64,50,50,30,48,42,57,50,50,58,74,76,75,80,80,57,80,80,82,79,0,0],"gold":29,"neow_bonus":"THREE_SMALL_POTIONS","is_daily":false,"chose_seed":false,"campfire_upgraded":6,"win_rate":0.0,"timestamp":1613710963,"path_taken":["M","M","?","?","M","E","R","E","MIM","E","?","M","E","M","R","BOSS","M","M","?","?","$","E","R","E","T","E","?","M","?","M","R","BOSS","M","?","?","?","?","E","R","?","T","?","R","E","?","M","R","BOSS","R","$","E","BOSS"],"items_purchased_type":["Relic","Relic","Relic","Relic","Card","Relic","Relic","Card"],"build_version":"2020-12-22","purchased_purges":0,"victory":false,"max_hp_per_floor":[70,70,70,70,70,70,70,70,70,70,70,70,70,70,70,70,70,70,70,70,49,49,49,49,51,51,61,68,68,70,72,72,72,72,72,72,72,72,72,74,74,74,74,74,74,76,78,80,80,80,80,80,82,82,82,82],"card_choices":[{"not_picked":["theMarked:ChannelForce","theMarked:Opportunist"],"picked":"theMarked:WardOff","floor":1.0},{"not_picked":["theMarked:Maelstrom","theMarked:BanishingStrike"],"picked":"theMarked:WardOff","floor":2.0},{"not_picked":["theMarked:Parkour","theMarked:ParalyzingBlade","theMarked:TwofoldDefense"],"picked":"SKIP","floor":5.0},{"not_picked":["theMarked:WardOff","theMarked:StartUp"],"picked":"theMarked:BanishingWave","floor":6.0},{"not_picked":["theMarked:ChainLightning","theMarked:Aftermath"],"picked":"theMarked:Determination","floor":8.0},{"not_picked":["theMarked:Aftermath","theMarked:Frustration"],"picked":"theMarked:BanishingStrike","floor":9.0},{"not_picked":["theMarked:StartUp","theMarked:Parkour","theMarked:ElectricStrings"],"picked":"SKIP","floor":10.0},{"not_picked":["theMarked:Parry","theMarked:ChainLightning"],"picked":"theMarked:BiggerThanFate","floor":11.0},{"not_picked":["theMarked:Reabsorb","theMarked:Generate","theMarked:TheMission"],"picked":"SKIP","floor":12.0},{"not_picked":["theMarked:ParalyzingBlade","theMarked:SwordAndMagic"],"picked":"theMarked:BanishingStrike","floor":13.0},{"not_picked":["theMarked:Opportunist","theMarked:TakeCover"],"picked":"theMarked:MysticalArsenal","floor":14.0},{"not_picked":["theMarked:Toughness","theMarked:TurnInvisible"],"picked":"theMarked:TakeOffHeels","floor":16.0},{"not_picked":["theMarked:HeightenedSenses","theMarked:ChainLightning"],"picked":"theMarked:AttractMetal","floor":18.0},{"not_picked":["theMarked:ContemptForTheProud","theMarked:HeightenedSenses"],"picked":"theMarked:MysticalArsenal+1","floor":19.0},{"not_picked":["theMarked:LightningStrikesTwice+1","theMarked:TwofoldDefense","theMarked:ResourceFulStrike"],"picked":"SKIP","floor":23.0},{"not_picked":["theMarked:Standoff","theMarked:Snap","theMarked:RepellingDischarge"],"picked":"Singing Bowl","floor":25.0},{"not_picked":["theMarked:Frustration","theMarked:WardOff+1"],"picked":"theMarked:BindingBlade+1","floor":27.0},{"not_picked":["theMarked:TwofoldDefense+1","theMarked:Indomitable+1"],"picked":"theMarked:Determination+1","floor":29.0},{"not_picked":["theMarked:RepellingDischarge+1","theMarked:EmpowerWeapon+1","theMarked:Maelstrom+1"],"picked":"Singing Bowl","floor":30.0},{"not_picked":["theMarked:Parkour","theMarked:PowerFlow+1","theMarked:ElectricStrings+1"],"picked":"Singing Bowl","floor":31.0},{"not_picked":["theMarked:ThrowWeapon","theMarked:FavorableWinds+1"],"picked":"theMarked:BiggerThanFate+1","floor":33.0},{"not_picked":[],"picked":"wanderingMiniBosses:FinaleOfPromise","floor":35},{"not_picked":["theMarked:RepellingDischarge+1","theMarked:ResourceFulStrike"],"picked":"theMarked:BanishingStrike+1","floor":35},{"not_picked":["theMarked:HeightenedSenses+1","theMarked:GodGivenPower"],"picked":"theMarked:BanishingStrike+1","floor":36},{"not_picked":["theMarked:SwordAndMagic","theMarked:RepellingDischarge+1"],"picked":"theMarked:Aftermath+1","floor":38},{"not_picked":["theMarked:Parry+1","theMarked:Frustration","theMarked:Polarize+1"],"picked":"Singing Bowl","floor":40},{"not_picked":["theMarked:ChainLightning","theMarked:KeepCalmAndFight"],"picked":"theMarked:Abjuration","floor":42},{"not_picked":["theMarked:Standoff+1","theMarked:ParalyzingBlade+1"],"picked":"theMarked:Seal+1","floor":44},{"not_picked":["theMarked:ShockingTouch+1","theMarked:Frustration","theMarked:GodGivenPower"],"picked":"Singing Bowl","floor":46},{"not_picked":["theMarked:Improvise+1","theMarked:ElectricStrings","theMarked:TunnelVision+1"],"picked":"Singing Bowl","floor":47},{"not_picked":["theMarked:Convert+1","theMarked:Parry+1","theMarked:Parkour+1"],"picked":"Singing Bowl","floor":48},{"not_picked":["theMarked:Improvise+1","theMarked:Vacuum"],"picked":"theMarked:Memento+1","floor":53},{"not_picked":["theMarked:ContemptForTheProud","theMarked:TwofoldDefense+1"],"picked":"theMarked:BiggerThanFate+1","floor":53},{"not_picked":["theMarked:ChainLightning+1","theMarked:GodGivenPower"],"picked":"theMarked:Panic+1","floor":53},{"not_picked":["theMarked:SwordAndMagic+1","theMarked:Standoff+1","theMarked:RepellingDischarge+1"],"picked":"Singing Bowl","floor":53},{"not_picked":["theMarked:Overcharge+1","theMarked:BanishingStrike"],"picked":"theMarked:Memento+1","floor":53},{"not_picked":["theMarked:HeightenedSenses+1","theMarked:BiggerThanFate+1"],"picked":"theMarked:Memento+1","floor":54}],"player_experience":206898,"relics_obtained":[{"floor":6.0,"key":"Centennial Puzzle"},{"floor":8.0,"key":"The Courier"},{"floor":9.0,"key":"PreservedInsect"},{"floor":10.0,"key":"Mercury Hourglass"},{"floor":13.0,"key":"Eternal Feather"},{"floor":20.0,"key":"Enchiridion"},{"floor":23.0,"key":"Bag of Marbles"},{"floor":25.0,"key":"Singing Bowl"},{"floor":26.0,"key":"Toxic Egg 2"},{"floor":27.0,"key":"Pear"},{"floor":35,"key":"wanderingMiniBosses:Blackblade"},{"floor":40,"key":"Happy Flower"},{"floor":42,"key":"CaptainsWheel"},{"floor":46,"key":"Orichalcum"},{"floor":54,"key":"Blue Candle"}],"event_choices":[{"cards_removed":["theMarked:Defend"],"damage_healed":0.0,"max_hp_gain":0.0,"max_hp_loss":0.0,"gold_gain":0.0,"event_name":"Golden Wing","player_choice":"Card Removal","floor":3.0,"gold_loss":0.0,"damage_taken":7.0},{"damage_healed":0.0,"max_hp_gain":0.0,"max_hp_loss":0.0,"gold_gain":0.0,"event_name":"Shining Light","player_choice":"Entered Light","floor":4.0,"gold_loss":0.0,"damage_taken":14.0,"cards_upgraded":["theMarked:WardOff","theMarked:Defend"]},{"damage_healed":0.0,"max_hp_gain":0.0,"max_hp_loss":0.0,"gold_gain":0.0,"event_name":"Cursed Tome","player_choice":"Obtained Book","floor":20.0,"gold_loss":0.0,"damage_taken":16.0},{"damage_healed":0.0,"max_hp_gain":0.0,"max_hp_loss":21.0,"gold_gain":0.0,"event_name":"Vampires","player_choice":"Became a vampire","floor":21.0,"gold_loss":0.0,"damage_taken":0.0,"cards_obtained":["Bite","Bite","Bite","Bite","Bite"]},{"damage_healed":0,"gold_gain":0,"player_choice":"2 cards matched","damage_taken":0,"max_hp_gain":0,"max_hp_loss":0,"event_name":"Match and Keep!","floor":37,"gold_loss":0,"cards_obtained":["theMarked:WardOff","theMarked:BindingBlade"]},{"damage_healed":18,"gold_gain":0,"player_choice":"Writhe","damage_taken":0,"max_hp_gain":0,"max_hp_loss":0,"event_name":"Winding Halls","floor":39,"gold_loss":0,"cards_obtained":["Writhe"]},{"damage_healed":0,"gold_gain":0,"player_choice":"Fight","damage_taken":0,"max_hp_gain":0,"max_hp_loss":0,"event_name":"MindBloom","floor":42,"gold_loss":0}],"is_beta":false,"boss_relics":[{"not_picked":["Empty Cage","Calling Bell"],"picked":"SlaversCollar"},{"not_picked":["Tiny House","Snecko Eye"],"picked":"Philosopher\u0027s Stone"}],"items_purged_floors":[],"is_endless":false,"potions_floor_spawned":[1,8,10,12,14,18,19,23,27,29,36,38,42,48],"killed_by":"The Heart","ascension_level":1}}