{"host":"yhhyog5h1q67ienp","time":1613698301,"event":{"mods":["AchievementEnabler","BaseMod","Block Reminder","Colored Map","Colored Powertips","Minty Spire (QoL Compilation)","Quick Restart","Relic Stats","StSLib","ojb\u0027s Better Paths Mod","ojb\u0027s Info Mod"],"gold_per_floor":[119,136,146,160,160,160,191,191,216,216,248,193,207,236,236,236,236],"floor_reached":16,"language":"ENG","playtime":920,"items_purged":[],"score":240,"play_id":"05617869-30cf-4292-9cec-4814569113f9","local_time":"20210218223141","is_ascension_mode":true,"campfire_choices":[{"data":"Sucker Punch","floor":6,"key":"SMITH"},{"floor":8,"key":"REST"},{"floor":15,"key":"REST"}],"circlet_count":0,"master_deck":["AscendersBane","Strike_G","Strike_G","Strike_G","Strike_G","Defend_G","Defend_G","Defend_G","Defend_G","Defend_G","Survivor","Neutralize","Bane","Sucker Punch+1","Endless Agony","Cloak And Dagger","Dagger Throw","Venomology","Dodge and Roll","Corpse Explosion"],"relics":["Ring of the Snake","Turnip","Vajra","PreservedInsect","Ancient Tea Set","Orichalcum"],"acts_visited":["Exordium"],"potions_floor_usage":[7,11,14,14,16,16],"damage_taken":[{"damage":1,"enemies":"Cultist","floor":1,"turns":4},{"damage":0,"enemies":"Small Slimes","floor":2,"turns":5},{"damage":3,"enemies":"2 Louse","floor":3,"turns":4},{"damage":0,"enemies":"Blue Slaver","floor":4,"turns":5},{"damage":22,"enemies":"3 Sentries","floor":7,"turns":11},{"damage":6,"enemies":"Gremlin Nob","floor":11,"turns":3},{"damage":3,"enemies":"Lots of Slimes","floor":13,"turns":4},{"damage":10,"enemies":"Lagavulin","floor":14,"turns":6},{"damage":34,"enemies":"Slime Boss","floor":16,"turns":8}],"seed_played":"-6700425295420163242","potions_obtained":[{"floor":1,"key":"CunningPotion"},{"floor":2,"key":"BlessingOfTheForge"},{"floor":13,"key":"Swift Potion"}],"is_trial":false,"path_per_floor":["M","M","M","M","?","R","E","R","T","?","E","?","M","E","R","B"],"character_chosen":"THE_SILENT","items_purchased":[],"campfire_rested":2,"item_purchase_floors":[],"current_hp_per_floor":[43,43,40,40,33,33,11,30,30,30,24,24,21,11,30,0,0],"gold":236,"neow_bonus":"ONE_RARE_RELIC","is_daily":false,"chose_seed":false,"campfire_upgraded":1,"win_rate":0.0,"timestamp":1613698301,"path_taken":["M","?","M","M","?","R","E","R","T","?","E","?","M","E","R","BOSS"],"items_purchased_type":[],"build_version":"2020-12-22","purchased_purges":0,"victory":false,"max_hp_per_floor":[66,66,66,66,66,66,66,66,66,66,66,66,66,66,66,66,66],"relic_stats":{"counters":[9,50],"Turnip":[8],"PreservedInsect":51,"Orichalcum":[12],"obtain_stats":[{"Vajra":7,"Turnip":0,"PreservedInsect":9,"Orichalcum":14,"Ancient Tea Set":11,"Ring of the Snake":0},{"Vajra":5,"Turnip":0,"PreservedInsect":5,"Orichalcum":8,"Ancient Tea Set":6,"Ring of the Snake":0},{"Vajra":29,"Turnip":0,"PreservedInsect":29,"Orichalcum":42,"Ancient Tea Set":32,"Ring of the Snake":0}],"Ring of the Snake":[19]},"card_choices":[{"not_picked":["Dodge and Roll","Backflip"],"picked":"Bane","floor":1},{"not_picked":["Dodge and Roll","PiercingWail"],"picked":"Sucker Punch","floor":2},{"not_picked":["Underhanded Strike","Deadly Poison"],"picked":"Endless Agony","floor":3},{"not_picked":["Slice","Flechettes"],"picked":"Cloak And Dagger","floor":4},{"not_picked":["Underhanded Strike","Accuracy"],"picked":"Dagger Throw","floor":7},{"not_picked":["Skewer","Blur"],"picked":"Venomology","floor":11},{"not_picked":["Quick Slash","Underhanded Strike"],"picked":"Dodge and Roll","floor":13},{"not_picked":["Slice","PiercingWail"],"picked":"Corpse Explosion","floor":14}],"player_experience":1491775,"relics_obtained":[{"floor":7,"key":"Vajra"},{"floor":9,"key":"PreservedInsect"},{"floor":11,"key":"Ancient Tea Set"},{"floor":14,"key":"Orichalcum"}],"event_choices":[{"cards_removed":["Strike_G"],"damage_healed":0,"gold_gain":0,"player_choice":"Card Removal","damage_taken":7,"max_hp_gain":0,"max_hp_loss":0,"event_name":"Golden Wing","floor":5,"gold_loss":0},{"damage_healed":0,"gold_gain":0,"player_choice":"Ignored","damage_taken":0,"max_hp_gain":0,"max_hp_loss":0,"event_name":"Shining Light","floor":10,"gold_loss":0},{"damage_healed":0,"gold_gain":0,"player_choice":"Left Gold","damage_taken":0,"max_hp_gain":0,"max_hp_loss":0,"event_name":"World of Goop","floor":12,"gold_loss":55}],"is_beta":false,"boss_relics":[],"items_purged_floors":[],"is_endless":false,"potions_floor_spawned":[1,2,13],"killed_by":"Slime Boss","ascension_level":20}}