{"host":"fxrgx7wt2cpkbhka","time":1613730729,"event":{"mods":["AchievementEnabler","BaseMod","Colored Powertips","Dark Map","Minty Spire (QoL Compilation)","Permanent Neow","Quick Restart","Slay-I","StSLib","Waifu the Spire"],"gold_per_floor":[111,111,33,33,53,53,53,53,53,134,153,153,172,210,210,303,303,303,13,13,13,13,13,13,13,13,13,13,13,13,13,13,13,13,13,13,13,13,13,13,13,13,13,13,13,13,13,13,13,13,13],"floor_reached":50,"language":"ENG","playtime":1603,"items_purged":[],"score":876,"play_id":"ac8fe86c-7cc0-4fb4-b858-49035f64ce26","local_time":"20210219023209","is_ascension_mode":true,"campfire_choices":[{"data":"Storm","floor":6,"key":"SMITH"},{"data":"Dualcast","floor":8,"key":"SMITH"},{"data":"Echo Form","floor":15,"key":"SMITH"},{"data":"Sunder","floor":23,"key":"SMITH"},{"floor":32,"key":"REST"},{"data":"Self Repair","floor":40,"key":"SMITH"},{"data":"Consume","floor":44,"key":"SMITH"},{"data":"Madness","floor":46,"key":"SMITH"},{"data":"Seek","floor":49,"key":"SMITH"}],"circlet_count":0,"master_deck":["AscendersBane","Strike_B","Strike_B+1","Strike_B+1","Defend_B","Defend_B","Defend_B","Defend_B","Zap","Dualcast+1","Storm+1","Consume+1","Sunder+1","Echo Form+1","Go for the Eyes","Self Repair+1","Ball Lightning","Ghostly","Ghostly","Ghostly","Ghostly","Ghostly","Cold Snap","Melter","Seek+1","Madness+1","Madness","Finesse","Parasite"],"relics":["Cracked Core","NeowsBlessing","Cables","TungstenRod","Spirit Poop","Whetstone","Ectoplasm","Bronze Scales","Regal Pillow","PreservedInsect","Juzu Bracelet","Busted Crown","StrikeDummy"],"acts_visited":["Exordium","TheCity","TheBeyond"],"potions_floor_usage":[14,14,18,18,28,48,50],"damage_taken":[{"damage":0,"enemies":"Jaw Worm","floor":1,"turns":1},{"damage":0,"enemies":"Small Slimes","floor":5,"turns":1},{"damage":0,"enemies":"Gremlin Nob","floor":10,"turns":1},{"damage":7,"enemies":"2 Louse","floor":11,"turns":3},{"damage":6,"enemies":"Large Slime","floor":13,"turns":4},{"damage":20,"enemies":"3 Sentries","floor":14,"turns":7},{"damage":19,"enemies":"The Guardian","floor":16,"turns":10},{"damage":14,"enemies":"Shell Parasite","floor":18,"turns":4},{"damage":10,"enemies":"Chosen","floor":22,"turns":4},{"damage":15,"enemies":"Gremlin Leader","floor":24,"turns":8},{"damage":29,"enemies":"Snecko","floor":25,"turns":4},{"damage":0,"enemies":"Book of Stabbing","floor":28,"turns":4},{"damage":0,"enemies":"Snake Plant","floor":31,"turns":3},{"damage":30,"enemies":"Collector","floor":33,"turns":12},{"damage":5,"enemies":"Orb Walker","floor":35,"turns":4},{"damage":6,"enemies":"3 Darklings","floor":36,"turns":5},{"damage":0,"enemies":"4 Shapes","floor":38,"turns":4},{"damage":7,"enemies":"Sphere and 2 Shapes","floor":47,"turns":3},{"damage":0,"enemies":"Writhing Mass","floor":48,"turns":6},{"damage":73,"enemies":"Awakened One","floor":50,"turns":12}],"seed_played":"3324370351490473364","potions_obtained":[{"floor":1,"key":"Energy Potion"},{"floor":11,"key":"ColorlessPotion"},{"floor":14,"key":"Explosive Potion"},{"floor":16,"key":"SteroidPotion"},{"floor":18,"key":"Fruit Juice"},{"floor":25,"key":"DistilledChaos"},{"floor":33,"key":"ColorlessPotion"},{"floor":48,"key":"DuplicationPotion"}],"is_trial":false,"path_per_floor":["M","?","$","?","M","R","$","R","T","?","M","?","M","E","R","B",null,"M","$","?","?","M","R","E","M","T","?","E","$","$","M","R","B",null,"M","M","?","M","?","R","?","$","T","R","?","R","M","M","R","B"],"character_chosen":"DEFECT","items_purchased":["Storm","Self Repair","Bronze Scales","Ball Lightning"],"campfire_rested":1,"item_purchase_floors":[3,19,19,19],"current_hp_per_floor":[64,64,64,64,64,64,64,64,64,64,57,57,51,31,31,12,56,47,47,47,34,31,31,30,8,8,8,15,15,15,22,40,17,34,29,30,30,37,37,37,33,33,33,33,33,33,36,40,40,0,0],"gold":13,"neow_bonus":"THREE_ENEMY_KILL","is_daily":false,"chose_seed":false,"campfire_upgraded":8,"win_rate":0.0,"timestamp":1613730729,"path_taken":["M","?","$","?","M","R","?","R","T","?","M","?","M","E","R","BOSS","M","$","?","?","M","R","E","M","T","?","E","?","$","M","R","BOSS","M","M","?","M","?","R","?","?","T","R","?","R","M","M","R","BOSS"],"items_purchased_type":["Card","Card","Relic","Card"],"build_version":"2020-12-22","purchased_purges":0,"victory":false,"max_hp_per_floor":[71,71,71,71,71,71,71,71,71,71,71,71,71,71,71,71,71,76,76,76,81,81,81,81,81,81,40,40,40,40,40,40,40,40,40,40,40,40,40,40,40,40,40,40,40,40,40,40,40,40,40],"card_choices":[{"not_picked":["Loop","Skim","Scrape"],"picked":"SKIP","floor":1},{"not_picked":["Compile Driver","Sweeping Beam","Reprogram"],"picked":"SKIP","floor":5},{"not_picked":["Streamline","Undo"],"picked":"Consume","floor":10},{"not_picked":["Hello World","Hologram","Beam Cell"],"picked":"SKIP","floor":11},{"not_picked":["Loop","Beam Cell"],"picked":"Sunder","floor":13},{"not_picked":["Sunder","Lockon"],"picked":"Echo Form","floor":14},{"not_picked":["Streamline","Genetic Algorithm+1"],"picked":"Go for the Eyes","floor":18},{"not_picked":["Coolheaded","Gash","Beam Cell"],"picked":"SKIP","floor":22},{"not_picked":["Chaos","Leap","Conserve Battery"],"picked":"SKIP","floor":24},{"not_picked":["Hologram","Auto Shields","Stack"],"picked":"SKIP","floor":25},{"not_picked":["Hyperbeam","Storm"],"picked":"Cold Snap","floor":28},{"not_picked":["Leap+1","Coolheaded"],"picked":"Melter","floor":31},{"not_picked":["Multi-Cast","Thunder Strike"],"picked":"Seek","floor":33},{"not_picked":["Streamline"],"picked":"SKIP","floor":35},{"not_picked":["Steam Power"],"picked":"SKIP","floor":36},{"not_picked":["Hologram"],"picked":"SKIP","floor":38},{"not_picked":[],"picked":"Finesse","floor":45},{"not_picked":["Leap"],"picked":"SKIP","floor":47},{"not_picked":["Creative AI"],"picked":"SKIP","floor":48}],"player_experience":798764,"relics_obtained":[{"floor":9,"key":"Cables"},{"floor":10,"key":"TungstenRod"},{"floor":14,"key":"Whetstone"},{"floor":24,"key":"Regal Pillow"},{"floor":26,"key":"PreservedInsect"},{"floor":28,"key":"Juzu Bracelet"},{"floor":43,"key":"StrikeDummy"}],"event_choices":[{"damage_healed":0,"gold_gain":0,"player_choice":"Ignored","damage_taken":0,"max_hp_gain":0,"max_hp_loss":0,"event_name":"Golden Wing","floor":2,"gold_loss":0},{"damage_healed":0,"gold_gain":0,"player_choice":"Take Wound","damage_taken":0,"relics_obtained":["Golden Idol"],"max_hp_gain":0,"max_hp_loss":0,"event_name":"Golden Idol","floor":4,"gold_loss":0,"cards_obtained":["Injury"]},{"damage_healed":0,"gold_gain":0,"player_choice":"Searched \u00271\u0027 times","damage_taken":0,"max_hp_gain":0,"max_hp_loss":0,"event_name":"Dead Adventurer","floor":10,"gold_loss":0},{"cards_removed":["Injury"],"damage_healed":0,"gold_gain":0,"player_choice":"Offered Curse","damage_taken":0,"relics_obtained":["Spirit Poop"],"max_hp_gain":0,"max_hp_loss":0,"event_name":"Bonfire Elementals","floor":12,"gold_loss":0},{"damage_healed":0,"gold_gain":0,"player_choice":"Ignored","damage_taken":0,"max_hp_gain":0,"max_hp_loss":0,"event_name":"Vampires","floor":20,"gold_loss":0},{"damage_healed":0,"gold_gain":0,"player_choice":"Shed Blood","damage_taken":19,"max_hp_gain":5,"max_hp_loss":0,"event_name":"Forgotten Altar","floor":21,"gold_loss":0},{"damage_healed":0,"gold_gain":0,"player_choice":"Became a Ghost","damage_taken":0,"max_hp_gain":0,"max_hp_loss":41,"event_name":"Ghosts","floor":27,"gold_loss":0,"cards_obtained":["Ghostly","Ghostly","Ghostly","Ghostly","Ghostly"]},{"cards_removed":["Strike_B"],"damage_healed":0,"gold_gain":0,"player_choice":"Removed Attack","damage_taken":0,"max_hp_gain":0,"max_hp_loss":0,"event_name":"Falling","floor":37,"gold_loss":0},{"damage_healed":0,"gold_gain":333,"player_choice":"Gave Idol","damage_taken":0,"max_hp_gain":0,"max_hp_loss":0,"event_name":"The Moai Head","floor":39,"relics_lost":["Golden Idol"],"gold_loss":0},{"damage_healed":0,"gold_gain":0,"player_choice":"Embrace Madness","damage_taken":5,"max_hp_gain":0,"max_hp_loss":0,"event_name":"Winding Halls","floor":41,"gold_loss":0,"cards_obtained":["Madness","Madness"]},{"damage_healed":0,"gold_gain":0,"player_choice":"Memory 1","damage_taken":0,"max_hp_gain":0,"max_hp_loss":0,"event_name":"SensoryStone","floor":45,"gold_loss":0}],"is_beta":false,"boss_relics":[{"not_picked":["Velvet Choker","FrozenCore"],"picked":"Ectoplasm"},{"not_picked":["Runic Pyramid","SacredBark"],"picked":"Busted Crown"}],"items_purged_floors":[],"is_endless":false,"potions_floor_spawned":[1,11,14,16,18,25,33,48],"killed_by":"Awakened One","ascension_level":14}}