{"host":"js2su9tbbk4rmjfl","time":1613692971,"event":{"mods":["AchievementEnabler","BaseMod","Block Reminder","Colored Map","Colored Powertips","Highlight Path","Minty Spire (QoL Compilation)","Relic Stats"],"gold_per_floor":[113,113,113,131,131,161,161,191,239,256,268,268,30,43,43,43,43],"floor_reached":16,"language":"ENG","playtime":929,"items_purged":["Strike_R"],"score":257,"play_id":"13c3977d-d17b-4787-b641-bb8ac51a85da","local_time":"20210219010251","is_ascension_mode":true,"campfire_choices":[{"data":"Clash","floor":7,"key":"SMITH"},{"data":"Metallicize","floor":15,"key":"SMITH"}],"circlet_count":0,"master_deck":["AscendersBane","Strike_R","Strike_R","Strike_R+1","Strike_R","Defend_R","Defend_R+1","Defend_R","Bash","Clash+1","Pommel Strike+1","Metallicize+1","Second Wind+1","Mayhem","Juggernaut"],"relics":["Burning Blood","NeowsBlessing","Centennial Puzzle","Smiling Mask","Art of War"],"acts_visited":["Exordium"],"potions_floor_usage":[8,8],"damage_taken":[{"damage":0,"enemies":"Jaw Worm","floor":1,"turns":1},{"damage":0,"enemies":"2 Louse","floor":4,"turns":1},{"damage":0,"enemies":"Gremlin Nob","floor":6,"turns":1},{"damage":17,"enemies":"Lagavulin","floor":8,"turns":3},{"damage":0,"enemies":"Small Slimes","floor":10,"turns":2},{"damage":12,"enemies":"Red Slaver","floor":11,"turns":4},{"damage":23,"enemies":"Exordium Wildlife","floor":14,"turns":5},{"damage":36,"enemies":"The Guardian","floor":16,"turns":6}],"seed_played":"-4744086947379580258","potions_obtained":[{"floor":1,"key":"SteroidPotion"},{"floor":6,"key":"AttackPotion"}],"is_trial":false,"path_per_floor":["M","?","?","M","?","E","R","E","T","M","M","?","$","M","R","B"],"character_chosen":"IRONCLAD","items_purchased":["Mayhem"],"campfire_rested":0,"item_purchase_floors":[13],"current_hp_per_floor":[74,74,51,57,57,63,63,52,52,58,52,52,52,35,35,0,0],"gold":43,"neow_bonus":"THREE_ENEMY_KILL","is_daily":false,"chose_seed":false,"campfire_upgraded":2,"win_rate":0.0,"timestamp":1613692971,"path_taken":["M","?","?","M","?","E","R","E","T","?","M","?","$","M","R","BOSS"],"items_purchased_type":["Card"],"build_version":"2020-12-22","purchased_purges":1,"victory":false,"max_hp_per_floor":[75,75,75,75,75,75,75,75,75,75,75,75,75,75,75,75,75],"relic_stats":{"Centennial Puzzle":[12],"counters":[8,23],"Art of War":[3],"Smiling Mask":25,"obtain_stats":[{"Centennial Puzzle":6,"NeowsBlessing":0,"Art of War":9,"Smiling Mask":8,"Burning Blood":0},{"Centennial Puzzle":3,"NeowsBlessing":0,"Art of War":4,"Smiling Mask":4,"Burning Blood":0},{"Centennial Puzzle":3,"NeowsBlessing":0,"Art of War":6,"Smiling Mask":6,"Burning Blood":0}],"Burning Blood":42},"card_choices":[{"not_picked":["Feel No Pain","Dual Wield","Shrug It Off"],"picked":"SKIP","floor":1},{"not_picked":["Clothesline","Heavy Blade"],"picked":"Pommel Strike","floor":4},{"not_picked":["Seeing Red","True Grit"],"picked":"Metallicize","floor":6},{"not_picked":["Armaments","Thunderclap","Pummel"],"picked":"SKIP","floor":8},{"not_picked":["Headbutt","Twin Strike"],"picked":"Second Wind","floor":10},{"not_picked":["Disarm","Sentinel","Ghostly Armor"],"picked":"SKIP","floor":11},{"not_picked":["True Grit","Anger"],"picked":"Juggernaut","floor":14}],"player_experience":853666,"relics_obtained":[{"floor":6,"key":"Centennial Puzzle"},{"floor":8,"key":"Smiling Mask"},{"floor":9,"key":"Art of War"}],"event_choices":[{"damage_healed":0,"gold_gain":0,"cards_transformed":["Defend_R"],"player_choice":"Change","damage_taken":0,"max_hp_gain":0,"max_hp_loss":0,"event_name":"Living Wall","floor":2,"gold_loss":0,"cards_obtained":["Clash"]},{"damage_healed":0,"gold_gain":0,"player_choice":"Entered Light","damage_taken":23,"max_hp_gain":0,"max_hp_loss":0,"event_name":"Shining Light","floor":3,"gold_loss":0,"cards_upgraded":["Strike_R","Defend_R"]},{"damage_healed":0,"gold_gain":0,"player_choice":"Upgraded","damage_taken":0,"max_hp_gain":0,"max_hp_loss":0,"event_name":"Upgrade Shrine","floor":5,"gold_loss":0,"cards_upgraded":["Pommel Strike"]},{"damage_healed":0,"gold_gain":0,"player_choice":"Forge","damage_taken":0,"max_hp_gain":0,"max_hp_loss":0,"event_name":"Accursed Blacksmith","floor":12,"gold_loss":0,"cards_upgraded":["Second Wind"]}],"is_beta":false,"boss_relics":[],"items_purged_floors":[13],"is_endless":false,"potions_floor_spawned":[1,6],"killed_by":"The Guardian","ascension_level":18}}