{"host":"8f5cu9y0fpol72qs","time":1613725725,"event":{"mods":["AlwaysNeverKeys","BaseMod","Colored Map","Colored Powertips","Curses Come First","Highlight Path","Key Reminder","Minty Spire (QoL Compilation)","StSLib"],"gold_per_floor":[110,125,144,11,21,55,55,74,74,74,94,122,46,75,75,147,147,161,161,177,177,197,197,222,222,222,237,68,102,118,136,136,207,207,226,249,295,309,309,343,343,54,123,123,123,137,156,185,185,185,185,185,20,54,54,54],"floor_reached":55,"language":"ENG","playtime":4548,"items_purged":["Strike_G","Survivor","Infinite Blades"],"score":1585,"play_id":"f7bf4bc7-2140-4a2a-bd73-f5ed317efaf6","local_time":"20210219010845","is_ascension_mode":true,"campfire_choices":[{"floor":10,"key":"REST"},{"data":"Footwork","floor":15,"key":"SMITH"},{"data":"Noxious Fumes","floor":23,"key":"SMITH"},{"data":"Bullet Time","floor":25,"key":"SMITH"},{"data":"Well Laid Plans","floor":32,"key":"SMITH"},{"data":"Footwork","floor":41,"key":"SMITH"},{"data":"Malaise","floor":44,"key":"SMITH"},{"floor":49,"key":"RECALL"},{"data":"Neutralize","floor":52,"key":"SMITH"}],"circlet_count":0,"master_deck":["AscendersBane","Neutralize+1","Dash","Blade Dance","Cloak And Dagger","Blade Dance","Cloak And Dagger","Footwork+1","Bullet Time+1","Noxious Fumes+1","Backstab","Phantasmal Killer","Expertise","Cloak And Dagger","Well Laid Plans+1","Corpse Explosion","Accuracy+1","Dodge and Roll","Outmaneuver+1","Blade Dance","Terror","Malaise+1","Deadly Poison+1","Adrenaline+1","Accuracy+1","Footwork+1","Backflip+1","Footwork","Cloak And Dagger+1","Dodge and Roll+1","Blade Dance+1","Blade Dance+1"],"relics":["Ring of the Snake","Thread and Needle","Bag of Preparation","Pen Nib","Paper Crane","Akabeko","Pandora\u0027s Box","Anchor","Bottled Tornado","OrangePellets","Smiling Mask","Astrolabe","Ginger","Toxic Egg 2","Lee\u0027s Waffle","Kunai","Blue Candle","Ornamental Fan","Blood Vial"],"acts_visited":["Exordium","TheCity","TheBeyond","TheEnding"],"potions_floor_usage":[6,12,24,27,30,35,37,40,54,55],"damage_taken":[{"damage":7,"enemies":"Cultist","floor":1,"turns":6},{"damage":1,"enemies":"Jaw Worm","floor":2,"turns":5},{"damage":0,"enemies":"Small Slimes","floor":3,"turns":4},{"damage":4,"enemies":"Red Slaver","floor":5,"turns":4},{"damage":10,"enemies":"3 Sentries","floor":6,"turns":10},{"damage":0,"enemies":"Blue Slaver","floor":8,"turns":4},{"damage":1,"enemies":"3 Louse","floor":11,"turns":5},{"damage":10,"enemies":"Gremlin Nob","floor":12,"turns":4},{"damage":1,"enemies":"3 Sentries","floor":14,"turns":7},{"damage":0,"enemies":"The Guardian","floor":16,"turns":12},{"damage":0,"enemies":"Chosen","floor":18,"turns":3},{"damage":0,"enemies":"2 Thieves","floor":20,"turns":2},{"damage":0,"enemies":"Sentry and Sphere","floor":22,"turns":3},{"damage":19,"enemies":"Slavers","floor":24,"turns":8},{"damage":0,"enemies":"Cultist and Chosen","floor":27,"turns":4},{"damage":4,"enemies":"Book of Stabbing","floor":29,"turns":4},{"damage":0,"enemies":"Centurion and Healer","floor":30,"turns":5},{"damage":0,"enemies":"Shelled Parasite and Fungi","floor":31,"turns":3},{"damage":7,"enemies":"Collector","floor":33,"turns":5},{"damage":0,"enemies":"Orb Walker","floor":35,"turns":2},{"damage":7,"enemies":"2 Orb Walkers","floor":37,"turns":4},{"damage":0,"enemies":"3 Darklings","floor":38,"turns":3},{"damage":19,"enemies":"Reptomancer","floor":40,"turns":5},{"damage":0,"enemies":"Writhing Mass","floor":46,"turns":5},{"damage":2,"enemies":"Jaw Worm Horde","floor":47,"turns":4},{"damage":10,"enemies":"Giant Head","floor":48,"turns":6},{"damage":26,"enemies":"Time Eater","floor":50,"turns":10},{"damage":22,"enemies":"Shield and Spear","floor":54,"turns":6},{"damage":47,"enemies":"The Heart","floor":55,"turns":3}],"seed_played":"4097656978353469973","potions_obtained":[{"floor":1,"key":"Swift Potion"},{"floor":2,"key":"Block Potion"},{"floor":3,"key":"Dexterity Potion"},{"floor":11,"key":"Strength Potion"},{"floor":12,"key":"FearPotion"},{"floor":27,"key":"SteroidPotion"},{"floor":29,"key":"LiquidMemories"},{"floor":31,"key":"Weak Potion"},{"floor":37,"key":"SpeedPotion"},{"floor":38,"key":"EssenceOfSteel"},{"floor":40,"key":"SpeedPotion"},{"floor":46,"key":"Dexterity Potion"}],"is_trial":false,"path_per_floor":["M","M","M","$","M","E","?","M","T","R","M","E","$","E","R","B",null,"M","?","M","?","M","R","E","R","T","M","$","E","M","M","R","B",null,"M","T","?","M","?","E","R","$","T","R","T","M","M","E","R","B",null,"R","$","E","B"],"character_chosen":"THE_SILENT","items_purchased":["Blade Dance","Noxious Fumes","OrangePellets","Lee\u0027s Waffle","Footwork","LiquidBronze","Blade Dance+1"],"campfire_rested":1,"item_purchase_floors":[4,13,28,42,42,53,53],"current_hp_per_floor":[58,57,57,57,53,43,25,25,25,46,45,35,35,34,34,34,63,63,63,63,63,63,63,44,44,44,44,44,40,40,40,40,33,62,62,62,55,55,55,36,36,75,75,75,75,75,73,63,63,37,66,66,66,44,0,0],"gold":54,"neow_bonus":"TEN_PERCENT_HP_BONUS","is_daily":false,"chose_seed":false,"campfire_upgraded":7,"win_rate":0.0,"timestamp":1613725725,"path_taken":["M","M","M","$","M","E","?","M","T","R","M","E","$","E","R","BOSS","M","?","M","?","M","R","E","R","T","M","$","E","M","M","R","BOSS","M","?","?","M","?","E","R","$","T","R","?","M","?","E","R","BOSS","R","$","E","BOSS"],"items_purchased_type":["Card","Card","Relic","Relic","Card","Potion","Card"],"build_version":"2020-12-22","purchased_purges":3,"victory":false,"max_hp_per_floor":[72,72,72,72,72,72,72,72,72,72,72,72,72,72,72,72,72,72,72,72,72,72,72,72,72,72,72,72,72,72,72,72,72,72,72,72,72,72,68,68,68,75,75,75,75,75,75,75,75,75,75,75,75,75,75,75],"card_choices":[{"not_picked":["Terror","PiercingWail"],"picked":"Dash","floor":1},{"not_picked":["Flechettes","Dash"],"picked":"Blade Dance","floor":2},{"not_picked":["Accuracy","Blur"],"picked":"Cloak And Dagger","floor":3},{"not_picked":["Riddle With Holes","Outmaneuver","Blur"],"picked":"SKIP","floor":5},{"not_picked":["Dodge and Roll","Underhanded Strike"],"picked":"Cloak And Dagger","floor":6},{"not_picked":["Catalyst","Skewer"],"picked":"Footwork","floor":8},{"not_picked":["Blur","Deadly Poison","Outmaneuver"],"picked":"SKIP","floor":11},{"not_picked":["Dagger Throw","Quick Slash"],"picked":"Bullet Time","floor":12},{"not_picked":["Cloak And Dagger","Riddle With Holes"],"picked":"Backstab","floor":14},{"not_picked":["Storm of Steel","Venomology"],"picked":"Phantasmal Killer","floor":16},{"not_picked":["Poisoned Stab","Dagger Spray"],"picked":"Dodge and Roll","floor":18},{"not_picked":["Poisoned Stab","Dodge and Roll"],"picked":"Outmaneuver+1","floor":20},{"not_picked":["Catalyst","Bane","Concentrate"],"picked":"SKIP","floor":22},{"not_picked":["Flying Knee","Die Die Die"],"picked":"Blade Dance","floor":24},{"not_picked":["Acrobatics","Deadly Poison"],"picked":"Terror","floor":27},{"not_picked":["Well Laid Plans","Eviscerate","Caltrops"],"picked":"SKIP","floor":29},{"not_picked":["Endless Agony","Outmaneuver","Prepared"],"picked":"SKIP","floor":30},{"not_picked":["Dash","Bane","Unload"],"picked":"SKIP","floor":31},{"not_picked":["Corpse Explosion","Wraith Form v2"],"picked":"Malaise","floor":33},{"not_picked":["Outmaneuver","Setup"],"picked":"Footwork","floor":35},{"not_picked":["Deadly Poison","Quick Slash","Backstab"],"picked":"SKIP","floor":38},{"not_picked":["Bouncing Flask+1","Slice"],"picked":"Backflip+1","floor":40},{"not_picked":["Slice+1","Backflip+1"],"picked":"Cloak And Dagger+1","floor":46},{"not_picked":["Flechettes+1","Setup+1"],"picked":"Dodge and Roll+1","floor":47},{"not_picked":["Dash","Acrobatics+1","Eviscerate"],"picked":"SKIP","floor":48},{"not_picked":["Deadly Poison+1","Slice"],"picked":"Blade Dance+1","floor":54}],"player_experience":1108901,"relics_obtained":[{"floor":6,"key":"Thread and Needle"},{"floor":9,"key":"Pen Nib"},{"floor":12,"key":"Paper Crane"},{"floor":14,"key":"Akabeko"},{"floor":24,"key":"Anchor"},{"floor":26,"key":"Bottled Tornado"},{"floor":29,"key":"Smiling Mask"},{"floor":37,"key":"Ginger"},{"floor":40,"key":"Toxic Egg 2"},{"floor":43,"key":"Kunai"},{"floor":45,"key":"Blue Candle"},{"floor":48,"key":"Ornamental Fan"},{"floor":54,"key":"Blood Vial"}],"event_choices":[{"damage_healed":0,"gold_gain":0,"player_choice":"Success","damage_taken":18,"relics_obtained":["Bag of Preparation"],"max_hp_gain":0,"max_hp_loss":0,"event_name":"Scrap Ooze","floor":7,"gold_loss":0},{"damage_healed":0,"gold_gain":0,"player_choice":"Ignored","damage_taken":0,"max_hp_gain":0,"max_hp_loss":0,"event_name":"The Mausoleum","floor":19,"gold_loss":0},{"damage_healed":0,"gold_gain":0,"player_choice":"Upgraded","damage_taken":0,"max_hp_gain":0,"max_hp_loss":0,"event_name":"Upgrade Shrine","floor":21,"gold_loss":0,"cards_upgraded":["Accuracy"]},{"damage_healed":0,"gold_gain":0,"player_choice":"Fight","damage_taken":0,"max_hp_gain":0,"max_hp_loss":0,"event_name":"Mysterious Sphere","floor":37,"gold_loss":0},{"damage_healed":0,"gold_gain":0,"player_choice":"Max HP","damage_taken":0,"max_hp_gain":0,"max_hp_loss":4,"event_name":"Winding Halls","floor":39,"gold_loss":0}],"is_beta":false,"boss_relics":[{"not_picked":["SlaversCollar","Black Star"],"picked":"Pandora\u0027s Box"},{"not_picked":["Velvet Choker","Runic Dome"],"picked":"Astrolabe"}],"items_purged_floors":[4,42,53],"is_endless":false,"potions_floor_spawned":[1,2,3,11,12,20,27,29,31,37,38,40,46],"killed_by":"The Heart","ascension_level":19}}