{"host":"uxx7prhn9zlu6i2v","time":1613694993,"event":{"mods":["2.2 Compatiblity","AchievementEnabler","Act Like it!","Ascension Reborn","BaseMod","Bossed Relics","Faster Ascension Climbing","Gensokyo","HololiveMod","Hubris","KomeijiMod","Lobotomy","LobotomyExtend","Marisa????????","Minty Spire (QoL Compilation)","Morshu Shopkeeper - ENHANCED","Permanent Neow","Reimu??????","Relic Filter","Relic Sorter","Ruina","RumiaBox-????????","Spicy Shops","StSLib","The Administrix","The Mystic","Weighted Paths","Wide Potions"],"gold_per_floor":[114,129,129,143,156,156,156,175,251,251,268,41,41,12,12,117,117,130,146,146,361,361,361,390,390,390,408,408,420,5,19,19,171,171,235,235,251,67,67,67,96,96,123,123,123,139,139,139,139,219,219],"floor_reached":52,"language":"ENG","playtime":3757,"items_purged":["Defend_MRS","Pain","SuperPerseids"],"score":972,"play_id":"8269a04c-9cf5-476b-a4ef-8ba18655c99d","local_time":"20210218183633","is_ascension_mode":true,"campfire_choices":[{"data":"FinalSpark","floor":6.0,"key":"SMITH"},{"data":"SprinkleStarSeal","floor":10.0,"key":"SMITH"},{"data":"GalacticHalo","floor":15.0,"key":"SMITH"},{"floor":23.0,"key":"REST"},{"data":"UpSweep","floor":25.0,"key":"SMITH"},{"data":"1","floor":32.0,"key":"LIFT"},{"data":"2","floor":40,"key":"LIFT"},{"data":"3","floor":42,"key":"LIFT"},{"data":"PulseMagic","floor":45,"key":"SMITH"},{"data":"MasterSpark","floor":49,"key":"SMITH"}],"circlet_count":0,"master_deck":["Strike_MRS","Strike_MRS","Strike_MRS","Defend_MRS+1","Defend_MRS","MasterSpark+1","UpSweep+1","SpiderBud","FinalSpark+1","UniverseFragment","OneTimeOff+1","SprinkleStarSeal+1","PulseMagic+1","GalacticHalo+1","EnergyRecoil","AsteroidBelt+1","ruina:SwordSharpened+1","hubris:Insight+1"],"relics":["MiniHakkero","Toxic Egg 2","CogitoBucket","RabbitCall","LetterFromLob","hubris:Towel","Tea:ReiMu","HellTrain","Blood Vial","Gensokyo:LunaticRedEyes","Empty Cage","hubris:TenFootPole","ChangeAnything","Girya","Membership Card","hubris:SlimyHat","hubris:ToyBattleship","Busted Crown","LuminousBracelet","AtMidnight","hubris:EmptyBottle","Art of War","Juzu Bracelet","hubris:Icosahedron","SproutingBranch"],"acts_visited":["Gensokyo:Gensokyo","ruina:Briah","Gensokyo:Gensokyoest"],"potions_floor_usage":[],"damage_taken":[{"damage":0.0,"enemies":"Gensokyo:3_Fairies","floor":1.0,"turns":3.0},{"damage":8.0,"enemies":"Gensokyo:Gryphon","floor":2.0,"turns":3.0},{"damage":0.0,"enemies":"Gensokyo:Python","floor":4.0,"turns":3.0},{"damage":0.0,"enemies":"Gensokyo:Kitsune","floor":5.0,"turns":3.0},{"damage":13.0,"enemies":"Gensokyo:LivingMonolith","floor":8.0,"turns":4.0},{"damage":3.0,"enemies":"Gensokyo:VengefulSpirit","floor":11.0,"turns":4.0},{"damage":8.0,"enemies":"Gensokyo:Yukari","floor":16.0,"turns":6.0},{"damage":4.0,"enemies":"ruina:2_Scarecrows","floor":18.0,"turns":5.0},{"damage":22.0,"enemies":"ruina:3_Bats","floor":19.0,"turns":4.0},{"damage":9.0,"enemies":"ruina:KnightOfDespair","floor":21.0,"turns":4.0},{"damage":0.0,"enemies":"ruina:Mountain","floor":24.0,"turns":15.0},{"damage":0.0,"enemies":"ruina:Woodsman","floor":27.0,"turns":4.0},{"damage":4.0,"enemies":"ruina:QueenOfHate","floor":29.0,"turns":5.0},{"damage":0.0,"enemies":"ruina:KnightOfDespair","floor":31.0,"turns":5.0},{"damage":42.0,"enemies":"ruina:Ozma","floor":33.0,"turns":6.0},{"damage":48.0,"enemies":"Gensokyo:AncientGuardian","floor":35.0,"turns":5.0},{"damage":7,"enemies":"Gensokyo:3_Bats","floor":37,"turns":7},{"damage":0,"enemies":"Gensokyo:Kasen","floor":41,"turns":4},{"damage":0,"enemies":"Gensokyo:Sharpion","floor":46,"turns":4},{"damage":59,"enemies":"Gensokyo:Scarlet_Devils","floor":50,"turns":8}],"seed_played":"-4365576080772825133","potions_obtained":[{"floor":1.0,"key":"PowerPotion"},{"floor":16.0,"key":"PowerPotion"},{"floor":19.0,"key":"BottledSpark"},{"floor":21.0,"key":"DistilledChaos"},{"floor":31.0,"key":"Fire Potion"},{"floor":35,"key":"CalmPotion"}],"is_trial":false,"path_per_floor":["M","M","?","M","M","R","?","M","T","R","M","$","?","COS","R","B",null,"M","M","?","M","?","R","E","R","T","M","?","M","$","M","R","B",null,"M","?","M","$","?","R","E","R","T","?","R","M","?","?","R","B",null,null],"character_chosen":"MARISA","items_purchased":["Blood Vial","Membership Card","hubris:SlimyHat","ruina:SwordSharpened+1","hubris:ToyBattleship","hubris:Insight+1","hubris:EmptyBottle"],"campfire_rested":1,"item_purchase_floors":[12,30,30,30,30,38,38],"current_hp_per_floor":[68,60,72,72,72,72,72,59,59,59,56,56,56,56,75,67,73,71,51,59,52,28,52,54,54,54,58,58,56,56,58,82,41,73,27,42,54,54,54,54,56,56,56,56,56,58,58,41,41,32,32],"gold":219,"neow_bonus":"","is_daily":false,"chose_seed":false,"campfire_upgraded":6,"win_rate":0.0,"timestamp":1613694993,"path_taken":["M","M","?","M","?","R","?","?","T","R","M","?","?","COS","R","BOSS","M","?","?","?","?","R","E","R","T","M","?","M","$","M","R","BOSS","M","?","M","?","?","R","E","R","T","?","R","M","?","?","R","BOSS"],"items_purchased_type":["Relic","Relic","Relic","Card","Relic","Card","Relic"],"build_version":"2020-12-22","purchased_purges":3,"victory":true,"max_hp_per_floor":[75,75,75,75,75,75,75,75,75,75,75,75,75,75,75,75,75,75,75,83,83,83,83,83,83,83,83,83,83,83,83,83,83,83,83,83,98,98,98,98,98,98,98,98,98,88,88,88,88,88,88],"card_choices":[{"not_picked":["GalaxyChild","Funeral"],"picked":"SpiderBud","floor":1.0},{"not_picked":["LuminesStrike","PowerUp"],"picked":"FinalSpark","floor":1.0},{"not_picked":["Wellcheers","Woodsman"],"picked":"UniverseFragment","floor":2.0},{"not_picked":["GrandCross","DoubleSpark"],"picked":"SuperPerseids","floor":2.0},{"not_picked":["Variant","CherryBlossoms","FairyFestival"],"picked":"Singing Bowl","floor":4.0},{"not_picked":["RefractionSpark","UnstableBomb"],"picked":"OneTimeOff","floor":4.0},{"not_picked":["DespairKnight","MHz","Murderer"],"picked":"Singing Bowl","floor":5.0},{"not_picked":["Singularity","6A"],"picked":"SprinkleStarSeal","floor":5.0},{"not_picked":["Porccubus","LittleHelper","MHz"],"picked":"Singing Bowl","floor":8.0},{"not_picked":["SuperPerseids","BlazeAway"],"picked":"PulseMagic","floor":8.0},{"not_picked":["Bloodbath","Scorched","BeautyBeast"],"picked":"Singing Bowl","floor":11.0},{"not_picked":["PowerUp","GravityBeat"],"picked":"GalacticHalo","floor":11.0},{"not_picked":["FairyFestival","Laetitia","CrumblingArmor"],"picked":"Singing Bowl","floor":16.0},{"not_picked":["SnowQueen","FairyFestival","OldLady"],"picked":"Singing Bowl","floor":18.0},{"not_picked":["Acceleration","PowerUp"],"picked":"EnergyRecoil","floor":18.0},{"not_picked":["LaLuna","WallGazer","BeautyBeast"],"picked":"Singing Bowl","floor":19.0},{"not_picked":["AlicesGift","DoubleSpark","NonDirectionalLaser"],"picked":"SKIP","floor":19.0},{"not_picked":["SilentOrchestra","MHz"],"picked":"DespairKnight","floor":21.0},{"not_picked":["ShootingEcho","BinaryStars"],"picked":"AsteroidBelt","floor":21.0},{"not_picked":["ShyLook","HeroicMonk","Funeral"],"picked":"Singing Bowl","floor":24.0},{"not_picked":["GalacticHalo+1","6A+1","GrandCross"],"picked":"SKIP","floor":24.0},{"not_picked":["BlueStar","OldLady","GalaxyChild"],"picked":"Singing Bowl","floor":27.0},{"not_picked":["JA","NonDirectionalLaser+1","DC+1"],"picked":"SKIP","floor":27.0},{"not_picked":["WhitesApple","Laetitia","OSAHOGD"],"picked":"Singing Bowl","floor":29.0},{"not_picked":["Acceleration+1","IllusionStar+1","DarkSpark"],"picked":"SKIP","floor":29.0},{"not_picked":["QueenBee","SnowQueen","Scorched"],"picked":"Singing Bowl","floor":31.0},{"not_picked":["DarkSpark","DoubleSpark","MillisecondPulsars"],"picked":"SKIP","floor":31.0},{"not_picked":["OldLady","Scorched","OSAHOGD"],"picked":"Singing Bowl","floor":33.0},{"not_picked":["MeteoricShower+1"],"picked":"SKIP","floor":35},{"not_picked":["HeroicMonk","LongBird","SnowQueen"],"picked":"Singing Bowl","floor":37},{"not_picked":["MachineGunSpark"],"picked":"SKIP","floor":37},{"not_picked":["BigBird","WallGazer","LittleHelper"],"picked":"Singing Bowl","floor":41},{"not_picked":["StarlightTyphoon+1"],"picked":"SKIP","floor":41},{"not_picked":["SingingMachine","HappyTeddy","GalaxyChild"],"picked":"Singing Bowl","floor":46},{"not_picked":["WitchLeyline+1"],"picked":"SKIP","floor":46}],"player_experience":1687738,"relics_obtained":[{"floor":1.0,"key":"LetterFromLob"},{"floor":9.0,"key":"Tea:ReiMu"},{"floor":24.0,"key":"Toxic Egg 2"},{"floor":26.0,"key":"hubris:TenFootPole"},{"floor":37,"key":"AtMidnight"},{"floor":41,"key":"Art of War"},{"floor":43,"key":"Juzu Bracelet"}],"event_choices":[],"is_beta":false,"boss_relics":[{"not_picked":["Tiny House","Runic Pyramid"],"picked":"Empty Cage"},{"not_picked":["EasyGame_NEW","Sozu"],"picked":"Busted Crown"}],"items_purged_floors":[12,30,38],"is_endless":false,"potions_floor_spawned":[1,5,16,19,21,31,35],"ascension_level":9}}