{"host":"suw5tyb7z6zbnnfs","time":1613708831,"event":{"mods":["AchievementEnabler","BaseMod","Colored Map","Minty Spire (QoL Compilation)"],"gold_per_floor":[112,132,132,57,67,67,96,96,96,96,124,124,124,43,43,147,147,163,180,199,52,71,111,111,11,11,31,31,67,67,105,105,215,215,226,238,110,127,142,183,209,2,2,2,41,41,13,40,40,40],"floor_reached":51,"language":"ENG","playtime":5219,"items_purged":["Regret","Defend_G","Defend_G"],"score":1602,"play_id":"b13709e8-892b-4aa5-8ff9-8eb4ca4f0ec4","local_time":"20210218232711","is_ascension_mode":true,"campfire_choices":[{"data":"Neutralize","floor":6,"key":"SMITH"},{"data":"Blade Dance","floor":8,"key":"SMITH"},{"data":"Flying Knee","floor":10,"key":"SMITH"},{"data":"Defend_G","floor":15,"key":"SMITH"},{"data":"Accuracy","floor":24,"key":"SMITH"},{"data":"Tools of the Trade","floor":28,"key":"SMITH"},{"data":"Finisher","floor":30,"key":"SMITH"},{"floor":32,"key":"RECALL"},{"floor":44,"key":"REST"},{"floor":46,"key":"REST"},{"floor":49,"key":"REST"}],"circlet_count":0,"master_deck":["AscendersBane","Strike_G","Strike_G","Strike_G","Strike_G","Strike_G","Defend_G+1","Defend_G","Defend_G","Survivor+1","Neutralize+1","Flying Knee+1","Blade Dance+1","Dodge and Roll+1","Adrenaline+1","Panacea+1","Tools of the Trade+1","PiercingWail+1","Blade Dance+1","Accuracy+1","Backflip+1","Cloak And Dagger+1","Leg Sweep+1","Finisher+1","Cloak And Dagger+1","Burst+1","Calculated Gamble+1","Accuracy","After Image","Terror+1","Acrobatics+1","Infinite Blades"],"relics":["Black Star","InkBottle","Vajra","Toxic Egg 2","Eternal Feather","Pear","Bottled Lightning","Sozu","CeramicFish","Incense Burner","Letter Opener","Mummified Hand","Singing Bowl","MealTicket","Ninja Scroll","Fusion Hammer","Snake Skull","Centennial Puzzle","Membership Card","Nunchaku","Akabeko","HornCleat","Toy Ornithopter","Question Card"],"acts_visited":["Exordium","TheCity","TheBeyond"],"potions_floor_usage":[7,7,16,16,23],"damage_taken":[{"damage":4,"enemies":"2 Louse","floor":1,"turns":3},{"damage":0,"enemies":"Small Slimes","floor":2,"turns":4},{"damage":1,"enemies":"Cultist","floor":5,"turns":5},{"damage":9,"enemies":"3 Sentries","floor":7,"turns":10},{"damage":26,"enemies":"Lagavulin","floor":11,"turns":7},{"damage":18,"enemies":"The Guardian","floor":16,"turns":14},{"damage":8,"enemies":"Spheric Guardian","floor":18,"turns":4},{"damage":1,"enemies":"Shell Parasite","floor":19,"turns":5},{"damage":8,"enemies":"Chosen and Byrds","floor":20,"turns":5},{"damage":16,"enemies":"Shelled Parasite and Fungi","floor":22,"turns":5},{"damage":0,"enemies":"Slavers","floor":23,"turns":7},{"damage":4,"enemies":"Cultist and Chosen","floor":27,"turns":7},{"damage":1,"enemies":"Gremlin Leader","floor":29,"turns":5},{"damage":18,"enemies":"Book of Stabbing","floor":31,"turns":4},{"damage":36,"enemies":"Automaton","floor":33,"turns":7},{"damage":2,"enemies":"3 Shapes","floor":35,"turns":3},{"damage":3,"enemies":"Orb Walker","floor":36,"turns":3},{"damage":0,"enemies":"Transient","floor":38,"turns":5},{"damage":3,"enemies":"Sphere and 2 Shapes","floor":39,"turns":4},{"damage":0,"enemies":"Giant Head","floor":40,"turns":5},{"damage":0,"enemies":"3 Darklings","floor":41,"turns":4},{"damage":6,"enemies":"Reptomancer","floor":45,"turns":5},{"damage":0,"enemies":"Giant Head","floor":48,"turns":2},{"damage":17,"enemies":"Awakened One","floor":50,"turns":6}],"seed_played":"-2527175071306517556","potions_obtained":[{"floor":1,"key":"DistilledChaos"},{"floor":5,"key":"SteroidPotion"},{"floor":13,"key":"GhostInAJar"},{"floor":13,"key":"Strength Potion"},{"floor":13,"key":"GhostInAJar"}],"is_trial":false,"path_per_floor":["M","M","?","$","M","R","E","R","T","R","E","?","?","$","R","B",null,"M","M","M","$","M","E","R","$","T","M","R","E","R","E","R","B",null,"M","M","$","M","M","E","M","$","T","R","E","R","$","E","R","B",null],"character_chosen":"THE_SILENT","items_purchased":["Panacea+1","Blade Dance+1","Accuracy","Backflip+1","Calculated Gamble+1","Accuracy","Membership Card","Infinite Blades"],"campfire_rested":3,"item_purchase_floors":[14,21,21,21,37,37,42,47],"current_hp_per_floor":[59,59,59,59,58,58,49,49,49,58,42,42,42,42,51,33,68,60,59,51,51,35,35,50,50,50,46,58,57,72,54,69,33,68,68,67,82,84,83,83,83,88,88,88,82,88,88,90,90,73],"gold":40,"neow_bonus":"BOSS_RELIC","is_daily":false,"chose_seed":false,"campfire_upgraded":7,"win_rate":0.0,"timestamp":1613708831,"path_taken":["M","M","?","$","M","R","E","R","T","R","E","?","?","$","R","BOSS","M","?","M","$","M","E","R","$","T","M","R","E","R","E","R","BOSS","M","M","$","M","?","E","M","$","T","R","E","R","?","E","R","BOSS"],"items_purchased_type":["Card","Card","Card","Card","Card","Card","Relic","Card"],"build_version":"2020-12-22","purchased_purges":3,"victory":true,"max_hp_per_floor":[70,70,70,70,70,70,70,70,70,70,80,80,80,80,80,80,80,80,80,80,80,80,80,80,80,80,80,80,80,80,80,80,80,80,82,84,84,86,88,88,88,88,88,88,88,88,88,90,90,90],"card_choices":[{"not_picked":["Predator","Acrobatics"],"picked":"Flying Knee","floor":1},{"not_picked":["Prepared","Flying Knee"],"picked":"Blade Dance","floor":2},{"not_picked":["Tactician","Crippling Poison","Flying Knee"],"picked":"SKIP","floor":5},{"not_picked":["Setup+1","Distraction+1"],"picked":"Dodge and Roll+1","floor":7},{"not_picked":["Poisoned Stab","Underhanded Strike"],"picked":"Adrenaline+1","floor":11},{"not_picked":["Unload","Bullet Time+1"],"picked":"Tools of the Trade","floor":16},{"not_picked":["Poisoned Stab","Predator","Deflect+1"],"picked":"SKIP","floor":18},{"not_picked":["Deflect+1","Sucker Punch"],"picked":"PiercingWail+1","floor":19},{"not_picked":["Dagger Spray","Storm of Steel+1","Setup+1"],"picked":"SKIP","floor":20},{"not_picked":["Backflip+1","Sucker Punch"],"picked":"Cloak And Dagger+1","floor":22},{"not_picked":["Choke","Flying Knee+1"],"picked":"Leg Sweep+1","floor":23},{"not_picked":["Riddle With Holes","Dagger Throw","Bouncing Flask+1"],"picked":"SKIP","floor":27},{"not_picked":["Skewer","Caltrops"],"picked":"Finisher","floor":29},{"not_picked":["Backflip+1","Deadly Poison+1"],"picked":"Cloak And Dagger+1","floor":31},{"not_picked":["Doppelganger+1","Die Die Die"],"picked":"Burst+1","floor":33},{"not_picked":["Outmaneuver+1","Masterful Stab","Dodge and Roll+1"],"picked":"Singing Bowl","floor":35},{"not_picked":["Backstab+1","Crippling Poison+1","Eviscerate"],"picked":"Singing Bowl","floor":36},{"not_picked":["Outmaneuver+1","Dodge and Roll+1","Masterful Stab+1"],"picked":"Singing Bowl","floor":38},{"not_picked":["Dagger Throw+1","Backflip+1","Dodge and Roll+1"],"picked":"Singing Bowl","floor":39},{"not_picked":["Night Terror+1","Expertise+1"],"picked":"After Image","floor":40},{"not_picked":["Choke+1","Heel Hook+1"],"picked":"Terror+1","floor":41},{"not_picked":["Slice","Underhanded Strike+1"],"picked":"Acrobatics+1","floor":45},{"not_picked":["Quick Slash+1","Backflip+1","Heel Hook+1"],"picked":"Singing Bowl","floor":48}],"player_experience":947144,"relics_obtained":[{"floor":7,"key":"Vajra"},{"floor":7,"key":"Toxic Egg 2"},{"floor":9,"key":"Eternal Feather"},{"floor":11,"key":"Pear"},{"floor":11,"key":"Bottled Lightning"},{"floor":23,"key":"CeramicFish"},{"floor":23,"key":"Incense Burner"},{"floor":26,"key":"Letter Opener"},{"floor":29,"key":"Mummified Hand"},{"floor":29,"key":"Singing Bowl"},{"floor":31,"key":"MealTicket"},{"floor":31,"key":"Ninja Scroll"},{"floor":40,"key":"Snake Skull"},{"floor":40,"key":"Centennial Puzzle"},{"floor":43,"key":"Nunchaku"},{"floor":45,"key":"Akabeko"},{"floor":45,"key":"HornCleat"},{"floor":48,"key":"Toy Ornithopter"},{"floor":48,"key":"Question Card"}],"event_choices":[{"damage_healed":0,"gold_gain":0,"player_choice":"Box","damage_taken":0,"relics_obtained":["InkBottle"],"max_hp_gain":0,"max_hp_loss":0,"event_name":"Big Fish","floor":3,"gold_loss":0,"cards_obtained":["Regret"]},{"damage_healed":0,"gold_gain":0,"player_choice":"Grow","damage_taken":0,"max_hp_gain":0,"max_hp_loss":0,"event_name":"Living Wall","floor":12,"gold_loss":0,"cards_upgraded":["Survivor"]},{"damage_healed":0,"gold_gain":0,"player_choice":"Got Potions","damage_taken":0,"max_hp_gain":0,"max_hp_loss":0,"event_name":"Lab","floor":13,"gold_loss":0}],"is_beta":false,"boss_relics":[{"not_picked":["Busted Crown","Calling Bell"],"picked":"Sozu"},{"not_picked":["Coffee Dripper","Snecko Eye"],"picked":"Fusion Hammer"}],"items_purged_floors":[4,25,42],"is_endless":false,"potions_floor_spawned":[1,5,22,23,29,31,33,36,40,45],"ascension_level":10}}