{"host":"w5thk1acqacem6ba","time":1613751890,"event":{"mods":["AchievementEnabler","BaseMod","Colored Map","KOR Keyword Fix","Minty Spire (QoL Compilation)","SuperFastMode"],"gold_per_floor":[114,114,134,134,153,153,179,197,268,268,268,281,296,5,5,104,104,117,133,144,158,158,158],"floor_reached":22,"language":"KOR","playtime":935,"items_purged":[],"score":247,"play_id":"9a7ff511-c47d-45bc-8955-23ed9c1c920b","local_time":"20210220012450","is_ascension_mode":true,"campfire_choices":[{"data":"Zap","floor":6.0,"key":"SMITH"},{"floor":11,"key":"REST"},{"floor":15,"key":"REST"}],"circlet_count":0,"master_deck":["Strike_B","Strike_B","Strike_B","Strike_B","Defend_B","Defend_B","Defend_B","Defend_B","Zap+1","Dualcast+1","Go for the Eyes","Coolheaded","Coolheaded","Compile Driver","Go for the Eyes","Go for the Eyes","Compile Driver","Conserve Battery","Loop","Buffer","Heatsinks","Rebound+1","Conserve Battery","Heatsinks"],"relics":["Busted Crown","Ginger","Mummified Hand","Membership Card","Blood Vial","Nuclear Battery"],"acts_visited":["Exordium","TheCity"],"potions_floor_usage":[13,22],"damage_taken":[{"damage":4.0,"enemies":"Small Slimes","floor":1.0,"turns":3.0},{"damage":0.0,"enemies":"2 Louse","floor":3.0,"turns":3.0},{"damage":0.0,"enemies":"Jaw Worm","floor":5.0,"turns":4.0},{"damage":25.0,"enemies":"Lagavulin","floor":7.0,"turns":9.0},{"damage":7.0,"enemies":"Blue Slaver","floor":8.0,"turns":4.0},{"damage":0,"enemies":"Exordium Wildlife","floor":12,"turns":3},{"damage":17,"enemies":"Gremlin Gang","floor":13,"turns":4},{"damage":29,"enemies":"The Guardian","floor":16,"turns":14},{"damage":9,"enemies":"Spheric Guardian","floor":18,"turns":4},{"damage":4,"enemies":"Chosen","floor":19,"turns":4},{"damage":41,"enemies":"3 Cultists","floor":20,"turns":8},{"damage":14,"enemies":"Snake Plant","floor":21,"turns":6},{"damage":13,"enemies":"Shelled Parasite and Fungi","floor":22,"turns":1}],"seed_played":"5925961006084769215","potions_obtained":[{"floor":3.0,"key":"Block Potion"},{"floor":5.0,"key":"Fruit Juice"},{"floor":13,"key":"ColorlessPotion"},{"floor":19,"key":"FocusPotion"}],"is_trial":false,"path_per_floor":["M","?","M","?","M","R","E","M","T","?","R","M","M","$","R","B",null,"M","M","M","M","M"],"character_chosen":"DEFECT","items_purchased":["Membership Card","Blood Vial","Conserve Battery","Loop"],"campfire_rested":2,"item_purchase_floors":[14,14,14,14],"current_hp_per_floor":[64,64,64,64,69,69,44,37,37,37,61,61,44,44,68,41,70,63,61,22,10,0,0],"gold":158,"neow_bonus":"BOSS_RELIC","is_daily":false,"chose_seed":false,"campfire_upgraded":1,"win_rate":0.0,"timestamp":1613751890,"path_taken":["M","?","M","?","?","R","E","M","T","?","R","M","M","?","R","BOSS","M","M","M","?","M"],"items_purchased_type":["Relic","Relic","Card","Card"],"build_version":"2020-12-22","purchased_purges":0,"victory":false,"max_hp_per_floor":[75,75,75,75,80,80,80,80,80,80,80,80,80,80,80,80,80,80,80,80,80,80,80],"card_choices":[{"not_picked":[],"picked":"Go for the Eyes","floor":1.0},{"not_picked":[],"picked":"Coolheaded","floor":3.0},{"not_picked":["Coolheaded"],"picked":"SKIP","floor":5.0},{"not_picked":[],"picked":"Coolheaded","floor":5.0},{"not_picked":[],"picked":"Compile Driver","floor":7.0},{"not_picked":[],"picked":"Go for the Eyes","floor":8.0},{"not_picked":[],"picked":"Go for the Eyes","floor":12},{"not_picked":[],"picked":"Compile Driver","floor":13},{"not_picked":[],"picked":"Buffer","floor":16},{"not_picked":[],"picked":"Heatsinks","floor":18},{"not_picked":[],"picked":"Rebound+1","floor":19},{"not_picked":[],"picked":"Conserve Battery","floor":20},{"not_picked":[],"picked":"Heatsinks","floor":21}],"player_experience":436296,"relics_obtained":[{"floor":7.0,"key":"Ginger"},{"floor":9.0,"key":"Mummified Hand"}],"event_choices":[{"damage_healed":0.0,"max_hp_gain":0.0,"max_hp_loss":0.0,"gold_gain":0.0,"event_name":"Liars Game","player_choice":"Ignored","floor":2.0,"gold_loss":0.0,"damage_taken":0.0},{"damage_healed":0.0,"max_hp_gain":0.0,"max_hp_loss":0.0,"gold_gain":0.0,"event_name":"Golden Wing","player_choice":"Ignored","floor":4.0,"gold_loss":0.0,"damage_taken":0.0},{"damage_healed":0,"gold_gain":0,"player_choice":"Grow","damage_taken":0,"max_hp_gain":0,"max_hp_loss":0,"event_name":"Living Wall","floor":10,"gold_loss":0,"cards_upgraded":["Dualcast"]}],"is_beta":false,"boss_relics":[{"not_picked":["Calling Bell","Empty Cage"],"picked":"Nuclear Battery"}],"items_purged_floors":[],"is_endless":false,"potions_floor_spawned":[3,5,13,19],"killed_by":"Shelled Parasite and Fungi","ascension_level":6}}