{"host":"Vegetablebread","time":1613769709,"event":{"mods":["BaseMod","Bestiary","Downfall","Minty Spire (QoL Compilation)","Relic Stats","StSLib"],"gold_per_floor":[99,116,116,129,142,142,167,195,208,226,253,44,64,96,116,219,219,119,138,149,149,162,162,185,201,221,248,263,275,295,324,341,442,442,342,355,375,375,375,375,424,324,335,366,383,47,64,81,99,99,99,131,21,21,21,21],"floor_reached":57,"language":"ENG","playtime":9500,"items_purged":["Pain"],"score":1381,"play_id":"5eb287ad-9a57-4642-a531-44dcc20c00f1","local_time":"20210219132149","is_ascension_mode":false,"campfire_choices":[{"data":"Slimebound:CorrosiveSpit","floor":1,"key":"SMITH"},{"data":"Slimebound:Split","floor":6,"key":"SMITH"},{"floor":18,"key":"RECALL"},{"floor":35,"key":"REST"},{"floor":42,"key":"REST"},{"floor":54,"key":"REST"}],"circlet_count":0,"master_deck":["Slimebound:Strike_Slimebound","Slimebound:Strike_Slimebound","Slimebound:Tackle","Slimebound:Defend_Slimebound","Slimebound:Defend_Slimebound","Slimebound:Defend_Slimebound","Slimebound:Defend_Slimebound","Slimebound:Split+1","Slimebound:CorrosiveSpit+1","Slimebound:Chomp","Slimebound:SplitAcid","Slimebound:ComboTackle","Slimebound:ItLooksTasty","Slimebound:ComboTackle","Slimebound:RejuvenatingLick","Slimebound:GrowthPunch","Slimebound:Schlurp","Slimebound:TongueLash","Slimebound:Schlurp","Slimebound:GoopSpray","Slimebound:LeechingTouch+1","Slimebound:MassFeed+1","Slimebound:LeechEnergy+1","Slimebound:ItLooksTasty+1","Ghostly","Ghostly","Ghostly","Ghostly","Ghostly","Slimebound:FormOfPuddle","Slimebound:GoopSpray","Slimebound:TongueLash+1","Slimebound:AcidTongue","Slimebound:Schlurp","Slimebound:LeechingTouch+1","Slimebound:LeechEnergy+1","Slimebound:ComboTackle+1","Slimebound:WasteNot","Slimebound:LeechEnergy+1","Slimebound:LivingWall+1","Slimebound:Darklings","expansioncontent:YouAreMine","expansioncontent:YouAreMine","expansioncontent:Chronoboost","Slimebound:LeechingTouch+1","Slimebound:MassFeed+1","Slimebound:LivingWall","Slimebound:LivingWall+1","expansioncontent:DashGenerateEvil+1","Slimebound:RejuvenatingLick","Slimebound:LeechingTouch+1","Slimebound:LivingWall","Slimebound:GoopSpray","Slimebound:LeechEnergy+1","Slimebound:ViciousTackle+1","Slimebound:SpikyOuterGoop"],"relics":["Slimebound:AbsorbEndCombat","WarpedTongs","Regal Pillow","Gremlin Horn","Pear","Molten Egg 2","Fusion Hammer","downfall:HeartBlessingGreen","Anchor","Letter Opener","Meat on the Bone","Snecko Eye","downfall:HeartBlessingRed","downfall:HeartBlessingBlue","Blood Vial","Slimebound:AggressiveSlimeRelic"],"acts_visited":["Exordium","TheCity","TheBeyond","TheEnding"],"potions_floor_usage":[11,26,30,32,45,48,49,55,56],"damage_taken":[{"damage":3,"enemies":"Small Slimes","floor":2,"turns":3},{"damage":1,"enemies":"Cultist","floor":4,"turns":3},{"damage":7,"enemies":"Jaw Worm","floor":5,"turns":3},{"damage":43,"enemies":"Gremlin Nob","floor":8,"turns":4},{"damage":3,"enemies":"Blue Slaver","floor":9,"turns":2},{"damage":6,"enemies":"downfall:LooterAlt","floor":10,"turns":3},{"damage":35,"enemies":"Lagavulin","floor":11,"turns":6},{"damage":11,"enemies":"downfall:FleeingMerchant","floor":12,"turns":4},{"damage":9,"enemies":"Red Slaver","floor":13,"turns":3},{"damage":10,"enemies":"Gremlin Nob","floor":14,"turns":3},{"damage":13,"enemies":"Exordium Wildlife","floor":15,"turns":3},{"damage":41,"enemies":"DF_ARCHETYPE_STREAMLINE","floor":16,"turns":9},{"damage":3,"enemies":"Spheric Guardian","floor":19,"turns":3},{"damage":3,"enemies":"Chosen","floor":20,"turns":4},{"damage":3,"enemies":"Snecko","floor":22,"turns":5},{"damage":0,"enemies":"Snake Plant","floor":25,"turns":4},{"damage":1,"enemies":"Centurion and Healer","floor":26,"turns":4},{"damage":1,"enemies":"Gremlin Leader","floor":27,"turns":7},{"damage":0,"enemies":"3 Cultists","floor":28,"turns":2},{"damage":3,"enemies":"Snecko","floor":29,"turns":7},{"damage":15,"enemies":"Centurion and Healer","floor":30,"turns":11},{"damage":13,"enemies":"Book of Stabbing","floor":31,"turns":5},{"damage":0,"enemies":"Chosen and Byrds","floor":32,"turns":4},{"damage":35,"enemies":"SI_MIRROR_ARCHETYPE","floor":33,"turns":9},{"damage":0,"enemies":"3 Shapes","floor":36,"turns":2},{"damage":2,"enemies":"3 Darklings","floor":37,"turns":3},{"damage":2,"enemies":"Jaw Worm Horde","floor":43,"turns":3},{"damage":20,"enemies":"Giant Head","floor":44,"turns":6},{"damage":11,"enemies":"Sphere and 2 Shapes","floor":45,"turns":4},{"damage":6,"enemies":"downfall:FleeingMerchant","floor":46,"turns":4},{"damage":0,"enemies":"4 Shapes","floor":47,"turns":3},{"damage":6,"enemies":"Jaw Worm Horde","floor":48,"turns":5},{"damage":14,"enemies":"Maw","floor":49,"turns":8},{"damage":13,"enemies":"IC_BLOCK_ARCHETYPE","floor":50,"turns":10},{"damage":64,"enemies":"downfall:CharBossMerchant","floor":52,"turns":9},{"damage":38,"enemies":"downfall:NeowBoss","floor":55,"turns":18},{"damage":85,"enemies":"downfall:NeowBossFinal","floor":56,"turns":15}],"seed_played":"-232010986080280326","potions_obtained":[{"floor":2,"key":"FairyPotion"},{"floor":9,"key":"Weak Potion"},{"floor":11,"key":"DuplicationPotion"},{"floor":13,"key":"Swift Potion"},{"floor":14,"key":"FairyPotion"},{"floor":16,"key":"PowerPotion"},{"floor":19,"key":"LiquidMemories"},{"floor":22,"key":"Guardian:BlockOnCardUsePotion"},{"floor":28,"key":"EssenceOfSteel"},{"floor":29,"key":"Slimebound:ThreeZeroPotion"},{"floor":30,"key":"Slimebound:SlimedPotion"},{"floor":33,"key":"Weak Potion"},{"floor":48,"key":"Slimebound:SpawnSlimePotion"},{"floor":49,"key":"Energy Potion"}],"is_trial":false,"path_per_floor":["R","M","?","M","M","R","T","E","M","M","E","$","M","E","M","B",null,"R","M","M","?","M","?","T","M","M","E","M","M","M","E","M","B",null,"R","M","M","?","?","?","T","R","M","E","M","$","M","M","M","B",null,"E","$","R","B","B",null],"character_chosen":"SLIMEBOUND","items_purchased":["Slimebound:Schlurp","Slimebound:TongueLash","expansioncontent:DashGenerateEvil","Slimebound:RejuvenatingLick","Slimebound:LeechingTouch+1","SpeedPotion","Slimebound:ViciousTackle+1","Slimebound:SpikyOuterGoop"],"campfire_rested":3,"item_purchase_floors":[12,12,46,46,46,46,53,53],"current_hp_per_floor":[71,70,70,71,66,66,66,29,30,30,28,25,22,18,13,14,81,81,82,84,42,42,36,36,44,55,54,59,61,58,57,65,38,75,75,87,91,91,81,81,81,101,101,89,100,100,122,138,134,135,149,85,85,144,113,50],"gold":21,"neow_bonus":"TEN_PERCENT_HP_BONUS","is_daily":false,"chose_seed":false,"campfire_upgraded":2,"win_rate":0.0,"timestamp":1613769709,"path_taken":["R","M","?","M","M","R","T","E","M","M","E","?","M","E","M","BOSS","R","M","M","?","M","?","T","M","M","E","M","M","M","E","M","BOSS","R","M","M","?","?","?","T","R","M","E","?","$","M","M","M","BOSS","E","$","R","BOSS","BOSS"],"items_purchased_type":["Card","Card","Card","Card","Card","Potion","Card","Card"],"build_version":"2020-12-18","purchased_purges":1,"victory":true,"max_hp_per_floor":[71,71,71,71,71,71,71,71,71,71,81,81,81,81,81,81,81,81,85,85,42,42,47,47,51,55,55,59,63,71,75,75,75,75,75,87,91,91,91,91,91,101,101,105,117,117,133,145,145,149,149,149,149,149,149,149],"relic_stats":{"Blood Vial":16,"Regal Pillow":15,"Gremlin Horn":[22,22],"counters":[37,200],"Snecko Eye":[202,198,179,172],"Letter Opener":[645],"obtain_stats":[{"Slimebound:AggressiveSlimeRelic":52,"Regal Pillow":7,"Pear":11,"Gremlin Horn":8,"downfall:HeartBlessingRed":35,"downfall:HeartBlessingGreen":18,"Letter Opener":27,"WarpedTongs":3,"Blood Vial":44,"Anchor":24,"downfall:HeartBlessingBlue":42,"Snecko Eye":34,"Molten Egg 2":14,"Fusion Hammer":17,"Slimebound:AbsorbEndCombat":0,"Meat on the Bone":31},{"Slimebound:AggressiveSlimeRelic":35,"Regal Pillow":3,"Pear":7,"Gremlin Horn":4,"downfall:HeartBlessingRed":24,"downfall:HeartBlessingGreen":12,"Letter Opener":18,"WarpedTongs":1,"Blood Vial":28,"Anchor":15,"downfall:HeartBlessingBlue":26,"Snecko Eye":24,"Molten Egg 2":10,"Fusion Hammer":12,"Slimebound:AbsorbEndCombat":0,"Meat on the Bone":22},{"Slimebound:AggressiveSlimeRelic":167,"Regal Pillow":9,"Pear":23,"Gremlin Horn":12,"downfall:HeartBlessingRed":110,"downfall:HeartBlessingGreen":45,"Letter Opener":72,"WarpedTongs":3,"Blood Vial":124,"Anchor":57,"downfall:HeartBlessingBlue":115,"Snecko Eye":110,"Molten Egg 2":33,"Fusion Hammer":45,"Slimebound:AbsorbEndCombat":0,"Meat on the Bone":97}],"WarpedTongs":[197],"Meat on the Bone":12},"card_choices":[{"not_picked":["Slimebound:SlimeBarrage","Slimebound:RollThrough"],"picked":"Slimebound:Chomp","floor":2},{"not_picked":["Slimebound:ProtectTheBoss","Slimebound:GoopSpray"],"picked":"Slimebound:SplitAcid","floor":4},{"not_picked":["Slimebound:SplitAcid","Slimebound:RollThrough"],"picked":"Slimebound:ComboTackle","floor":5},{"not_picked":["Slimebound:SplitAcid","Slimebound:Schlurp"],"picked":"Slimebound:ItLooksTasty","floor":8},{"not_picked":["Slimebound:LeechingTouch","Slimebound:SamplingLick"],"picked":"Slimebound:DuplicatedForm","floor":9},{"not_picked":["Slimebound:HauntingLick","Slimebound:GoopSpray"],"picked":"Slimebound:ComboTackle","floor":10},{"not_picked":["Slimebound:SlimeBarrage","Slimebound:FirmFortitude"],"picked":"Slimebound:RejuvenatingLick","floor":11},{"not_picked":["Slimebound:FinishingTackle","Slimebound:SplitAcid"],"picked":"Slimebound:GrowthPunch","floor":12},{"not_picked":["Slimebound:GoopSpray","Slimebound:RollThrough"],"picked":"Slimebound:Schlurp","floor":13},{"not_picked":["Slimebound:BestDefense","Slimebound:Chomp+1"],"picked":"Slimebound:GoopSpray","floor":14},{"not_picked":["Slimebound:HauntingLick","Slimebound:ComboTackle+1"],"picked":"Slimebound:LeechingTouch+1","floor":15},{"not_picked":["Slimebound:DouseInSlime","Slimebound:FirmFortitude"],"picked":"Slimebound:MassFeed+1","floor":16},{"not_picked":["Slimebound:SplitAcid","Slimebound:SlimeSpikes"],"picked":"Slimebound:LeechEnergy+1","floor":19},{"not_picked":["Slimebound:GoopSpray","Slimebound:RollThrough+1"],"picked":"Slimebound:ItLooksTasty+1","floor":20},{"not_picked":["Slimebound:ProtectTheBoss","Slimebound:GoopSpray","Slimebound:ComboTackle+1"],"picked":"SKIP","floor":22},{"not_picked":["Slimebound:SplitMire+1","Slimebound:ForwardTackle+1"],"picked":"Slimebound:FormOfPuddle","floor":25},{"not_picked":["Slimebound:SplitLeeching","Slimebound:PressTheAttack+1"],"picked":"Slimebound:GoopSpray","floor":26},{"not_picked":["Slimebound:OneTwoCombo+1","Slimebound:Equalize+1"],"picked":"Slimebound:TongueLash+1","floor":27},{"not_picked":["Slimebound:SplitMire","Slimebound:PressTheAttack+1"],"picked":"Slimebound:AcidTongue","floor":28},{"not_picked":["Slimebound:Nibble+1","Slimebound:SlimeSpikes"],"picked":"Slimebound:Schlurp","floor":29},{"not_picked":["Slimebound:Equalize+1","Slimebound:LeechEnergy+1"],"picked":"Slimebound:LeechingTouch+1","floor":30},{"not_picked":["Slimebound:MegaLick+1","Slimebound:SpikyOuterGoop"],"picked":"Slimebound:LeechEnergy+1","floor":31},{"not_picked":["Slimebound:RollThrough+1","Slimebound:SplitLeeching+1"],"picked":"Slimebound:ComboTackle+1","floor":32},{"not_picked":["Slimebound:DuplicatedForm","Slimebound:PrepareCrush"],"picked":"Slimebound:WasteNot","floor":33},{"not_picked":["Slimebound:LevelUp","Slimebound:GoopTackle+1"],"picked":"Slimebound:LeechEnergy+1","floor":36},{"not_picked":["Slimebound:Prepare","Slimebound:SplitBruiser"],"picked":"Slimebound:LivingWall+1","floor":37},{"not_picked":["expansioncontent:Hexaburn","expansioncontent:PolyBeam"],"picked":"expansioncontent:YouAreMine","floor":39},{"not_picked":["expansioncontent:InvincibleStrength","expansioncontent:Chronoboost"],"picked":"expansioncontent:YouAreMine","floor":39},{"not_picked":["expansioncontent:PolyBeam","expansioncontent:Hexaburn"],"picked":"expansioncontent:Chronoboost","floor":39},{"not_picked":["Slimebound:GoopSpray+1","Slimebound:GoopTackle+1"],"picked":"Slimebound:LeechingTouch+1","floor":43},{"not_picked":["Slimebound:SplitAcid","Slimebound:ComboTackle+1"],"picked":"Slimebound:MassFeed+1","floor":44},{"not_picked":["Slimebound:LeadByExample","Slimebound:BestDefense+1"],"picked":"Slimebound:LivingWall","floor":45},{"not_picked":["Slimebound:ComboTackle+1","Slimebound:SlimeBrawl"],"picked":"Slimebound:LivingWall+1","floor":46},{"not_picked":["Slimebound:PressTheAttack+1","Slimebound:SplitBruiser","Slimebound:GoopTackle+1"],"picked":"SKIP","floor":47},{"not_picked":["Slimebound:SplitMire","Slimebound:SplitBruiser+1"],"picked":"Slimebound:LivingWall","floor":48},{"not_picked":["Slimebound:Overexert","Slimebound:SamplingLick"],"picked":"Slimebound:GoopSpray","floor":49},{"not_picked":["Slimebound:SlimeBarrage+1","Slimebound:BestDefense"],"picked":"Slimebound:LeechEnergy+1","floor":52}],"player_experience":10580256,"relics_obtained":[{"floor":7,"key":"Regal Pillow"},{"floor":8,"key":"Gremlin Horn"},{"floor":11,"key":"Pear"},{"floor":14,"key":"Molten Egg 2"},{"floor":24,"key":"Anchor"},{"floor":27,"key":"Letter Opener"},{"floor":31,"key":"Meat on the Bone"},{"floor":44,"key":"Blood Vial"},{"floor":52,"key":"Slimebound:AggressiveSlimeRelic"}],"event_choices":[{"damage_healed":0,"gold_gain":0,"player_choice":"Rummage","damage_taken":0,"relics_obtained":["WarpedTongs"],"max_hp_gain":0,"max_hp_loss":0,"event_name":"Accursed Blacksmith","floor":3,"gold_loss":0,"cards_obtained":["Pain"]},{"damage_healed":0,"gold_gain":0,"player_choice":"Became a Ghost","damage_taken":0,"max_hp_gain":0,"max_hp_loss":43,"event_name":"Ghosts","floor":21,"gold_loss":0,"cards_obtained":["Ghostly","Ghostly","Ghostly","Ghostly","Ghostly"]},{"cards_removed":["Slimebound:Strike_Slimebound"],"damage_healed":0,"gold_gain":0,"player_choice":"Card Removal","damage_taken":0,"max_hp_gain":0,"max_hp_loss":0,"event_name":"Wheel of Change","floor":40,"gold_loss":0}],"is_beta":true,"boss_relics":[{"not_picked":["Tiny House","Empty Cage"],"picked":"Fusion Hammer"},{"not_picked":["Runic Dome","bronze:MakeshiftBattery"],"picked":"Snecko Eye"}],"items_purged_floors":[12],"is_endless":false,"potions_floor_spawned":[2,9,11,13,14,15,16,19,22,28,29,30,33,37,44,47,48,49],"ascension_level":0}}