{"host":"ox77rn1xcurm2t5a","time":1613764740,"event":{"mods":["2.2 Compatiblity","AchievementEnabler","Act Like it!","Aspiration","BaseMod","Best Route Mod","Better Match","Better Note","Better Sensory Stone","Block Reminder","Colored Map","Colored Powertips","Conjunction","Conspire","Custom Start","Energized Spire","GifTheSpireLib","Gold Saver","Gremlin Skip","Halation","Highlight Path","Hubris","Infinite Spire","Minty Spire (QoL Compilation)","Pale of the Ancients","Quick Restart","Reliquary","Replay The Spire","Reworked Bosses","ShortenTheSpire","Spire Exporter","StSLib","Stuff the Spire","Wandering Minibosses"],"gold_per_floor":[1014,530,550,566,566,598,614,641,641,653,653,668,686,393,393,491,491,446,446,446,446,446,446,446,267,267,267,267,267,267,267,267,267,267,267,267,267,267,267,267,267,267,267,267,267,267,267,267,267,267,267,267,11,11,11,11],"floor_reached":55,"language":"ENG","playtime":1752,"items_purged":["Defend_R","Defend_R","wanderingMiniBosses:FinaleOfPromise"],"score":1170,"play_id":"45d896dc-397e-460f-bf3a-3089c7fa4522","local_time":"20210219215900","is_ascension_mode":true,"campfire_choices":[{"floor":11.0,"key":"RECALL"},{"data":"Uppercut","floor":15.0,"key":"SMITH"},{"data":"Demon Form","floor":23.0,"key":"SMITH"},{"data":"Flex","floor":27.0,"key":"SMITH"},{"data":"Spot Weakness","floor":30,"key":"SMITH"},{"data":"Metallicize","floor":32,"key":"SMITH"},{"data":"infinitespire:Gouge","floor":40,"key":"SMITH"},{"data":"Anger","floor":42,"key":"SMITH"},{"data":"Heavy Blade","floor":44,"key":"SMITH"},{"floor":49,"key":"REST"},{"data":"infinitespire:NeuralNetwork","floor":52,"key":"SMITH"}],"circlet_count":0,"master_deck":["Strike_R","Strike_R","Strike_R","Strike_R","Strike_R","Defend_R","Defend_R+1","Bash+1","Clash","Flex+1","Flex+1","Anger+1","Thunderclap","Thunderclap","Spot Weakness+1","Perfected Strike","Perfected Strike","Perfected Strike","Uppercut+1","Pommel Strike","Demon Form+1","Cleave","infinitespire:NeuralNetwork+1","infinitespire:Gouge+1","Cleave","Metallicize+1","Twin Strike+1","Thunderclap","Heavy Blade+1","Shrug It Off+1","Dropkick+1","Perfected Strike+1","Anger+1"],"relics":["Burning Blood","Question Card","reliquary:GummyVitamins","reliquary:Sod","MealTicket","Eternal Feather","Ectoplasm","BargainBundle","wanderingMiniBosses:Blackblade","Sundial","Garlic","War Paint","Letter Opener","StuffTheSpire:Wildfire","aspiration:TomeofQuesting","halation:AfternoonTea","infinitespire:Golems Mask","conspire:SlowCooker","Pear","Calipers"],"acts_visited":["Exordium","TheCity","TheBeyond","TheEnding"],"potions_floor_usage":[33,45,46,50,50],"damage_taken":[{"damage":1.0,"enemies":"Cultist","floor":1.0,"turns":3.0},{"damage":0.0,"enemies":"2 Louse","floor":3.0,"turns":2.0},{"damage":4.0,"enemies":"Jaw Worm","floor":4.0,"turns":2.0},{"damage":20.0,"enemies":"Lagavulin","floor":6.0,"turns":4.0},{"damage":7.0,"enemies":"Looter","floor":7.0,"turns":3.0},{"damage":25.0,"enemies":"3 Sentries","floor":8.0,"turns":7.0},{"damage":24.0,"enemies":"Exordium Thugs","floor":10.0,"turns":3.0},{"damage":11.0,"enemies":"Blue Slaver","floor":12.0,"turns":3.0},{"damage":0.0,"enemies":"Large Slime","floor":13.0,"turns":2.0},{"damage":18.0,"enemies":"Fading Forest","floor":16.0,"turns":11.0},{"damage":23.0,"enemies":"2 Thieves","floor":18.0,"turns":3.0},{"damage":26.0,"enemies":"3 Byrds","floor":22.0,"turns":7.0},{"damage":18.0,"enemies":"Gremlin Leader","floor":24.0,"turns":3.0},{"damage":15,"enemies":"Slavers","floor":28,"turns":4},{"damage":18,"enemies":"Centurion and Healer","floor":29,"turns":4},{"damage":9,"enemies":"Gremlin Leader","floor":31,"turns":3},{"damage":57,"enemies":"conspire:MysteriousRune","floor":33,"turns":5},{"damage":14,"enemies":"3 Shapes","floor":35,"turns":7},{"damage":31,"enemies":"3 Darklings","floor":36,"turns":4},{"damage":2,"enemies":"Mind Bloom Boss Battle","floor":37,"turns":4},{"damage":54,"enemies":"Reptomancer","floor":41,"turns":5},{"damage":33,"enemies":"Spire Growth","floor":45,"turns":4},{"damage":5,"enemies":"Giant Head","floor":46,"turns":4},{"damage":3,"enemies":"Transient","floor":48,"turns":5},{"damage":29,"enemies":"bossMod:newShapes","floor":50,"turns":4},{"damage":50,"enemies":"Shield and Spear","floor":54,"turns":3},{"damage":68,"enemies":"The Heart","floor":55,"turns":2}],"seed_played":"-3873912978757322654","potions_obtained":[{"floor":3.0,"key":"Venom Potion"},{"floor":10.0,"key":"Elixir"},{"floor":12.0,"key":"Energy Potion"},{"floor":13.0,"key":"Death Potion"},{"floor":18.0,"key":"Dexterity Potion"},{"floor":31,"key":"Languid Potion"},{"floor":41,"key":"EssenceOfSteel"},{"floor":45,"key":"DistilledChaos"},{"floor":46,"key":"Reflective Coating"},{"floor":48,"key":"FearPotion"}],"is_trial":false,"path_per_floor":["M","$","M","M","T","E","M","E","T","M","R","M","M","$","R","B",null,"M","?","?","AVR","M","R","E","$","T","R","E","M","R","E","R","B",null,"M","M","?","?","?","R","E","R","T","R","M","E","AVR","M","R","B",null,"R","$","E","B"],"character_chosen":"IRONCLAD","items_purchased":["Question Card","Languid Potion","Flex","Anger","Eternal Feather","Pommel Strike","Metallicize","Pear"],"campfire_rested":1,"item_purchase_floors":[2,2,2,2,14,14,25,53],"current_hp_per_floor":[77,77,80,80,80,66,65,46,46,28,28,23,29,44,56,58,75,58,66,66,66,46,61,49,64,64,79,70,58,73,70,80,29,67,59,34,38,38,38,56,8,26,26,44,17,18,18,21,63,52,73,80,90,46,0,0],"gold":11,"neow_bonus":"RANDOM_EVENT","is_daily":false,"chose_seed":false,"campfire_upgraded":9,"win_rate":0.0,"timestamp":1613764740,"path_taken":["M","$","M","M","?","E","M","E","T","M","R","M","?","$","R","BOSS","M","?","?","AVR","M","R","E","$","T","R","E","?","R","E","R","BOSS","M","M","?","?","?","R","E","R","T","R","M","E","AVR","M","R","BOSS","R","$","E","BOSS"],"items_purchased_type":["Relic","Potion","Card","Card","Relic","Card","Card","Relic"],"build_version":"2020-12-22","purchased_purges":3,"victory":false,"max_hp_per_floor":[80,80,80,80,80,80,80,80,80,80,80,80,80,80,80,80,80,80,80,80,80,80,80,80,80,80,80,80,80,80,80,80,80,80,80,80,80,80,80,80,80,80,80,80,80,80,80,80,80,80,80,80,90,90,90,90],"card_choices":[{"not_picked":["Thunderclap","Twin Strike"],"picked":"Clash","floor":1.0},{"not_picked":["Sentinel","Power Through","Armaments"],"picked":"Thunderclap","floor":3.0},{"not_picked":["Headbutt","Battle Trance","Sword Boomerang"],"picked":"Thunderclap","floor":4.0},{"not_picked":["StuffTheSpire:Pyroclast","hubris:CleavingFinish","Feed"],"picked":"Spot Weakness","floor":6.0},{"not_picked":["Hemokinesis","Infernal Blade","Iron Wave","Dark Embrace"],"picked":"SKIP","floor":7.0},{"not_picked":["Body Slam","ReplayReversal","Twin Strike"],"picked":"Perfected Strike","floor":8.0},{"not_picked":["Run Through","Fiend Fire","StuffTheSpire:Pyroclast"],"picked":"Perfected Strike","floor":10.0},{"not_picked":["StuffTheSpire:Slingshot","ReplayTheSpireMod:Strike From Hell","hubris:ReadiedAction"],"picked":"Perfected Strike","floor":12.0},{"not_picked":["Wild Strike","Warcry","Flex"],"picked":"Uppercut","floor":13.0},{"not_picked":["Feed","Berserk","Double Tap"],"picked":"Demon Form","floor":16.0},{"not_picked":["Armaments","Replay:Undeath\u0027s Touch","Dual Wield"],"picked":"Cleave","floor":18.0},{"not_picked":[],"picked":"wanderingMiniBosses:FinaleOfPromise","floor":22.0},{"not_picked":["Rampage","Fire Breathing","Sword Boomerang"],"picked":"Cleave","floor":22.0},{"not_picked":["Wild Strike+1","Bloodletting","Shrug It Off","Exhume"],"picked":"SKIP","floor":24.0},{"not_picked":["Replay:Undeath\u0027s Touch","Dropkick","Reaper"],"picked":"Twin Strike+1","floor":28},{"not_picked":["Replay:Undeath\u0027s Touch","Havoc","Dark Embrace+1","Wild Strike"],"picked":"SKIP","floor":29},{"not_picked":["Shrug It Off+1","Reaper","Second Wind+1"],"picked":"Thunderclap","floor":31},{"not_picked":["Body Slam+1","conspire:Charge+1","Twin Strike+1"],"picked":"Heavy Blade","floor":35},{"not_picked":["Dropkick","Anger","Disarm"],"picked":"Shrug It Off+1","floor":36},{"not_picked":["Shrug It Off","Cleave","Anger+1"],"picked":"Dropkick+1","floor":37},{"not_picked":["Replay:Many Hands","StuffTheSpire:RockThrow","Sentinel+1","ReplayTheSpireMod:Strike From Hell"],"picked":"SKIP","floor":41},{"not_picked":["Pommel Strike","Headbutt","Power Through+1"],"picked":"Perfected Strike+1","floor":45},{"not_picked":["Run Through","Feel No Pain+1","Body Slam+1"],"picked":"Anger+1","floor":46},{"not_picked":["hubris:ReadiedAction","Entrench","StuffTheSpire:Slingshot","Twin Strike"],"picked":"SKIP","floor":48},{"not_picked":["Replay:Undeath\u0027s Touch+1","hubris:CleavingFinish+1","Body Slam+1","StuffTheSpire:Slingshot+1"],"picked":"SKIP","floor":54}],"player_experience":3157933,"relics_obtained":[{"floor":6.0,"key":"reliquary:GummyVitamins"},{"floor":8.0,"key":"reliquary:Sod"},{"floor":9.0,"key":"MealTicket"},{"floor":22.0,"key":"wanderingMiniBosses:Blackblade"},{"floor":24.0,"key":"Sundial"},{"floor":26.0,"key":"Garlic"},{"floor":28,"key":"War Paint"},{"floor":31,"key":"Letter Opener"},{"floor":37,"key":"StuffTheSpire:Wildfire"},{"floor":41,"key":"aspiration:TomeofQuesting"},{"floor":43,"key":"halation:AfternoonTea"},{"floor":46,"key":"infinitespire:Golems Mask"},{"floor":54,"key":"Calipers"}],"event_choices":[{"damage_healed":0.0,"max_hp_gain":0.0,"max_hp_loss":0.0,"gold_gain":0.0,"event_name":"Living Wall","player_choice":"Grow","floor":0.0,"gold_loss":0.0,"damage_taken":0.0,"cards_upgraded":["Bash"]},{"damage_healed":0.0,"max_hp_gain":0.0,"max_hp_loss":0.0,"gold_gain":0.0,"event_name":"FaceTrader","player_choice":"Leave","floor":20.0,"gold_loss":0.0,"damage_taken":0.0},{"damage_healed":0,"gold_gain":0,"player_choice":"Fight","damage_taken":0,"max_hp_gain":0,"max_hp_loss":0,"event_name":"MindBloom","floor":37,"gold_loss":0}],"is_beta":false,"boss_relics":[{"not_picked":["energizedSpire:RedRose","Replay:Ancient Bell"],"picked":"Ectoplasm"},{"not_picked":["hubris:GrandSneckoEye","energizedSpire:DeadBattery","Kintsugi"]}],"items_purged_floors":[2,21,25],"is_endless":false,"potions_floor_spawned":[3,10,12,13,18,31,41,45,46,48],"killed_by":"The Heart","ascension_level":8}}