{"host":"u1ja96cwu1wu8jpx","time":1613763892,"event":{"mods":["BaseMod","Better Match","Colored Map","Minty Spire (QoL Compilation)","Permanent Neow","StSLib"],"gold_per_floor":[114,114,129,148,168,195,211,211,211,211,226,237,15,40,40,141,141,151,165,175,175,18,18,49,61,61,90,90,116,128,147,147,242,242,253,253,253,270,270,270,297,297,322,338,338,351,116,130,130,130,130,130,28,53,53,53],"floor_reached":55,"language":"ENG","playtime":9926,"items_purged":["Writhe","Strike_R"],"score":757,"play_id":"3548f501-555a-4fe2-9ea0-ba1b5e13c06d","local_time":"20210219144452","is_ascension_mode":true,"campfire_choices":[{"data":"Juggernaut","floor":8.0,"key":"SMITH"},{"data":"Bloodletting","floor":15.0,"key":"SMITH"},{"data":"Metallicize","floor":23.0,"key":"SMITH"},{"floor":28.0,"key":"REST"},{"floor":32.0,"key":"REST"},{"floor":40.0,"key":"REST"},{"floor":42.0,"key":"RECALL"},{"data":"1","floor":45.0,"key":"LIFT"},{"floor":49.0,"key":"REST"},{"data":"Barricade","floor":52.0,"key":"SMITH"}],"circlet_count":0,"master_deck":["Strike_R","Strike_R","Strike_R","Defend_R","Defend_R","Defend_R","Defend_R","Bash","Cleave","Metallicize+1","Reaper","Juggernaut+1","Flex","Bloodletting+1","Brutality","Hemokinesis","Rupture","Clothesline","Ghostly Armor","Carnage+1","Flex","Shrug It Off","Reaper","Shockwave","Fire Breathing","Bandage Up","Flame Barrier","Rupture","Armaments","Barricade+1","Flex","Sword Boomerang+1"],"relics":["Burning Blood","Incense Burner","Bag of Preparation","PreservedInsect","Matryoshka","Oddly Smooth Stone","CaptainsWheel","Velvet Choker","Akabeko","Blood Vial","Question Card","Omamori","Kunai","Girya","Bronze Scales","Mark of Pain","The Courier","Ancient Tea Set","Pocketwatch"],"acts_visited":["Exordium","TheCity","TheBeyond","TheEnding"],"potions_floor_usage":[],"damage_taken":[{"damage":7.0,"enemies":"2 Louse","floor":1.0,"turns":3.0},{"damage":1.0,"enemies":"Cultist","floor":3.0,"turns":3.0},{"damage":1.0,"enemies":"Jaw Worm","floor":4.0,"turns":4.0},{"damage":2.0,"enemies":"3 Louse","floor":5.0,"turns":3.0},{"damage":25.0,"enemies":"Gremlin Nob","floor":6.0,"turns":5.0},{"damage":7.0,"enemies":"Exordium Wildlife","floor":7.0,"turns":6.0},{"damage":4.0,"enemies":"Blue Slaver","floor":11.0,"turns":6.0},{"damage":3.0,"enemies":"3 Louse","floor":12.0,"turns":3.0},{"damage":6.0,"enemies":"3 Sentries","floor":14.0,"turns":6.0},{"damage":47.0,"enemies":"Hexaghost","floor":16.0,"turns":10.0},{"damage":25.0,"enemies":"2 Thieves","floor":18.0,"turns":4.0},{"damage":8.0,"enemies":"Shell Parasite","floor":19.0,"turns":4.0},{"damage":14.0,"enemies":"Snake Plant","floor":20.0,"turns":4.0},{"damage":32.0,"enemies":"Book of Stabbing","floor":24.0,"turns":5.0},{"damage":25.0,"enemies":"Shelled Parasite and Fungi","floor":25.0,"turns":7.0},{"damage":32.0,"enemies":"Gremlin Leader","floor":27.0,"turns":6.0},{"damage":16.0,"enemies":"Book of Stabbing","floor":29.0,"turns":6.0},{"damage":19.0,"enemies":"Cultist and Chosen","floor":30.0,"turns":7.0},{"damage":6.0,"enemies":"Snake Plant","floor":31.0,"turns":3.0},{"damage":65.0,"enemies":"Automaton","floor":33.0,"turns":10.0},{"damage":36.0,"enemies":"3 Darklings","floor":35.0,"turns":5.0},{"damage":22.0,"enemies":"Orb Walker","floor":38.0,"turns":3.0},{"damage":42.0,"enemies":"Giant Head","floor":41.0,"turns":8.0},{"damage":21.0,"enemies":"Maw","floor":44.0,"turns":8.0},{"damage":34.0,"enemies":"Spire Growth","floor":46.0,"turns":6.0},{"damage":22.0,"enemies":"Jaw Worm Horde","floor":48.0,"turns":4.0},{"damage":108.0,"enemies":"Awakened One","floor":50.0,"turns":14.0},{"damage":56,"enemies":"Shield and Spear","floor":54,"turns":9},{"damage":65,"enemies":"The Heart","floor":55,"turns":2}],"seed_played":"-2916237461138818346","potions_obtained":[{"floor":5.0,"key":"Energy Potion"},{"floor":6.0,"key":"BloodPotion"},{"floor":11.0,"key":"Explosive Potion"},{"floor":14.0,"key":"Weak Potion"},{"floor":25.0,"key":"Explosive Potion"},{"floor":27.0,"key":"FearPotion"},{"floor":29.0,"key":"SkillPotion"},{"floor":31.0,"key":"PowerPotion"},{"floor":33.0,"key":"Explosive Potion"},{"floor":38.0,"key":"SmokeBomb"},{"floor":44.0,"key":"SkillPotion"}],"is_trial":false,"path_per_floor":["M","?","M","M","M","E","M","R","T","?","M","M","$","E","R","B",null,"M","M","M","?","$","R","E","M","T","E","R","E","M","M","R","B",null,"M","?","?","M","?","R","E","R","T","M","R","M","$","M","R","B",null,"R","$","E","B"],"character_chosen":"IRONCLAD","items_purchased":["Bloodletting","Oddly Smooth Stone","Blood Vial","EntropicBrew","Rupture","Armaments","Flex"],"campfire_rested":4,"item_purchase_floors":[13,13,22,47,47,47,53],"current_hp_per_floor":[71,68,72,72,72,59,62,62,62,62,67,72,72,72,72,31,72,58,60,52,52,52,52,32,20,20,27,48,40,37,39,60,13,72,59,59,59,45,45,65,50,50,50,52,52,41,41,43,63,8,68,68,68,23,0,0],"gold":53,"neow_bonus":"ONE_RARE_RELIC","is_daily":false,"chose_seed":false,"campfire_upgraded":4,"win_rate":0.0,"timestamp":1613763892,"path_taken":["M","?","M","M","M","E","M","R","T","?","?","M","$","E","R","BOSS","M","M","M","?","$","R","E","M","T","E","R","E","M","M","R","BOSS","M","?","?","?","?","R","E","R","T","M","R","M","$","M","R","BOSS","R","$","E","BOSS"],"items_purchased_type":["Card","Relic","Relic","Potion","Card","Card","Card"],"build_version":"2020-12-22","purchased_purges":2,"victory":false,"max_hp_per_floor":[72,72,72,72,72,72,72,72,72,72,72,72,72,72,72,72,72,72,72,72,72,72,72,72,72,72,72,72,72,72,72,72,72,72,72,68,68,68,68,68,68,68,68,68,68,68,68,68,68,68,68,68,68,68,68,68],"card_choices":[{"not_picked":["Thunderclap","Pommel Strike","Havoc"],"picked":"SKIP","floor":1.0},{"not_picked":["Iron Wave","Warcry"],"picked":"Cleave","floor":3.0},{"not_picked":["Hemokinesis","Wild Strike"],"picked":"Metallicize","floor":4.0},{"not_picked":["Battle Trance","Burning Pact"],"picked":"Reaper","floor":5.0},{"not_picked":["Iron Wave","Uppercut"],"picked":"Juggernaut","floor":6.0},{"not_picked":["Feel No Pain","Intimidate","Twin Strike"],"picked":"SKIP","floor":7.0},{"not_picked":["Thunderclap","Whirlwind","Entrench"],"picked":"SKIP","floor":11.0},{"not_picked":["Heavy Blade","Headbutt"],"picked":"Flex","floor":12.0},{"not_picked":["Pommel Strike","Shrug It Off","True Grit"],"picked":"SKIP","floor":14.0},{"not_picked":["Feed","Impervious"],"picked":"Brutality","floor":16.0},{"not_picked":["Pommel Strike","Clash+1"],"picked":"Hemokinesis","floor":18.0},{"not_picked":["True Grit","Havoc","Pommel Strike"],"picked":"SKIP","floor":19.0},{"not_picked":["Twin Strike+1","Dropkick","Perfected Strike"],"picked":"SKIP","floor":20.0},{"not_picked":["Havoc","Twin Strike+1"],"picked":"Rupture","floor":24.0},{"not_picked":["Heavy Blade","Armaments","Evolve+1"],"picked":"Clothesline","floor":25.0},{"not_picked":["Immolate","Bludgeon","Wild Strike+1"],"picked":"Ghostly Armor","floor":27.0},{"not_picked":["Havoc","Anger","Iron Wave"],"picked":"Carnage+1","floor":29.0},{"not_picked":["Pommel Strike","True Grit+1","Armaments"],"picked":"Flex","floor":30.0},{"not_picked":["Offering","Headbutt","Twin Strike"],"picked":"Shrug It Off","floor":31.0},{"not_picked":["Impervious","Demon Form","Immolate"],"picked":"Reaper","floor":33.0},{"not_picked":["Spot Weakness+1","Havoc","True Grit"],"picked":"Shockwave","floor":35.0},{"not_picked":["Bloodletting+1","Cleave+1","Wild Strike"],"picked":"Fire Breathing","floor":38.0},{"not_picked":["The Bomb","Dark Shackles","Trip"],"picked":"Bandage Up","floor":39.0},{"not_picked":["Shockwave","Perfected Strike","Infernal Blade+1"],"picked":"Flame Barrier","floor":41.0},{"not_picked":["Perfected Strike","Searing Blow","Shrug It Off+1","True Grit+1"],"picked":"SKIP","floor":44.0},{"not_picked":["Shrug It Off+1","Clothesline","Dropkick","Body Slam"],"picked":"SKIP","floor":46.0},{"not_picked":["Pummel+1","Dark Embrace","Rage"],"picked":"Barricade","floor":48.0},{"not_picked":["Burning Pact+1","Offering","Dark Embrace+1"],"picked":"Sword Boomerang+1","floor":54}],"player_experience":467773,"relics_obtained":[{"floor":6.0,"key":"PreservedInsect"},{"floor":9.0,"key":"Matryoshka"},{"floor":14.0,"key":"CaptainsWheel"},{"floor":24.0,"key":"Question Card"},{"floor":26.0,"key":"Omamori"},{"floor":26.0,"key":"Kunai"},{"floor":27.0,"key":"Girya"},{"floor":29.0,"key":"Bronze Scales"},{"floor":41.0,"key":"The Courier"},{"floor":43.0,"key":"Ancient Tea Set"},{"floor":54,"key":"Pocketwatch"}],"event_choices":[{"damage_healed":0.0,"max_hp_gain":0.0,"max_hp_loss":0.0,"gold_gain":0.0,"event_name":"Scrap Ooze","player_choice":"Success","floor":2.0,"gold_loss":0.0,"damage_taken":3.0,"relics_obtained":["Bag of Preparation"]},{"cards_removed":["Strike_R"],"damage_healed":0.0,"max_hp_gain":0.0,"max_hp_loss":0.0,"gold_gain":0.0,"event_name":"Purifier","player_choice":"Purged","floor":10.0,"gold_loss":0.0,"damage_taken":0.0},{"damage_healed":0.0,"max_hp_gain":0.0,"max_hp_loss":0.0,"gold_gain":0.0,"event_name":"The Mausoleum","player_choice":"Opened","floor":21.0,"gold_loss":0.0,"damage_taken":0.0,"relics_obtained":["Akabeko"],"cards_obtained":["Writhe"]},{"damage_healed":0.0,"max_hp_gain":0.0,"max_hp_loss":4.0,"gold_gain":0.0,"event_name":"Winding Halls","player_choice":"Max HP","floor":36.0,"gold_loss":0.0,"damage_taken":0.0},{"damage_healed":0.0,"max_hp_gain":0.0,"max_hp_loss":0.0,"gold_gain":0.0,"event_name":"Tomb of Lord Red Mask","player_choice":"Ignored","floor":37.0,"gold_loss":0.0,"damage_taken":0.0},{"damage_healed":0.0,"max_hp_gain":0.0,"max_hp_loss":0.0,"gold_gain":0.0,"event_name":"SensoryStone","player_choice":"Memory 1","floor":39.0,"gold_loss":0.0,"damage_taken":0.0}],"is_beta":false,"boss_relics":[{"not_picked":["Runic Dome","Sozu"],"picked":"Velvet Choker"},{"not_picked":["Coffee Dripper","Snecko Eye"],"picked":"Mark of Pain"}],"items_purged_floors":[47,53],"is_endless":false,"potions_floor_spawned":[5,6,11,14,18,25,27,29,31,33,38,44,48],"killed_by":"The Heart","ascension_level":1}}