{"host":"ymmeoa1x24ihslbm","time":1613749475,"event":{"mods":["AchievementEnabler","BaseMod","Colored Map","Colored Powertips","Defuse TimeMaze Blight","Highlight Path","Minty Spire (QoL Compilation)","Permanent Neow","Quick Restart","StSLib","The Senshi","Unceasing Turn Reminder"],"gold_per_floor":[115,135,152,170,135,135,170,170,197,197,22,97,125,142,142,142,142],"floor_reached":16,"language":"ENG","playtime":655,"items_purged":[],"score":149,"play_id":"34567b11-f42c-4885-9bee-d75debcaa7f8","local_time":"20210219164435","is_ascension_mode":true,"campfire_choices":[{"data":"theSenshi:SailorMarsAssists","floor":6.0,"key":"SMITH"},{"data":"theSenshi:SailorNeptuneAssists","floor":8.0,"key":"SMITH"},{"data":"theSenshi:SailorJupiterAssists","floor":10.0,"key":"SMITH"},{"data":"theSenshi:SilverMoonCrystalPowerKiss","floor":15,"key":"SMITH"}],"circlet_count":0,"master_deck":["theSenshi:SailorKick","theSenshi:SailorKick","theSenshi:SailorKick","theSenshi:SailorKick","theSenshi:SailorBlock","theSenshi:SailorBlock","theSenshi:SailorBlock","theSenshi:SailorBlock","theSenshi:RoseThrow","theSenshi:MoonPrismPowerMakeUp","theSenshi:SailorMarsAssists+1","theSenshi:VenusGlamour","theSenshi:SailorJupiterAssists+1","theSenshi:SailorNeptuneAssists+1","theSenshi:SailorMercuryAssists","theSenshi:SilverMoonCrystalPowerKiss+1"],"relics":["theSenshi:TransformationBroochRelic","Lantern","Boot","Oddly Smooth Stone","Potion Belt"],"acts_visited":["Exordium"],"potions_floor_usage":[16],"damage_taken":[{"damage":4.0,"enemies":"Small Slimes","floor":1.0,"turns":3.0},{"damage":6.0,"enemies":"Jaw Worm","floor":2.0,"turns":3.0},{"damage":0.0,"enemies":"Cultist","floor":3.0,"turns":3.0},{"damage":0.0,"enemies":"Looter","floor":4.0,"turns":3.0},{"damage":13.0,"enemies":"Lagavulin","floor":7.0,"turns":6.0},{"damage":6.0,"enemies":"3 Sentries","floor":13.0,"turns":9.0},{"damage":6.0,"enemies":"Blue Slaver","floor":14.0,"turns":3.0},{"damage":63,"enemies":"Hexaghost","floor":16,"turns":12}],"seed_played":"3355293181864863754","potions_obtained":[{"floor":3.0,"key":"GamblersBrew"},{"floor":4.0,"key":"Dexterity Potion"},{"floor":7.0,"key":"SmokeBomb"},{"floor":13.0,"key":"Energy Potion"}],"is_trial":false,"path_per_floor":["M","M","M","M","?","R","E","R","T","R","$","?","E","M","R","B"],"character_chosen":"THE_SENSHI","items_purchased":["Oddly Smooth Stone","theSenshi:SailorMercuryAssists"],"campfire_rested":0,"item_purchase_floors":[11,11],"current_hp_per_floor":[64,58,58,58,75,75,62,62,62,62,62,55,54,53,53,0,0],"gold":142,"neow_bonus":"THREE_CARDS","is_daily":false,"chose_seed":false,"campfire_upgraded":4,"win_rate":0.0,"timestamp":1613749475,"path_taken":["M","M","M","M","?","R","E","R","T","R","$","?","E","?","R","BOSS"],"items_purchased_type":["Relic","Card"],"build_version":"2020-12-22","purchased_purges":0,"victory":false,"max_hp_per_floor":[75,75,75,75,75,75,75,75,75,75,75,75,75,75,75,75,75],"card_choices":[{"not_picked":["theSenshi:MoonPunch","theSenshi:SchoolBag"],"picked":"theSenshi:SailorMarsAssists","floor":0.0},{"not_picked":["theSenshi:MoonKick","theSenshi:MoonPrincessHalation","theSenshi:TuxedoSmokingBomber"],"picked":"SKIP","floor":1.0},{"not_picked":["theSenshi:SchoolBag","theSenshi:LunasBite"],"picked":"theSenshi:VenusGlamour","floor":2.0},{"not_picked":["theSenshi:MoonsReflection","theSenshi:SailorChibiMoonAssists"],"picked":"theSenshi:SailorJupiterAssists","floor":3.0},{"not_picked":["theSenshi:Sidestep","theSenshi:SailorChibiMoonAssists"],"picked":"theSenshi:SailorNeptuneAssists","floor":4.0},{"not_picked":["theSenshi:TallSilhouette","theSenshi:OdangoHead","theSenshi:HesSoDreamy"],"picked":"SKIP","floor":7.0},{"not_picked":["theSenshi:TallSilhouette","theSenshi:SailorChibiMoonAssists"],"picked":"theSenshi:SilverMoonCrystalPowerKiss","floor":13.0},{"not_picked":["theSenshi:SailorStarFighterAssists","theSenshi:MoonCosmicPowerMakeUp","theSenshi:SailorPlanetAttack"],"picked":"SKIP","floor":14}],"player_experience":756697,"relics_obtained":[{"floor":7.0,"key":"Lantern"},{"floor":9.0,"key":"Boot"},{"floor":13.0,"key":"Potion Belt"}],"event_choices":[{"damage_healed":18.0,"max_hp_gain":0.0,"max_hp_loss":0.0,"gold_gain":0.0,"event_name":"The Cleric","player_choice":"Healed","floor":5.0,"gold_loss":35.0,"damage_taken":0.0},{"damage_healed":0.0,"max_hp_gain":0.0,"max_hp_loss":0.0,"gold_gain":75.0,"event_name":"FaceTrader","player_choice":"Touch","floor":12.0,"gold_loss":0.0,"damage_taken":7.0}],"is_beta":false,"boss_relics":[],"items_purged_floors":[],"is_endless":false,"potions_floor_spawned":[3,4,7,13],"killed_by":"Hexaghost","ascension_level":7}}