{"host":"iy58fyt9wsbv4cf1","time":1613697637,"event":{"mods":["BaseMod","Better Altar","Better Match","Better Skull","Better Third Choice","BetterRewards","Conspire","Custom Start","Defuse TimeMaze Blight","Hubris","Infinite Spire","Minty Spire (QoL Compilation)","Permanent Neow","Quick Restart","Spicy Shops","StSLib"],"gold_per_floor":[117,128,147,147,164,194,204,204,204],"floor_reached":8,"language":"ENG","playtime":283,"items_purged":[],"score":60,"play_id":"313f933a-80ba-4677-8717-9b9d34d3eed0","local_time":"20210218202037","is_ascension_mode":false,"campfire_choices":[],"circlet_count":0,"master_deck":["Strike_R","Strike_R","Strike_R","Strike_R","Strike_R","Defend_R","Defend_R","Defend_R","Defend_R","Bash","Thunderclap","Shrug It Off","Dropkick","Flex","Twin Strike","Battle Trance","Body Slam"],"relics":["Burning Blood","Lee\u0027s Waffle","Paper Frog","Membership Card","Bag of Preparation","conspire:InfiniteJournal","Pocketwatch"],"acts_visited":["Exordium"],"potions_floor_usage":[],"damage_taken":[{"damage":2.0,"enemies":"conspire:RoseBush","floor":1.0,"turns":2.0},{"damage":3.0,"enemies":"Jaw Worm","floor":2.0,"turns":2.0},{"damage":0.0,"enemies":"Cultist","floor":3.0,"turns":2.0},{"damage":6.0,"enemies":"Lots of Slimes","floor":5.0,"turns":5.0},{"damage":5.0,"enemies":"Lagavulin","floor":6.0,"turns":5.0},{"damage":20.0,"enemies":"Exordium Thugs","floor":7.0,"turns":4.0},{"damage":0,"enemies":"Nightmare","floor":8,"turns":1}],"seed_played":"4909673648238005696","potions_obtained":[{"floor":1.0,"key":"Swift Potion"},{"floor":5.0,"key":"AttackPotion"},{"floor":6.0,"key":"BloodPotion"}],"is_trial":false,"path_per_floor":["M","M","M","?","M","E","M","NM"],"character_chosen":"IRONCLAD","items_purchased":["Lee\u0027s Waffle","Paper Frog","Membership Card","Bag of Preparation","Thunderclap","Shrug It Off","conspire:InfiniteJournal","Dropkick","Flex"],"campfire_rested":0,"item_purchase_floors":[0,0,0,0,0,0,0,0,0],"current_hp_per_floor":[87,87,87,65,65,66,52,52,52],"gold":204,"neow_bonus":"","is_daily":false,"chose_seed":false,"campfire_upgraded":0,"win_rate":0.0,"timestamp":1613697637,"path_taken":["M","M","M","?","M","E","M","NM"],"items_purchased_type":["Relic","Relic","Relic","Relic","Card","Card","Relic","Card","Card"],"build_version":"2020-12-22","purchased_purges":0,"victory":false,"max_hp_per_floor":[87,87,87,87,87,87,87,87,87],"card_choices":[{"not_picked":["Hemokinesis","Cleave"],"picked":"Twin Strike","floor":1.0},{"not_picked":["Twin Strike","Thunderclap","Power Through"],"picked":"SKIP","floor":2.0},{"not_picked":["Shrug It Off","Heavy Blade"],"picked":"Battle Trance","floor":3.0},{"not_picked":["hubris:ReadiedAction","Demon Form"],"picked":"Body Slam","floor":5.0},{"not_picked":["Thunderclap","Perfected Strike","Twin Strike"],"picked":"SKIP","floor":6.0},{"not_picked":["Battle Trance","Havoc","Metallicize"],"picked":"SKIP","floor":7.0}],"player_experience":45295,"relics_obtained":[{"floor":6.0,"key":"Pocketwatch"}],"event_choices":[],"is_beta":false,"boss_relics":[],"items_purged_floors":[],"is_endless":false,"potions_floor_spawned":[1,5,6],"killed_by":"Nightmare","ascension_level":0}}