{"host":"f5gffvlv6a66yqkd","time":1613727375,"event":{"mods":["2.2 Compatiblity","BaseMod","Colored Map","Custom Start","DeckTracker","Keyboard Shortcuts","Minty Spire (QoL Compilation)","Permanent Neow","Quick Restart","Relic Stats","StSLib","SuperFastMode"],"gold_per_floor":[110,121,137,137,151,151,183,195,221,66,66,93,111,131,131,203,203,222,222,291,336,354,354,372,372,420,438,451,851,863,881,881,959,959,970,1023,1023,315,315,315,348,348,348],"floor_reached":42,"language":"KOR","playtime":1093,"items_purged":["Strike_P","SignatureMove+1"],"score":864,"play_id":"ae267061-470f-45c5-87fb-b9e112b0f8b2","local_time":"20210219183615","is_ascension_mode":true,"campfire_choices":[{"data":"Eruption","floor":6.0,"key":"SMITH"},{"data":"EmptyFist","floor":11.0,"key":"SMITH"},{"data":"SignatureMove","floor":15.0,"key":"SMITH"},{"data":"Blasphemy","floor":23.0,"key":"SMITH"},{"data":"TalkToTheHand","floor":25.0,"key":"SMITH"},{"data":"Tantrum","floor":32.0,"key":"SMITH"},{"floor":40.0,"key":"RECALL"}],"circlet_count":0,"master_deck":["AscendersBane","Eruption+1","Vigilance","EmptyFist+1","DeusExMachina","FlurryOfBlows","FearNoEvil","Blasphemy+1","TalkToTheHand+1","Tantrum+1","FlurryOfBlows","ForeignInfluence","Wish","ConjureBlade","Establishment+1","Adaptation+1","Devotion+1","Adaptation+1","InnerPeace","Brilliance"],"relics":["PureWater","Tiny Chest","Boot","Strawberry","Empty Cage","Darkstone Periapt","Nunchaku","Anchor","Old Coin","Frozen Egg 2","Pandora\u0027s Box","TungstenRod","TheAbacus","Omamori","Bronze Scales","Smiling Mask"],"acts_visited":["Exordium","TheCity","TheBeyond"],"potions_floor_usage":[42,42],"damage_taken":[{"damage":0.0,"enemies":"Cultist","floor":1.0,"turns":3.0},{"damage":2.0,"enemies":"Jaw Worm","floor":2.0,"turns":4.0},{"damage":0.0,"enemies":"Small Slimes","floor":3.0,"turns":2.0},{"damage":2.0,"enemies":"Exordium Thugs","floor":5.0,"turns":4.0},{"damage":17.0,"enemies":"Lagavulin","floor":7.0,"turns":7.0},{"damage":9.0,"enemies":"Looter","floor":8.0,"turns":4.0},{"damage":0.0,"enemies":"Large Slime","floor":13.0,"turns":3.0},{"damage":1.0,"enemies":"2 Fungi Beasts","floor":14.0,"turns":2.0},{"damage":9.0,"enemies":"The Guardian","floor":16.0,"turns":6.0},{"damage":11.0,"enemies":"2 Thieves","floor":18.0,"turns":3.0},{"damage":3.0,"enemies":"Spheric Guardian","floor":22.0,"turns":3.0},{"damage":2.0,"enemies":"Snecko","floor":24.0,"turns":3.0},{"damage":10.0,"enemies":"Cultist and Chosen","floor":27.0,"turns":6.0},{"damage":0.0,"enemies":"Sentry and Sphere","floor":28.0,"turns":3.0},{"damage":0.0,"enemies":"Colosseum Slavers","floor":29.0,"turns":3.0},{"damage":0.0,"enemies":"Colosseum Nobs","floor":29.0,"turns":3.0},{"damage":8.0,"enemies":"Centurion and Healer","floor":30.0,"turns":4.0},{"damage":0.0,"enemies":"Chosen and Byrds","floor":31.0,"turns":3.0},{"damage":3.0,"enemies":"Champ","floor":33.0,"turns":6.0},{"damage":2.0,"enemies":"Orb Walker","floor":35.0,"turns":2.0},{"damage":35.0,"enemies":"2 Orb Walkers","floor":36.0,"turns":3.0},{"damage":33.0,"enemies":"Nemesis","floor":41.0,"turns":3.0}],"seed_played":"-8347056912451277088","potions_obtained":[{"floor":3.0,"key":"Fire Potion"},{"floor":5.0,"key":"Block Potion"},{"floor":7.0,"key":"Block Potion"},{"floor":13.0,"key":"Ambrosia"},{"floor":16.0,"key":"BlessingOfTheForge"},{"floor":29.0,"key":"SpeedPotion"},{"floor":30.0,"key":"PowerPotion"},{"floor":33.0,"key":"GamblersBrew"},{"floor":41.0,"key":"PowerPotion"}],"is_trial":false,"path_per_floor":["M","M","M","?","M","R","E","M","T","$","R","T","M","M","R","B",null,"M","?","T","T","M","R","M","R","T","M","M","?","M","M","R","B",null,"M","?","?","$","T","R","E","M"],"character_chosen":"WATCHER","items_purchased":["SignatureMove","TheAbacus","InnerPeace","Omamori","Brilliance","PowerPotion"],"campfire_rested":0,"item_purchase_floors":[10,38,38,38,38,38],"current_hp_per_floor":[61,59,59,59,57,57,40,31,31,31,31,38,38,37,37,28,63,52,52,52,52,49,49,47,47,47,37,37,37,29,29,29,26,63,61,26,61,61,61,61,28,0,0],"gold":348,"neow_bonus":"RANDOM_COMMON_RELIC","is_daily":false,"chose_seed":false,"campfire_upgraded":6,"win_rate":0.0,"timestamp":1613727375,"path_taken":["M","?","M","?","?","R","E","M","T","$","R","?","?","M","R","BOSS","M","?","?","?","M","R","M","R","T","M","M","?","M","M","R","BOSS","M","?","?","$","?","R","E","M"],"items_purchased_type":["Card","Relic","Card","Relic","Card","Potion"],"build_version":"2020-12-22","purchased_purges":2,"victory":false,"max_hp_per_floor":[68,68,68,68,68,68,68,68,68,68,68,75,75,75,75,75,75,75,75,75,75,75,75,75,75,75,75,75,75,75,75,75,75,75,75,75,61,61,61,61,61,61,61],"relic_stats":{"Darkstone Periapt":0,"Nunchaku":[16],"TheAbacus":[12],"counters":[23,84],"Bronze Scales":[21],"Tiny Chest":3,"Pandora\u0027s Box":["ConjureBlade","Establishment","Adaptation","Devotion"],"Boot":[198],"Smiling Mask":0,"obtain_stats":[{"Darkstone Periapt":20,"Omamori":38,"Frozen Egg 2":29,"Boot":7,"Empty Cage":17,"Smiling Mask":41,"Old Coin":29,"Nunchaku":21,"Anchor":26,"TheAbacus":38,"Strawberry":12,"Bronze Scales":39,"Tiny Chest":0,"Pandora\u0027s Box":34,"PureWater":0,"TungstenRod":36},{"Darkstone Periapt":10,"Omamori":21,"Frozen Egg 2":16,"Boot":5,"Empty Cage":9,"Smiling Mask":22,"Old Coin":16,"Nunchaku":10,"Anchor":12,"TheAbacus":21,"Strawberry":6,"Bronze Scales":21,"Tiny Chest":0,"Pandora\u0027s Box":19,"PureWater":0,"TungstenRod":21},{"Darkstone Periapt":38,"Omamori":77,"Frozen Egg 2":59,"Boot":20,"Empty Cage":35,"Smiling Mask":80,"Old Coin":59,"Nunchaku":38,"Anchor":44,"TheAbacus":77,"Strawberry":24,"Bronze Scales":77,"Tiny Chest":0,"Pandora\u0027s Box":72,"PureWater":0,"TungstenRod":77}],"TungstenRod":10},"card_choices":[{"not_picked":["Protect","CarveReality"],"picked":"EmptyFist","floor":1.0},{"not_picked":["Crescendo","ThirdEye","Evaluate"],"picked":"SKIP","floor":2.0},{"not_picked":["Halt","Crescendo","PathToVictory"],"picked":"SKIP","floor":3.0},{"not_picked":["Protect","Halt"],"picked":"DeusExMachina","floor":5.0},{"not_picked":["BowlingBash","FollowUp"],"picked":"FlurryOfBlows","floor":7.0},{"not_picked":["Protect","EmptyFist","Indignation"],"picked":"SKIP","floor":8.0},{"not_picked":["Crescendo","Collect"],"picked":"FearNoEvil","floor":13.0},{"not_picked":["Fasting2","FlyingSleeves","CrushJoints"],"picked":"SKIP","floor":14.0},{"not_picked":["Devotion","DevaForm"],"picked":"Blasphemy","floor":16.0},{"not_picked":["Nirvana","JustLucky+1","Collect"],"picked":"SKIP","floor":18.0},{"not_picked":["Sanctity","Halt","Evaluate"],"picked":"SKIP","floor":22.0},{"not_picked":["Meditate","PathToVictory","Evaluate"],"picked":"SKIP","floor":24.0},{"not_picked":["WreathOfFlame","CrushJoints+1","SashWhip"],"picked":"SKIP","floor":27.0},{"not_picked":["Swivel+1","Conclude"],"picked":"Tantrum","floor":28.0},{"not_picked":["CarveReality","EmptyBody"],"picked":"FlurryOfBlows","floor":30.0},{"not_picked":["Prostrate","SashWhip"],"picked":"ForeignInfluence","floor":31.0},{"not_picked":["Omniscience","Judgement"],"picked":"Wish","floor":33.0},{"not_picked":["Swivel","EmptyBody+1","CarveReality"],"picked":"SKIP","floor":35.0},{"not_picked":["LikeWater+1","FlurryOfBlows"],"picked":"Adaptation+1","floor":36.0},{"not_picked":["Wireheading+1","DeceiveReality+1","Tantrum"],"picked":"SKIP","floor":41.0}],"player_experience":1510868,"relics_obtained":[{"floor":7.0,"key":"Boot"},{"floor":12.0,"key":"Strawberry"},{"floor":20.0,"key":"Darkstone Periapt"},{"floor":21.0,"key":"Nunchaku"},{"floor":26.0,"key":"Anchor"},{"floor":29.0,"key":"Old Coin"},{"floor":29.0,"key":"Frozen Egg 2"},{"floor":36.0,"key":"TungstenRod"},{"floor":39.0,"key":"Bronze Scales"},{"floor":41.0,"key":"Smiling Mask"}],"event_choices":[{"cards_removed":["Defend_P"],"damage_healed":0.0,"max_hp_gain":0.0,"max_hp_loss":0.0,"gold_gain":0.0,"event_name":"Purifier","player_choice":"Purged","floor":4.0,"gold_loss":0.0,"damage_taken":0.0},{"damage_healed":0.0,"max_hp_gain":0.0,"max_hp_loss":0.0,"gold_gain":0.0,"event_name":"The Library","player_choice":"Read","floor":19.0,"gold_loss":0.0,"damage_taken":0.0,"cards_obtained":["TalkToTheHand"]},{"damage_healed":0.0,"max_hp_gain":0.0,"max_hp_loss":0.0,"gold_gain":0.0,"event_name":"Colosseum","player_choice":"Fight","floor":29.0,"gold_loss":0.0,"damage_taken":0.0},{"damage_healed":0.0,"max_hp_gain":0.0,"max_hp_loss":0.0,"gold_gain":0.0,"event_name":"Colosseum","player_choice":"Fought Nobs","floor":29.0,"gold_loss":0.0,"damage_taken":0.0},{"damage_healed":0.0,"max_hp_gain":0.0,"max_hp_loss":0.0,"gold_gain":0.0,"event_name":"Mysterious Sphere","player_choice":"Fight","floor":36.0,"gold_loss":0.0,"damage_taken":0.0},{"damage_healed":61.0,"max_hp_gain":0.0,"max_hp_loss":14.0,"gold_gain":0.0,"event_name":"The Moai Head","player_choice":"Heal","floor":37.0,"gold_loss":0.0,"damage_taken":0.0}],"is_beta":false,"boss_relics":[{"not_picked":["SacredBark","Velvet Choker"],"picked":"Empty Cage"},{"not_picked":["Cursed Key","Snecko Eye"],"picked":"Pandora\u0027s Box"}],"items_purged_floors":[10,38],"is_endless":false,"potions_floor_spawned":[3,5,7,13,16,29,29,30,33,41],"killed_by":"3 Shapes","ascension_level":19}}