{"host":"d52brwsy6af8zvaq","time":1613758358,"event":{"mods":["AchievementEnabler","BaseMod","Bestiary","Highlight Path","Minty Spire (QoL Compilation)","Quick Restart","Relic Stats","ojb\u0027s Better Paths Mod"],"gold_per_floor":[109,109,89,113,128,128,167,167,167,186,205,76,114,114,114,207,207,221,221,26,0,0,0,40,40,91,14,14,49,49,62,62,156,156,175,175,75,102,435,435,435,435],"floor_reached":41,"language":"ENG","playtime":3103,"items_purged":["Strike_B","Strike_B"],"score":866,"play_id":"7c349047-5b75-4f72-942c-a7efd262f27f","local_time":"20210219111238","is_ascension_mode":true,"campfire_choices":[{"data":"Zap","floor":6.0,"key":"SMITH"},{"data":"Dualcast","floor":8.0,"key":"SMITH"},{"data":"Beam Cell","floor":15.0,"key":"SMITH"},{"floor":23.0,"key":"REST"},{"floor":30.0,"key":"REST"},{"data":"Coolheaded","floor":32,"key":"SMITH"},{"floor":40,"key":"RECALL"}],"circlet_count":0,"master_deck":["AscendersBane","Defend_B","Defend_B","Defend_B","Defend_B","Zap+1","Dualcast+1","Doom and Gloom+1","Static Discharge","Beam Cell+1","Lockon","Streamline+1","Reinforced Body","Cold Snap","Coolheaded+1","All For One","Leap","Go for the Eyes","White Noise","Machine Learning","Beam Cell","Chill","Reinforced Body","Capacitor","Conserve Battery","Biased Cognition","CurseOfTheBell","Undo"],"relics":["Cracked Core","Dead Branch","Prayer Wheel","Juzu Bracelet","Nuclear Battery","PreservedInsect","FossilizedHelix","Whetstone","Kunai","Calling Bell","CeramicFish","Matryoshka","CaptainsWheel"],"acts_visited":["Exordium","TheCity","TheBeyond"],"potions_floor_usage":[38],"damage_taken":[{"damage":0.0,"enemies":"Small Slimes","floor":1.0,"turns":2.0},{"damage":1.0,"enemies":"Cultist","floor":4.0,"turns":3.0},{"damage":14.0,"enemies":"Jaw Worm","floor":5.0,"turns":4.0},{"damage":25.0,"enemies":"Lagavulin","floor":7.0,"turns":7.0},{"damage":0.0,"enemies":"2 Fungi Beasts","floor":10.0,"turns":3.0},{"damage":13.0,"enemies":"3 Louse","floor":11.0,"turns":2.0},{"damage":9.0,"enemies":"Gremlin Nob","floor":13.0,"turns":3.0},{"damage":21.0,"enemies":"The Guardian","floor":16.0,"turns":10.0},{"damage":24.0,"enemies":"2 Thieves","floor":18.0,"turns":4.0},{"damage":18.0,"enemies":"Slavers","floor":24.0,"turns":3.0},{"damage":10.0,"enemies":"Book of Stabbing","floor":29.0,"turns":4.0},{"damage":1.0,"enemies":"3 Byrds","floor":31.0,"turns":4.0},{"damage":18,"enemies":"Champ","floor":33,"turns":13},{"damage":0,"enemies":"Orb Walker","floor":35,"turns":7},{"damage":13,"enemies":"3 Darklings","floor":38,"turns":10},{"damage":62,"enemies":"2 Orb Walkers","floor":41,"turns":4}],"seed_played":"-610779487201535467","potions_obtained":[{"floor":3.0,"key":"Ancient Potion"},{"floor":4.0,"key":"Fruit Juice"},{"floor":11.0,"key":"LiquidBronze"},{"floor":33,"key":"SkillPotion"},{"floor":35,"key":"Block Potion"}],"is_trial":false,"path_per_floor":["M","?","?","M","M","R","E","R","T","M","M","$","E","?","R","B",null,"M","?","$","?","?","R","E","?","T","$","T","E","R","M","R","B",null,"M","?","$","M","?","R","?"],"character_chosen":"DEFECT","items_purchased":["Coolheaded","PreservedInsect","Beam Cell","Capacitor"],"campfire_rested":2,"item_purchase_floors":[12,20,20,27],"current_hp_per_floor":[71,71,71,70,56,56,36,36,36,36,23,23,14,39,39,18,62,38,38,38,38,38,60,42,42,42,42,42,32,54,53,53,35,66,66,66,66,53,53,53,0,0],"gold":435,"neow_bonus":"TEN_PERCENT_HP_BONUS","is_daily":false,"chose_seed":false,"campfire_upgraded":4,"win_rate":0.0,"timestamp":1613758358,"path_taken":["M","?","?","M","M","R","E","R","T","M","?","$","E","?","R","BOSS","M","?","$","?","?","R","E","?","T","?","?","E","R","M","R","BOSS","M","?","$","M","?","R","?"],"items_purchased_type":["Card","Relic","Card","Card"],"build_version":"2020-12-22","purchased_purges":2,"victory":false,"max_hp_per_floor":[78,71,71,71,71,71,76,76,76,76,76,76,76,76,76,76,76,76,76,76,76,76,76,76,76,76,76,76,76,76,76,76,76,76,76,76,76,76,76,76,76,76],"relic_stats":{"counters":[16,83],"Dead Branch":[31],"CeramicFish":9,"Prayer Wheel":7,"PreservedInsect":85,"Juzu Bracelet":1,"Whetstone":["Doom and Gloom","Streamline"],"Kunai":[11],"obtain_stats":[{"Golden Idol":2,"Dead Branch":7,"CeramicFish":34,"PreservedInsect":20,"Juzu Bracelet":13,"Whetstone":28,"Nuclear Battery":17,"Calling Bell":34,"CaptainsWheel":34,"Matryoshka":34,"Prayer Wheel":9,"Kunai":29,"Cracked Core":0,"FossilizedHelix":24},{"Golden Idol":1,"Dead Branch":4,"CeramicFish":13,"PreservedInsect":9,"Juzu Bracelet":7,"Whetstone":10,"Nuclear Battery":8,"Calling Bell":13,"CaptainsWheel":13,"Matryoshka":13,"Prayer Wheel":4,"Kunai":11,"Cracked Core":0,"FossilizedHelix":10},{"Golden Idol":2,"Dead Branch":16,"CeramicFish":62,"PreservedInsect":38,"Juzu Bracelet":24,"Whetstone":41,"Nuclear Battery":34,"Calling Bell":62,"CaptainsWheel":62,"Matryoshka":62,"Prayer Wheel":16,"Kunai":45,"Cracked Core":0,"FossilizedHelix":41}]},"card_choices":[{"not_picked":["Sweeping Beam","Turbo"],"picked":"Doom and Gloom","floor":1.0},{"not_picked":["Coolheaded","Steam Power"],"picked":"Static Discharge","floor":4.0},{"not_picked":["Sweeping Beam","Leap"],"picked":"Beam Cell","floor":5.0},{"not_picked":["Stack","Redo"],"picked":"Lockon","floor":7.0},{"not_picked":["Stack","Steam"],"picked":"Streamline","floor":10.0},{"not_picked":["Scrape","Creative AI"],"picked":"Reinforced Body","floor":10.0},{"not_picked":["Stack","Scrape"],"picked":"Cold Snap","floor":11.0},{"not_picked":["Hologram","Sunder","Redo"],"picked":"SKIP","floor":11.0},{"not_picked":["Cold Snap","Rip and Tear"],"picked":"White Noise","floor":13.0},{"not_picked":["Fission","Reboot"],"picked":"All For One","floor":16.0},{"not_picked":["Conserve Battery","Undo"],"picked":"Leap","floor":18.0},{"not_picked":["Cold Snap","Redo"],"picked":"Go for the Eyes","floor":18.0},{"not_picked":["Blizzard","Coolheaded"],"picked":"Chill","floor":24.0},{"not_picked":["Machine Learning","Leap"],"picked":"Conserve Battery","floor":29.0},{"not_picked":["Cold Snap","Sunder","Turbo"],"picked":"SKIP","floor":31},{"not_picked":["Beam Cell+1","Coolheaded","Rebound"],"picked":"SKIP","floor":31},{"not_picked":["Rainbow","Hyperbeam"],"picked":"Biased Cognition","floor":33},{"not_picked":["Beam Cell","Reinforced Body+1","Scrape+1"],"picked":"SKIP","floor":35},{"not_picked":["Consume","Stack","Static Discharge"],"picked":"SKIP","floor":35},{"not_picked":["Ball Lightning","Reinforced Body"],"picked":"Undo","floor":38},{"not_picked":["Turbo","Hologram","Conserve Battery"],"picked":"SKIP","floor":38}],"player_experience":2312820,"relics_obtained":[{"floor":7.0,"key":"Dead Branch"},{"floor":9.0,"key":"Prayer Wheel"},{"floor":13.0,"key":"Juzu Bracelet"},{"floor":24.0,"key":"FossilizedHelix"},{"floor":28.0,"key":"Whetstone"},{"floor":29.0,"key":"Kunai"},{"floor":34,"key":"CeramicFish"},{"floor":34,"key":"Matryoshka"},{"floor":34,"key":"CaptainsWheel"}],"event_choices":[{"damage_healed":0.0,"max_hp_gain":0.0,"max_hp_loss":7.0,"gold_gain":0.0,"event_name":"Golden Idol","player_choice":"Lose Max HP","floor":2.0,"gold_loss":0.0,"damage_taken":0.0,"relics_obtained":["Golden Idol"]},{"damage_healed":0.0,"max_hp_gain":0.0,"max_hp_loss":0.0,"gold_gain":0.0,"event_name":"The Woman in Blue","player_choice":"Bought 1 Potion","floor":3.0,"gold_loss":0.0,"damage_taken":0.0},{"damage_healed":25.0,"max_hp_gain":0.0,"max_hp_loss":0.0,"gold_gain":0.0,"event_name":"Big Fish","player_choice":"Banana","floor":14.0,"gold_loss":0.0,"damage_taken":0.0},{"damage_healed":0.0,"max_hp_gain":0.0,"max_hp_loss":0.0,"gold_gain":0.0,"cards_transformed":["Strike_B","Strike_B"],"event_name":"Drug Dealer","player_choice":"Became Test Subject","floor":19.0,"gold_loss":0.0,"damage_taken":0.0,"cards_obtained":["White Noise","Machine Learning"]},{"damage_healed":0.0,"max_hp_gain":0.0,"max_hp_loss":0.0,"gold_gain":0.0,"event_name":"Masked Bandits","player_choice":"Paid Fearfully","floor":21.0,"gold_loss":26.0,"damage_taken":0.0},{"damage_healed":0.0,"max_hp_gain":0.0,"max_hp_loss":0.0,"gold_gain":0.0,"event_name":"Duplicator","player_choice":"Copied","floor":25.0,"gold_loss":0.0,"damage_taken":0.0,"cards_obtained":["Reinforced Body"]},{"cards_removed":["White Noise"],"damage_healed":0,"gold_gain":0,"player_choice":"Removed Skill","damage_taken":0,"max_hp_gain":0,"max_hp_loss":0,"event_name":"Falling","floor":36,"gold_loss":0},{"damage_healed":0,"gold_gain":333,"player_choice":"Gave Idol","damage_taken":0,"max_hp_gain":0,"max_hp_loss":0,"event_name":"The Moai Head","floor":39,"relics_lost":["Golden Idol"],"gold_loss":0},{"damage_healed":0,"gold_gain":0,"player_choice":"Fight","damage_taken":0,"max_hp_gain":0,"max_hp_loss":0,"event_name":"Mysterious Sphere","floor":41,"gold_loss":0}],"is_beta":false,"boss_relics":[{"not_picked":["Velvet Choker","Philosopher\u0027s Stone"],"picked":"Nuclear Battery"},{"not_picked":["Runic Pyramid","Tiny House"],"picked":"Calling Bell"}],"items_purged_floors":[12,37],"is_endless":false,"potions_floor_spawned":[4,7,11,33,35],"killed_by":"2 Orb Walkers","ascension_level":20}}