{"host":"iodn1af76021fjto","time":1613777736,"event":{"mods":["AchievementEnabler","BaseMod","BetterRewards","Colored Map","Downfall","Hermit","Infinite Spire","Jorbs\u0027s Wanderer Trilogy","Minty Spire (QoL Compilation)","Quick Restart","StSLib","SuperFastMode","The Cursed","The Hierophant","The Jungle","The Runesmith","The Servant 0.9.4"],"gold_per_floor":[115,134,184,184,28,28,61,78,78,103,103,123,141,173,185,294,306,338,361,373,385,411,423,467,479,515,627,639,679,707,746,758,770,770],"floor_reached":33,"language":"ENG","playtime":939,"items_purged":[],"score":404,"play_id":"06113772-e8ee-4d16-8823-731927fa68f2","local_time":"20210219183536","is_ascension_mode":true,"campfire_choices":[{"data":"Uppercut","floor":6,"key":"SMITH"},{"data":"Berserk","floor":15,"key":"SMITH"},{"data":"Double Tap","floor":23,"key":"SMITH"},{"data":"Whirlwind","floor":28,"key":"SMITH"},{"floor":32,"key":"REST"}],"circlet_count":0,"master_deck":["Strike_R+1","Strike_R+1","Strike_R+1","Strike_R+1","Strike_R+1","Defend_R+1","Defend_R+1","Defend_R+1","Defend_R+1","Bash","Immolate","Uppercut+1","Warcry","Warcry","Rampage","Berserk+1","Clothesline","Double Tap+1","Rampage+1","Clothesline+1","Whirlwind+1","Armaments+1","Shrug It Off"],"relics":["Burning Blood","HandDrill","Blue Candle","Meat on the Bone","PreservedInsect","MawBank","Philosopher\u0027s Stone","Toy Ornithopter","Pen Nib","Magic Flower"],"acts_visited":["Exordium","TheCity"],"potions_floor_usage":[16,22,29,31],"damage_taken":[{"damage":1,"enemies":"Cultist","floor":1,"turns":3},{"damage":6,"enemies":"Jaw Worm","floor":2,"turns":3},{"damage":12,"enemies":"3 Sentries","floor":7,"turns":4},{"damage":5,"enemies":"2 Louse","floor":8,"turns":2},{"damage":26,"enemies":"Gremlin Nob","floor":10,"turns":4},{"damage":26,"enemies":"Exordium Wildlife","floor":12,"turns":4},{"damage":7,"enemies":"2 Fungi Beasts","floor":13,"turns":2},{"damage":25,"enemies":"3 Sentries","floor":14,"turns":5},{"damage":38,"enemies":"The Guardian","floor":16,"turns":13},{"damage":0,"enemies":"Chosen","floor":18,"turns":3},{"damage":26,"enemies":"2 Thieves","floor":19,"turns":4},{"damage":18,"enemies":"Snake Plant","floor":22,"turns":2},{"damage":25,"enemies":"Gremlin Leader","floor":24,"turns":4},{"damage":20,"enemies":"Book of Stabbing","floor":29,"turns":4},{"damage":32,"enemies":"Centurion and Healer","floor":30,"turns":3},{"damage":19,"enemies":"Gremlin Leader","floor":31,"turns":3},{"damage":57,"enemies":"Automaton","floor":33,"turns":6}],"seed_played":"-2587448568018796755","potions_obtained":[{"floor":1,"key":"EssenceOfSteel"},{"floor":8,"key":"DistilledChaos"},{"floor":10,"key":"BlessingOfTheForge"},{"floor":19,"key":"Fire Potion"},{"floor":29,"key":"FearPotion"},{"floor":30,"key":"Weak Potion"}],"is_trial":false,"path_per_floor":["M","M","?","?","$","R","E","M","T","E","?","M","M","E","R","B",null,"M","M","$","?","M","R","E","?","T","?","R","E","M","E","R","B"],"character_chosen":"IRONCLAD","items_purchased":["HandDrill"],"campfire_rested":1,"item_purchase_floors":[5],"current_hp_per_floor":[72,72,72,72,72,72,66,67,67,47,52,44,55,48,48,28,65,71,51,51,51,51,51,44,30,30,30,30,33,19,23,47,0,0],"gold":770,"neow_bonus":"THREE_RARE_CARDS","is_daily":false,"chose_seed":false,"campfire_upgraded":4,"win_rate":0.0,"timestamp":1613777736,"path_taken":["M","?","?","?","?","R","E","M","T","E","?","M","M","E","R","BOSS","M","M","$","?","M","R","E","?","T","?","R","E","M","E","R","BOSS"],"items_purchased_type":["Relic"],"build_version":"2020-12-22","purchased_purges":0,"victory":false,"max_hp_per_floor":[72,72,72,72,72,72,72,72,72,72,77,77,77,77,77,77,77,77,77,77,77,77,77,77,82,82,82,82,82,82,82,82,82,82],"card_choices":[{"not_picked":["Offering","Bludgeon"],"picked":"Immolate","floor":0},{"not_picked":["Thunderclap","Fire Breathing"],"picked":"Uppercut","floor":1},{"not_picked":["True Grit","Havoc"],"picked":"Warcry","floor":2},{"not_picked":["Wild Strike","Pummel"],"picked":"Warcry","floor":7},{"not_picked":["Searing Blow","Havoc"],"picked":"Rampage","floor":8},{"not_picked":["Exhume","Blood for Blood"],"picked":"Berserk","floor":10},{"not_picked":["Clothesline","Thunderclap","Disarm"],"picked":"SKIP","floor":12},{"not_picked":["Entrench","Thunderclap"],"picked":"Clothesline","floor":13},{"not_picked":["Havoc","Body Slam","Perfected Strike"],"picked":"SKIP","floor":14},{"not_picked":["Limit Break","Corruption"],"picked":"Double Tap","floor":16},{"not_picked":["Spot Weakness","Havoc","Evolve"],"picked":"SKIP","floor":18},{"not_picked":["Thunderclap","Sentinel+1"],"picked":"Rampage+1","floor":19},{"not_picked":["Perfected Strike+1","Headbutt"],"picked":"Clothesline+1","floor":22},{"not_picked":["Dark Embrace","Body Slam+1"],"picked":"Whirlwind","floor":24},{"not_picked":["Dropkick","Havoc","Clothesline"],"picked":"SKIP","floor":29},{"not_picked":["Reckless Charge","Pommel Strike"],"picked":"Armaments+1","floor":30},{"not_picked":["Wild Strike","Sword Boomerang"],"picked":"Shrug It Off","floor":31}],"player_experience":275428,"relics_obtained":[{"floor":7,"key":"Blue Candle"},{"floor":9,"key":"Meat on the Bone"},{"floor":10,"key":"PreservedInsect"},{"floor":14,"key":"MawBank"},{"floor":24,"key":"Toy Ornithopter"},{"floor":29,"key":"Pen Nib"},{"floor":31,"key":"Magic Flower"}],"event_choices":[{"damage_healed":0,"gold_gain":50,"player_choice":"Gained Gold","damage_taken":0,"max_hp_gain":0,"max_hp_loss":0,"event_name":"Golden Wing","floor":3,"gold_loss":0},{"damage_healed":0,"gold_gain":0,"player_choice":"Ignored","damage_taken":0,"max_hp_gain":0,"max_hp_loss":0,"event_name":"Liars Game","floor":4,"gold_loss":0},{"damage_healed":0,"gold_gain":0,"player_choice":"Donut","damage_taken":0,"max_hp_gain":5,"max_hp_loss":0,"event_name":"Big Fish","floor":11,"gold_loss":0},{"damage_healed":0,"gold_gain":0,"player_choice":"Simplicity","damage_taken":0,"max_hp_gain":0,"max_hp_loss":0,"event_name":"Back to Basics","floor":21,"gold_loss":0,"cards_upgraded":["Strike_R","Strike_R","Strike_R","Strike_R","Strike_R","Defend_R","Defend_R","Defend_R","Defend_R"]},{"damage_healed":0,"gold_gain":0,"player_choice":"Shed Blood","damage_taken":19,"max_hp_gain":5,"max_hp_loss":0,"event_name":"Forgotten Altar","floor":25,"gold_loss":0},{"damage_healed":0,"gold_gain":100,"player_choice":"Pray","damage_taken":0,"max_hp_gain":0,"max_hp_loss":0,"event_name":"Golden Shrine","floor":27,"gold_loss":0}],"is_beta":false,"boss_relics":[{"not_picked":["Runesmith:UraniumAnvil","Runic Pyramid"],"picked":"Philosopher\u0027s Stone"}],"items_purged_floors":[],"is_endless":false,"potions_floor_spawned":[1,8,10,14,19,29,30],"killed_by":"Automaton","ascension_level":5}}