{"host":"onk0sru1v5nf4gev","time":1613771857,"event":{"mods":["AchievementEnabler","BaseMod","Colored Map","Colored Powertips","Downfall","Googly Eyes","Infinite Spire","Minty Spire (QoL Compilation)","Quick Restart","Replay The Spire","StSLib","SuperFastMode","The Cursed"],"gold_per_floor":[109,109,72,86,86,100,100,119,119,119,134,154,154,184,184,287,287,305,319,244,244,50,50,379,379,405,415,430,442,442,442,442],"floor_reached":31,"language":"FRA","playtime":943,"items_purged":[],"score":458,"play_id":"b111b0ab-c903-4dac-9c16-b5457bd5dafc","local_time":"20210219225737","is_ascension_mode":true,"campfire_choices":[{"data":"Demon Form","floor":7.0,"key":"SMITH"},{"data":"Armaments","floor":10.0,"key":"SMITH"},{"floor":13.0,"key":"REST"},{"data":"Armaments","floor":15.0,"key":"SMITH"},{"data":"Berserk","floor":23.0,"key":"SMITH"},{"floor":25,"key":"REST"}],"circlet_count":0,"master_deck":["Strike_R","Strike_R","Strike_R+1","Defend_R","Defend_R","Defend_R","Defend_R","Bash","Demon Form+1","Armaments+1","Trip","Heavy Blade+1","Heavy Blade","Armaments+1","Pommel Strike","Reaper","Bludgeon","Bludgeon","Thunderclap+1","Flex+1","Berserk+1","Flex","Cleave","Pummel+1","Disarm+1","infinitespire:OneForAll","Pommel Strike"],"relics":["Burning Blood","HornCleat","Du-Vu Doll","Sozu","Blue Doll","Old Coin","Whetstone"],"acts_visited":["Exordium","TheCity"],"potions_floor_usage":[],"damage_taken":[{"damage":4.0,"enemies":"2 Louse","floor":1.0,"turns":4.0},{"damage":1.0,"enemies":"Cultist","floor":4.0,"turns":3.0},{"damage":2.0,"enemies":"Small Slimes","floor":6.0,"turns":3.0},{"damage":45.0,"enemies":"Gremlin Gang","floor":8.0,"turns":6.0},{"damage":11.0,"enemies":"Looter","floor":11.0,"turns":2.0},{"damage":10.0,"enemies":"Exordium Wildlife","floor":12.0,"turns":4.0},{"damage":45.0,"enemies":"Nightmare","floor":14.0,"turns":7.0},{"damage":40.0,"enemies":"Fading Forest","floor":16.0,"turns":11.0},{"damage":19.0,"enemies":"Spheric Guardian","floor":18.0,"turns":4.0},{"damage":11.0,"enemies":"2 Thieves","floor":19.0,"turns":2.0},{"damage":41,"enemies":"Slavers","floor":24,"turns":7},{"damage":22,"enemies":"Snecko","floor":27,"turns":4},{"damage":11,"enemies":"Snake Plant","floor":28,"turns":2},{"damage":34,"enemies":"Chosen and Byrds","floor":29,"turns":6},{"damage":19,"enemies":"Book of Stabbing","floor":31,"turns":1}],"seed_played":"4949692834306403302","potions_obtained":[{"floor":4.0,"key":"Strength Potion"},{"floor":14.0,"key":"BloodPotion"}],"is_trial":false,"path_per_floor":["M","?","$","M","?","M","R","M","T","R","M","M","R","NM","R","B",null,"M","M","?","?","$","R","E","R","T","M","M","M","?","E"],"character_chosen":"IRONCLAD","items_purchased":["Heavy Blade","Blue Doll","Flex"],"campfire_rested":2,"item_purchase_floors":[3,22,22],"current_hp_per_floor":[80,80,80,80,80,80,80,41,41,41,36,32,56,35,51,53,80,67,62,62,62,62,62,34,58,58,42,37,17,17,0,0],"gold":442,"neow_bonus":"ONE_RANDOM_RARE_CARD","is_daily":false,"chose_seed":false,"campfire_upgraded":4,"win_rate":0.0,"timestamp":1613771857,"path_taken":["M","?","?","M","?","?","R","?","T","R","M","M","R","NM","R","BOSS","M","M","?","?","$","R","E","R","T","M","?","M","?","E"],"items_purchased_type":["Card","Relic","Card"],"build_version":"2020-12-22","purchased_purges":0,"victory":false,"max_hp_per_floor":[80,80,80,80,80,80,80,80,80,80,80,80,80,80,80,80,80,80,80,80,80,80,80,80,80,80,80,80,80,80,80,80],"card_choices":[{"not_picked":["Pommel Strike","Rampage"],"picked":"Armaments","floor":1.0},{"not_picked":["Entrench","Evolve"],"picked":"Armaments","floor":4.0},{"not_picked":["Entrench","ReplayTheSpireMod:Strike From Hell","Shockwave"],"picked":"SKIP","floor":6.0},{"not_picked":["Clash","Twin Strike"],"picked":"Pommel Strike","floor":8.0},{"not_picked":["Heavy Blade","Cleave"],"picked":"Reaper","floor":11.0},{"not_picked":["Havoc","Twin Strike","Second Wind"],"picked":"SKIP","floor":12.0},{"not_picked":["Body Slam","Carnage"],"picked":"Bludgeon","floor":14.0},{"not_picked":["Eclipse","Demonic Infusion"],"picked":"Bludgeon","floor":16.0},{"not_picked":["ReplayReversal","ReplayTheSpireMod:Stacked"],"picked":"Thunderclap+1","floor":18.0},{"not_picked":["Body Slam","Warcry"],"picked":"Flex+1","floor":19.0},{"not_picked":["Sword Boomerang","Dark Embrace"],"picked":"Cleave","floor":24},{"not_picked":["Wild Strike","Fiend Fire","Warcry"],"picked":"SKIP","floor":27},{"not_picked":["Wild Strike","Headbutt"],"picked":"Pummel+1","floor":28},{"not_picked":["Seeing Red","Flex"],"picked":"Disarm+1","floor":29}],"player_experience":297463,"relics_obtained":[{"floor":9.0,"key":"HornCleat"},{"floor":14.0,"key":"Du-Vu Doll"},{"floor":24,"key":"Old Coin"},{"floor":26,"key":"Whetstone"}],"event_choices":[{"damage_healed":0.0,"max_hp_gain":0.0,"max_hp_loss":0.0,"gold_gain":0.0,"event_name":"Match and Keep!","player_choice":"2 cards matched","floor":2.0,"gold_loss":0.0,"damage_taken":0.0,"cards_obtained":["Shockwave","Trip"]},{"cards_removed":["Shockwave"],"damage_healed":0.0,"max_hp_gain":0.0,"max_hp_loss":0.0,"gold_gain":0.0,"event_name":"Bonfire Elementals","player_choice":"Offered Uncommon","floor":5.0,"gold_loss":0.0,"damage_taken":0.0},{"cards_removed":["Strike_R"],"damage_healed":0.0,"max_hp_gain":0.0,"max_hp_loss":0.0,"gold_gain":0.0,"event_name":"Beggar","player_choice":"Gave Gold","floor":20.0,"gold_loss":75.0,"damage_taken":0.0},{"damage_healed":0.0,"max_hp_gain":0.0,"max_hp_loss":0.0,"gold_gain":0.0,"cards_transformed":["Strike_R"],"event_name":"Transmorgrifier","player_choice":"Transformed","floor":21.0,"gold_loss":0.0,"damage_taken":0.0,"cards_obtained":["Berserk"]},{"damage_healed":0,"gold_gain":0,"player_choice":"2 cards matched","damage_taken":0,"max_hp_gain":0,"max_hp_loss":0,"event_name":"Match and Keep!","floor":30,"gold_loss":0,"cards_obtained":["infinitespire:OneForAll","Pommel Strike"]}],"is_beta":false,"boss_relics":[{"not_picked":["ChewingGum","Snecko Eye"],"picked":"Sozu"}],"items_purged_floors":[],"is_endless":true,"potions_floor_spawned":[4,8,11,14,18,27,28],"killed_by":"Book of Stabbing","ascension_level":4}}