{"host":"u1aszu5qu1q3zw6m","time":1613717516,"event":{"mods":["Act Like it!","Aspiration","BaseMod","BetterRewards","Colored Map","Colored Powertips","Downfall","Hermit","Hubris","Infinite Spire","Jorbs\u0027s Wanderer Trilogy","Marisa????????","Minty Spire (QoL Compilation)","Quick Restart","Replay The Spire","StSLib","The Cursed","The Hierophant","The Necromancer"],"gold_per_floor":[99,117,18,18,3,15,40,49,66,66,66,66,66],"floor_reached":12,"language":"ENG","playtime":1018,"items_purged":[],"score":68,"play_id":"273aa94a-4d6e-495d-90e7-234f7cf079be","local_time":"20210219015156","is_ascension_mode":false,"campfire_choices":[{"floor":11,"key":"REST"}],"circlet_count":0,"master_deck":["hierophant:Strike_Hierophant","hierophant:Strike_Hierophant","hierophant:Strike_Hierophant","hierophant:Strike_Hierophant","hierophant:Punish","hierophant:Defend_Hierophant","hierophant:Defend_Hierophant","hierophant:Defend_Hierophant","hierophant:Defend_Hierophant","hierophant:ChurchCoffers","hierophant:ThreeLashes","hierophant:AuricShield","hierophant:DisplayOfPower","hierophant:PassingBell","hierophant:Glossolalia","hierophant:MirrorShield","ReplayTheSpireMod:Chaos Vortex"],"relics":["hierophant:PropheticMaskRelic"],"acts_visited":["Exordium"],"potions_floor_usage":[2,3,3,5,6,6,12,12],"damage_taken":[{"damage":2,"enemies":"Small Slimes","floor":2,"turns":3},{"damage":0,"enemies":"downfall:FleeingMerchant","floor":3,"turns":4},{"damage":10,"enemies":"downfall:FleeingMerchant","floor":5,"turns":4},{"damage":2,"enemies":"Cultist","floor":6,"turns":3},{"damage":6,"enemies":"Jaw Worm","floor":8,"turns":2},{"damage":7,"enemies":"2 Fungi Beasts","floor":9,"turns":4}],"seed_played":"231797595109903062","potions_obtained":[{"floor":1,"key":"SpeedPotion"},{"floor":1,"key":"SkillPotion"},{"floor":2,"key":"Energy Potion"},{"floor":4,"key":"Energy Potion"},{"floor":4,"key":"Regen Potion"},{"floor":6,"key":"FearPotion"},{"floor":9,"key":"PowerPotion"}],"is_trial":false,"path_per_floor":["R_BF","M","$","?","$","M","T","M","M","?","R","E"],"character_chosen":"HIEROPHANT","items_purchased":["EssenceOfSteel"],"campfire_rested":1,"item_purchase_floors":[3],"current_hp_per_floor":[82,80,80,80,79,77,77,71,64,43,67,53,53],"gold":66,"neow_bonus":"TEN_PERCENT_HP_BONUS","is_daily":false,"chose_seed":false,"campfire_upgraded":0,"win_rate":0.0,"timestamp":1613717516,"path_taken":["R_BF","M","$","?","$","M","T","?","M","?","R","E"],"items_purchased_type":["Potion"],"build_version":"2020-12-22","purchased_purges":0,"victory":false,"max_hp_per_floor":[82,82,82,82,82,82,82,82,82,82,82,82,82],"card_choices":[{"not_picked":["hierophant:OrnateJavelin","hierophant:RepressedViolence"],"picked":"hierophant:ThreeLashes","floor":2},{"not_picked":["hierophant:Shelter","hierophant:FlamingChariot"],"picked":"hierophant:AuricShield","floor":3},{"not_picked":["hierophant:RustyCrate","hierophant:FieryStrike"],"picked":"hierophant:DisplayOfPower","floor":5},{"not_picked":["hierophant:AuricBeam","hierophant:Rebuild"],"picked":"hierophant:PassingBell","floor":6},{"not_picked":["hierophant:Martyrdom","hierophant:OrnateBuckler"],"picked":"hierophant:Glossolalia","floor":8},{"not_picked":["hierophant:Encroach","hierophant:Patience"],"picked":"hierophant:MirrorShield","floor":9},{"not_picked":["ReplayTheSpireMod:Book of Names","infinitespire:Starlight"],"picked":"ReplayTheSpireMod:Chaos Vortex","floor":10}],"player_experience":193269,"relics_obtained":[],"event_choices":[{"damage_healed":0,"gold_gain":0,"player_choice":"Got Potions","damage_taken":0,"max_hp_gain":0,"max_hp_loss":0,"event_name":"Lab","floor":4,"gold_loss":0}],"is_beta":false,"boss_relics":[],"items_purged_floors":[],"is_endless":false,"potions_floor_spawned":[2,6,9],"killed_by":"Lagavulin","ascension_level":0}}