{"host":"gyvm9iplrwbfzexe","time":1613696585,"event":{"mods":["BaseMod","Minty Spire (QoL Compilation)","StSLib","The Hierophant"],"gold_per_floor":[109,109,126,142,142,142,175,25,25,25,25],"floor_reached":10,"language":"ENG","playtime":408,"items_purged":[],"score":66,"play_id":"3416686e-0921-4f18-9d77-c9a6f4eb5656","local_time":"20210218190305","is_ascension_mode":false,"campfire_choices":[{"data":"hierophant:RepressedViolence","floor":6,"key":"SMITH"}],"circlet_count":0,"master_deck":["hierophant:Strike_Hierophant","hierophant:Strike_Hierophant","hierophant:Strike_Hierophant","hierophant:Strike_Hierophant","hierophant:Punish","hierophant:Defend_Hierophant","hierophant:Defend_Hierophant","hierophant:Defend_Hierophant","hierophant:Defend_Hierophant","hierophant:ChurchCoffers","hierophant:RepressedViolence+1","hierophant:Blessing","hierophant:Sermon","hierophant:Doomsaying","hierophant:Chorus","hierophant:Kindle","hierophant:HammerAndAnvil","hierophant:Sermon"],"relics":["Sozu","Meat on the Bone","Orrery","Ornamental Fan"],"acts_visited":["Exordium"],"potions_floor_usage":[],"damage_taken":[{"damage":1,"enemies":"Cultist","floor":1,"turns":3},{"damage":5,"enemies":"Small Slimes","floor":3,"turns":4},{"damage":0,"enemies":"2 Louse","floor":4,"turns":1},{"damage":39,"enemies":"Gremlin Nob","floor":7,"turns":5},{"damage":8,"enemies":"Lagavulin","floor":10,"turns":5}],"seed_played":"5511242007923913528","potions_obtained":[],"is_trial":false,"path_per_floor":["M","?","M","M","?","R","E","$","T","E"],"character_chosen":"HIEROPHANT","items_purchased":["Orrery"],"campfire_rested":0,"item_purchase_floors":[8],"current_hp_per_floor":[74,79,74,74,74,74,41,41,41,40,40],"gold":25,"neow_bonus":"BOSS_RELIC","is_daily":false,"chose_seed":false,"campfire_upgraded":1,"win_rate":0.0,"timestamp":1613696585,"path_taken":["M","?","M","M","?","R","E","$","T","E"],"items_purchased_type":["Relic"],"build_version":"2020-12-22","purchased_purges":0,"victory":false,"max_hp_per_floor":[75,80,80,80,80,80,80,80,80,80,80],"card_choices":[{"not_picked":["hierophant:Shelter","hierophant:Remorse"],"picked":"hierophant:RepressedViolence","floor":1},{"not_picked":["hierophant:TollTheBells","hierophant:Purify","hierophant:FlamingChariot"],"picked":"SKIP","floor":3},{"not_picked":["hierophant:ThreeLashes","hierophant:SolarFlare"],"picked":"hierophant:Blessing","floor":4},{"not_picked":["hierophant:Encroach","hierophant:RepressedViolence"],"picked":"hierophant:Sermon","floor":7},{"not_picked":["hierophant:SolarFlare","hierophant:Flagellation"],"picked":"hierophant:Doomsaying","floor":8},{"not_picked":["hierophant:ThreeLashes","hierophant:RustyCrate"],"picked":"hierophant:Chorus","floor":8},{"not_picked":["hierophant:RepressedViolence","hierophant:ThreeLashes"],"picked":"hierophant:Kindle","floor":8},{"not_picked":["hierophant:Doubloon","hierophant:Endure"],"picked":"hierophant:HammerAndAnvil","floor":8},{"not_picked":["hierophant:HolyVerse","hierophant:Shelter"],"picked":"hierophant:Sermon","floor":8}],"player_experience":61968,"relics_obtained":[{"floor":7,"key":"Meat on the Bone"},{"floor":9,"key":"Ornamental Fan"}],"event_choices":[{"damage_healed":0,"gold_gain":0,"player_choice":"Donut","damage_taken":0,"max_hp_gain":5,"max_hp_loss":0,"event_name":"Big Fish","floor":2,"gold_loss":0},{"damage_healed":0,"gold_gain":0,"player_choice":"Ignored","damage_taken":0,"max_hp_gain":0,"max_hp_loss":0,"event_name":"Liars Game","floor":5,"gold_loss":0}],"is_beta":false,"boss_relics":[],"items_purged_floors":[],"is_endless":false,"potions_floor_spawned":[7],"killed_by":"Lagavulin","ascension_level":0}}