{"host":"ox77rn1xcurm2t5a","time":1613730095,"event":{"mods":["2.2 Compatiblity","AchievementEnabler","Act Like it!","Aspiration","BaseMod","Best Route Mod","Better Match","Better Note","Better Sensory Stone","Block Reminder","Colored Map","Colored Powertips","Conjunction","Conspire","Custom Start","Energized Spire","GifTheSpireLib","Gold Saver","Gremlin Skip","Halation","Highlight Path","Hubris","Infinite Spire","Minty Spire (QoL Compilation)","Pale of the Ancients","Quick Restart","Reliquary","Replay The Spire","Reworked Bosses","ShortenTheSpire","Spire Exporter","StSLib","Stuff the Spire","Wandering Minibosses"],"gold_per_floor":[110,110,126,51,51,51,83,98,98,98,98,98,48,77,77,181,181,200,220,220,232,232,232,232],"floor_reached":23,"language":"ENG","playtime":559,"items_purged":["Injury","Defend_R"],"score":311,"play_id":"5f4fea97-23ee-46d1-bc8e-74208dda4a17","local_time":"20210219122135","is_ascension_mode":true,"campfire_choices":[{"floor":6.0,"key":"RECALL"},{"data":"Bash","floor":12.0,"key":"SMITH"},{"data":"Defend_R","floor":15.0,"key":"SMITH"}],"circlet_count":0,"master_deck":["Strike_R","Strike_R","Strike_R","Strike_R","Strike_R","Defend_R","Defend_R","Defend_R+1","Bash+1","Metallicize+1","Clash+1","Perfected Strike+1","Perfected Strike+1","Clothesline+1","Berserk","Heavy Blade+1","Cleave+1"],"relics":["Burning Blood","NeowsBlessing","Molten Egg 2","aspiration:FrozenJewel","hubris:SphereOfDissonance","TungstenRod"],"acts_visited":["Exordium","TheCity"],"potions_floor_usage":[23],"damage_taken":[{"damage":0.0,"enemies":"2 Louse","floor":1.0,"turns":1.0},{"damage":0.0,"enemies":"Jaw Worm","floor":3.0,"turns":1.0},{"damage":0.0,"enemies":"3 Sentries","floor":7.0,"turns":2.0},{"damage":0.0,"enemies":"Small Slimes","floor":8.0,"turns":3.0},{"damage":2.0,"enemies":"Gremlin Nob","floor":14.0,"turns":3.0},{"damage":38.0,"enemies":"Fading Forest","floor":16.0,"turns":11.0},{"damage":19.0,"enemies":"3 Byrds","floor":18.0,"turns":8.0},{"damage":13.0,"enemies":"Spheric Guardian","floor":19.0,"turns":4.0},{"damage":25.0,"enemies":"Snake Plant","floor":21.0,"turns":5.0},{"damage":44,"enemies":"Book of Stabbing","floor":23,"turns":5}],"seed_played":"-6499219961136708224","potions_obtained":[{"floor":1.0,"key":"SpeedPotion"},{"floor":14.0,"key":"SteroidPotion"},{"floor":21.0,"key":"Conjunction:LightningMarble"}],"is_trial":false,"path_per_floor":["M","?","M","$","?","R","E","M","T","?","?","R","$","E","R","B",null,"M","M","?","M","AVR","E"],"character_chosen":"IRONCLAD","items_purchased":["Perfected Strike+1"],"campfire_rested":0,"item_purchase_floors":[13],"current_hp_per_floor":[78,78,80,80,80,80,80,80,80,80,85,85,85,85,85,67,81,68,61,61,42,42,0,0],"gold":232,"neow_bonus":"THREE_ENEMY_KILL","is_daily":false,"chose_seed":false,"campfire_upgraded":2,"win_rate":0.0,"timestamp":1613730095,"path_taken":["M","?","M","$","?","R","E","M","T","?","?","R","$","E","R","BOSS","M","M","?","M","AVR","E"],"items_purchased_type":["Card"],"build_version":"2020-12-22","purchased_purges":2,"victory":false,"max_hp_per_floor":[80,80,80,80,80,80,80,80,80,80,85,85,85,85,85,85,85,85,85,85,85,85,85,85],"card_choices":[{"not_picked":["Clothesline","Headbutt"],"picked":"Metallicize","floor":1.0},{"not_picked":["Bloodletting","Headbutt+1"],"picked":"Clash+1","floor":3.0},{"not_picked":["Shrug It Off","Flex"],"picked":"Perfected Strike+1","floor":7.0},{"not_picked":["ReplayTheSpireMod:Strike From Hell+1","StuffTheSpire:RockThrow+1","ReplayTheSpireMod:Stacked"],"picked":"SKIP","floor":8.0},{"not_picked":["hubris:ReadiedAction","StuffTheSpire:Pyroclast+1"],"picked":"Clothesline+1","floor":14.0},{"not_picked":["Juggernaut","hubris:StunningStrike+1"],"picked":"Berserk","floor":16.0},{"not_picked":["Bloodletting","True Grit","Evolve+1"],"picked":"SKIP","floor":18.0},{"not_picked":["Defy Death","Run Through+1"],"picked":"Heavy Blade+1","floor":19.0},{"not_picked":["Defy Death","ReplayTheSpireMod:Strike From Hell+1"],"picked":"Cleave+1","floor":21.0}],"player_experience":3157933,"relics_obtained":[{"floor":7.0,"key":"aspiration:FrozenJewel"},{"floor":14.0,"key":"hubris:SphereOfDissonance"}],"event_choices":[{"damage_healed":0.0,"max_hp_gain":0.0,"max_hp_loss":0.0,"gold_gain":0.0,"event_name":"Living Wall","player_choice":"Grow","floor":10.0,"gold_loss":0.0,"damage_taken":0.0,"cards_upgraded":["Metallicize"]},{"damage_healed":0.0,"max_hp_gain":5.0,"max_hp_loss":0.0,"gold_gain":0.0,"event_name":"Big Fish","player_choice":"Donut","floor":11.0,"gold_loss":0.0,"damage_taken":0.0},{"damage_healed":0.0,"max_hp_gain":0.0,"max_hp_loss":0.0,"gold_gain":0.0,"event_name":"FaceTrader","player_choice":"Leave","floor":20.0,"gold_loss":0.0,"damage_taken":0.0}],"is_beta":false,"boss_relics":[{"not_picked":["hubris:Stopwatch","reliquary:RedPaperclip","reliquary:Craggleroot"]}],"items_purged_floors":[4,22],"is_endless":false,"potions_floor_spawned":[1,14,21],"killed_by":"Book of Stabbing","ascension_level":8}}