{"host":"1poy056mauca3bbh","time":1613742720,"event":{"mods":["Ascension Unlocker","BaseMod","Bestiary","Block Reminder","Colored Map","Colored Powertips","Curses Come First","Highlight Path","Minty Spire (QoL Compilation)","Permanent Neow","Quick Restart","Rare Cards Sparkle","Relic Stats","Smile Girya","StSLib","UnlockEverythingMod"],"gold_per_floor":[109,125,125,90,105,121,121,136,162,46,46,63,74,103,103,180,230,242,167,187,237,8,8,8],"floor_reached":23,"language":"ENG","playtime":970,"items_purged":[],"score":366,"play_id":"a654f0f8-e062-401b-914e-3e53bc51f911","local_time":"20210219085200","is_ascension_mode":true,"campfire_choices":[{"floor":7.0,"key":"REST"},{"data":"Cloak And Dagger","floor":15,"key":"SMITH"}],"circlet_count":0,"master_deck":["AscendersBane","Strike_G","Strike_G","Strike_G","Strike_G","Strike_G","Defend_G","Defend_G","Defend_G","Defend_G","Survivor","Neutralize","Flying Knee","Deflect","Flying Knee","Backflip","Dagger Spray+1","Backflip","Dagger Spray","Accuracy","Blur","Dash","Cloak And Dagger+1","Venomology","Outmaneuver","Blade Dance+1","Underhanded Strike+1","Venomology","Cloak And Dagger"],"relics":["Busted Crown","Dream Catcher","Happy Flower","Boot","Odd Mushroom","Tiny House","DollysMirror"],"acts_visited":["Exordium","TheCity"],"potions_floor_usage":[16,16,18,20,20,20,23,23],"damage_taken":[{"damage":4.0,"enemies":"Jaw Worm","floor":1.0,"turns":6.0},{"damage":0.0,"enemies":"Small Slimes","floor":2.0,"turns":4.0},{"damage":6.0,"enemies":"Cultist","floor":5.0,"turns":4.0},{"damage":3.0,"enemies":"3 Louse","floor":6.0,"turns":3.0},{"damage":7.0,"enemies":"Large Slime","floor":8.0,"turns":6.0},{"damage":3.0,"enemies":"Blue Slaver","floor":12.0,"turns":3.0},{"damage":0.0,"enemies":"Red Slaver","floor":13.0,"turns":4.0},{"damage":8.0,"enemies":"The Mushroom Lair","floor":14.0,"turns":4.0},{"damage":33,"enemies":"Slime Boss","floor":16,"turns":11},{"damage":9,"enemies":"Chosen","floor":18,"turns":5},{"damage":0,"enemies":"3 Byrds","floor":20,"turns":3},{"damage":53,"enemies":"Book of Stabbing","floor":23,"turns":5}],"seed_played":"4684508348948003066","potions_obtained":[{"floor":6.0,"key":"SteroidPotion"},{"floor":8.0,"key":"Fire Potion"},{"floor":14.0,"key":"LiquidMemories"},{"floor":17,"key":"PowerPotion"},{"floor":18,"key":"FearPotion"}],"is_trial":false,"path_per_floor":["M","M","?","?","M","M","R","M","T","$","?","M","M","?","R","B",null,"M","?","M","?","$","E"],"character_chosen":"THE_SILENT","items_purchased":["Dagger Spray","Accuracy","DollysMirror","Cloak And Dagger"],"campfire_rested":1,"item_purchase_floors":[10,10,22,22],"current_hp_per_floor":[55,55,44,60,54,51,66,59,59,59,59,56,56,48,48,15,58,49,49,49,49,49,0,0],"gold":8,"neow_bonus":"BOSS_RELIC","is_daily":false,"chose_seed":false,"campfire_upgraded":1,"win_rate":0.0,"timestamp":1613742720,"path_taken":["M","M","?","?","M","M","R","M","T","$","?","?","M","?","R","BOSS","M","?","M","?","$","E"],"items_purchased_type":["Card","Card","Relic","Card"],"build_version":"2020-12-22","purchased_purges":0,"victory":false,"max_hp_per_floor":[66,66,66,66,66,66,66,66,66,66,66,66,66,66,66,66,71,71,71,71,71,71,71,71],"relic_stats":{"Dream Catcher":1,"Busted Crown":26,"Happy Flower":[11],"counters":[12,58],"Boot":[83],"obtain_stats":[{"Dream Catcher":3,"Busted Crown":0,"Tiny House":17,"Happy Flower":9,"DollysMirror":22,"Odd Mushroom":14,"Boot":11,"Ring of the Snake":0},{"Dream Catcher":2,"Busted Crown":0,"Tiny House":9,"Happy Flower":5,"DollysMirror":11,"Odd Mushroom":8,"Boot":5,"Ring of the Snake":0},{"Dream Catcher":10,"Busted Crown":0,"Tiny House":45,"Happy Flower":23,"DollysMirror":53,"Odd Mushroom":34,"Boot":23,"Ring of the Snake":0}]},"card_choices":[{"not_picked":[],"picked":"Flying Knee","floor":1.0},{"not_picked":[],"picked":"Deflect","floor":2.0},{"not_picked":[],"picked":"Flying Knee","floor":5.0},{"not_picked":[],"picked":"Backflip","floor":6.0},{"not_picked":[],"picked":"Dagger Spray","floor":7.0},{"not_picked":[],"picked":"Backflip","floor":8.0},{"not_picked":[],"picked":"Blur","floor":12.0},{"not_picked":[],"picked":"Dash","floor":13.0},{"not_picked":[],"picked":"Cloak And Dagger","floor":14.0},{"not_picked":[],"picked":"Venomology","floor":16},{"not_picked":[],"picked":"Outmaneuver","floor":17},{"not_picked":[],"picked":"Blade Dance+1","floor":18},{"not_picked":[],"picked":"Underhanded Strike+1","floor":20}],"player_experience":159027,"relics_obtained":[{"floor":9.0,"key":"Happy Flower"},{"floor":11.0,"key":"Boot"},{"floor":14.0,"key":"Odd Mushroom"}],"event_choices":[{"damage_healed":0.0,"max_hp_gain":0.0,"max_hp_loss":0.0,"gold_gain":0.0,"event_name":"Scrap Ooze","player_choice":"Success","floor":3.0,"gold_loss":0.0,"damage_taken":11.0,"relics_obtained":["Dream Catcher"]},{"damage_healed":16.0,"max_hp_gain":0.0,"max_hp_loss":0.0,"gold_gain":0.0,"event_name":"The Cleric","player_choice":"Healed","floor":4.0,"gold_loss":35.0,"damage_taken":0.0},{"damage_healed":0.0,"max_hp_gain":0.0,"max_hp_loss":0.0,"gold_gain":0.0,"event_name":"Wheel of Change","player_choice":"Relic","floor":11.0,"gold_loss":0.0,"damage_taken":0.0},{"damage_healed":0.0,"max_hp_gain":0.0,"max_hp_loss":0.0,"gold_gain":0.0,"event_name":"Mushrooms","player_choice":"Fought Mushrooms","floor":14.0,"gold_loss":0.0,"damage_taken":0.0},{"cards_removed":["Defend_G"],"damage_healed":0,"gold_gain":0,"player_choice":"Gave Gold","damage_taken":0,"max_hp_gain":0,"max_hp_loss":0,"event_name":"Beggar","floor":19,"gold_loss":75},{"damage_healed":0,"gold_gain":50,"player_choice":"Stole From Cult","damage_taken":0,"max_hp_gain":0,"max_hp_loss":0,"event_name":"Nest","floor":21,"gold_loss":0}],"is_beta":false,"boss_relics":[{"not_picked":["Velvet Choker","Runic Dome"],"picked":"Tiny House"}],"items_purged_floors":[],"is_endless":false,"potions_floor_spawned":[6,8,14,18],"killed_by":"Book of Stabbing","ascension_level":20}}