{"host":"7cp3z5w0tcrrm8ys","time":1613704793,"event":{"mods":["AchievementEnabler","BaseMod","DeckTracker","Minty Spire (QoL Compilation)","StSLib","SuperFastMode"],"gold_per_floor":[119,133,146,211,231,231,246,274,274,274,287,318,318,318,318,318,318],"floor_reached":16,"language":"KOR","playtime":451,"items_purged":[],"score":224,"play_id":"b35a3183-d885-45ba-8893-6b92916262b6","local_time":"20210219121953","is_ascension_mode":true,"campfire_choices":[{"data":"Wild Strike","floor":6,"key":"SMITH"},{"data":"Uppercut","floor":10,"key":"SMITH"},{"data":"Armaments","floor":13,"key":"SMITH"},{"data":"Disarm","floor":15,"key":"SMITH"}],"circlet_count":0,"master_deck":["AscendersBane","Strike_R","Strike_R","Strike_R","Strike_R","Strike_R","Defend_R","Defend_R","Defend_R","Defend_R","Bash+1","Second Wind","Clash","Anger","Wild Strike+1","Uppercut+1","Disarm+1","Shockwave","Armaments+1","Decay"],"relics":["Burning Blood","Juzu Bracelet","Prayer Wheel","Letter Opener"],"acts_visited":["Exordium"],"potions_floor_usage":[8,8,12,16],"damage_taken":[{"damage":6,"enemies":"Cultist","floor":1,"turns":3},{"damage":7,"enemies":"Small Slimes","floor":2,"turns":4},{"damage":1,"enemies":"2 Louse","floor":3,"turns":3},{"damage":22,"enemies":"Exordium Thugs","floor":5,"turns":5},{"damage":7,"enemies":"3 Louse","floor":7,"turns":3},{"damage":15,"enemies":"3 Sentries","floor":8,"turns":7},{"damage":0,"enemies":"Large Slime","floor":11,"turns":4},{"damage":35,"enemies":"Gremlin Nob","floor":12,"turns":5},{"damage":24,"enemies":"Hexaghost","floor":16,"turns":10}],"seed_played":"4591997258353221599","potions_obtained":[{"floor":1,"key":"PowerPotion"},{"floor":3,"key":"SteroidPotion"},{"floor":11,"key":"SpeedPotion"},{"floor":12,"key":"GamblersBrew"}],"is_trial":false,"path_per_floor":["M","M","M","?","M","R","M","E","T","R","M","E","R","?","R","B"],"character_chosen":"IRONCLAD","items_purchased":[],"campfire_rested":0,"item_purchase_floors":[],"current_hp_per_floor":[68,67,72,72,56,56,55,46,46,46,52,23,23,23,23,0,0],"gold":318,"neow_bonus":"UPGRADE_CARD","is_daily":false,"chose_seed":false,"campfire_upgraded":4,"win_rate":0.0,"timestamp":1613704793,"path_taken":["M","?","M","?","M","R","M","E","T","R","M","E","R","?","R","BOSS"],"items_purchased_type":[],"build_version":"2020-12-22","purchased_purges":0,"victory":false,"max_hp_per_floor":[75,75,75,75,75,75,75,75,75,75,75,75,75,75,75,75,75],"card_choices":[{"not_picked":["Heavy Blade","Evolve"],"picked":"Second Wind","floor":1},{"not_picked":["Flex","Dark Embrace"],"picked":"Clash","floor":2},{"not_picked":["Burning Pact","True Grit"],"picked":"Anger","floor":3},{"not_picked":["Double Tap","Armaments"],"picked":"Wild Strike","floor":5},{"not_picked":["Thunderclap","Shrug It Off"],"picked":"Uppercut","floor":7},{"not_picked":["Twin Strike","Havoc"],"picked":"Disarm","floor":8},{"not_picked":["Battle Trance","Warcry"],"picked":"Shockwave","floor":11},{"not_picked":["Rupture","Warcry","Sword Boomerang"],"picked":"SKIP","floor":11},{"not_picked":["True Grit","Warcry"],"picked":"Armaments","floor":12}],"player_experience":820807,"relics_obtained":[{"floor":8,"key":"Juzu Bracelet"},{"floor":9,"key":"Prayer Wheel"},{"floor":12,"key":"Letter Opener"}],"event_choices":[{"damage_healed":0,"gold_gain":65,"player_choice":"Gained Gold","damage_taken":0,"max_hp_gain":0,"max_hp_loss":0,"event_name":"Golden Wing","floor":4,"gold_loss":0},{"damage_healed":0,"gold_gain":0,"player_choice":"Cursed","damage_taken":0,"max_hp_gain":0,"max_hp_loss":0,"event_name":"Wheel of Change","floor":14,"gold_loss":0,"cards_obtained":["Decay"]}],"is_beta":false,"boss_relics":[],"items_purged_floors":[],"is_endless":false,"potions_floor_spawned":[1,3,11,12],"killed_by":"Hexaghost","ascension_level":20}}