{"host":"yfi73559mxreacvo","time":1613720300,"event":{"mods":["AchievementEnabler","Act Like it!","Aspiration","BaseMod","Better Third Choice","BetterRewards","Colored Map","Conspire","Downfall","Evolution","GifTheSpireLib","Halation","HexUI Lib","Highlight Path","Hubris","Minty Spire (QoL Compilation)","Railgun Mod","Reliquary","Replay The Spire","StSLib","Stuff the Spire","Wandering Minibosses"],"gold_per_floor":[99,112,122,32,32,47,70,70,88,119,119,136,171,171,191,293,293,193,212,212,312,324,336,336,346,366,399,418,83,83,95,113,217,217,217,234,234,248,91,107,107,7,21,21,37,69,69,81,95,95],"floor_reached":51,"language":"ENG","playtime":2783,"items_purged":["Slimebound:Split","Slimebound:Tackle","Slimebound:Gluttony"],"score":792,"play_id":"df2687bc-887e-4be2-be07-eedda214faf7","local_time":"20210219023820","is_ascension_mode":false,"campfire_choices":[{"data":"Slimebound:OozeBath","floor":1,"key":"SMITH"},{"data":"Slimebound:AcidTongue","floor":18,"key":"SMITH"},{"data":"Slimebound:OozeBath","floor":30,"key":"SMITH"},{"floor":35,"key":"RECALL"},{"data":"Slimebound:LeechEnergy","floor":42,"key":"SMITH"},{"data":"Slimebound:CorrosiveSpit","floor":47,"key":"SMITH"}],"circlet_count":0,"master_deck":["Slimebound:LeechEnergy+1","Slimebound:LeechEnergy","Slimebound:LeechEnergy","Slimebound:GoopSpray","Slimebound:Defend_Slimebound","Slimebound:Defend_Slimebound","Slimebound:CorrosiveSpit+1","Slimebound:OozeBath+1","Slimebound:AcidTongue+1","Slimebound:RejuvenatingLick","StuffTheSpire:Innocence","Slimebound:RainOfGoop","Slimebound:OozeBath+1","Slimebound:Schlurp","Slimebound:GrowthPunch+1","Slimebound:Grow+1","Slimebound:Grow+1","Slimebound:LivingWall+1","Slimebound:LeechingTouch+1","Slimebound:MegaLick+1","Slimebound:LeechingTouch+1","Slimebound:Gluttony+1","Slimebound:LeechEnergy","Slimebound:SamplingLick+1"],"relics":["Slimebound:AbsorbEndCombat","EVO:Axolotl","hubris:Towel","Lantern","reliquary:TatteredRug","Frozen Egg 2","reliquary:BoilingFlask","Coffee Dripper","downfall:HeartBlessingGreen","hubris:Icosahedron","Gremlin Horn","Slimebound:AggressiveSlimeRelic","Replay:Drink Me","hubris:BottledRain","StuffTheSpire:EmeraldSignet","downfall:HeartBlessingBlue","PreservedInsect"],"acts_visited":["Exordium","TheCity","TheBeyond"],"potions_floor_usage":[43],"damage_taken":[{"damage":3,"enemies":"Small Slimes","floor":2,"turns":2},{"damage":0,"enemies":"Jaw Worm","floor":3,"turns":3},{"damage":0,"enemies":"downfall:FleeingMerchant","floor":4,"turns":4},{"damage":0,"enemies":"2 Louse","floor":6,"turns":3},{"damage":0,"enemies":"Blue Slaver","floor":9,"turns":2},{"damage":22,"enemies":"Gremlin Nob","floor":10,"turns":4},{"damage":0,"enemies":"downfall:LooterAlt","floor":12,"turns":3},{"damage":5,"enemies":"Lagavulin","floor":13,"turns":5},{"damage":13,"enemies":"Red Slaver","floor":15,"turns":2},{"damage":10,"enemies":"IC_STATUS_ARCHETYPE","floor":16,"turns":5},{"damage":0,"enemies":"Chosen","floor":19,"turns":4},{"damage":6,"enemies":"Spheric Guardian","floor":22,"turns":4},{"damage":28,"enemies":"Chosen and Byrds","floor":23,"turns":6},{"damage":11,"enemies":"Snake Plant","floor":25,"turns":4},{"damage":8,"enemies":"3 Cultists","floor":26,"turns":7},{"damage":5,"enemies":"Book of Stabbing","floor":27,"turns":4},{"damage":4,"enemies":"Snecko","floor":28,"turns":5},{"damage":3,"enemies":"downfall:FleeingMerchant","floor":29,"turns":4},{"damage":0,"enemies":"Shelled Parasite and Fungi","floor":31,"turns":4},{"damage":4,"enemies":"Centurion and Healer","floor":32,"turns":5},{"damage":12,"enemies":"WA_ARCHETYPE_CALM","floor":33,"turns":8},{"damage":0,"enemies":"Orb Walker","floor":36,"turns":3},{"damage":4,"enemies":"3 Darklings","floor":38,"turns":4},{"damage":3,"enemies":"downfall:FleeingMerchant","floor":39,"turns":4},{"damage":8,"enemies":"Transient","floor":40,"turns":5},{"damage":14,"enemies":"4 Shapes","floor":43,"turns":6},{"damage":0,"enemies":"3 Darklings","floor":45,"turns":3},{"damage":34,"enemies":"Nemesis","floor":46,"turns":5},{"damage":0,"enemies":"Maw","floor":48,"turns":5},{"damage":0,"enemies":"Transient","floor":49,"turns":5},{"damage":0,"enemies":"DF_ARCHETYPE_ORBS","floor":50,"turns":6}],"seed_played":"258150883189411428","potions_obtained":[{"floor":6,"key":"Elixir"},{"floor":10,"key":"Milkshake"},{"floor":12,"key":"Slimebound:SlimedPotion"},{"floor":19,"key":"Guardian:BlockOnCardUsePotion"},{"floor":46,"key":"GamblersBrew"},{"floor":48,"key":"SkillPotion"}],"is_trial":false,"path_per_floor":["R","M","M","$","?","M","T","?","M","E","?","M","E","?","M","B",null,"R","M","?","?","M","M","T","M","M","E","M","$","R","M","M","B",null,"R","M","?","M","$","M","T","R","M","?","M","E","R","M","M","B",null],"character_chosen":"SLIMEBOUND","items_purchased":["Slimebound:AggressiveSlimeRelic","Slimebound:Grow+1","hubris:BottledRain","Slimebound:Gluttony+1","Slimebound:LeechEnergy"],"campfire_rested":0,"item_purchase_floors":[29,29,39,39,39],"current_hp_per_floor":[47,48,54,62,62,65,65,53,59,45,38,44,47,47,40,38,65,65,65,65,65,59,39,39,34,34,37,41,46,46,54,58,53,49,49,49,49,49,49,47,47,57,47,47,55,27,27,37,45,55],"gold":95,"neow_bonus":"THREE_RARE_CARDS","is_daily":false,"chose_seed":false,"campfire_upgraded":5,"win_rate":0.0,"timestamp":1613720300,"path_taken":["R","M","M","$","?","M","T","?","M","E","?","?","E","?","M","BOSS","R","M","?","?","M","?","T","M","M","E","M","$","R","M","M","BOSS","R","M","?","M","$","M","T","R","M","?","M","E","R","M","M","BOSS"],"items_purchased_type":["Relic","Card","Relic","Card","Card"],"build_version":"2020-12-22","purchased_purges":3,"victory":true,"max_hp_per_floor":[65,65,65,65,65,65,65,65,65,65,65,65,65,65,65,65,65,65,65,65,65,65,65,65,65,65,65,65,65,65,65,65,65,49,49,49,49,49,49,49,49,59,59,59,59,59,59,59,59,59],"card_choices":[{"not_picked":["Slimebound:MassRepurpose","Slimebound:RallyTheTroops"],"picked":"Slimebound:OozeBath","floor":0},{"not_picked":["Slimebound:GoopSpray","Slimebound:PressTheAttack","Slimebound:FlameTackle"],"picked":"SKIP","floor":2},{"not_picked":["Slimebound:SplitMire","Slimebound:Equalize"],"picked":"Slimebound:SamplingLick","floor":3},{"not_picked":["Slimebound:SplitLeeching","Slimebound:ItLooksTasty"],"picked":"Slimebound:AcidTongue","floor":4},{"not_picked":["Slimebound:Dissolve","Slimebound:TagTeam"],"picked":"Slimebound:Gluttony","floor":6},{"not_picked":["Slimebound:LivingWall","Slimebound:HauntingLick"],"picked":"Slimebound:ItLooksTasty","floor":9},{"not_picked":["Slimebound:SplitAcid","Slimebound:SamplingLick"],"picked":"Slimebound:RejuvenatingLick","floor":10},{"not_picked":["Slimebound:Dissolve","Slimebound:LeechEnergy","Slimebound:LeadByExample+1"],"picked":"SKIP","floor":12},{"not_picked":["Slimebound:Dissolve","Slimebound:OneTwoCombo"],"picked":"Slimebound:RainOfGoop","floor":13},{"not_picked":["Slimebound:SplitBruiser","Slimebound:SplitMire","Slimebound:BestDefense+1"],"picked":"SKIP","floor":15},{"not_picked":["Slimebound:MinionMaster+1","Slimebound:LeechLife"],"picked":"Slimebound:OozeBath","floor":16},{"not_picked":["Slimebound:Prepare","Slimebound:RollThrough+1","Slimebound:HauntingLick"],"picked":"SKIP","floor":19},{"not_picked":["Slimebound:RejuvenatingLick","Slimebound:CheckThePlaybook"],"picked":"Slimebound:Schlurp","floor":22},{"not_picked":["Slimebound:GoopSpray+1","Slimebound:SlimeTap+1","Slimebound:Replication"],"picked":"SKIP","floor":23},{"not_picked":["Slimebound:ProtectTheBoss+1","Slimebound:SlimeBarrage","Slimebound:SamplingLick"],"picked":"SKIP","floor":25},{"not_picked":["Slimebound:FormOfPuddle","Slimebound:DivideAndConquer","Slimebound:SplitLeeching+1"],"picked":"SKIP","floor":26},{"not_picked":["Slimebound:LevelUp+1","Slimebound:Schlurp"],"picked":"Slimebound:GrowthPunch+1","floor":27},{"not_picked":["Slimebound:Repurpose+1","Slimebound:Grow+1","Slimebound:Schlurp"],"picked":"SKIP","floor":28},{"not_picked":["Slimebound:PressTheAttack","Slimebound:SplitMire"],"picked":"Slimebound:Grow+1","floor":29},{"not_picked":["Slimebound:SlimeBarrage+1","Slimebound:SplitBruiser"],"picked":"Slimebound:LivingWall+1","floor":31},{"not_picked":["Slimebound:RollThrough+1","Slimebound:Nibble","Slimebound:SplitMire+1"],"picked":"SKIP","floor":32},{"not_picked":["Slimebound:ServeAndProtect+1","Slimebound:ItLooksTasty+1"],"picked":"Slimebound:LeechingTouch+1","floor":36},{"not_picked":["Slimebound:FormOfPuddle","Slimebound:SamplingLick"],"picked":"Slimebound:MegaLick+1","floor":38},{"not_picked":["Slimebound:LevelUp+1","Slimebound:SplitMire"],"picked":"Slimebound:LeechingTouch+1","floor":39},{"not_picked":["Slimebound:DivideAndConquer","Slimebound:MegaLick"],"picked":"Slimebound:SamplingLick+1","floor":40},{"not_picked":["Slimebound:FinishingTackle+1","Slimebound:FlameTackle+1","Slimebound:DisruptingSlam"],"picked":"SKIP","floor":43},{"not_picked":["Slimebound:SplitBruiser","Slimebound:HauntingLick","Slimebound:BestDefense+1"],"picked":"SKIP","floor":45},{"not_picked":["Slimebound:FinishingTackle","Slimebound:GoopSpray","Slimebound:SplitBruiser"],"picked":"SKIP","floor":46},{"not_picked":["Slimebound:PressTheAttack","Slimebound:ServeAndProtect","Slimebound:Equalize+1"],"picked":"SKIP","floor":48},{"not_picked":["Slimebound:SplitMire+1","Slimebound:ServeAndProtect","Slimebound:Prepare"],"picked":"SKIP","floor":49}],"player_experience":482671,"relics_obtained":[{"floor":7,"key":"Lantern"},{"floor":10,"key":"Frozen Egg 2"},{"floor":13,"key":"reliquary:BoilingFlask"},{"floor":27,"key":"Gremlin Horn"},{"floor":41,"key":"StuffTheSpire:EmeraldSignet"},{"floor":46,"key":"PreservedInsect"}],"event_choices":[{"damage_healed":0,"gold_gain":0,"player_choice":"Success","damage_taken":12,"relics_obtained":["reliquary:TatteredRug"],"max_hp_gain":0,"max_hp_loss":0,"event_name":"Scrap Ooze","floor":8,"gold_loss":0},{"damage_healed":0,"gold_gain":0,"player_choice":"Got Potions","damage_taken":0,"max_hp_gain":0,"max_hp_loss":0,"event_name":"Lab","floor":14,"gold_loss":0}],"is_beta":false,"boss_relics":[{"not_picked":["reliquary:RedPaperclip","Fusion Hammer"],"picked":"Coffee Dripper"},{"not_picked":["halation:ForbiddenBikini","SlaversCollar"],"picked":"Replay:Drink Me"}],"items_purged_floors":[4,29,39],"is_endless":false,"potions_floor_spawned":[6,10,12,19,25,27,28,31,33,36,46,48,49],"ascension_level":0}}