{"host":"za9ilm1uiwmpmin1","time":1613738061,"event":{"mods":["AchievementEnabler","Act Like it!","BaseMod","Dota2Spire","Downfall","Friendly Minions","Gensokyo","KomeijiMod","Minty Spire (QoL Compilation)","MostiFishMod","StSLib","TestMod","Waifu the Spire"],"gold_per_floor":[109,126,126,51,51,85,103,103,103,103,123,139,171,71,71,175,175,190,190,204,220,230,259,134,145,220,255,655,703,703,767,767,894,894,909,909,953,953,993,1055,1055,1112,1112,1112,1169,1179,1223,0,0,30,30,30,30,388,418],"floor_reached":56,"language":"ZHS","playtime":2105,"items_purged":["champ:Strike","champ:Strike+1","champ:Execute+1"],"score":2519,"play_id":"12ae4ad3-1c65-49d2-9d81-e26b9ce73b99","local_time":"20210219203421","is_ascension_mode":true,"campfire_choices":[{"floor":15,"key":"RECALL"},{"floor":32,"key":"REST"},{"floor":41,"key":"REST"},{"data":"champ:HoldFirm","floor":44,"key":"SMITH"},{"floor":49,"key":"REST"},{"floor":52,"key":"REST"}],"circlet_count":0,"master_deck":["champ:Defend+1","champ:Defend+1","champ:Defend+1","champ:Taunt+1","champ:ShieldThrow+1","champ:Duel+1","champ:Lariat+1","champ:EnchantCrown+1","champ:HoldFirm+1","champ:RageSigil+1"],"relics":["champ:ChampionCrown","testmod-TestBox","testmod-RealStoneCalender","DSteel32","SynthV:TestCard","Juzu Bracelet","Gensokyo:NagashiBinaDoll","Dota2Spire:MonkeyKingBar","Whetstone","Dota2Spire:Bloodstone","Letter Opener","Dota2Spire:HandOfMidas","Omamori","SacredBark","Dota2Spire:EtherealBlade","testmod-ObsoleteBoomerang","Singing Bowl","Bottled Flame","MetatronsCube","SynthV:MejaisSoulstealer","Oddly Smooth Stone","testmod-Justice"],"acts_visited":["Exordium","Gensokyo:Gensokyo","Gensokyo:Gensokyoer","TheEnding"],"potions_floor_usage":[33,33,55,55],"damage_taken":[{"damage":3,"enemies":"Gensokyo:2_Kodama","floor":1,"turns":4},{"damage":10,"enemies":"Gensokyo:3_Fairies","floor":2,"turns":3},{"damage":29,"enemies":"Gensokyo:Cirno","floor":6,"turns":6},{"damage":12,"enemies":"Gensokyo:Python","floor":7,"turns":3},{"damage":4,"enemies":"Gensokyo:5_Fairies","floor":11,"turns":4},{"damage":0,"enemies":"Gensokyo:LivingMonolith","floor":12,"turns":3},{"damage":3,"enemies":"Gensokyo:Aya","floor":13,"turns":4},{"damage":0,"enemies":"Gensokyo:Yukari","floor":16,"turns":6},{"damage":20,"enemies":"Gensokyo:2_Gloops","floor":18,"turns":4},{"damage":0,"enemies":"Gensokyo:3_Dogs","floor":20,"turns":4},{"damage":0,"enemies":"Gensokyo:Wraith","floor":21,"turns":4},{"damage":0,"enemies":"Gensokyo:Slime_Group","floor":22,"turns":3},{"damage":28,"enemies":"Gensokyo:Koishi","floor":23,"turns":5},{"damage":0,"enemies":"Gensokyo:Swordslinger","floor":25,"turns":2},{"damage":0,"enemies":"Gensokyo:Tenshi","floor":27,"turns":4},{"damage":0,"enemies":"Gensokyo:Wraith","floor":29,"turns":3},{"damage":0,"enemies":"Gensokyo:Koishi","floor":31,"turns":5},{"damage":0,"enemies":"Gensokyo:Eternal_Rivals","floor":33,"turns":7},{"damage":0,"enemies":"Gensokyo:3_Bats","floor":35,"turns":3},{"damage":0,"enemies":"Gensokyo:3_Boulders","floor":37,"turns":4},{"damage":0,"enemies":"Gensokyo:Dusk_and_Dawn","floor":39,"turns":4},{"damage":0,"enemies":"Gensokyo:Kasen","floor":40,"turns":6},{"damage":0,"enemies":"Gensokyo:Marisa","floor":42,"turns":5},{"damage":0,"enemies":"Gensokyo:Kasen","floor":45,"turns":5},{"damage":0,"enemies":"Gensokyo:Rafflesia","floor":46,"turns":4},{"damage":0,"enemies":"Gensokyo:Sharpion","floor":47,"turns":3},{"damage":0,"enemies":"Gensokyo:Shinki","floor":50,"turns":6},{"damage":0,"enemies":"Shield and Spear","floor":54,"turns":5},{"damage":0,"enemies":"The Heart","floor":55,"turns":5}],"seed_played":"5005831378177400685","potions_obtained":[{"floor":1,"key":"testmod-TestPotion"},{"floor":2,"key":"SteroidPotion"},{"floor":12,"key":"GamblersBrew"},{"floor":33,"key":"champ:CounterPotion"},{"floor":42,"key":"ExcitationPotion"}],"is_trial":false,"path_per_floor":["M","M","?","$","?","E","M","?","T","?","M","M","E","$","R","B",null,"M","?","M","M","M","E","$","M","T","E","?","M","?","E","R","B",null,"M","?","M","?","M","E","R","E","T","R","E","M","M","COS","R","B",null,"R","$","E","B",null],"character_chosen":"THE_CHAMP","items_purchased":[],"campfire_rested":4,"item_purchase_floors":[],"current_hp_per_floor":[87,87,87,87,87,78,76,76,76,38,34,34,31,31,31,31,82,82,82,82,82,82,71,71,71,71,71,71,71,71,71,99,99,99,99,99,99,99,99,99,99,99,99,99,101,103,105,105,105,105,105,105,105,105,105],"gold":418,"neow_bonus":"TEN_PERCENT_HP_BONUS","is_daily":false,"chose_seed":false,"campfire_upgraded":1,"win_rate":0.0,"timestamp":1613738061,"path_taken":["M","M","?","?","?","E","M","?","T","?","M","M","E","$","R","BOSS","M","?","M","M","M","E","?","M","T","E","?","M","?","E","R","BOSS","M","?","M","?","M","E","R","E","T","R","E","M","M","COS","R","BOSS","R","$","E","BOSS"],"items_purchased_type":[],"build_version":"2020-12-22","purchased_purges":3,"victory":true,"max_hp_per_floor":[99,99,99,99,99,99,99,99,99,99,99,99,99,99,99,99,99,99,99,99,99,99,99,99,99,99,99,99,99,99,99,99,99,99,99,99,99,99,99,99,99,99,99,99,101,103,105,105,105,105,105,105,105,105,105],"card_choices":[{"not_picked":["champ:RageSigil","champ:Circumvent","champ:ShieldSigil"],"picked":"SKIP","floor":1},{"not_picked":["champ:BringItOn","champ:ShieldSigil","champ:DefensiveShout","champ:GutPunch","champ:BerserkerStyle"],"picked":"SKIP","floor":2},{"not_picked":["champ:IronFortress","champ:DefensiveStyle","champ:Lariat","champ:BerserkerStyle"],"picked":"champ:ShieldThrow","floor":6},{"not_picked":["champ:Circumvent","champ:BringItOn","champ:Backstep","champ:Encircle","champ:FanOfKnives"],"picked":"SKIP","floor":7},{"not_picked":["champ:CalledShot","champ:PerfectedStrike","champ:PreciseThrust","champ:RapidStrikes","champ:StanceDance"],"picked":"SKIP","floor":11},{"not_picked":["champ:BerserkersShout","champ:GutPunch","champ:Encircle","champ:EnragedBash","champ:ArenaPreparation"],"picked":"SKIP","floor":12},{"not_picked":["champ:Backstep","champ:FancyFootwork","champ:FanOfKnives","champ:PreciseThrust","champ:RageSigil"],"picked":"SKIP","floor":13},{"not_picked":["champ:SkillfulDodge","champ:EnragedBash+1","champ:Backstep","champ:GutPunch","champ:Haymaker"],"picked":"SKIP","floor":18},{"not_picked":["champ:Haymaker","champ:RisingSlash","champ:Shatter","champ:Circumvent","champ:PreciseThrust"],"picked":"SKIP","floor":20},{"not_picked":["champ:ShieldWall","champ:BerserkersShout","champ:Shatter","champ:AdrenalArmor"],"picked":"champ:Duel+1","floor":21},{"not_picked":["champ:AdrenalArmor","champ:PreciseThrust","champ:SetATrap","champ:CrookedStrike","champ:ShieldSigil"],"picked":"SKIP","floor":22},{"not_picked":["champ:RapidStrikes","champ:IronFortress","champ:Circumvent","champ:StrikeOfGenius"],"picked":"champ:Lariat+1","floor":23},{"not_picked":["champ:Circumvent","champ:Backstep+1","champ:Lariat","champ:Duel","champ:RecklessLeap"],"picked":"SKIP","floor":25},{"not_picked":["champ:AdrenalArmor","champ:FanOfKnives","champ:Lariat","champ:SkillfulDodge","champ:ArenaPreparation"],"picked":"SKIP","floor":27},{"not_picked":["champ:FlashCut+1","champ:Endure","champ:Haymaker","champ:AdrenalArmor","champ:BringItOn"],"picked":"SKIP","floor":29},{"not_picked":["champ:CalledShot","champ:ShieldSlam","champ:BerserkerStyle","champ:SkillfulDodge","champ:EndlessRage"],"picked":"SKIP","floor":31},{"not_picked":["champ:IgnorePain","champ:TripleStrike","champ:SwordThrow","champ:EnchantSword"],"picked":"champ:EnchantCrown","floor":33},{"not_picked":["champ:ShieldSigil","champ:PreciseThrust+1","champ:Circumvent","champ:StanceDance+1","champ:Encircle"],"picked":"SKIP","floor":35},{"not_picked":["champ:EndlessRage","champ:PerfectedStrike","champ:ShieldSigil","champ:CrookedStrike","champ:FalseCounter"],"picked":"SKIP","floor":37},{"not_picked":["champ:DefensiveShout","champ:BladeFlurry","champ:PerfectedStrike+1","champ:Haymaker","champ:CrownThrow"],"picked":"SKIP","floor":39},{"not_picked":["champ:GutPunch","champ:TornadoPunch","champ:BerserkersShout","champ:Haymaker","champ:FlashCut+1"],"picked":"SKIP","floor":40},{"not_picked":["champ:DefensiveShout","champ:Lariat","champ:TornadoPunch","champ:GutPunch"],"picked":"champ:HoldFirm","floor":42},{"not_picked":["champ:ArenaPreparation+1","champ:FaceSlap+1","champ:Shatter","champ:SwordThrow","champ:SetATrap"],"picked":"Singing Bowl","floor":45},{"not_picked":["champ:ShieldSigil","champ:DefensiveShout+1","champ:StanceDance","champ:GutPunch","champ:BringItOn"],"picked":"Singing Bowl","floor":46},{"not_picked":["champ:IgnorePain","champ:CalledShot","champ:CrownThrow","champ:PerfectedStrike+1","champ:Lariat"],"picked":"Singing Bowl","floor":47},{"not_picked":["champ:GladiatorStyle+1","champ:ViciousMockery","champ:Haymaker","champ:TripleStrike"],"picked":"champ:RageSigil+1","floor":54}],"player_experience":1020545,"relics_obtained":[{"floor":1,"key":"SynthV:TestCard"},{"floor":6,"key":"Juzu Bracelet"},{"floor":9,"key":"Dota2Spire:MonkeyKingBar"},{"floor":13,"key":"Whetstone"},{"floor":23,"key":"Letter Opener"},{"floor":27,"key":"Dota2Spire:HandOfMidas"},{"floor":31,"key":"Omamori"},{"floor":40,"key":"Dota2Spire:EtherealBlade"},{"floor":42,"key":"testmod-ObsoleteBoomerang"},{"floor":43,"key":"Singing Bowl"},{"floor":45,"key":"Bottled Flame"},{"floor":54,"key":"testmod-Justice"}],"event_choices":[{"damage_healed":0,"gold_gain":400,"player_choice":"Sell","damage_taken":0,"max_hp_gain":0,"max_hp_loss":0,"event_name":"¶÷ÂåË¹µÄÅÌ×Ó","floor":28,"relics_lost":["DaveBox"],"gold_loss":0}],"is_beta":false,"boss_relics":[{"not_picked":["testmod-Recursion","testmod-BatchProcessingSystem"],"picked":"Dota2Spire:Bloodstone"},{"not_picked":["Tiny House","testmod-GoldenSoul"],"picked":"SacredBark"}],"items_purged_floors":[4,14,24],"is_endless":false,"potions_floor_spawned":[1,2,7,11,12,18,20,25,33,37,42,45,46,54],"ascension_level":12}}