{"host":"3rmac7zu3wzgmaxs","time":1613744647,"event":{"mods":["AchievementEnabler","BaseMod","Better Third Choice","Hubris","Infinite Spire","Minty Spire (QoL Compilation)","Spire Arcade","StSLib"],"gold_per_floor":[111,286,236,236,256,256,288,300,374,246,259,276,276,126,126,225,225,237,237,254,268,367,367,367,392,392,408,43,55,72,88,88,192,192,203,215,228,27,27,27,27,27,27,41,71,71,100,119,119,119],"floor_reached":51,"language":"ENG","playtime":3773,"items_purged":["Strike_R","Strike_R","Defend_R","Defend_R"],"score":729,"play_id":"3cdc4c1c-cfc1-4b37-a954-b193a455f8b9","local_time":"20210219092407","is_ascension_mode":false,"campfire_choices":[{"data":"Armaments","floor":6,"key":"SMITH"},{"data":"Inflame","floor":15,"key":"SMITH"},{"data":"Disarm","floor":24,"key":"SMITH"},{"floor":32,"key":"REST"},{"data":"Offering","floor":40,"key":"SMITH"},{"data":"Bash","floor":42,"key":"SMITH"},{"floor":49,"key":"REST"}],"circlet_count":0,"master_deck":["Bash+1","Armaments+1","Inflame+1","Headbutt","Sword Boomerang","Disarm+1","Shrug It Off","Offering+1","Inflame+1","Twin Strike","Seeing Red+1","Necronomicurse","Reaper","Disarm+1","Cleave+1","hubris:NaturalOne"],"relics":["Burning Blood","NeowsBlessing","hubris:SlimyHat","Sundial","Empty Cage","Necronomicon","MealTicket","Letter Opener","Paper Frog","SlaversCollar","hubris:Icosahedron","hubris:MysteriousPyramids","Incense Burner","hubris:CuriousFeather"],"acts_visited":["Exordium","TheCity","TheBeyond"],"potions_floor_usage":[12,16,18,33,33,33,47,50,50,50],"damage_taken":[{"damage":0,"enemies":"Cultist","floor":1,"turns":1},{"damage":0,"enemies":"Jaw Worm","floor":5,"turns":1},{"damage":0,"enemies":"Gremlin Nob","floor":7,"turns":2},{"damage":2,"enemies":"2 Louse","floor":8,"turns":3},{"damage":5,"enemies":"Looter","floor":11,"turns":3},{"damage":4,"enemies":"Exordium Wildlife","floor":12,"turns":2},{"damage":32,"enemies":"Hexaghost","floor":16,"turns":9},{"damage":6,"enemies":"2 Thieves","floor":18,"turns":2},{"damage":6,"enemies":"3 Byrds","floor":20,"turns":4},{"damage":10,"enemies":"Snake Plant","floor":21,"turns":3},{"damage":25,"enemies":"Book of Stabbing","floor":25,"turns":4},{"damage":32,"enemies":"Centurion and Healer","floor":27,"turns":4},{"damage":7,"enemies":"Cultist and Chosen","floor":29,"turns":3},{"damage":9,"enemies":"Shelled Parasite and Fungi","floor":30,"turns":3},{"damage":2,"enemies":"3 Cultists","floor":31,"turns":3},{"damage":33,"enemies":"Automaton","floor":33,"turns":7},{"damage":6,"enemies":"Orb Walker","floor":35,"turns":2},{"damage":41,"enemies":"3 Darklings","floor":36,"turns":7},{"damage":14,"enemies":"Jaw Worm Horde","floor":37,"turns":4},{"damage":19,"enemies":"Writhing Mass","floor":44,"turns":4},{"damage":22,"enemies":"Reptomancer","floor":45,"turns":4},{"damage":18,"enemies":"Giant Head","floor":47,"turns":5},{"damage":22,"enemies":"Maw","floor":48,"turns":6},{"damage":79,"enemies":"hubris:GrandSnecko","floor":50,"turns":15}],"seed_played":"8305798558364572018","potions_obtained":[{"floor":7,"key":"BlessingOfTheForge"},{"floor":11,"key":"SteroidPotion"},{"floor":12,"key":"DistilledChaos"},{"floor":21,"key":"Ancient Potion"},{"floor":27,"key":"ElixirPotion"},{"floor":29,"key":"LiquidBronze"},{"floor":31,"key":"SkillPotion"},{"floor":44,"key":"Weak Potion"},{"floor":47,"key":"SteroidPotion"}],"is_trial":false,"path_per_floor":["M","?","?","?","M","R","E","M","T","$","M","M","?","$","R","B",null,"M","?","M","M","?","?","R","E","T","M","$","M","M","M","R","B",null,"M","M","M","$","?","R","?","R","T","M","E","$","E","M","R","B",null],"character_chosen":"IRONCLAD","items_purchased":["Sword Boomerang","Shrug It Off","Paper Frog","BloodPotion"],"campfire_rested":2,"item_purchase_floors":[10,14,28,38],"current_hp_per_floor":[80,80,80,80,80,80,80,80,80,80,80,80,80,80,80,54,80,80,80,80,76,76,60,60,41,41,15,30,29,26,30,54,27,80,80,51,80,80,80,80,80,80,80,73,80,80,68,64,80,43],"gold":119,"neow_bonus":"THREE_ENEMY_KILL","is_daily":false,"chose_seed":false,"campfire_upgraded":5,"win_rate":0.0,"timestamp":1613744647,"path_taken":["M","?","?","?","M","R","E","?","T","?","M","M","?","$","R","BOSS","M","?","M","M","?","?","R","E","T","M","$","M","M","?","R","BOSS","M","?","M","$","?","R","?","R","T","M","E","?","E","?","R","BOSS"],"items_purchased_type":["Card","Card","Relic","Potion"],"build_version":"2020-12-13","purchased_purges":4,"victory":true,"max_hp_per_floor":[80,80,80,80,80,80,80,80,80,80,80,80,80,80,80,80,80,80,80,80,80,80,80,80,80,80,80,80,80,80,80,80,80,80,80,80,80,80,80,80,80,80,80,80,80,80,80,80,80,80],"card_choices":[{"not_picked":["Metallicize","Headbutt"],"picked":"Armaments","floor":1},{"not_picked":["Headbutt","Twin Strike"],"picked":"Inflame","floor":5},{"not_picked":["Twin Strike","Clothesline"],"picked":"Headbutt","floor":7},{"not_picked":["Clash","Armaments","Flex"],"picked":"SKIP","floor":8},{"not_picked":["Flame Barrier","Anger"],"picked":"Disarm","floor":11},{"not_picked":["Reckless Charge","Bludgeon","Headbutt"],"picked":"SKIP","floor":12},{"not_picked":["Juggernaut","Brutality"],"picked":"Offering","floor":16},{"not_picked":["Combust","True Grit"],"picked":"Inflame+1","floor":18},{"not_picked":["True Grit","Anger"],"picked":"Twin Strike","floor":20},{"not_picked":["hubris:ReadiedAction","Flex+1"],"picked":"Seeing Red+1","floor":21},{"not_picked":["Armaments","Intimidate","Second Wind+1"],"picked":"SKIP","floor":25},{"not_picked":["Anger","Headbutt","Entrench"],"picked":"SKIP","floor":27},{"not_picked":["Fiend Fire","Pommel Strike","Clash+1"],"picked":"SKIP","floor":29},{"not_picked":["Flex","Body Slam","Twin Strike"],"picked":"SKIP","floor":30},{"not_picked":["Body Slam","Fire Breathing","Flex+1"],"picked":"SKIP","floor":31},{"not_picked":["Fiend Fire","Offering"],"picked":"Reaper","floor":33},{"not_picked":["Cleave+1","Twin Strike+1"],"picked":"Disarm+1","floor":35},{"not_picked":["Clash+1","Shrug It Off+1"],"picked":"Cleave+1","floor":36},{"not_picked":["Pommel Strike","Armaments+1","Clash"],"picked":"SKIP","floor":37},{"not_picked":["Twin Strike+1","Searing Blow+1","Entrench+1"],"picked":"SKIP","floor":44},{"not_picked":["Rampage","hubris:ReadiedAction","Reaper"],"picked":"SKIP","floor":45},{"not_picked":["Body Slam+1","Perfected Strike+1","hubris:SharpeningStone+1"],"picked":"SKIP","floor":47},{"not_picked":["Clash","hubris:ReadiedAction+1","Bloodletting"],"picked":"SKIP","floor":48}],"player_experience":3056,"relics_obtained":[{"floor":7,"key":"hubris:SlimyHat"},{"floor":9,"key":"Sundial"},{"floor":23,"key":"Necronomicon"},{"floor":25,"key":"MealTicket"},{"floor":26,"key":"Letter Opener"},{"floor":43,"key":"hubris:MysteriousPyramids"},{"floor":45,"key":"Incense Burner"},{"floor":47,"key":"hubris:CuriousFeather"}],"event_choices":[{"damage_healed":0,"gold_gain":175,"player_choice":"AGREE","damage_taken":111,"max_hp_gain":0,"max_hp_loss":0,"event_name":"betterThird:BetterSerpent","floor":2,"gold_loss":0},{"cards_removed":["Doubt"],"damage_healed":0,"gold_gain":0,"player_choice":"Card Removal","damage_taken":0,"max_hp_gain":0,"max_hp_loss":0,"event_name":"The Cleric","floor":3,"gold_loss":50},{"cards_removed":["Strike_R"],"damage_healed":0,"gold_gain":0,"player_choice":"Forget","damage_taken":0,"max_hp_gain":0,"max_hp_loss":0,"event_name":"Living Wall","floor":4,"gold_loss":0},{"cards_removed":["Defend_R"],"damage_healed":0,"gold_gain":0,"player_choice":"Elegance","damage_taken":0,"max_hp_gain":0,"max_hp_loss":0,"event_name":"betterThird:BetterWriting","floor":19,"gold_loss":0},{"damage_healed":0,"gold_gain":99,"player_choice":"Steal","damage_taken":0,"max_hp_gain":0,"max_hp_loss":0,"event_name":"betterThird:BetterNest","floor":22,"gold_loss":0},{"damage_healed":0,"gold_gain":0,"player_choice":"Obtained Book","damage_taken":16,"max_hp_gain":0,"max_hp_loss":0,"event_name":"Cursed Tome","floor":23,"gold_loss":0}],"is_beta":false,"boss_relics":[{"not_picked":["hubris:BlackHole","Ectoplasm"],"picked":"Empty Cage"},{"not_picked":["hubris:HollowSoul","hubris:TerracottaHorce"],"picked":"SlaversCollar"}],"items_purged_floors":[10,14,28,38],"is_endless":false,"potions_floor_spawned":[7,11,12,21,27,29,31,44,47],"ascension_level":0}}