{"host":"czen9m7c7ttmirt2","time":1613721744,"event":{"mods":["AchievementEnabler","Aspiration","BaseMod","Better Third Choice","Colored Map","Colored Powertips","Conspire","Hubris","Minty Spire (QoL Compilation)","Replay The Spire","StSLib"],"gold_per_floor":[118,138,138,104,104,104,115,115,163,163,175,13,13,13,73,178,178,196,196,212,62,80,80,26,26,50,61,7,17,35,35,35,35,35],"floor_reached":33,"language":"ENG","playtime":1370,"items_purged":[],"score":282,"play_id":"81b51e00-61a0-432b-9458-15e7936db51d","local_time":"20210219020224","is_ascension_mode":true,"campfire_choices":[{"floor":6,"key":"RECALL"},{"data":"White Noise","floor":8,"key":"SMITH"},{"data":"Tempest","floor":10,"key":"SMITH"},{"floor":13,"key":"REST"},{"data":"Echo Form","floor":23,"key":"SMITH"},{"data":"Defragment","floor":25,"key":"SMITH"},{"data":"Defragment","floor":32,"key":"SMITH"}],"circlet_count":0,"master_deck":["Strike_B","Strike_B","Strike_B","Strike_B","Defend_B","Defend_B+1","Defend_B+1","Defend_B+1","Zap","Dualcast","Cold Snap","Tempest+1","White Noise+1","Leap","Defragment+1","FTL","Redo","Echo Form+1","Sunder","Chaos","Glacier","Defragment+1","Defragment","Cold Snap+1","hubris:PowerSurge","hubris:PowerSurge","Compile Driver+1"],"relics":["Cracked Core","betterThird:SlimedRelic","Replay:Baseball","Snecko Eye","hubris:BottledHeart","War Paint","ReplayFunnel","Meat on the Bone"],"acts_visited":["Exordium","TheCity"],"potions_floor_usage":[20,22,33,33,33],"damage_taken":[{"damage":0,"enemies":"Cultist","floor":1,"turns":3},{"damage":11,"enemies":"2 Louse","floor":2,"turns":3},{"damage":0,"enemies":"Small Slimes","floor":7,"turns":3},{"damage":11,"enemies":"Exordium Wildlife","floor":11,"turns":3},{"damage":17,"enemies":"Slime Boss","floor":16,"turns":11},{"damage":14,"enemies":"conspire:FuzzyDice","floor":18,"turns":7},{"damage":0,"enemies":"Shell Parasite","floor":20,"turns":4},{"damage":0,"enemies":"Shelled Parasite and Fungi","floor":22,"turns":7},{"damage":0,"enemies":"Sentry and Sphere","floor":27,"turns":4},{"damage":0,"enemies":"Snake Plant","floor":29,"turns":3},{"damage":0,"enemies":"Centurion and Healer","floor":30,"turns":10},{"damage":9,"enemies":"Champ","floor":33,"turns":11}],"seed_played":"-5977396103753033851","potions_obtained":[{"floor":1,"key":"DuplicationPotion"},{"floor":7,"key":"Weak Potion"},{"floor":11,"key":"Block Potion"},{"floor":20,"key":"Doom Potion"},{"floor":27,"key":"SteroidPotion"}],"is_trial":false,"path_per_floor":["M","M","?","?","T","R","M","R","T","R","M","$","R","$","R_BF","B",null,"M","?","M","$","M","R","$","R","T","M","$","M","M","T","R","B"],"character_chosen":"DEFECT","items_purchased":["Defragment","FTL","Redo","War Paint","Defragment","hubris:PowerSurge"],"campfire_rested":1,"item_purchase_floors":[12,12,12,21,24,28],"current_hp_per_floor":[82,71,71,60,60,60,60,60,60,60,49,49,73,73,73,56,82,68,1,1,1,1,1,1,1,1,1,1,1,1,1,1,0,0],"gold":35,"neow_bonus":"TEN_PERCENT_HP_BONUS","is_daily":false,"chose_seed":false,"campfire_upgraded":5,"win_rate":0.0,"timestamp":1613721744,"path_taken":["M","M","?","?","?","R","?","R","T","R","M","$","R","$","R_BF","BOSS","M","?","M","$","M","R","$","R","T","M","$","M","M","?","R","BOSS"],"items_purchased_type":["Card","Card","Card","Relic","Card","Card"],"build_version":"2020-12-22","purchased_purges":0,"victory":false,"max_hp_per_floor":[82,82,82,82,82,82,82,82,82,82,82,82,82,82,82,82,82,82,1,1,1,1,1,1,1,1,1,1,1,1,1,1,1,1],"card_choices":[{"not_picked":["Blizzard","Hologram"],"picked":"Cold Snap","floor":1},{"not_picked":["Redo","Steam"],"picked":"Tempest","floor":2},{"not_picked":["Barrage","Hologram"],"picked":"White Noise","floor":7},{"not_picked":["Reprogram","Gash"],"picked":"Leap","floor":11},{"not_picked":["ReplayRNGCard","Reboot"],"picked":"Echo Form","floor":16},{"not_picked":["Beam Cell+1","Barrage"],"picked":"Sunder","floor":18},{"not_picked":["Leap","Hologram"],"picked":"Chaos","floor":20},{"not_picked":["Stack","White Noise"],"picked":"Glacier","floor":22},{"not_picked":["Stack","Chill"],"picked":"Cold Snap+1","floor":27},{"not_picked":["Turbo","Streamline","hubris:Ukulele"],"picked":"SKIP","floor":29},{"not_picked":["Steam","Sweeping Beam+1"],"picked":"Compile Driver+1","floor":30}],"player_experience":220557,"relics_obtained":[{"floor":9,"key":"Replay:Baseball"},{"floor":26,"key":"ReplayFunnel"},{"floor":31,"key":"Meat on the Bone"}],"event_choices":[{"damage_healed":0,"gold_gain":0,"player_choice":"Slimed","damage_taken":11,"max_hp_gain":0,"max_hp_loss":0,"event_name":"betterThird:BetterGoop","floor":4,"gold_loss":34}],"is_beta":false,"boss_relics":[{"not_picked":["aspiration:RitualDagger","conspire:RunicOctahedron"],"picked":"Snecko Eye"}],"items_purged_floors":[],"is_endless":false,"potions_floor_spawned":[1,7,11,20,27],"killed_by":"Champ","ascension_level":4}}