{"host":"a5lz0e76zb3fcwkm","time":1613736214,"event":{"mods":["AchievementEnabler","BaseMod","Colored Map","Colored Powertips","Minty Spire (QoL Compilation)","StSLib","SuperFastMode"],"gold_per_floor":[109,109,120,135,153,153,171,171,196,211,211,239,239,256,256,256,256],"floor_reached":16,"language":"KOR","playtime":316,"items_purged":[],"score":188,"play_id":"050d7fcf-5c72-41f5-81b5-0c9d89c1e654","local_time":"20210219210334","is_ascension_mode":true,"campfire_choices":[{"data":"Terror","floor":6,"key":"SMITH"},{"data":"Choke","floor":8,"key":"SMITH"},{"data":"Setup","floor":11,"key":"SMITH"},{"data":"Blade Dance","floor":13,"key":"SMITH"},{"data":"Adrenaline","floor":15,"key":"SMITH"}],"circlet_count":0,"master_deck":["AscendersBane","Strike_G","Strike_G","Strike_G","Strike_G","Defend_G","Defend_G","Defend_G","Defend_G","Survivor","Neutralize","Infinite Blades","Setup+1","Terror+1","Blade Dance+1","Choke+1","PiercingWail","Adrenaline+1"],"relics":["Ring of the Snake","Oddly Smooth Stone","Odd Mushroom"],"acts_visited":["Exordium"],"potions_floor_usage":[16,16],"damage_taken":[{"damage":4,"enemies":"2 Louse","floor":1,"turns":3},{"damage":16,"enemies":"Jaw Worm","floor":3,"turns":7},{"damage":4,"enemies":"Cultist","floor":4,"turns":4},{"damage":10,"enemies":"Large Slime","floor":5,"turns":7},{"damage":4,"enemies":"Looter","floor":7,"turns":4},{"damage":0,"enemies":"Blue Slaver","floor":10,"turns":2},{"damage":4,"enemies":"The Mushroom Lair","floor":12,"turns":4},{"damage":1,"enemies":"Gremlin Gang","floor":14,"turns":5},{"damage":8,"enemies":"Hexaghost","floor":16,"turns":4}],"seed_played":"2755233047622921414","potions_obtained":[{"floor":10,"key":"Dexterity Potion"},{"floor":14,"key":"AttackPotion"}],"is_trial":false,"path_per_floor":["M","?","M","M","M","R","M","R","T","M","R","?","R","M","R","B"],"character_chosen":"THE_SILENT","items_purchased":[],"campfire_rested":0,"item_purchase_floors":[],"current_hp_per_floor":[40,45,29,25,15,15,11,11,11,11,11,7,7,6,6,0,0],"gold":256,"neow_bonus":"TRANSFORM_TWO_CARDS","is_daily":false,"chose_seed":false,"campfire_upgraded":5,"win_rate":0.0,"timestamp":1613736214,"path_taken":["M","?","M","M","M","R","M","R","T","M","R","?","R","M","R","BOSS"],"items_purchased_type":[],"build_version":"2020-12-22","purchased_purges":0,"victory":false,"max_hp_per_floor":[66,71,71,71,71,71,71,71,71,71,71,71,71,71,71,71,71],"card_choices":[{"not_picked":["Poisoned Stab","Flying Knee","Dodge and Roll"],"picked":"SKIP","floor":1},{"not_picked":["Crippling Poison","Sucker Punch"],"picked":"Terror","floor":3},{"not_picked":["Acrobatics","Dodge and Roll"],"picked":"Blade Dance","floor":4},{"not_picked":["Die Die Die","Flechettes","Quick Slash"],"picked":"SKIP","floor":5},{"not_picked":["Deadly Poison","Terror"],"picked":"Choke","floor":7},{"not_picked":["Quick Slash","Poisoned Stab"],"picked":"PiercingWail","floor":10},{"not_picked":["Bouncing Flask","Quick Slash"],"picked":"Adrenaline","floor":14}],"player_experience":1907476,"relics_obtained":[{"floor":9,"key":"Oddly Smooth Stone"},{"floor":12,"key":"Odd Mushroom"}],"event_choices":[{"damage_healed":0,"gold_gain":0,"player_choice":"Donut","damage_taken":0,"max_hp_gain":5,"max_hp_loss":0,"event_name":"Big Fish","floor":2,"gold_loss":0},{"damage_healed":0,"gold_gain":0,"player_choice":"Fought Mushrooms","damage_taken":0,"max_hp_gain":0,"max_hp_loss":0,"event_name":"Mushrooms","floor":12,"gold_loss":0}],"is_beta":false,"boss_relics":[],"items_purged_floors":[],"is_endless":false,"potions_floor_spawned":[10,14],"killed_by":"Hexaghost","ascension_level":20}}