{"host":"7wi4qgm5yw4j7oz0","time":1613764029,"event":{"mods":["AchievementEnabler","BaseMod","Block Reminder","Colored Map","Colored Powertips","Highlight Path","Minty Spire (QoL Compilation)","Permanent Neow","Random Character Button","StSLib","SuperFastMode","everything is the same but u backflip on backflip"],"gold_per_floor":[118,128,144,159,84,111,111,127,152,164,181,191,191,241,241,317,317,287,67,84,3,3,3],"floor_reached":22,"language":"KOR","playtime":958,"items_purged":["Strike_R"],"score":333,"play_id":"fbcf66c7-4904-4aed-956a-63467b58bcbf","local_time":"20210220044709","is_ascension_mode":true,"campfire_choices":[{"data":"Armaments","floor":7,"key":"SMITH"},{"data":"Entrench","floor":13,"key":"SMITH"},{"floor":15,"key":"REST"}],"circlet_count":0,"master_deck":["AscendersBane","Strike_R","Strike_R","Strike_R","Strike_R","Defend_R","Defend_R","Defend_R","Defend_R","Bash","Wild Strike","Ghostly Armor","Flame Barrier","Iron Wave","Armaments+1","Inflame","Entrench+1","Demon Form","Second Wind","Warcry","Barricade","Dark Embrace","Evolve","Power Through"],"relics":["Burning Blood","Anchor","InkBottle","Dream Catcher","Sozu","Oddly Smooth Stone"],"acts_visited":["Exordium","TheCity"],"potions_floor_usage":[8,10,16,20],"damage_taken":[{"damage":0,"enemies":"2 Louse","floor":1,"turns":2},{"damage":6,"enemies":"Cultist","floor":2,"turns":3},{"damage":0,"enemies":"Jaw Worm","floor":3,"turns":3},{"damage":15,"enemies":"Exordium Thugs","floor":4,"turns":5},{"damage":45,"enemies":"Lagavulin","floor":6,"turns":9},{"damage":10,"enemies":"Large Slime","floor":8,"turns":6},{"damage":3,"enemies":"Gremlin Gang","floor":10,"turns":4},{"damage":0,"enemies":"2 Fungi Beasts","floor":11,"turns":4},{"damage":1,"enemies":"Looter","floor":12,"turns":4},{"damage":39,"enemies":"Hexaghost","floor":16,"turns":10},{"damage":13,"enemies":"2 Thieves","floor":18,"turns":5},{"damage":55,"enemies":"3 Byrds","floor":20,"turns":6},{"damage":9,"enemies":"Sentry and Sphere","floor":22,"turns":4}],"seed_played":"5508960057719926517","potions_obtained":[{"floor":4,"key":"ColorlessPotion"},{"floor":6,"key":"SkillPotion"},{"floor":8,"key":"AttackPotion"},{"floor":10,"key":"Energy Potion"}],"is_trial":false,"path_per_floor":["M","M","M","M","$","E","R","M","T","M","M","M","R","?","R","B",null,"M","$","M","$","M"],"character_chosen":"IRONCLAD","items_purchased":["Dark Embrace","Oddly Smooth Stone","Power Through"],"campfire_rested":1,"item_purchase_floors":[19,19,21],"current_hp_per_floor":[74,74,75,66,66,27,27,23,23,26,32,37,37,37,59,26,63,56,56,7,7,0,0],"gold":3,"neow_bonus":"RANDOM_COMMON_RELIC","is_daily":false,"chose_seed":false,"campfire_upgraded":2,"win_rate":0.0,"timestamp":1613764029,"path_taken":["M","M","M","M","$","E","R","M","T","M","M","M","R","?","R","BOSS","M","?","M","$","M"],"items_purchased_type":["Card","Relic","Card"],"build_version":"2020-12-22","purchased_purges":1,"victory":false,"max_hp_per_floor":[75,75,75,75,75,75,75,75,75,75,75,75,75,75,75,75,75,75,75,75,75,75,75],"card_choices":[{"not_picked":["Thunderclap","Twin Strike"],"picked":"Wild Strike","floor":1},{"not_picked":["Flex","Sentinel"],"picked":"Ghostly Armor","floor":2},{"not_picked":["Flex","Brutality"],"picked":"Flame Barrier","floor":3},{"not_picked":["Burning Pact","Clash"],"picked":"Iron Wave","floor":4},{"not_picked":["Rupture","Disarm"],"picked":"Armaments","floor":6},{"not_picked":["Shrug It Off","Clash"],"picked":"Inflame","floor":8},{"not_picked":["Dual Wield","Armaments"],"picked":"Entrench","floor":10},{"not_picked":["Bloodletting","Cleave"],"picked":"Demon Form","floor":11},{"not_picked":["Entrench","Feel No Pain"],"picked":"Second Wind","floor":12},{"not_picked":["Flex","Iron Wave"],"picked":"Warcry","floor":15},{"not_picked":["Berserk","Exhume"],"picked":"Barricade","floor":16},{"not_picked":["Whirlwind","True Grit","Sever Soul"],"picked":"SKIP","floor":18},{"not_picked":["Whirlwind","Bloodletting"],"picked":"Evolve","floor":20}],"player_experience":340848,"relics_obtained":[{"floor":6,"key":"InkBottle"},{"floor":9,"key":"Dream Catcher"}],"event_choices":[{"damage_healed":0,"gold_gain":50,"player_choice":"Pray","damage_taken":0,"max_hp_gain":0,"max_hp_loss":0,"event_name":"Golden Shrine","floor":14,"gold_loss":0}],"is_beta":false,"boss_relics":[{"not_picked":["Busted Crown","Astrolabe"],"picked":"Sozu"}],"items_purged_floors":[5],"is_endless":false,"potions_floor_spawned":[4,6,8,10,18],"killed_by":"Sentry and Sphere","ascension_level":15}}