{"host":"c59zqhrgluvxuu0k","time":1613698561,"event":{"mods":["100% Spire Juice","BaseMod","Better Altar","Better Third Choice","BetterRewards","Colored Map","Colored Powertips","Curses Come First","Downfall","Friendly Minions","Hermit","Minty Spire (QoL Compilation)","Replay The Spire","Shop Mod","Spicy Shops","StSLib","The Blackbeard","The Cursed","The Death Knight","The Druid","The Jungle","The Necromancer","The Runesmith","The Wild Card"],"gold_per_floor":[99,110,130,186,234,234,257,274,274,549,576,587,604,219,234,332,332,332,347,347,363,375,375,375,275,330,348,380,398,352,352,69,100,128,233,333,133,153,169,169,244,279,279,279,293,322,342,381,381,419,431,438,438,476,452,452,459,466],"floor_reached":59,"language":"ENG","playtime":7113,"items_purged":["downfall:Icky","Languid"],"score":1688,"play_id":"6363498b-35b1-4cf1-aa87-ddea9e94d69f","local_time":"20210218183601","is_ascension_mode":true,"campfire_choices":[{"data":"hermit:Covet","floor":1,"key":"SMITH"},{"data":"hermit:CursedWeapon","floor":6,"key":"SMITH"},{"data":"hermit:Showdown","floor":9,"key":"SMITH"},{"floor":18,"key":"RECALL"},{"data":"hermit:Combo","floor":25,"key":"SMITH"},{"data":"hermit:TakeAim","floor":37,"key":"SMITH"},{"data":"hermit:Reprieve","floor":44,"key":"SMITH"},{"data":"hermit:EyeOfTheStorm","floor":56,"key":"SMITH"}],"circlet_count":0,"master_deck":["hermit:Strike_Hermit","hermit:Strike_Hermit","hermit:Defend_Hermit+1","hermit:Defend_Hermit","hermit:Defend_Hermit+1","hermit:Snapshot","hermit:Covet+1","hermit:Dissolve","hermit:Enervate","hermit:CursedWeapon+1","hermit:TakeAim+1","hermit:Showdown+1","Regret","hermit:GhostlyPresence","hermit:Combo+1","hermit:Enervate","hermit:Gestalt+1","Pain","hermit:CursedWeapon+1","hermit:EyeOfTheStorm+1","hermit:Glare+1","hermit:Reprieve+1","Parasite","hermit:CalledShot+1","hermit:Scavenge+1","hermit:ShadowCloak+1","hermit:Determination+1","hermit:FinalCanter+1"],"relics":["hermit:ClaspedLocket","Orichalcum","Boot","Bronze Scales","ReplayTheSpireMod:TigerMarble","Quantum Egg","Anchor","Happy Flower","downfall:HeartBlessingRed","InkBottle","Membership Card","ReplayTheSpireMod:CursedCoin","Bag of Preparation","Replay:Accelerometer","ReplayTheSpireMod:Shallot","Replay:Wax Seal","Kunai","Medical Kit","War Paint","Golden Egg","Replay:Wanted Poster","downfall:HeartBlessingGreen","downfall:HeartBlessingBlue","White Beast Statue","hermit:RedScarf","Prayer Wheel","Potion Belt","Replay:Towering Pillar of Hats","Pantograph","Iron Hammer"],"acts_visited":["Exordium","TheCity","TheBeyond","TheEnding"],"potions_floor_usage":[4,11,14,30,42,46,54,57,58,58,58,58],"damage_taken":[{"damage":5,"enemies":"Jaw Worm","floor":2,"turns":3},{"damage":2,"enemies":"Small Slimes","floor":3,"turns":4},{"damage":12,"enemies":"3 Sentries","floor":4,"turns":10},{"damage":2,"enemies":"Cultist","floor":8,"turns":3},{"damage":9,"enemies":"3 Sentries","floor":11,"turns":6},{"damage":6,"enemies":"Exordium Wildlife","floor":12,"turns":3},{"damage":2,"enemies":"Gremlin Gang","floor":13,"turns":2},{"damage":2,"enemies":"downfall:FleeingMerchant","floor":14,"turns":4},{"damage":2,"enemies":"Blue Slaver","floor":15,"turns":1},{"damage":2,"enemies":"SI_SHIV_ARCHETYPE","floor":16,"turns":6},{"damage":4,"enemies":"3 Byrds","floor":19,"turns":3},{"damage":4,"enemies":"Shell Parasite","floor":21,"turns":4},{"damage":2,"enemies":"Sentry and Sphere","floor":22,"turns":3},{"damage":4,"enemies":"Cultist and Chosen","floor":27,"turns":2},{"damage":13,"enemies":"Slavers","floor":28,"turns":7},{"damage":4,"enemies":"Centurion and Healer","floor":29,"turns":2},{"damage":11,"enemies":"downfall:FleeingMerchant","floor":30,"turns":4},{"damage":4,"enemies":"Book of Stabbing","floor":33,"turns":2},{"damage":4,"enemies":"Sentry and Sphere","floor":34,"turns":3},{"damage":4,"enemies":"WA_ARCHETYPE_CALM","floor":35,"turns":4},{"damage":4,"enemies":"3 Darklings","floor":38,"turns":1},{"damage":4,"enemies":"3 Shapes","floor":39,"turns":3},{"damage":4,"enemies":"Giant Head","floor":42,"turns":2},{"damage":4,"enemies":"Sphere and 2 Shapes","floor":45,"turns":2},{"damage":2,"enemies":"Reptomancer","floor":46,"turns":1},{"damage":4,"enemies":"Maw","floor":47,"turns":3},{"damage":2,"enemies":"R_Hoarder","floor":48,"turns":6},{"damage":6,"enemies":"Reptomancer","floor":50,"turns":2},{"damage":2,"enemies":"Jaw Worm Horde","floor":51,"turns":1},{"damage":9,"enemies":"IC_BLOCK_ARCHETYPE","floor":52,"turns":6},{"damage":4,"enemies":"downfall:CharBossMerchant","floor":54,"turns":3},{"damage":4,"enemies":"downfall:NeowBoss","floor":57,"turns":8},{"damage":13,"enemies":"downfall:NeowBossFinal","floor":58,"turns":9}],"seed_played":"3552314161514596231","potions_obtained":[{"floor":2,"key":"hermit:Eclipse"},{"floor":11,"key":"Fruit Juice"},{"floor":12,"key":"LiquidBronze"},{"floor":13,"key":"DistilledChaos"},{"floor":21,"key":"CultistPotion"},{"floor":22,"key":"Weak Potion"},{"floor":27,"key":"Ancient Potion"},{"floor":35,"key":"AttackPotion"},{"floor":42,"key":"Dexterity Potion"},{"floor":45,"key":"EssenceOfSteel"},{"floor":46,"key":"DeathKnight:RimePotion"},{"floor":47,"key":"hermit:Tonic"},{"floor":48,"key":"CultistPotion"},{"floor":51,"key":"SteroidPotion"}],"is_trial":false,"path_per_floor":["R","M","M","?","T","R","T","M","R","?","E","M","M","$","M","B",null,"R","M","?","M","M","PTL","PTL","R","T","M","E","M","$","?","$","E","M","B",null,"R","M","M","T","?","E","T","R","M","E","M","E","$","E","M","B",null,"E","$","R","B","B",null],"character_chosen":"HERMIT","items_purchased":["hermit:Combo","Quantum Egg","Anchor","Membership Card","ReplayTheSpireMod:CursedCoin","Bag of Preparation","Replay:Accelerometer","ReplayTheSpireMod:Shallot","Replay:Wax Seal","Kunai","Medical Kit","War Paint","PowerPotion"],"campfire_rested":0,"item_purchase_floors":[14,14,14,30,30,30,30,30,32,32,32,32,55],"current_hp_per_floor":[75,70,68,56,56,56,56,54,54,54,50,44,42,40,38,36,80,80,77,77,76,77,77,77,77,77,77,68,68,60,60,60,56,55,59,80,90,90,88,88,90,86,86,86,90,90,90,88,88,84,86,89,90,86,86,86,89,90],"gold":466,"neow_bonus":"THREE_RARE_CARDS","is_daily":false,"chose_seed":false,"campfire_upgraded":7,"win_rate":0.0,"timestamp":1613698561,"path_taken":["R","M","M","?","?","R","T","M","R","?","E","?","M","$","M","BOSS","R","M","?","?","M","PTL","PTL","R","T","M","E","M","$","?","$","E","M","BOSS","R","M","M","?","?","E","T","R","M","E","M","E","$","E","M","BOSS","E","$","R","BOSS","BOSS"],"items_purchased_type":["Card","Relic","Relic","Relic","Relic","Relic","Relic","Relic","Relic","Relic","Relic","Relic","Potion"],"build_version":"2020-12-22","purchased_purges":2,"victory":true,"max_hp_per_floor":[75,75,75,75,75,75,75,75,75,75,80,80,80,80,80,80,80,80,80,80,80,80,80,80,80,80,80,80,80,80,80,80,80,80,80,80,90,90,90,90,90,90,90,90,90,90,90,90,90,90,90,90,90,90,90,90,90,90],"card_choices":[{"not_picked":["hermit:Gambit","hermit:HeroicBravado"],"picked":"hermit:Dissolve","floor":0},{"not_picked":["hermit:ItchyTrigger","hermit:Snipe"],"picked":"hermit:Enervate","floor":2},{"not_picked":["hermit:Glare","hermit:Feint"],"picked":"hermit:CursedWeapon","floor":3},{"not_picked":["hermit:BodyArmor","hermit:CursedWeapon"],"picked":"hermit:TakeAim","floor":4},{"not_picked":["hermit:PistolWhip","hermit:Desperado"],"picked":"hermit:Showdown","floor":8},{"not_picked":["hermit:HoleUp","hermit:Midnight","hermit:ItchyTrigger"],"picked":"SKIP","floor":11},{"not_picked":["hermit:Purgatory","hermit:LowProfile","hermit:Ricochet"],"picked":"SKIP","floor":12},{"not_picked":["hermit:LowProfile","hermit:Brawl"],"picked":"hermit:GhostlyPresence","floor":13},{"not_picked":["hermit:Manifest","hermit:Purgatory","hermit:NoHoldsBarred"],"picked":"SKIP","floor":14},{"not_picked":["hermit:Horror","hermit:Snipe"],"picked":"hermit:Enervate","floor":15},{"not_picked":["hermit:Feint","hermit:Combo"],"picked":"hermit:Gestalt+1","floor":19},{"not_picked":["hermit:Manifest","hermit:NoHoldsBarred","hermit:TrackingShot+1"],"picked":"SKIP","floor":21},{"not_picked":["hermit:Vantage","hermit:BigShot"],"picked":"hermit:CursedWeapon+1","floor":22},{"not_picked":["hermit:CalledShot+1","hermit:Manifest","hermit:TrackingShot+1"],"picked":"SKIP","floor":27},{"not_picked":["hermit:NoHoldsBarred","hermit:ItchyTrigger"],"picked":"hermit:EyeOfTheStorm","floor":28},{"not_picked":["hermit:Manifest","hermit:LowProfile"],"picked":"hermit:Glare+1","floor":29},{"not_picked":["hermit:WideOpen+1","hermit:LowProfile"],"picked":"hermit:Reprieve","floor":30},{"not_picked":["hermit:SprayPray+1","hermit:Dive","hermit:Coalescence"],"picked":"SKIP","floor":33},{"not_picked":["hermit:CursedWeapon","hermit:Snipe","hermit:Gambit"],"picked":"SKIP","floor":34},{"not_picked":["hermit:Feint","hermit:Headshot+1","hermit:FullyLoaded"],"picked":"SKIP","floor":38},{"not_picked":["hermit:HighCaliber","hermit:TakeCover","hermit:Grudge"],"picked":"SKIP","floor":39},{"not_picked":["hermit:Ricochet+1","hermit:Desperado+1"],"picked":"hermit:CalledShot+1","floor":42},{"not_picked":["hermit:Dive","hermit:TakeCover","hermit:Misfire+1"],"picked":"SKIP","floor":45},{"not_picked":["hermit:GoldenBullet","hermit:Midnight+1","hermit:OverwhelmingPower"],"picked":"SKIP","floor":45},{"not_picked":["hermit:EyeOfTheStorm","hermit:BodyArmor+1","hermit:HoleUp"],"picked":"SKIP","floor":46},{"not_picked":["hermit:TakeAim","hermit:BodyArmor+1"],"picked":"hermit:Scavenge+1","floor":47},{"not_picked":["hermit:LowProfile","hermit:Snipe"],"picked":"hermit:ShadowCloak+1","floor":47},{"not_picked":["hermit:HighCaliber","hermit:HoleUp","hermit:Midnight"],"picked":"SKIP","floor":48},{"not_picked":["hermit:TakeCover","hermit:LowProfile"],"picked":"hermit:Determination+1","floor":50},{"not_picked":["hermit:Dive+1","hermit:Enervate","hermit:WideOpen+1"],"picked":"SKIP","floor":51},{"not_picked":["hermit:Glare","hermit:FullyLoaded+1","hermit:Headshot"],"picked":"SKIP","floor":51},{"not_picked":["hermit:BodyArmor","hermit:PistolWhip"],"picked":"hermit:FinalCanter","floor":54}],"player_experience":2264016,"relics_obtained":[{"floor":5,"key":"Boot"},{"floor":7,"key":"Bronze Scales"},{"floor":11,"key":"ReplayTheSpireMod:TigerMarble"},{"floor":28,"key":"InkBottle"},{"floor":33,"key":"Golden Egg"},{"floor":40,"key":"White Beast Statue"},{"floor":42,"key":"hermit:RedScarf"},{"floor":43,"key":"Prayer Wheel"},{"floor":46,"key":"Potion Belt"},{"floor":48,"key":"Replay:Towering Pillar of Hats"},{"floor":50,"key":"Pantograph"},{"floor":54,"key":"Iron Hammer"}],"event_choices":[],"is_beta":false,"boss_relics":[{"not_picked":["Replay:Drink Me","hermit:DentedPlate"],"picked":"hermit:ClaspedLocket"},{"not_picked":["hermit:BartenderGlass","Honey Jar"],"picked":"Replay:Wanted Poster"}],"items_purged_floors":[30,32],"is_endless":false,"potions_floor_spawned":[2,11,12,13,21,22,27,35,39,42,45,46,47,48,50,51,54],"ascension_level":1}}