{"host":"vzugls1u57eppbds","time":1613759424,"event":{"mods":["AchievementEnabler","BaseMod","Better Third Choice","Ironclad Rager","Minty Spire (QoL Compilation)","Relic Stats","Shop Mod","StSLib"],"gold_per_floor":[113,188,206,57,57,88,88,88,88],"floor_reached":8,"language":"ENG","playtime":201,"items_purged":[],"score":78,"play_id":"6de1c2e9-cb78-4c2c-a22c-a003564faa36","local_time":"20210219193024","is_ascension_mode":true,"campfire_choices":[{"floor":7,"key":"REST"}],"circlet_count":0,"master_deck":["Strike_R","Strike_R","Strike_R","Strike_R","Strike_R","Defend_R","Defend_R","Defend_R","Defend_R","Bash","Brutality","Iron Wave","Shrug It Off","Uppercut"],"relics":["Burning Blood","Bag of Marbles","Golden Idol","Unceasing Top"],"acts_visited":["Exordium"],"potions_floor_usage":[],"damage_taken":[{"damage":1,"enemies":"Small Slimes","floor":1,"turns":5},{"damage":3,"enemies":"Jaw Worm","floor":3,"turns":4},{"damage":43,"enemies":"3 Sentries","floor":6,"turns":10},{"damage":26,"enemies":"Lagavulin","floor":8,"turns":6}],"seed_played":"7896505210320497574","potions_obtained":[{"floor":6,"key":"Energy Potion"}],"is_trial":false,"path_per_floor":["M","?","M","$","?","E","R","E"],"character_chosen":"IRONCLAD","items_purchased":["Bag of Marbles"],"campfire_rested":1,"item_purchase_floors":[4],"current_hp_per_floor":[77,66,69,69,49,12,36,10,10],"gold":88,"neow_bonus":"ONE_RANDOM_RARE_CARD","is_daily":false,"chose_seed":false,"campfire_upgraded":0,"win_rate":0.0,"timestamp":1613759424,"path_taken":["M","?","M","$","?","E","R","E"],"items_purchased_type":["Relic"],"build_version":"2020-12-22","purchased_purges":0,"victory":false,"max_hp_per_floor":[80,80,80,80,80,80,80,80,80],"relic_stats":{"counters":[4,25],"Golden Idol":6,"obtain_stats":[{"Golden Idol":5,"Bag of Marbles":4,"Burning Blood":0,"Unceasing Top":6},{"Golden Idol":2,"Bag of Marbles":2,"Burning Blood":0,"Unceasing Top":3},{"Golden Idol":9,"Bag of Marbles":9,"Burning Blood":0,"Unceasing Top":19}],"Burning Blood":18,"Unceasing Top":[0]},"card_choices":[{"not_picked":["Warcry","Dropkick"],"picked":"Iron Wave","floor":1},{"not_picked":["Warcry","Body Slam"],"picked":"Shrug It Off","floor":3},{"not_picked":["Carnage","Sword Boomerang"],"picked":"Uppercut","floor":6}],"player_experience":249183,"relics_obtained":[{"floor":6,"key":"Unceasing Top"}],"event_choices":[{"damage_healed":0,"gold_gain":75,"player_choice":"Gold","damage_taken":11,"max_hp_gain":0,"max_hp_loss":0,"event_name":"betterThird:BetterGoop","floor":2,"gold_loss":0},{"damage_healed":0,"gold_gain":0,"player_choice":"Take Damage","damage_taken":20,"relics_obtained":["Golden Idol"],"max_hp_gain":0,"max_hp_loss":0,"event_name":"Golden Idol","floor":5,"gold_loss":0}],"is_beta":false,"boss_relics":[],"items_purged_floors":[],"is_endless":false,"potions_floor_spawned":[6],"killed_by":"Lagavulin","ascension_level":9}}