{"host":"ymw71f7rc9ndansy","time":1613742388,"event":{"mods":["100% Spire Juice","ATMod(阿瑾Mod)","Act Like it!","Aspiration","BaseMod","DeckTracker","Energized Spire","Gensokyo","Hubris","Koishi","Library of Ruina","Library of Ruina Extra","Minty Spire (QoL Compilation)","MostiFishMod","Relic Filter Mod","Reliquary","Remove Card Discount Mod","Replay The Spire","RumiaBox-露米娅的神秘盒子","StSLib","TestMod","The Blackbeard","【功能Mod】精心准备","【遗物卡牌】REMEMod"],"gold_per_floor":[119,133,166,199,232,232,280,280,306,331,348,189,215,215,215,230,230,230],"floor_reached":16,"language":"ZHS","playtime":605,"items_purged":["blackbeard:BlackbeardStrike","blackbeard:IntimidatingStrike","blackbeard:BlackbeardStrike","blackbeard:BlackbeardDefend","ForeignInfluence","blackbeard:PowderKeg"],"score":139,"play_id":"4f5d574f-675d-46c0-b49f-af1b2dfed4f1","local_time":"20210219214628","is_ascension_mode":false,"campfire_choices":[{"data":"blackbeard:SwordDance","floor":6.0,"key":"SMITH"},{"data":"blackbeard:Fencing","floor":8.0,"key":"SMITH"},{"data":"blackbeard:WeaponProficiency","floor":15,"key":"SMITH"}],"circlet_count":0,"master_deck":["blackbeard:BlackbeardStrike","blackbeard:BlackbeardStrike","blackbeard:BlackbeardDefend","blackbeard:BlackbeardDefend","blackbeard:BlackbeardDefend","blackbeard:Cutlass+1","AT_FamilyPortrait","blackbeard:SmithingHammer","blackbeard:BuriedTreasure","blackbeard:Fencing+1","blackbeard:SwordDance+1","blackbeard:DoubleCannonball","blackbeard:RearmingStrike","blackbeard:WeaponProficiency+1"],"relics":["testmod-TestBox","DaveBox","REME_ComplimentaryCards","AT_ATBox","Gensokyo:MosesMiracle","Transparent","testmod-DragonStarHat","SynthV:TestCard","AT_ChloranthyRing","reliquary:BrokenClock"],"acts_visited":["Exordium"],"potions_floor_usage":[],"damage_taken":[{"damage":30.0,"enemies":"Cultist","floor":1.0,"turns":2.0},{"damage":32.0,"enemies":"Small Slimes","floor":2.0,"turns":2.0},{"damage":30.0,"enemies":"2 Louse","floor":3.0,"turns":2.0},{"damage":51.0,"enemies":"Lots of Slimes","floor":4.0,"turns":3.0},{"damage":37.0,"enemies":"Looter","floor":5.0,"turns":2.0},{"damage":63.0,"enemies":"Lagavulin","floor":7.0,"turns":3.0},{"damage":30.0,"enemies":"Gremlin Nob","floor":10.0,"turns":2.0},{"damage":15.0,"enemies":"3 Louse","floor":11.0,"turns":1.0},{"damage":30.0,"enemies":"2 Fungi Beasts","floor":13.0,"turns":2.0},{"damage":76,"enemies":"The Guardian","floor":16,"turns":5}],"seed_played":"-956375057172508547","potions_obtained":[{"floor":1.0,"key":"BlessingOfTheForge"},{"floor":2.0,"key":"Dexterity Potion"},{"floor":4.0,"key":"FearPotion"}],"is_trial":false,"path_per_floor":["M","M","M","M","M","R","E","R","T","E","M","$","M","?","R","B"],"character_chosen":"BLACKBEARD_CLASS","items_purchased":["reliquary:BrokenClock"],"campfire_rested":0,"item_purchase_floors":[12],"current_hp_per_floor":[75,75,75,69,75,75,57,57,57,72,75,75,75,75,75,0,0,0],"gold":230,"neow_bonus":"UPGRADE_CARD","is_daily":false,"chose_seed":false,"campfire_upgraded":3,"win_rate":0.0,"timestamp":1613742388,"path_taken":["M","M","?","M","M","R","E","R","T","E","M","$","M","?","R","BOSS"],"items_purchased_type":["Relic"],"build_version":"2020-12-22","purchased_purges":6,"victory":false,"max_hp_per_floor":[75,75,75,75,75,75,75,75,75,75,75,75,75,75,75,75,75,75],"card_choices":[{"not_picked":["blackbeard:WiseDefense","blackbeard:PirateEarring"],"picked":"blackbeard:SmithingHammer","floor":1.0},{"not_picked":["blackbeard:FieryDefense","blackbeard:PiratesWill","blackbeard:PirateEarring","blackbeard:ChaoticDefense"],"picked":"blackbeard:BuriedTreasure","floor":2.0},{"not_picked":["blackbeard:Provisioning","blackbeard:Rum","blackbeard:FieryDefense","blackbeard:TacticalRetreat"],"picked":"blackbeard:Fencing","floor":3.0},{"not_picked":["blackbeard:CaptainsCabin","blackbeard:Sharpening","blackbeard:CloakAndCannonball","blackbeard:TerrorOfTheSeas"],"picked":"blackbeard:PowderKeg","floor":4.0},{"not_picked":["blackbeard:HumongousCannonball","blackbeard:BlindAttacks","blackbeard:FishingNets","blackbeard:GoldenStrike"],"picked":"blackbeard:SwordDance","floor":5.0},{"not_picked":["blackbeard:Bandana","blackbeard:InfiniteBarrage","blackbeard:Scrap","blackbeard:DoubleBottom"],"picked":"blackbeard:DoubleCannonball","floor":7.0},{"not_picked":["blackbeard:GoldenStrike","blackbeard:HumongousCannonball","blackbeard:CaptainsHat","blackbeard:BlindAttacks"],"picked":"blackbeard:RearmingStrike","floor":10.0},{"not_picked":["blackbeard:CannonBarrage","blackbeard:Fencing","blackbeard:Dagger","blackbeard:DoubleBottom"],"picked":"blackbeard:WeaponProficiency","floor":11.0},{"not_picked":["blackbeard:Boarding","blackbeard:Revenge","blackbeard:PirateEarring","blackbeard:TacticalRetreat","blackbeard:WiseDefense"],"picked":"SKIP","floor":13.0},{"not_picked":["blackbeard:Boarding","blackbeard:Revenge","blackbeard:PirateEarring","blackbeard:TacticalRetreat","blackbeard:WiseDefense"],"picked":"SKIP","floor":13.0}],"player_experience":1095375,"relics_obtained":[{"floor":1.0,"key":"SynthV:TestCard"},{"floor":3.0,"key":"Gensokyo:MosesMiracle"},{"floor":7.0,"key":"AT_ChloranthyRing"},{"floor":10.0,"key":"reliquary:FerryPass"}],"event_choices":[{"damage_healed":0,"gold_gain":0,"player_choice":"Fled","damage_taken":0,"max_hp_gain":0,"max_hp_loss":0,"event_name":"Scrap Ooze","floor":14,"gold_loss":0}],"is_beta":false,"boss_relics":[],"items_purged_floors":[12,12,12,12,12,12],"is_endless":false,"potions_floor_spawned":[1,2,4,10],"killed_by":"The Guardian","ascension_level":0}}