{"host":"iq8y45rd2spacc1d","time":1613768029,"event":{"mods":["Aspiration","BaseMod","DeckTracker","GifTheSpireLib","Halation","Hermit","Hubris","Infinite Spire","Minty Spire (QoL Compilation)","Replay The Spire","StSLib","The Bug Knight","The Cursed","The Disciple"],"gold_per_floor":[16,16,16,91,115,158,158,178,201,242,242,262,276,276,276,276,276,406,406,526,526,476,494,494,494,518,561,561,561,601,615,615,615,615,740,840,856,515,530,554,554,554,585,604,627,661,661,675,708,608,608,608],"floor_reached":53,"language":"ENG","playtime":7301,"items_purged":["Regret","Injury"],"score":1221,"play_id":"32a02742-3917-4b50-bdc8-418ca82e987b","local_time":"20210219215349","is_ascension_mode":true,"campfire_choices":[{"floor":7,"key":"REST"},{"floor":11,"key":"REST"},{"floor":17,"key":"REST"},{"floor":25,"key":"REST"},{"floor":29,"key":"REST"},{"floor":32,"key":"REST"},{"floor":34,"key":"REST"},{"data":"Apotheosis","floor":42,"key":"SMITH"},{"data":"Static Discharge","floor":42,"key":"SMITH"},{"data":"ReplayTheSpireMod:Omega Cannon","floor":47,"key":"SMITH"},{"data":"ReplayTheSpireMod:Calculation Training","floor":47,"key":"SMITH"}],"circlet_count":0,"master_deck":["Strike_B","Strike_B+1","Strike_B","Strike_B","Defend_B","Defend_B","Defend_B","Defend_B","Zap","Dualcast","Reinforced Body","Skim","Steam","Compile Driver+1","FTL","ReplayTheSpireMod:Calculation Training+1","Auto Shields","Rainbow","Rebound","RitualDagger","Steam+1","FTL","Static Discharge+1","Sweeping Beam","Doom and Gloom+1","ReplayRNGCard","White Noise+1","Apotheosis+1","Deep Breath","hubris:EnhanceAbility","Chill+1","ReplayTheSpireMod:Omega Cannon+1","Ball Lightning","Beam Cell+1","Rip and Tear+1","Panic Button+1","Crystallizer","Delirium"],"relics":["Cracked Core","CaptainsWheel","Golden Idol","Replay:Baseball","aspiration:TomeofQuesting","PreservedInsect","HornCleat","hubris:Icosahedron","SlaversCollar","halation:PenCase","hubris:CuriousFeather","halation:KoshaPiece","Bottled Tornado","Replay:Wanted Poster","ReplayTheSpireMod:ShopPack","Nunchaku","Whetstone","infinitespire:Freezer","hubris:FunFungus","Lantern","Ring of Fury","Ring of Shattering"],"acts_visited":["Exordium","TheCity","TheBeyond"],"potions_floor_usage":[6,10,20,23,26,26,30,35,37,40,49,49],"damage_taken":[{"damage":0,"enemies":"Jaw Worm","floor":1,"turns":4},{"damage":4,"enemies":"2 Louse","floor":5,"turns":3},{"damage":41,"enemies":"Gremlin Nob","floor":6,"turns":5},{"damage":5,"enemies":"Small Slimes","floor":8,"turns":3},{"damage":23,"enemies":"3 Sentries","floor":10,"turns":4},{"damage":3,"enemies":"3 Louse","floor":12,"turns":2},{"damage":6,"enemies":"Lots of Slimes","floor":13,"turns":5},{"damage":40,"enemies":"Fading Forest","floor":18,"turns":11},{"damage":9,"enemies":"Chosen","floor":20,"turns":5},{"damage":7,"enemies":"Shell Parasite","floor":23,"turns":8},{"damage":46,"enemies":"3 Cultists","floor":26,"turns":7},{"damage":10,"enemies":"Slavers","floor":27,"turns":6},{"damage":13,"enemies":"Replay:Snechameleon","floor":30,"turns":4},{"damage":2,"enemies":"Snecko","floor":31,"turns":5},{"damage":57,"enemies":"Champ","floor":35,"turns":11},{"damage":37,"enemies":"3 Shapes","floor":37,"turns":2},{"damage":0,"enemies":"Orb Walker","floor":39,"turns":3},{"damage":25,"enemies":"Transient","floor":40,"turns":5},{"damage":0,"enemies":"Giant Head","floor":43,"turns":5},{"damage":11,"enemies":"3 Darklings","floor":44,"turns":3},{"damage":0,"enemies":"Reptomancer","floor":46,"turns":3},{"damage":0,"enemies":"Sphere and 2 Shapes","floor":48,"turns":4},{"damage":0,"enemies":"Nemesis","floor":49,"turns":5},{"damage":70,"enemies":"Donu and Deca","floor":52,"turns":8}],"seed_played":"-2080384633278144595","potions_obtained":[{"floor":5,"key":"Elixir"},{"floor":6,"key":"Dexterity Potion"},{"floor":8,"key":"EssenceOfDarkness"},{"floor":10,"key":"Swift Potion"},{"floor":13,"key":"Block Potion"},{"floor":20,"key":"ColorlessPotion"},{"floor":27,"key":"SneckoOil"},{"floor":30,"key":"Weak Potion"},{"floor":35,"key":"SkillPotion"},{"floor":37,"key":"Toxic Potion"},{"floor":40,"key":"Weak Potion"},{"floor":44,"key":"Swift Potion"}],"is_trial":false,"path_per_floor":["M","?","?","?","M","E","R","M","T","E","R","M","M","PTL","PTL","?","R","B",null,"M","?","?","M","?","R","M","E","T","R","E","M","R","T","R","B",null,"M","$","M","M","?","R","E","M","T","E","R","M","E","$","R","B",null],"character_chosen":"DEFECT","items_purchased":["ReplayTheSpireMod:ShopPack","Nunchaku"],"campfire_rested":7,"item_purchase_floors":[38,38],"current_hp_per_floor":[75,75,75,64,60,19,41,36,36,13,35,32,26,26,26,26,48,16,75,66,60,60,53,53,75,29,19,19,41,28,26,48,48,70,13,75,38,38,38,13,75,75,75,64,64,64,64,64,69,69,69,15],"gold":608,"neow_bonus":"ONE_RARE_RELIC","is_daily":false,"chose_seed":false,"campfire_upgraded":4,"win_rate":0.0,"timestamp":1613768029,"path_taken":["M","?","?","?","M","E","R","M","T","E","R","M","M","PTL","PTL","?","R","BOSS","M","?","?","?","?","R","M","E","T","R","E","M","R","?","R","BOSS","M","$","M","?","?","R","E","M","T","E","R","?","E","$","R","BOSS"],"items_purchased_type":["Relic","Relic"],"build_version":"2020-12-22","purchased_purges":2,"victory":true,"max_hp_per_floor":[75,75,75,75,75,75,75,75,75,75,75,75,75,75,75,75,75,75,75,75,75,75,75,75,75,75,75,75,75,75,75,75,75,75,75,75,75,75,75,75,75,75,75,75,75,75,75,75,75,75,75,75],"card_choices":[{"not_picked":["Doom and Gloom","Steam"],"picked":"Reinforced Body","floor":1},{"not_picked":["Panic Button","Cold Snap"],"picked":"Skim","floor":5},{"not_picked":["Redo","Steam Power"],"picked":"Steam","floor":6},{"not_picked":["Rebound","Time Bomb"],"picked":"Compile Driver","floor":8},{"not_picked":["Undo","Beam Cell"],"picked":"FTL","floor":10},{"not_picked":["Sweeping Beam","Stack"],"picked":"ReplayTheSpireMod:Calculation Training","floor":12},{"not_picked":["hubris:SpecializedCircuitry","ReplayTheSpireMod:GoodbyeWorld"],"picked":"Auto Shields","floor":13},{"not_picked":["Echo Form","hubris:Prefetch"],"picked":"Rainbow","floor":18},{"not_picked":["Barrage","BasicCrystalCard"],"picked":"Rebound","floor":20},{"not_picked":["Fusion","Hologram"],"picked":"Steam+1","floor":23},{"not_picked":["Cold Snap","Force Field"],"picked":"FTL","floor":26},{"not_picked":["Stack+1","Beam Cell"],"picked":"Static Discharge","floor":27},{"not_picked":["Rebound","Meteor Strike"],"picked":"Sweeping Beam","floor":30},{"not_picked":["Panic Button+1","Cold Snap"],"picked":"Doom and Gloom+1","floor":31},{"not_picked":["ReplayTheSpireMod:Fabricate Wheel","Hyperbeam"],"picked":"ReplayRNGCard","floor":35},{"not_picked":["Gash+1","Leap+1"],"picked":"White Noise+1","floor":37},{"not_picked":["Sadistic Nature","The Bomb"],"picked":"Apotheosis","floor":38},{"not_picked":["Impatience","hubris:Insight"],"picked":"Deep Breath","floor":38},{"not_picked":["ReplayTheSpireMod:Trickstab","Replay:BasicMightCard"],"picked":"hubris:EnhanceAbility","floor":38},{"not_picked":["Beam Cell+1","hubris:Ukulele"],"picked":"Chill+1","floor":39},{"not_picked":["Conserve Battery+1","Melter"],"picked":"ReplayTheSpireMod:Omega Cannon","floor":40},{"not_picked":["Panic Button","hubris:PowerSurge+1"],"picked":"Ball Lightning","floor":43},{"not_picked":["Turbo","Hologram"],"picked":"Beam Cell+1","floor":44},{"not_picked":["Turbo","ReplayTheSpireMod:Reroute Power+1"],"picked":"Rip and Tear+1","floor":46},{"not_picked":["Cold Snap+1","ReplaySort"],"picked":"Panic Button+1","floor":48},{"not_picked":["FTL+1","Glacier+1"],"picked":"Crystallizer","floor":49}],"player_experience":349247,"relics_obtained":[{"floor":6,"key":"aspiration:TomeofQuesting"},{"floor":9,"key":"PreservedInsect"},{"floor":10,"key":"HornCleat"},{"floor":27,"key":"halation:PenCase"},{"floor":28,"key":"hubris:CuriousFeather"},{"floor":30,"key":"halation:KoshaPiece"},{"floor":33,"key":"Bottled Tornado"},{"floor":43,"key":"Whetstone"},{"floor":45,"key":"infinitespire:Freezer"},{"floor":46,"key":"hubris:FunFungus"},{"floor":49,"key":"Lantern"},{"floor":51,"key":"Ring of Fury"},{"floor":51,"key":"Ring of Shattering"}],"event_choices":[{"damage_healed":0,"gold_gain":0,"player_choice":"Take Wound","damage_taken":0,"relics_obtained":["Golden Idol"],"max_hp_gain":0,"max_hp_loss":0,"event_name":"Golden Idol","floor":2,"gold_loss":0,"cards_obtained":["Injury"]},{"damage_healed":0,"gold_gain":0,"player_choice":"Box","damage_taken":0,"relics_obtained":["Replay:Baseball"],"max_hp_gain":0,"max_hp_loss":0,"event_name":"Big Fish","floor":3,"gold_loss":0,"cards_obtained":["Regret"]},{"damage_healed":0,"gold_gain":75,"player_choice":"Gather Gold","damage_taken":11,"max_hp_gain":0,"max_hp_loss":0,"event_name":"World of Goop","floor":4,"gold_loss":0},{"damage_healed":0,"gold_gain":0,"player_choice":"Joined the Cult","damage_taken":6,"max_hp_gain":0,"max_hp_loss":0,"event_name":"Nest","floor":21,"gold_loss":0,"cards_obtained":["RitualDagger"]},{"damage_healed":0,"gold_gain":0,"player_choice":"Bet on Owner","damage_taken":0,"max_hp_gain":0,"max_hp_loss":0,"event_name":"The Joust","floor":22,"gold_loss":50},{"damage_healed":0,"gold_gain":0,"player_choice":"Ignored","damage_taken":0,"max_hp_gain":0,"max_hp_loss":0,"event_name":"Vampires","floor":24,"gold_loss":0},{"damage_healed":62,"gold_gain":0,"player_choice":"Full Heal","damage_taken":0,"max_hp_gain":0,"max_hp_loss":0,"event_name":"Wheel of Change","floor":41,"gold_loss":0}],"is_beta":false,"boss_relics":[{"not_picked":["halation:LoveArrow","Replay:Bronze Core"],"picked":"SlaversCollar"},{"not_picked":["Snecko Eye","ReplayTheSpireMod:SealedPack"],"picked":"Replay:Wanted Poster"}],"items_purged_floors":[38,50],"is_endless":false,"potions_floor_spawned":[5,6,8,10,13,20,27,30,35,37,40,44],"ascension_level":3}}