{"host":"xkc7tfemhzdc5j5t","time":1613736717,"event":{"mods":["AchievementEnabler","Act Like it!","BaseMod","BetterRewards","Colored Map","Colored Powertips","Downfall","Gensokyo","Hallownest","Hermit","Highlight Path","Infinite Spire","Marisa£®ÏF”Í°°ƒß¿Ì…≥£©","Minty Spire (QoL Compilation)","Prisma Mod","Quick Restart","Reimu£®≤©¿ˆ¡È√Œ£©","Replay The Spire","Shop Mod","StSLib","SuperFastMode","The Bug Knight","The Construct","The Cursed","The Disciple","The Hierophant","The Jungle","The Necromancer","The Runesmith","The Servant 0.9.4","Youmu£®ªÍ∆«—˝√Œ£©"],"gold_per_floor":[99,112,112,22,42,42,42,42,42,70,70,81,93,107,125,125,125,125],"floor_reached":16,"language":"ZHS","playtime":716,"items_purged":["hexamod:Defend"],"score":107,"play_id":"a43a842e-d845-4907-94a0-edda37084465","local_time":"20210219201157","is_ascension_mode":true,"campfire_choices":[{"data":"hexamod:ParanormalForm","floor":1,"key":"SMITH"},{"data":"hexamod:Float","floor":6,"key":"SMITH"},{"data":"hexamod:Hexaguard","floor":9,"key":"SMITH"},{"data":"hexamod:SpectersWail","floor":11,"key":"SMITH"}],"circlet_count":0,"master_deck":["hexamod:Strike","hexamod:Strike","hexamod:Strike","hexamod:Defend","hexamod:Defend","hexamod:Sear","hexamod:Float+1","hexamod:ParanormalForm+1","hexamod:NightmareGuise","hexamod:HeatMetal","hexamod:Hexaguard+1","ReplayTheSpireMod:Haul","hexamod:SpectersWail+1","hexamod:Hexaguard","hexamod:GhostLash","hexamod:FirstSeal","hexamod:GhostShield"],"relics":["hexamod:SpiritBrand","Blue Candle","Gremlin Food"],"acts_visited":["Exordium"],"potions_floor_usage":[16],"damage_taken":[{"damage":6,"enemies":"Jaw Worm","floor":2,"turns":3},{"damage":0,"enemies":"downfall:FleeingMerchant","floor":4,"turns":4},{"damage":0,"enemies":"Small Slimes","floor":5,"turns":3},{"damage":21,"enemies":"Lagavulin","floor":10,"turns":5},{"damage":5,"enemies":"2 Louse","floor":12,"turns":2},{"damage":0,"enemies":"Large Slime","floor":13,"turns":4},{"damage":5,"enemies":"Gremlin Gang","floor":14,"turns":4},{"damage":3,"enemies":"Red Slaver","floor":15,"turns":3},{"damage":3,"enemies":"IC_STATUS_ARCHETYPE","floor":16,"turns":4}],"seed_played":"2017777107391728893","potions_obtained":[{"floor":12,"key":"Explosive Potion"},{"floor":14,"key":"AttackPotion"},{"floor":15,"key":"Fire Potion"}],"is_trial":false,"path_per_floor":["R","M","?","$","M","R","T","?","R","E","R","M","M","M","M","B"],"character_chosen":"THE_SPIRIT","items_purchased":[],"campfire_rested":0,"item_purchase_floors":[],"current_hp_per_floor":[70,64,64,64,64,64,64,48,48,27,27,22,22,17,14,11,11,11],"gold":125,"neow_bonus":"TRANSFORM_CARD","is_daily":false,"chose_seed":false,"campfire_upgraded":4,"win_rate":0.0,"timestamp":1613736717,"path_taken":["R","M","?","$","M","R","T","?","R","E","R","M","M","M","M","BOSS"],"items_purchased_type":[],"build_version":"2020-12-22","purchased_purges":1,"victory":false,"max_hp_per_floor":[70,70,70,70,70,70,70,70,70,70,70,70,70,70,70,70,70,70],"card_choices":[{"not_picked":["hexamod:CatchUp","hexamod:Again"],"picked":"hexamod:NightmareGuise","floor":2},{"not_picked":["hexamod:HeatCrush","hexamod:BurningTouch"],"picked":"hexamod:HeatMetal","floor":4},{"not_picked":["hexamod:EmpoweredFlame","hexamod:ShieldOfDarkness"],"picked":"hexamod:Hexaguard","floor":5},{"not_picked":["Replay:Fractal Strike","infinitespire:FutureSight"],"picked":"ReplayTheSpireMod:Haul","floor":8},{"not_picked":["hexamod:SearingWound","hexamod:FourthSeal"],"picked":"hexamod:SpectersWail","floor":10},{"not_picked":["hexamod:AdvancingGuard","hexamod:ShieldOfDarkness"],"picked":"hexamod:Hexaguard","floor":12},{"not_picked":["hexamod:AdvancingGuard","hexamod:SuperheatedStrike"],"picked":"hexamod:GhostLash","floor":13},{"not_picked":["hexamod:HeatCrush","hexamod:GhostOfSpireFuture"],"picked":"hexamod:FirstSeal","floor":14},{"not_picked":["hexamod:InspiringFlames","hexamod:ForkedFlame"],"picked":"hexamod:GhostShield","floor":15}],"player_experience":778036,"relics_obtained":[{"floor":7,"key":"Blue Candle"},{"floor":10,"key":"Gremlin Food"}],"event_choices":[{"cards_removed":["hexamod:Strike"],"damage_healed":0,"gold_gain":0,"player_choice":"Card Removal","damage_taken":0,"max_hp_gain":0,"max_hp_loss":0,"event_name":"The Cleric","floor":3,"gold_loss":0}],"is_beta":false,"boss_relics":[],"items_purged_floors":[4],"is_endless":false,"potions_floor_spawned":[12,14,15],"killed_by":"IC_STATUS_ARCHETYPE","ascension_level":1}}