{"host":"4xlu242lhh766u2u","time":1613739579,"event":{"mods":["AchievementEnabler","BaseMod","BetterRewards","Colored Map","Colored Powertips","Downfall","Infinite Spire","Minty Spire (QoL Compilation)","Replay The Spire","Shop Mod","StSLib","everything is the same but u backflip on backflip"],"gold_per_floor":[116,116,999,277,277,277,293,293,370,9456,9490,9490,9520,9531,9531,9635,9635,9647,9664,9684,9188,9188,9188,9205,9238,9238,9272,9322,8210,8221,8240,8240,8341,8391,8411,8411,8426,7605,2000,2033,2044,2061,2061,2089,2114,2139,1099,1113,1113,1113],"floor_reached":51,"language":"ENG","playtime":3396,"items_purged":["Defend_R","Strike_R","Normality","infinitespire:Pacifist","Defend_R"],"score":989,"play_id":"0a98e7a4-986c-4bdb-9a61-4ef4947c2b5b","local_time":"20210219135939","is_ascension_mode":true,"campfire_choices":[{"data":"Infernal Blade","floor":6,"key":"SMITH"},{"data":"infinitespire:OneForAll","floor":8,"key":"SMITH"},{"data":"Demon Form","floor":12,"key":"SMITH"},{"data":"Seeing Red","floor":15,"key":"SMITH"},{"data":"Demon Form","floor":23,"key":"SMITH"},{"data":"Limit Break","floor":32,"key":"SMITH"},{"floor":49,"key":"REST"}],"circlet_count":0,"master_deck":["Strike_R","Strike_R","Strike_R","Defend_R","Defend_R+1","Bash+1","Anger+1","Infernal Blade+1","infinitespire:OneForAll+1","infinitespire:OneForAll+1","Shrug It Off+1","ReplayTheSpireMod:Limb From Limb","Iron Wave+1","Demon Form+1","Seeing Red+1","Demon Form+1","Clumsy","Clumsy","ReplayTheSpireMod:Doomed","Intimidate+1","Heavy Blade","infinitespire:TheBestDefense","Bloodletting+1","Rupture","Metallicize+1","Limit Break+1","Demonic Infusion+1","ReplayTheSpireMod:Muscle Training","Brutality+1","Replay:Fractal Strike","Sword Boomerang","Limit Break+1","Double Tap+1","Rupture+1","Battle Trance+1","ReplayTheSpireMod:Faulty Equipment","Infernal Blade+1","Spot Weakness","Heavy Blade","Flex","Flex","Inflame","Sword Boomerang+1"],"relics":["Burning Blood","NeowsBlessing","Lee\u0027s Waffle","infinitespire:Satchel","Potion Belt","Bottled Lightning","Happy Flower","Toolbox","infinitespire:CursedDice","Vajra","Whetstone","Replay:Ancient Bell","Bag of Marbles","Replay:Bottled Flurry","Du-Vu Doll","Replay:WaspNest","Replay:Accelerometer","Bronze Scales","Ring of Peace","Ring of Greed","Tiny Chest","Replay:Wax Seal","Lantern","infinitespire:WardingShard","OrangePellets","Tiny House","infinitespire:Eraser","DollysMirror","Ancient Tea Set","War Paint","Red Mask","Letter Opener","Pear","Juzu Bracelet","MealTicket","Gremlin Food","Onion Ring","infinitespire:Broken Mirror","Guide Book"],"acts_visited":["Exordium","TheCity","TheBeyond"],"potions_floor_usage":[16,16,16,16,27,31,33,42,42,42,50,50,50,50],"damage_taken":[{"damage":0,"enemies":"Jaw Worm","floor":1,"turns":1},{"damage":0,"enemies":"2 Louse","floor":3,"turns":2},{"damage":0,"enemies":"Small Slimes","floor":7,"turns":1},{"damage":3,"enemies":"Replay:BlueRogue","floor":11,"turns":4},{"damage":31,"enemies":"Lagavulin","floor":13,"turns":4},{"damage":2,"enemies":"Exordium Wildlife","floor":14,"turns":2},{"damage":21,"enemies":"Fading Forest","floor":16,"turns":10},{"damage":19,"enemies":"2 Thieves","floor":18,"turns":3},{"damage":14,"enemies":"Shell Parasite","floor":19,"turns":2},{"damage":9,"enemies":"3 Cultists","floor":20,"turns":3},{"damage":0,"enemies":"Cultist and Chosen","floor":24,"turns":2},{"damage":20,"enemies":"Slavers","floor":25,"turns":3},{"damage":24,"enemies":"Gremlin Leader","floor":27,"turns":4},{"damage":6,"enemies":"Snake Plant","floor":30,"turns":2},{"damage":3,"enemies":"Centurion and Healer","floor":31,"turns":4},{"damage":32,"enemies":"Collector","floor":33,"turns":4},{"damage":18,"enemies":"3 Shapes","floor":35,"turns":5},{"damage":1,"enemies":"Orb Walker","floor":37,"turns":2},{"damage":21,"enemies":"R_Hoarder","floor":40,"turns":3},{"damage":37,"enemies":"Spire Growth","floor":41,"turns":5},{"damage":10,"enemies":"Maw","floor":42,"turns":5},{"damage":0,"enemies":"Nemesis","floor":44,"turns":3},{"damage":21,"enemies":"Nightmare","floor":46,"turns":4},{"damage":4,"enemies":"4 Shapes","floor":48,"turns":1},{"damage":50,"enemies":"Time Eater","floor":50,"turns":6}],"seed_played":"-331721484114371443","potions_obtained":[{"floor":1,"key":"LiquidBronze"},{"floor":3,"key":"champ:CounterPotion"},{"floor":20,"key":"SneckoOil"},{"floor":24,"key":"sneckomod:MuddlingPotion"},{"floor":25,"key":"ColorlessPotion"},{"floor":30,"key":"CultistPotion"},{"floor":33,"key":"Block Potion"},{"floor":34,"key":"Reflective Coating"},{"floor":40,"key":"SkillPotion"},{"floor":42,"key":"Ancient Potion"},{"floor":44,"key":"SkillPotion"}],"is_trial":false,"path_per_floor":["M","?","M","$","?","R","M","R","T","$","E","R","E","M","R","B",null,"M","M","M","?","?","R","M","E","T","E","?","$","M","M","R","B",null,"M","AVR","M","$","?","E","M","M","T","E","T","NM","$","M","R","B",null],"character_chosen":"IRONCLAD","items_purchased":["infinitespire:OneForAll","Lee\u0027s Waffle","infinitespire:Satchel","Potion Belt","SkillPotion","FearPotion","Shrug It Off","Happy Flower","Toolbox","Iron Wave","infinitespire:CursedDice","FairyPotion","Lantern","infinitespire:WardingShard","OrangePellets","Elixir","LifebloodPotion","Limit Break","Demonic Infusion","DollysMirror","Ancient Tea Set","War Paint","Double Tap","Rupture","Onion Ring","infinitespire:Broken Mirror","Flex","Inflame","Guide Book","Energy Potion","AttackPotion"],"campfire_rested":1,"item_purchase_floors":[4,4,4,4,4,4,4,10,10,10,10,10,29,29,29,29,29,29,29,38,38,38,38,38,47,47,47,47,47,47,47],"current_hp_per_floor":[80,73,79,87,70,70,76,76,76,76,79,79,54,58,58,53,87,74,66,63,63,63,63,69,55,55,37,37,37,37,40,40,14,92,80,80,85,85,85,70,39,35,45,51,51,36,51,53,83,39],"gold":1113,"neow_bonus":"THREE_ENEMY_KILL","is_daily":false,"chose_seed":false,"campfire_upgraded":6,"win_rate":0.0,"timestamp":1613739579,"path_taken":["M","?","M","$","?","R","M","R","T","$","E","R","E","M","R","BOSS","M","M","M","?","?","R","?","E","T","E","?","$","M","M","R","BOSS","M","AVR","M","$","?","E","M","M","T","E","?","NM","$","M","R","BOSS"],"items_purchased_type":["Card","Relic","Relic","Relic","Potion","Potion","Card","Relic","Relic","Card","Relic","Potion","Relic","Relic","Relic","Potion","Potion","Card","Card","Relic","Relic","Relic","Card","Card","Relic","Relic","Card","Card","Relic","Potion","Potion"],"build_version":"2020-12-22","purchased_purges":5,"victory":true,"max_hp_per_floor":[80,80,80,87,87,87,87,87,87,87,87,87,87,87,87,87,87,87,87,87,87,87,87,87,87,87,87,87,87,87,87,87,87,92,92,92,92,92,92,92,92,92,102,102,102,102,102,102,102,102],"card_choices":[{"not_picked":["Headbutt","Body Slam"],"picked":"Anger","floor":1},{"not_picked":["Twin Strike","Iron Wave"],"picked":"Infernal Blade","floor":3},{"not_picked":["Iron Wave","Abandon"],"picked":"ReplayTheSpireMod:Limb From Limb","floor":7},{"not_picked":["Flex","Clothesline"],"picked":"Demon Form","floor":11},{"not_picked":["Brutality","Headbutt"],"picked":"Seeing Red","floor":13},{"not_picked":["Combust","Wild Strike","True Grit"],"picked":"SKIP","floor":14},{"not_picked":["Replay:Many Hands","Juggernaut"],"picked":"Demon Form","floor":16},{"not_picked":["Delirium","Looming Evil"],"picked":"Clumsy","floor":17},{"not_picked":["Languid","AbeCurse"],"picked":"Clumsy","floor":17},{"not_picked":["Looming Evil","downfall:Malfunctioning"],"picked":"ReplayTheSpireMod:Doomed","floor":17},{"not_picked":["Cleave","Sword Boomerang"],"picked":"Intimidate+1","floor":18},{"not_picked":["Infernal Blade","Thunderclap"],"picked":"Heavy Blade","floor":19},{"not_picked":["Blood for Blood","Perfected Strike+1","Barricade"],"picked":"SKIP","floor":20},{"not_picked":["infinitespire:Oblivion","infinitespire:Menacing"],"picked":"infinitespire:TheBestDefense","floor":21},{"not_picked":["True Grit","Cleave"],"picked":"Bloodletting+1","floor":24},{"not_picked":["ReplayTheSpireMod:Strike From Hell+1","Perfected Strike"],"picked":"Rupture","floor":25},{"not_picked":["Perfected Strike","Blood for Blood"],"picked":"Metallicize+1","floor":27},{"not_picked":["Feel No Pain","Cleave","Perfected Strike+1"],"picked":"SKIP","floor":30},{"not_picked":["Whirlwind","Warcry"],"picked":"ReplayTheSpireMod:Muscle Training","floor":31},{"not_picked":["Corruption","Immolate"],"picked":"Brutality","floor":33},{"not_picked":["Iron Wave","Feel No Pain+1","Shockwave"],"picked":"SKIP","floor":35},{"not_picked":["Abandon","ReplayTheSpireMod:Corrosion Curse"],"picked":"Sword Boomerang","floor":37},{"not_picked":["Shrug It Off","Clothesline+1"],"picked":"Battle Trance+1","floor":40},{"not_picked":["Headbutt+1","Hemokinesis+1"],"picked":"Infernal Blade+1","floor":41},{"not_picked":["Thunderclap+1","Cleave"],"picked":"Spot Weakness","floor":42},{"not_picked":["Flame Barrier","Pommel Strike+1"],"picked":"Heavy Blade","floor":44},{"not_picked":["Thunderclap+1","True Grit+1","Uppercut+1"],"picked":"SKIP","floor":46},{"not_picked":["Searing Blow","Armaments"],"picked":"Sword Boomerang+1","floor":48}],"player_experience":55296,"relics_obtained":[{"floor":9,"key":"Bottled Lightning"},{"floor":11,"key":"Vajra"},{"floor":13,"key":"Whetstone"},{"floor":25,"key":"Replay:WaspNest"},{"floor":26,"key":"Replay:Accelerometer"},{"floor":27,"key":"Bronze Scales"},{"floor":28,"key":"Ring of Peace"},{"floor":28,"key":"Ring of Greed"},{"floor":28,"key":"Tiny Chest"},{"floor":28,"key":"Replay:Wax Seal"},{"floor":40,"key":"Letter Opener"},{"floor":43,"key":"Pear"},{"floor":44,"key":"Juzu Bracelet"},{"floor":45,"key":"MealTicket"},{"floor":46,"key":"Gremlin Food"}],"event_choices":[{"cards_removed":["Strike_R"],"damage_healed":0,"gold_gain":0,"player_choice":"Card Removal","damage_taken":7,"max_hp_gain":0,"max_hp_loss":0,"event_name":"Golden Wing","floor":2,"gold_loss":0},{"damage_healed":0,"gold_gain":0,"player_choice":"Entered Light","damage_taken":17,"max_hp_gain":0,"max_hp_loss":0,"event_name":"Shining Light","floor":5,"gold_loss":0,"cards_upgraded":["Bash","infinitespire:OneForAll"]},{"damage_healed":0,"gold_gain":0,"player_choice":"Ignored","damage_taken":0,"max_hp_gain":0,"max_hp_loss":0,"event_name":"Fountain of Cleansing","floor":22,"gold_loss":0},{"damage_healed":0,"gold_gain":0,"player_choice":"Paid","damage_taken":0,"relics_obtained":["Red Mask"],"max_hp_gain":0,"max_hp_loss":0,"event_name":"Tomb of Lord Red Mask","floor":39,"gold_loss":7605}],"is_beta":false,"boss_relics":[{"not_picked":["Cursed Key","Runic Cube"],"picked":"Replay:Ancient Bell"},{"not_picked":["Regal Pillow","Centennial Puzzle"],"picked":"Bag of Marbles"},{"not_picked":["infinitespire:Midas Blood","Matryoshka"],"picked":"Replay:Bottled Flurry"},{"not_picked":["infinitespire:Magic Flask","Old Coin"],"picked":"Du-Vu Doll"},{"not_picked":["Abe\u0027s Treasure","Runic Dome"],"picked":"Tiny House"}],"items_purged_floors":[4,10,29,38,47],"is_endless":false,"potions_floor_spawned":[1,3,20,24,25,30,33,40,42,44],"ascension_level":2}}