{"host":"ooy9sn8qgs7oliwr","time":1613743108,"event":{"mods":["100% Spire Juice","ATMod(°¢èªMod)","Act Like it!","Arknights","BaseMod","BetterRewards","CapriCore","Friendly Minions","Kiyohime£¨Çå¼§£©","Minty Spire (QoL Compilation)","Pale of the Ancients","Reliquary","Replay The Spire","RumiaBox-Â¶Ã×æ«µÄÉñÃØºÐ×Ó","StSLib","The Immortal","The Jungle","Yakumo Yukari mod","¡¾ÒÅÎï¿¨ÅÆ¡¿REMEMod"],"gold_per_floor":[116,166,185,205,222,255,255,255,255,321,321,373,373,373,373,483,483,495,506,506,543,558,603,305,305,305,305,324,349,379,224,224,324,324,347,347,446,159,159,194,194,194,194,268,303,345,375,401,413,428,440,452,77,114,132],"floor_reached":56,"language":"ZHS","playtime":2072,"items_purged":[],"score":1486,"play_id":"b951e36c-30eb-4a60-abf9-ce042db15302","local_time":"20210219215828","is_ascension_mode":false,"campfire_choices":[{"data":"KiyohimeMod:JeweledSword","floor":8.0,"key":"SMITH"},{"data":"Moonworks:MetallicMonocoque","floor":11.0,"key":"SMITH"},{"data":"KiyohimeMod:HotSpringOfTheMoon","floor":25,"key":"SMITH"},{"data":"KiyohimeMod:FacelessMoon","floor":27,"key":"SMITH"},{"data":"KiyohimeMod:FiringTheFirstArrow","floor":32,"key":"SMITH"},{"floor":42,"key":"RECALL"},{"data":"KiyohimeMod:PrismaCosmos","floor":49,"key":"SMITH"},{"data":"KiyohimeMod:DragonVein","floor":52,"key":"SMITH"}],"circlet_count":0,"master_deck":["KiyohimeMod:Strike","KiyohimeMod:Strike","KiyohimeMod:Strike","KiyohimeMod:Defend","KiyohimeMod:Defend+1","KiyohimeMod:Defend","KiyohimeMod:Defend+1","KiyohimeMod:Track","KiyohimeMod:Shapeshift","Moonworks:MetallicMonocoque+1","AT_Dispersion","KiyohimeMod:DivineConstruct","KiyohimeMod:CommandCard_Arts+1","KiyohimeMod:JeweledSword+1","KiyohimeMod:ExSpicyMapoTofu","KiyohimeMod:CommandCard_Buster+1","KiyohimeMod:FacelessMoon+1","KiyohimeMod:ExSpicyMapoTofu+1","KiyohimeMod:HotSpringOfTheMoon+1","KiyohimeMod:DragonVein+1","KiyohimeMod:FiringTheFirstArrow+1","KiyohimeMod:PrismaCosmos+1","CommonCold","KiyohimeMod:FormalCraft+1","KiyohimeMod:Berserker+1","KiyohimeMod:DragonVein+1","KiyohimeMod:BlueBlackKey","KiyohimeMod:ImaginaryNumberMagecraft","Master of Strategy","KiyohimeMod:GoldenCarpFigure"],"relics":["KiyohimeMod:FireDragon","AT_ATBox","REME_ComplimentaryCards","NeowsBlessing","Anchor","REME_ArchaeologicalTools","Tiny Chest","KiyohimeMod:UnlimitedPranaSupply","Gremlin Horn","Replay:Grab Bag","SlaversCollar","Philosopher\u0027s Stone","KiyohimeMod:Bond","Strawberry","REME_CardOfGreed","Regal Pillow","ReplayTheSpireMod:Shallot","MealTicket","reliquary:NewFriend","AT_EbonyIvory","AT_TrinityForce","ReplayTheSpireMod:Ring of Challenge","Ring of Chaos","PreservedInsect","Replay:Wax Seal","MawBank","Ice Cream","TungstenRod","Membership Card","reliquary:SilkGlove","AT_ArchangelStaff","Vajra"],"acts_visited":["Exordium","TheCity","TheBeyond","TheEnding"],"potions_floor_usage":[23],"damage_taken":[{"damage":0.0,"enemies":"Cultist","floor":1.0,"turns":1.0},{"damage":0.0,"enemies":"Small Slimes","floor":3.0,"turns":1.0},{"damage":0.0,"enemies":"ats:Genji","floor":4.0,"turns":2.0},{"damage":7.0,"enemies":"Looter","floor":5.0,"turns":2.0},{"damage":7.0,"enemies":"Replay:BlueRogue","floor":6.0,"turns":5.0},{"damage":16.0,"enemies":"Gremlin Nob","floor":10.0,"turns":4.0},{"damage":10.0,"enemies":"3 Sentries","floor":12.0,"turns":6.0},{"damage":24,"enemies":"Slime Boss","floor":16,"turns":5},{"damage":0,"enemies":"Spheric Guardian","floor":18,"turns":1},{"damage":16,"enemies":"2 Thieves","floor":19,"turns":3},{"damage":2,"enemies":"Cultist and Chosen","floor":21,"turns":5},{"damage":7,"enemies":"Shelled Parasite and Fungi","floor":22,"turns":4},{"damage":16,"enemies":"REME_1_Revenger","floor":23,"turns":4},{"damage":0,"enemies":"3 Cultists","floor":28,"turns":2},{"damage":0,"enemies":"Gremlin Leader","floor":30,"turns":2},{"damage":0,"enemies":"Collector","floor":33,"turns":2},{"damage":0,"enemies":"3 Shapes","floor":35,"turns":1},{"damage":0,"enemies":"Nemesis","floor":40,"turns":1},{"damage":0,"enemies":"Mind Bloom Boss Battle","floor":44,"turns":2},{"damage":0,"enemies":"3 Darklings","floor":45,"turns":2},{"damage":0,"enemies":"Reptomancer","floor":46,"turns":1},{"damage":0,"enemies":"Spire Growth","floor":47,"turns":1},{"damage":0,"enemies":"Sphere and 2 Shapes","floor":48,"turns":2},{"damage":8,"enemies":"Donu and Deca","floor":50,"turns":2},{"damage":0,"enemies":"Shield and Spear","floor":54,"turns":1},{"damage":53,"enemies":"The Heart","floor":55,"turns":5}],"seed_played":"-5696403575736024689","potions_obtained":[{"floor":1.0,"key":"DistilledChaos"},{"floor":6.0,"key":"Milkshake"},{"floor":10.0,"key":"SteroidPotion"},{"floor":12.0,"key":"LifebloodPotion"},{"floor":28,"key":"FearPotion"},{"floor":47,"key":"FairyPotion"}],"is_trial":false,"path_per_floor":["M","T","M","M","M","E","$","R","T","E","R","E","?","?","R","B",null,"M","M","?","M","M","E","$","R","T","R","M","T","E","$","R","B",null,"M","?","?","$","T","E","?","R","T","?","M","E","M","M","R","B",null,"R","$","E","B",null],"character_chosen":"Kiyohime","items_purchased":["REME_CardOfGreed","Regal Pillow","AT_EbonyIvory","PreservedInsect","KiyohimeMod:DragonVein","KiyohimeMod:BlueBlackKey","Membership Card","reliquary:SilkGlove","AT_ArchangelStaff","Master of Strategy"],"campfire_rested":0,"item_purchase_floors":[24,24,31,38,38,38,53,53,53,53],"current_hp_per_floor":[60,60,60,60,53,46,46,46,46,30,30,20,20,8,26,5,60,60,44,44,47,43,42,42,42,42,42,50,50,50,65,65,65,67,67,67,51,66,66,66,66,66,66,66,66,66,66,67,67,59,67,67,67,67,22],"gold":132,"neow_bonus":"THREE_ENEMY_KILL","is_daily":false,"chose_seed":false,"campfire_upgraded":7,"win_rate":0.0,"timestamp":1613743108,"path_taken":["M","?","M","M","M","E","$","R","T","E","R","E","?","?","R","BOSS","M","M","?","M","M","E","$","R","T","R","M","?","E","?","R","BOSS","M","?","?","$","?","E","?","R","T","?","M","E","M","M","R","BOSS","R","$","E","BOSS"],"items_purchased_type":["Relic","Relic","Relic","Relic","Card","Card","Relic","Relic","Relic","Card"],"build_version":"2020-12-22","purchased_purges":0,"victory":true,"max_hp_per_floor":[60,60,60,60,60,60,60,60,60,60,60,60,60,60,60,60,60,60,60,60,60,60,67,67,67,67,67,67,67,67,67,67,67,67,67,67,67,67,67,67,67,67,67,67,67,67,67,67,67,67,67,67,67,67,67],"card_choices":[{"not_picked":["KiyohimeMod:ImaginaryAround","KiyohimeMod:CelestialInvertedMoon","KiyohimeMod:WaterTurn"],"picked":"SKIP","floor":1.0},{"not_picked":["KiyohimeMod:BeElegant","KiyohimeMod:CelestialInvertedMoon"],"picked":"KiyohimeMod:DivineConstruct","floor":3.0},{"not_picked":["KiyohimeMod:DragonVein","KiyohimeMod:Preemptive"],"picked":"KiyohimeMod:CommandCard_Arts","floor":4.0},{"not_picked":["KiyohimeMod:Berserker","KiyohimeMod:SteelTraining","KiyohimeMod:Preemptive"],"picked":"SKIP","floor":5.0},{"not_picked":["KiyohimeMod:EatSoul","KiyohimeMod:RealityMarble"],"picked":"KiyohimeMod:JeweledSword","floor":6.0},{"not_picked":["KiyohimeMod:HydraDagger","KiyohimeMod:SteelTraining","KiyohimeMod:AgainstMagic"],"picked":"SKIP","floor":10.0},{"not_picked":["KiyohimeMod:Berserker","KiyohimeMod:SteelTraining"],"picked":"KiyohimeMod:ExSpicyMapoTofu","floor":12.0},{"not_picked":["KiyohimeMod:Servant_TamamoNoMae","KiyohimeMod:HeroCreation"],"picked":"KiyohimeMod:FacelessMoon","floor":16},{"not_picked":["KiyohimeMod:BeastOfBillows","KiyohimeMod:BlueBlackKey","KiyohimeMod:HydraDagger"],"picked":"SKIP","floor":18},{"not_picked":["KiyohimeMod:Berserker","KiyohimeMod:Fragarach"],"picked":"KiyohimeMod:ExSpicyMapoTofu+1","floor":19},{"not_picked":["KiyohimeMod:RedBlackKey","KiyohimeMod:Preemptive+1","KiyohimeMod:GreenBlackKey"],"picked":"SKIP","floor":21},{"not_picked":["KiyohimeMod:WaterTurn+1","KiyohimeMod:Preemptive"],"picked":"KiyohimeMod:HotSpringOfTheMoon","floor":22},{"not_picked":["KiyohimeMod:Preemptive","KiyohimeMod:Berserker+1"],"picked":"KiyohimeMod:DragonVein+1","floor":23},{"not_picked":["KiyohimeMod:GreenBlackKey","KiyohimeMod:AndSoTheShipConquers","KiyohimeMod:FacelessMoon"],"picked":"SKIP","floor":28},{"not_picked":["KiyohimeMod:SteelTraining","KiyohimeMod:LimitedZeroOver"],"picked":"KiyohimeMod:FiringTheFirstArrow","floor":30},{"not_picked":["KiyohimeMod:MagicCrystal","KiyohimeMod:Barrier"],"picked":"KiyohimeMod:PrismaCosmos","floor":33},{"not_picked":["KiyohimeMod:RedBlackKey","KiyohimeMod:EatSoul+1","KiyohimeMod:Preemptive+1"],"picked":"SKIP","floor":35},{"not_picked":["KiyohimeMod:Preemptive","KiyohimeMod:CelestialInvertedMoon"],"picked":"KiyohimeMod:FormalCraft+1","floor":37},{"not_picked":["KiyohimeMod:BlueBlackKey","KiyohimeMod:RealityMarble"],"picked":"KiyohimeMod:Berserker+1","floor":37},{"not_picked":["KiyohimeMod:EatSoul","KiyohimeMod:Fragarach+1","KiyohimeMod:WaterTurn"],"picked":"SKIP","floor":40},{"not_picked":["KiyohimeMod:SteelTraining+1","KiyohimeMod:WaterTurn","KiyohimeMod:GreenBlackKey+1"],"picked":"SKIP","floor":45},{"not_picked":["KiyohimeMod:EatSoul+1","KiyohimeMod:WaterTurn+1"],"picked":"KiyohimeMod:ImaginaryNumberMagecraft","floor":46},{"not_picked":["KiyohimeMod:RedBlackKey","KiyohimeMod:WaterTurn+1","KiyohimeMod:SteelTraining+1"],"picked":"SKIP","floor":47},{"not_picked":["KiyohimeMod:BlueBlackKey","KiyohimeMod:AndSoTheShipConquers+1","KiyohimeMod:SteelTraining"],"picked":"SKIP","floor":48},{"not_picked":["KiyohimeMod:SteelTraining+1","KiyohimeMod:AndSoTheShipConquers+1"],"picked":"KiyohimeMod:GoldenCarpFigure","floor":54}],"player_experience":47031,"relics_obtained":[{"floor":2.0,"key":"Anchor"},{"floor":6.0,"key":"REME_ArchaeologicalTools"},{"floor":9.0,"key":"Tiny Chest"},{"floor":10.0,"key":"KiyohimeMod:UnlimitedPranaSupply"},{"floor":12.0,"key":"Gremlin Horn"},{"floor":23,"key":"Strawberry"},{"floor":26,"key":"ReplayTheSpireMod:Shallot"},{"floor":29,"key":"MealTicket"},{"floor":30,"key":"reliquary:NewFriend"},{"floor":36,"key":"ReplayTheSpireMod:Ring of Challenge"},{"floor":36,"key":"Ring of Chaos"},{"floor":40,"key":"Replay:Wax Seal"},{"floor":43,"key":"MawBank"},{"floor":44,"key":"Ice Cream"},{"floor":46,"key":"TungstenRod"},{"floor":54,"key":"Vajra"}],"event_choices":[{"damage_healed":0,"gold_gain":0,"player_choice":"Entered Light","damage_taken":12,"max_hp_gain":0,"max_hp_loss":0,"event_name":"Shining Light","floor":14,"gold_loss":0,"cards_upgraded":["KiyohimeMod:Defend","KiyohimeMod:Defend"]},{"damage_healed":0,"gold_gain":0,"player_choice":"Ignored","damage_taken":0,"max_hp_gain":0,"max_hp_loss":0,"event_name":"NoteForYourself","floor":20,"gold_loss":0},{"cards_removed":["KiyohimeMod:Strike"],"damage_healed":0,"gold_gain":0,"player_choice":"Removed Attack","damage_taken":0,"max_hp_gain":0,"max_hp_loss":0,"event_name":"Falling","floor":41,"gold_loss":0},{"damage_healed":0,"gold_gain":0,"player_choice":"Fight","damage_taken":0,"max_hp_gain":0,"max_hp_loss":0,"event_name":"MindBloom","floor":44,"gold_loss":0}],"is_beta":false,"boss_relics":[{"not_picked":["reliquary:Craggleroot","EasyGame_NEW"],"picked":"Replay:Grab Bag"},{"not_picked":["Velvet Choker","Fusion Hammer"],"picked":"SlaversCollar"},{"not_picked":["Busted Crown","ChewingGum"],"picked":"Philosopher\u0027s Stone"},{"not_picked":["AddBug","SacredBark"],"picked":"KiyohimeMod:Bond"},{"not_picked":["reliquary:RedPaperclip","ReplayTheSpireMod:DimensionalGlitch"],"picked":"AT_TrinityForce"}],"items_purged_floors":[],"is_endless":false,"potions_floor_spawned":[1,5,6,10,12,18,21,28,33,35,46,47,48],"ascension_level":0}}