{"host":"f14d6hm2349s9jse","time":1613743300,"event":{"mods":["2.2 Compatiblity","BaseMod","GungeonMod","Minty Spire (QoL Compilation)","StSLib"],"gold_per_floor":[110,130,142,160,160,160,180,180,180,180,180],"floor_reached":10,"language":"ENG","playtime":1450,"items_purged":[],"score":75,"play_id":"ca860f3f-d2db-4d15-bcc2-2edda50e03af","local_time":"20210219090140","is_ascension_mode":true,"campfire_choices":[{"floor":6,"key":"REST"},{"floor":8,"key":"REST"}],"circlet_count":0,"master_deck":["DemoMod:Strike_Huntress","DemoMod:Strike_Huntress","DemoMod:Strike_Huntress","DemoMod:Defend_Huntress","DemoMod:Defend_Huntress","DemoMod:Defend_Huntress","DemoMod:Defend_Huntress","DemoMod:Roll","DemoMod:ManualReload","DemoMod:RustySidearm","DemoMod:CrossBow","Decay","DemoMod:ShadowBullets"],"relics":["DemoMod:Dog","TungstenRod","Molten Egg 2"],"acts_visited":["Exordium"],"potions_floor_usage":[4,7],"damage_taken":[{"damage":0,"enemies":"Cultist","floor":1,"turns":4},{"damage":1,"enemies":"Jaw Worm","floor":2,"turns":6},{"damage":6,"enemies":"2 Louse","floor":3,"turns":3},{"damage":34,"enemies":"Large Slime","floor":4,"turns":10},{"damage":38,"enemies":"Exordium Thugs","floor":7,"turns":12},{"damage":36,"enemies":"3 Sentries","floor":10,"turns":8}],"seed_played":"-8829337439982705182","potions_obtained":[{"floor":1,"key":"SpeedPotion"},{"floor":3,"key":"Dexterity Potion"}],"is_trial":false,"path_per_floor":["M","M","M","M","$","R","M","R","T","E"],"character_chosen":"HUNTRESS","items_purchased":[],"campfire_rested":2,"item_purchase_floors":[],"current_hp_per_floor":[70,69,63,29,29,50,12,33,33,0,0],"gold":180,"neow_bonus":"ONE_RARE_RELIC","is_daily":false,"chose_seed":false,"campfire_upgraded":0,"win_rate":0.0,"timestamp":1613743300,"path_taken":["M","?","M","M","$","R","M","R","T","E"],"items_purchased_type":[],"build_version":"2020-12-22","purchased_purges":0,"victory":false,"max_hp_per_floor":[70,70,70,70,70,70,70,70,70,70,70],"card_choices":[{"not_picked":["DemoMod:DoubleSwitch","DemoMod:Unmoved","DemoMod:GunstockTap"],"picked":"SKIP","floor":1},{"not_picked":["DemoMod:JK47","DemoMod:AbyssalTentacle","DemoMod:Replace"],"picked":"SKIP","floor":2},{"not_picked":["DemoMod:CursedBullets","DemoMod:Purify","DemoMod:Ejector"],"picked":"SKIP","floor":3},{"not_picked":["DemoMod:AbyssalTentacle","DemoMod:FeignSurrender","DemoMod:MachoBrace"],"picked":"SKIP","floor":4},{"not_picked":["DemoMod:ConditionalReflex","DemoMod:HuntsMan"],"picked":"DemoMod:ShadowBullets","floor":7}],"player_experience":2498902,"relics_obtained":[{"floor":9,"key":"Molten Egg 2"}],"event_choices":[],"is_beta":false,"boss_relics":[],"items_purged_floors":[],"is_endless":false,"potions_floor_spawned":[1,3],"killed_by":"3 Sentries","ascension_level":5}}